{"path_per_floor":["M","?","?","M","$","E","$","M","T","R","E","M","R","M","R","B",null,"M","M","$","M","?"],"character_chosen":"IRONCLAD","items_purchased":["Bag of Marbles","Panache","Jack Of All Trades","Thunderclap","Toxic Egg 2"],"gold_per_floor":[367,367,617,634,146,176,54,71,71,71,104,115,115,126,126,229,229,249,268,60,76,76],"floor_reached":23,"campfire_rested":1,"playtime":1468,"current_hp_per_floor":[72,65,65,64,64,36,36,42,42,42,37,40,40,38,62,11,80,71,53,53,35,35],"items_purged":["Regret","Strike_R"],"gold":76,"score":201,"play_id":"adc311b2-f320-4d7d-9ecf-626770f973cb","local_time":"20180309201320","is_prod":false,"is_daily":false,"is_ascension_mode":false,"campfire_upgraded":2,"timestamp":1520622800,"path_taken":["M","?","?","M","$","E","$","M","T","R","E","M","R","?","R","BOSS","M","M","$","M","?","E"],"build_version":"2018-03-01-PROD1","purchased_purges":2,"victory":false,"master_deck":["Strike_R","Strike_R","Strike_R","Defend_R","Defend_R","Defend_R","Defend_R","Bash","Dropkick","Bloodletting+1","Panache","Jack Of All Trades+1","Metallicize","Thunderclap","Fiend Fire","Fire Breathing","Dual Wield","Shockwave","Reaper","Inflame","Anger"],"max_hp_per_floor":[80,80,80,80,80,80,80,80,80,80,80,80,80,80,80,80,80,80,80,80,80,80],"relics":["Burning Blood","Bag of Marbles","The Courier","Red Skull","Matryoshka","Mark of Pain","Toxic Egg 2"],"card_choices":[{"not_picked":["Sword Boomerang","True Grit"],"picked":"Dropkick"},{"not_picked":["Perfected Strike","Clash"],"picked":"Bloodletting"},{"not_picked":["Cleave","Pommel Strike"],"picked":"Metallicize"},{"not_picked":["Shrug It Off","True Grit"],"picked":"Fiend Fire"},{"not_picked":["Warcry","Sword Boomerang"],"picked":"Fire Breathing"},{"not_picked":["Corruption","Body Slam"],"picked":"Dual Wield"},{"not_picked":["Body Slam","Second Wind"],"picked":"Shockwave"},{"not_picked":["Dark Embrace","Juggernaut"],"picked":"Reaper"},{"not_picked":["Rupture","Warcry"],"picked":"Inflame"},{"not_picked":["Rage","Inflame"],"picked":"Anger"}],"player_experience":129901,"potions_floor_usage":[12,16,19],"damage_taken":[{"damage":14,"enemies":"2 Louse","floor":1,"turns":3},{"damage":7,"enemies":"Jaw Worm","floor":4,"turns":4},{"damage":34,"enemies":"Lagavulin","floor":6,"turns":6},{"damage":0,"enemies":"Cultist","floor":8,"turns":2},{"damage":11,"enemies":"3 Sentries","floor":11,"turns":3},{"damage":3,"enemies":"Exordium Wildlife","floor":12,"turns":2},{"damage":8,"enemies":"Gremlin Gang","floor":14,"turns":2},{"damage":57,"enemies":"Hexaghost","floor":16,"turns":10},{"damage":15,"enemies":"Shell Parasite","floor":18,"turns":6},{"damage":45,"enemies":"Chosen","floor":19,"turns":8},{"damage":28,"enemies":"Sentry and Sphere","floor":21,"turns":5},{"damage":38,"enemies":"Book of Stabbing","floor":23,"turns":3}],"event_choices":[{"event_name":"Golden Wing","player_choice":"Card Removal","floor":2,"damage_taken":0},{"event_name":"Golden Shrine","player_choice":"Desecrate","floor":3,"damage_taken":0},{"event_name":"Back to Basics","player_choice":"Elegance","floor":22,"damage_taken":0}],"boss_relics":[{"not_picked":["Tiny House","Ectoplasm"],"picked":"Mark of Pain"}],"potions_floor_spawned":[8,11,16],"seed_played":"-7588809728346585474","killed_by":"Book of Stabbing","ascension_level":0,"is_trial":false}