{"gold_per_floor":[112,126,137,31,31,31,43,59,59,59,59,59,9,23,23,98,98,113,34,51,51],"floor_reached":21,"playtime":993,"items_purged":[],"score":342,"play_id":"308d1c51-4746-4bc0-9f48-aba3fc682e12","local_time":"20190222192318","is_ascension_mode":true,"campfire_choices":[{"data":"Zap","floor":6.0,"key":"SMITH"},{"data":"Creative AI","floor":10.0,"key":"SMITH"},{"data":"Dualcast","floor":12,"key":"SMITH"},{"data":"Self Repair","floor":15,"key":"SMITH"}],"neow_cost":"NONE","seed_source_timestamp":32123332501981,"circlet_count":0,"master_deck":["AscendersBane","Strike_B","Strike_B+1","Strike_B","Strike_B","Defend_B","Defend_B","Defend_B","Defend_B+1","Zap+1","Dualcast+1","Auto Shields","Self Repair+1","Capacitor","Cold Snap","Creative AI+1","Electrodynamics","Conserve Battery","Reinforced Body"],"special_seed":0,"relics":["Cracked Core","Potion Belt","DataDisk","Cursed Key"],"potions_floor_usage":[14,21],"damage_taken":[{"damage":2.0,"enemies":"Cultist","floor":1.0,"turns":4.0},{"damage":7.0,"enemies":"Small Slimes","floor":2.0,"turns":4.0},{"damage":0.0,"enemies":"2 Louse","floor":3.0,"turns":3.0},{"damage":16.0,"enemies":"Large Slime","floor":7.0,"turns":6.0},{"damage":0.0,"enemies":"Lots of Slimes","floor":8.0,"turns":1.0},{"damage":0,"enemies":"3 Louse","floor":14,"turns":3},{"damage":31,"enemies":"The Guardian","floor":16,"turns":12},{"damage":19,"enemies":"Shell Parasite","floor":18,"turns":6},{"damage":16,"enemies":"2 Thieves","floor":20,"turns":4},{"damage":45,"enemies":"Cultist and Chosen","floor":21,"turns":5}],"seed_played":"6789226926559428589","potions_obtained":[{"floor":3.0,"key":"Explosive Potion"},{"floor":8.0,"key":"SpeedPotion"},{"floor":16,"key":"GamblersBrew"}],"is_trial":false,"path_per_floor":["M","M","M","$","?","R","M","M","T","R","?","R","?","M","R","B",null,"M","$","M","M"],"character_chosen":"DEFECT","items_purchased":["Capacitor","Cold Snap","Reinforced Body"],"campfire_rested":0,"item_purchase_floors":[4,4,19],"current_hp_per_floor":[62,55,55,55,34,34,25,25,25,25,25,25,25,32,32,11,56,47,47,41,0],"gold":51,"neow_bonus":"RANDOM_COMMON_RELIC","is_prod":false,"is_daily":false,"chose_seed":false,"campfire_upgraded":4,"win_rate":0,"timestamp":1550834598,"path_taken":["M","?","M","$","?","R","M","M","T","R","?","R","?","M","R","BOSS","M","?","M","M"],"build_version":"2019-01-23","purchased_purges":0,"victory":false,"max_hp_per_floor":[71,71,71,71,71,71,71,71,71,71,71,71,71,71,71,71,71,71,71,71,71],"card_choices":[{"not_picked":["Rebound","Turbo"],"picked":"Auto Shields","floor":1.0},{"not_picked":["Gash","Rebound","Steam"],"picked":"SKIP","floor":2.0},{"not_picked":["White Noise","Sweeping Beam"],"picked":"Self Repair","floor":3.0},{"not_picked":["Rebound","Aggregate","Stack"],"picked":"SKIP","floor":7.0},{"not_picked":["Chill","Lockon"],"picked":"Creative AI","floor":8.0},{"not_picked":["Streamline","Stack","Go for the Eyes"],"picked":"SKIP","floor":14},{"not_picked":["Multi-Cast","Meteor Strike"],"picked":"Electrodynamics","floor":16},{"not_picked":["Genetic Algorithm","Compile Driver"],"picked":"Conserve Battery","floor":18},{"not_picked":["Gash","Beam Cell","Lockon"],"picked":"SKIP","floor":20}],"player_experience":3051857,"relics_obtained":[],"event_choices":[{"damage_healed":0.0,"max_hp_gain":0.0,"max_hp_loss":0.0,"gold_gain":0.0,"event_name":"Shining Light","player_choice":"Entered Light","floor":5.0,"gold_loss":0.0,"damage_taken":21.0,"cards_upgraded":["Defend_B","Strike_B"]},{"damage_healed":0,"gold_gain":0,"player_choice":"Fled","damage_taken":0,"max_hp_gain":0,"max_hp_loss":0,"event_name":"Scrap Ooze","floor":11,"gold_loss":0},{"damage_healed":0,"gold_gain":0,"player_choice":"Paid Gold","damage_taken":0,"relics_obtained":["DataDisk"],"max_hp_gain":0,"max_hp_loss":0,"event_name":"WeMeetAgain","floor":13,"gold_loss":50}],"is_beta":false,"boss_relics":[{"not_picked":["Lizard Tail","Empty Cage"],"picked":"Cursed Key"}],"items_purged_floors":[],"is_endless":false,"potions_floor_spawned":[3,8,16],"killed_by":"Cultist and Chosen","ascension_level":20}