{"gold_per_floor":[113,113,127,52,70,97,97,112,112,146,146,178,196,523,523,600,600,614,344,363,363,363,363,398,398,445,445,455,505,515,548,548,623,623,636,651,667,261,278,309,329,347,347,12,43,43,43,43,43,43,43,43,43,43,73,73],"floor_reached":56,"playtime":2477,"items_purged":["Strike_B","Rip and Tear+1","Defend_B"],"score":2275,"play_id":"5ec3b143-dff8-4169-82f2-0ae8f32fec2a","local_time":"20190218023951","is_ascension_mode":true,"campfire_choices":[{"data":"Zap","floor":11.0,"key":"SMITH"},{"data":"Rip and Tear","floor":15.0,"key":"SMITH"},{"data":"Dualcast","floor":23.0,"key":"SMITH"},{"data":"Biased Cognition","floor":25.0,"key":"SMITH"},{"data":"Reinforced Body","floor":27.0,"key":"SMITH"},{"data":"Electrodynamics","floor":32.0,"key":"SMITH"},{"data":"Blizzard","floor":46.0,"key":"SMITH"},{"floor":49.0,"key":"RECALL"},{"floor":53.0,"key":"REST"}],"neow_cost":"TEN_PERCENT_HP_LOSS","seed_source_timestamp":20612792667172,"circlet_count":0,"master_deck":["AscendersBane","Defend_B","Defend_B","Zap+1","Dualcast+1","Electrodynamics+1","Ball Lightning","Beam Cell+1","Reinforced Body+1","BootSequence+1","Glacier+1","Biased Cognition+1","Coolheaded+1","Glacier+1","Turbo+1","Recycle+1","Double Energy+1","Chaos+1","Fission+1","Coolheaded+1","Hologram+1","Blizzard+1","Glacier+1","Master of Strategy+1","Impatience+1"],"special_seed":0,"relics":["Cracked Core","Thread and Needle","Cables","Mercury Hourglass","Toxic Egg 2","Blood Vial","Old Coin","Empty Cage","Omamori","Dream Catcher","StoneCalendar","Inserter","Art of War","Du-Vu Doll","Medical Kit","Oddly Smooth Stone","Dodecahedron"],"potions_floor_usage":[],"damage_taken":[{"damage":0.0,"enemies":"2 Louse","floor":1.0,"turns":3.0},{"damage":0.0,"enemies":"Cultist","floor":3.0,"turns":2.0},{"damage":8.0,"enemies":"Small Slimes","floor":5.0,"turns":3.0},{"damage":11.0,"enemies":"3 Sentries","floor":6.0,"turns":3.0},{"damage":0.0,"enemies":"Blue Slaver","floor":8.0,"turns":2.0},{"damage":20.0,"enemies":"Lagavulin","floor":10.0,"turns":6.0},{"damage":0.0,"enemies":"3 Sentries","floor":12.0,"turns":2.0},{"damage":4.0,"enemies":"Exordium Thugs","floor":13.0,"turns":2.0},{"damage":16.0,"enemies":"Lagavulin","floor":14.0,"turns":3.0},{"damage":0.0,"enemies":"Slime Boss","floor":16.0,"turns":5.0},{"damage":0.0,"enemies":"3 Byrds","floor":18.0,"turns":3.0},{"damage":0.0,"enemies":"Shell Parasite","floor":20.0,"turns":7.0},{"damage":11.0,"enemies":"Slavers","floor":24.0,"turns":4.0},{"damage":2.0,"enemies":"Snecko","floor":28.0,"turns":5.0},{"damage":6.0,"enemies":"Sentry and Sphere","floor":30.0,"turns":4.0},{"damage":0.0,"enemies":"Book of Stabbing","floor":31.0,"turns":7.0},{"damage":31.0,"enemies":"Collector","floor":33.0,"turns":8.0},{"damage":0.0,"enemies":"Orb Walker","floor":35.0,"turns":3.0},{"damage":0.0,"enemies":"3 Darklings","floor":36.0,"turns":4.0},{"damage":0.0,"enemies":"Jaw Worm Horde","floor":37.0,"turns":3.0},{"damage":2.0,"enemies":"Transient","floor":39.0,"turns":6.0},{"damage":0.0,"enemies":"Reptomancer","floor":40.0,"turns":7.0},{"damage":18.0,"enemies":"Maw","floor":41.0,"turns":7.0},{"damage":0.0,"enemies":"Spire Growth","floor":42.0,"turns":5.0},{"damage":36.0,"enemies":"Giant Head","floor":45.0,"turns":9.0},{"damage":9.0,"enemies":"Donu and Deca","floor":50.0,"turns":8.0},{"damage":11.0,"enemies":"Awakened One","floor":51.0,"turns":12.0},{"damage":54,"enemies":"Shield and Spear","floor":55,"turns":5},{"damage":47,"enemies":"The Heart","floor":56,"turns":2}],"seed_played":"-8738478743267455708","potions_obtained":[{"floor":3.0,"key":"SkillPotion"},{"floor":8.0,"key":"GamblersBrew"},{"floor":12.0,"key":"Poison Potion"},{"floor":18.0,"key":"Swift Potion"},{"floor":20.0,"key":"Swift Potion"},{"floor":30.0,"key":"SmokeBomb"},{"floor":33.0,"key":"Explosive Potion"},{"floor":36.0,"key":"AttackPotion"},{"floor":40.0,"key":"Fire Potion"},{"floor":41.0,"key":"FocusPotion"},{"floor":42.0,"key":"AttackPotion"},{"floor":45.0,"key":"Regen Potion"}],"is_trial":false,"path_per_floor":["M","?","M","?","M","E","?","M","T","E","R","E","M","E","R","B",null,"M","$","M","?","?","R","E","R","T","R","M","?","M","E","R","B",null,"M","M","M","$","M","E","M","M","T","$","E","R","?","?","R","B","B",null,"R","$","E","B"],"character_chosen":"DEFECT","items_purchased":["Omamori","Coolheaded+1","Blizzard","Glacier+1","Weak Potion","GamblersBrew","Medical Kit"],"campfire_rested":1,"item_purchase_floors":[19,19,38,38,38,38,44],"current_hp_per_floor":[64,64,64,64,56,45,45,45,45,25,25,25,23,9,9,11,51,53,53,55,55,55,55,46,46,46,46,46,46,42,44,44,15,52,54,56,58,58,58,60,44,46,46,46,12,12,2,2,2,10,1,48,64,64,10,0],"gold":73,"neow_bonus":"ONE_RARE_RELIC","is_prod":false,"is_daily":false,"chose_seed":false,"campfire_upgraded":7,"win_rate":0,"timestamp":1550428791,"path_taken":["M","?","?","?","M","E","?","?","T","E","R","E","M","E","R","BOSS","M","$","M","?","?","R","E","R","T","R","M","?","M","E","R","BOSS","M","M","M","$","M","E","M","M","T","$","E","R","?","?","R","BOSS","BOSS","R","$","E","BOSS"],"build_version":"2019-01-23","purchased_purges":3,"victory":false,"max_hp_per_floor":[64,64,64,64,64,64,64,64,64,64,64,64,64,64,64,64,64,64,64,64,64,64,64,64,64,64,64,64,64,64,64,64,64,64,64,64,64,64,64,64,64,64,64,64,64,64,64,64,64,64,64,64,64,64,64,64],"card_choices":[{"not_picked":["Gash","Rebound"],"picked":"Rip and Tear","floor":1.0},{"not_picked":["Compile Driver","Force Field"],"picked":"Ball Lightning","floor":3.0},{"not_picked":["Barrage","Sweeping Beam"],"picked":"Beam Cell","floor":5.0},{"not_picked":["Auto Shields","Compile Driver"],"picked":"Reinforced Body","floor":6.0},{"not_picked":["Lockon","Beam Cell"],"picked":"BootSequence","floor":8.0},{"not_picked":["Melter","Reinforced Body","Compile Driver"],"picked":"SKIP","floor":10.0},{"not_picked":["Fusion+1","Creative AI","Reinforced Body+1"],"picked":"SKIP","floor":12.0},{"not_picked":["Melter","Go for the Eyes","Steam+1"],"picked":"SKIP","floor":13.0},{"not_picked":["Beam Cell","Hello World"],"picked":"Glacier+1","floor":14.0},{"not_picked":["Core Surge","Machine Learning"],"picked":"Biased Cognition","floor":16.0},{"not_picked":["Fusion+1","Leap+1","Gash"],"picked":"SKIP","floor":18.0},{"not_picked":["Streamline","Beam Cell"],"picked":"Glacier+1","floor":20.0},{"not_picked":["Cold Snap","Consume+1"],"picked":"Recycle+1","floor":24.0},{"not_picked":["Chaos+1","Coolheaded+1"],"picked":"Double Energy+1","floor":28.0},{"not_picked":["Barrage","Ball Lightning","Beam Cell"],"picked":"SKIP","floor":30.0},{"not_picked":["Redo+1","Turbo+1"],"picked":"Chaos+1","floor":31.0},{"not_picked":["Creative AI","Amplify+1"],"picked":"Fission+1","floor":33.0},{"not_picked":["Hello World+1","Go for the Eyes","Cold Snap+1"],"picked":"SKIP","floor":35.0},{"not_picked":["Steam+1","Beam Cell","Coolheaded+1"],"picked":"SKIP","floor":36.0},{"not_picked":["Steam+1","Beam Cell"],"picked":"Coolheaded+1","floor":36.0},{"not_picked":["Aggregate+1","Barrage"],"picked":"Hologram+1","floor":37.0},{"not_picked":["Cold Snap","Conserve Battery+1","Double Energy+1"],"picked":"SKIP","floor":39.0},{"not_picked":["Machine Learning","Hyperbeam","Compile Driver"],"picked":"SKIP","floor":40.0},{"not_picked":["Doom and Gloom","Barrage","Stack+1"],"picked":"SKIP","floor":41.0},{"not_picked":["Doom and Gloom+1","Force Field+1","Beam Cell"],"picked":"SKIP","floor":42.0},{"not_picked":["Static Discharge","Beam Cell","Compile Driver+1"],"picked":"SKIP","floor":45.0},{"not_picked":["Enlightenment+1","Metamorphosis+1"],"picked":"Master of Strategy+1","floor":47.0},{"not_picked":["Flash of Steel","Finesse+1"],"picked":"Impatience+1","floor":47.0},{"not_picked":["Double Energy+1","Stack+1","Steam+1"],"picked":"SKIP","floor":55}],"player_experience":810419,"relics_obtained":[{"floor":6.0,"key":"Cables"},{"floor":9.0,"key":"Mercury Hourglass"},{"floor":10.0,"key":"Toxic Egg 2"},{"floor":12.0,"key":"Blood Vial"},{"floor":14.0,"key":"Old Coin"},{"floor":24.0,"key":"Dream Catcher"},{"floor":31.0,"key":"StoneCalendar"},{"floor":40.0,"key":"Art of War"},{"floor":43.0,"key":"Du-Vu Doll"},{"floor":45.0,"key":"Oddly Smooth Stone"},{"floor":55,"key":"Dodecahedron"}],"event_choices":[{"damage_healed":0.0,"max_hp_gain":0.0,"max_hp_loss":0.0,"gold_gain":0.0,"event_name":"Match and Keep!","player_choice":"1 cards matched","floor":2.0,"gold_loss":0.0,"damage_taken":0.0,"cards_obtained":["Electrodynamics"]},{"cards_removed":["Strike_B"],"damage_healed":0.0,"max_hp_gain":0.0,"max_hp_loss":0.0,"gold_gain":0.0,"event_name":"The Cleric","player_choice":"Card Removal","floor":4.0,"gold_loss":75.0,"damage_taken":0.0},{"damage_healed":0.0,"max_hp_gain":0.0,"max_hp_loss":0.0,"gold_gain":0.0,"event_name":"Upgrade Shrine","player_choice":"Upgraded","floor":7.0,"gold_loss":0.0,"damage_taken":0.0,"cards_upgraded":["Beam Cell"]},{"damage_healed":0.0,"max_hp_gain":0.0,"max_hp_loss":0.0,"gold_gain":0.0,"event_name":"The Library","player_choice":"Read","floor":21.0,"gold_loss":0.0,"damage_taken":0.0,"cards_obtained":["Turbo"]},{"cards_removed":["Defend_B"],"damage_healed":0.0,"max_hp_gain":0.0,"max_hp_loss":0.0,"gold_gain":0.0,"event_name":"Back to Basics","player_choice":"Elegance","floor":22.0,"gold_loss":0.0,"damage_taken":0.0},{"damage_healed":0.0,"max_hp_gain":0.0,"max_hp_loss":0.0,"gold_gain":50.0,"event_name":"Nest","player_choice":"Stole From Cult","floor":29.0,"gold_loss":0.0,"damage_taken":0.0},{"damage_healed":0.0,"max_hp_gain":0.0,"max_hp_loss":0.0,"gold_gain":0.0,"event_name":"SensoryStone","player_choice":"Memory 3","floor":47.0,"gold_loss":0.0,"damage_taken":10.0},{"damage_healed":0.0,"max_hp_gain":0.0,"max_hp_loss":0.0,"gold_gain":0.0,"event_name":"Upgrade Shrine","player_choice":"Upgraded","floor":48.0,"gold_loss":0.0,"damage_taken":0.0,"cards_upgraded":["BootSequence"]}],"is_beta":false,"boss_relics":[{"not_picked":["White Beast Statue","Philosopher\u0027s Stone"],"picked":"Empty Cage"},{"not_picked":["Calling Bell","Fusion Hammer"],"picked":"Inserter"}],"items_purged_floors":[19,38,44],"is_endless":false,"potions_floor_spawned":[3,8,12,13,18,20,30,33,36,40,41,42,45],"killed_by":"The Heart","ascension_level":20}