{"gold_per_floor":[117,42,42,42,42,42,62,90,165,181,210,210,135,153,153,153],"floor_reached":16,"playtime":292,"items_purged":["Bash"],"score":266,"play_id":"b39512cc-ad09-4621-8de0-2207b095e8a7","local_time":"20190603155602","is_ascension_mode":true,"campfire_choices":[{"data":"Body Slam","floor":6.0,"key":"SMITH"},{"data":"Uppercut","floor":12.0,"key":"SMITH"},{"data":"Hemokinesis","floor":15.0,"key":"SMITH"}],"neow_cost":"NONE","seed_source_timestamp":169944239005453,"circlet_count":0,"master_deck":["AscendersBane","Strike_R","Strike_R","Strike_R","Defend_R","Defend_R","Defend_R","Defend_R","Body Slam+1","Hemokinesis+1","Uppercut+1","Feed"],"special_seed":0,"relics":["Burning Blood","NeowsBlessing","Blood Vial","Pantograph","Juzu Bracelet"],"potions_floor_usage":[16],"damage_taken":[{"damage":0.0,"enemies":"Jaw Worm","floor":1.0,"turns":1.0},{"damage":0.0,"enemies":"2 Louse","floor":7.0,"turns":1.0},{"damage":3.0,"enemies":"Lagavulin","floor":8.0,"turns":1.0},{"damage":3.0,"enemies":"Cultist","floor":10.0,"turns":3.0},{"damage":32.0,"enemies":"Gremlin Nob","floor":11.0,"turns":4.0},{"damage":7.0,"enemies":"Blue Slaver","floor":14.0,"turns":2.0},{"damage":94,"enemies":"Hexaghost","floor":16,"turns":10}],"seed_played":"8895865370785947547","potions_obtained":[{"floor":7.0,"key":"Fruit Juice"},{"floor":8.0,"key":"GamblersBrew"},{"floor":10.0,"key":"Fruit Juice"},{"floor":11.0,"key":"Dexterity Potion"}],"is_trial":false,"path_per_floor":["M","?","?","?","$","R","M","E","T","M","E","R","$","M","R","B"],"character_chosen":"IRONCLAD","items_purchased":[],"campfire_rested":0,"item_purchase_floors":[],"current_hp_per_floor":[74,74,74,79,79,79,85,85,85,90,64,64,64,65,65,0],"gold":153,"neow_bonus":"THREE_ENEMY_KILL","is_prod":false,"is_daily":false,"chose_seed":false,"campfire_upgraded":3,"win_rate":0,"timestamp":1559548562,"path_taken":["M","?","?","?","?","R","?","E","T","M","E","R","$","M","R","BOSS"],"build_version":"2019-01-23","purchased_purges":1,"victory":false,"max_hp_per_floor":[75,75,75,80,80,80,85,85,85,90,90,90,90,90,90,90],"card_choices":[{"not_picked":["Havoc","Flame Barrier"],"picked":"Body Slam","floor":1.0},{"not_picked":["Fire Breathing","Dual Wield"],"picked":"Hemokinesis","floor":7.0},{"not_picked":["Cleave","Perfected Strike","Havoc"],"picked":"SKIP","floor":8.0},{"not_picked":["Sword Boomerang","Clash"],"picked":"Uppercut","floor":10.0},{"not_picked":["Blood for Blood","Clothesline"],"picked":"Feed","floor":11.0},{"not_picked":["Dual Wield","Havoc","Blood for Blood"],"picked":"SKIP","floor":14.0}],"player_experience":5023840,"relics_obtained":[{"floor":8.0,"key":"Blood Vial"},{"floor":9.0,"key":"Pantograph"},{"floor":11.0,"key":"Juzu Bracelet"}],"event_choices":[{"cards_removed":["Strike_R"],"damage_healed":0.0,"max_hp_gain":0.0,"max_hp_loss":0.0,"gold_gain":0.0,"event_name":"The Cleric","player_choice":"Card Removal","floor":2.0,"gold_loss":75.0,"damage_taken":0.0},{"cards_removed":["Strike_R"],"damage_healed":0.0,"max_hp_gain":0.0,"max_hp_loss":0.0,"gold_gain":0.0,"event_name":"Living Wall","player_choice":"Forget","floor":3.0,"gold_loss":0.0,"damage_taken":0.0},{"damage_healed":0.0,"max_hp_gain":5.0,"max_hp_loss":0.0,"gold_gain":0.0,"event_name":"Big Fish","player_choice":"Donut","floor":4.0,"gold_loss":0.0,"damage_taken":0.0}],"is_beta":false,"boss_relics":[],"items_purged_floors":[13],"is_endless":false,"potions_floor_spawned":[7,8,10,11],"killed_by":"Hexaghost","ascension_level":20}