{"gold_per_floor":[147,0,0,0,60,60,159,159,159,237,297,399,528,570,570,570],"floor_reached":16,"playtime":322,"items_purged":[],"score":456,"play_id":"5420aa71-bdae-429f-88d1-712158cfddac","local_time":"20190220142329","daily_mods":["DeadlyEvents","Binary","Cursed Run","Elite Swarm","Lethality","Midas","Night Terrors","Terminal","Uncertain Future","Binary"],"is_ascension_mode":true,"campfire_choices":[{"floor":6.0,"key":"REST"},{"floor":8.0,"key":"REST"},{"floor":15,"key":"REST"}],"neow_cost":"","seed_source_timestamp":238257674752076,"circlet_count":0,"master_deck":["AscendersBane","Defend_G","Defend_G","Defend_G","Defend_G","Defend_G","Strike_G","Strike_G","Strike_G","Strike_G","Survivor","Neutralize","Flechettes","Backflip","Quick Slash"],"special_seed":0,"relics":["Cursed Key","Darkstone Periapt","Du-Vu Doll","Busted Crown","Ninja Scroll","Meat on the Bone","Lantern","Tiny Chest"],"potions_floor_usage":[12,13,16],"damage_taken":[{"damage":0.0,"enemies":"Cultist","floor":1.0,"turns":4.0},{"damage":0.0,"enemies":"Small Slimes","floor":5.0,"turns":3.0},{"damage":0.0,"enemies":"Lagavulin","floor":7.0,"turns":4.0},{"damage":0,"enemies":"Gremlin Nob","floor":10,"turns":3},{"damage":0,"enemies":"Jaw Worm","floor":11,"turns":1},{"damage":0,"enemies":"3 Sentries","floor":12,"turns":6},{"damage":0,"enemies":"Lagavulin","floor":13,"turns":4},{"damage":0,"enemies":"Blue Slaver","floor":14,"turns":1},{"damage":6,"enemies":"The Guardian","floor":16,"turns":4}],"seed_played":"1681233125714845300","potions_obtained":[{"floor":5.0,"key":"Weak Potion"},{"floor":11,"key":"FearPotion"},{"floor":12,"key":"GhostInAJar"},{"floor":13,"key":"FearPotion"}],"is_trial":true,"path_per_floor":["M","$","?","?","M","R","E","R","T","E","M","E","E","M","R","B"],"character_chosen":"THE_SILENT","items_purchased":["Flechettes","Backflip","Quick Slash"],"campfire_rested":3,"item_purchase_floors":[2,2,2],"current_hp_per_floor":[1,1,1,1,1,1,1,1,1,1,1,1,1,1,1,0],"gold":570,"neow_bonus":"","is_prod":false,"is_daily":false,"chose_seed":false,"campfire_upgraded":0,"win_rate":0,"timestamp":1550643809,"path_taken":["M","$","?","?","M","R","E","R","T","E","M","E","?","M","R","BOSS"],"build_version":"2019-01-23","purchased_purges":0,"victory":false,"max_hp_per_floor":[1,1,1,1,1,1,1,1,1,1,1,1,1,1,1,1],"card_choices":[],"player_experience":857189,"relics_obtained":[{"floor":7.0,"key":"Ninja Scroll"},{"floor":10,"key":"Meat on the Bone"},{"floor":12,"key":"Lantern"},{"floor":13,"key":"Tiny Chest"}],"event_choices":[{"damage_healed":0.0,"max_hp_gain":0.0,"max_hp_loss":0.0,"gold_gain":0.0,"event_name":"Liars Game","player_choice":"Ignored","floor":3.0,"gold_loss":0.0,"damage_taken":0.0},{"cards_removed":["Strike_G"],"damage_healed":0.0,"max_hp_gain":0.0,"max_hp_loss":0.0,"gold_gain":0.0,"event_name":"Purifier","player_choice":"Purged","floor":4.0,"gold_loss":0.0,"damage_taken":0.0}],"is_beta":false,"boss_relics":[],"items_purged_floors":[],"is_endless":false,"potions_floor_spawned":[5,11,12,13],"killed_by":"The Guardian","ascension_level":20}