{"path_per_floor":["M","M","T","?","?","R","?","?","T","E","M","$","M","M","R","B",null,"M","?","?","?","M","R","M","R","T","?","M","M","?","?","R"],"character_chosen":"THE_SILENT","items_purchased":["Bane","Crippling Poison","Corpse Explosion","Footwork","Dodge and Roll"],"gold_per_floor":[115,133,159,159,159,159,334,334,334,361,376,26,36,47,47,151,151,168,168,168,168,185,185,197,197,197,197,217,228,228,228,228],"floor_reached":33,"campfire_rested":2,"playtime":2408,"current_hp_per_floor":[66,66,66,66,66,66,66,59,59,43,43,43,17,3,24,16,70,55,55,42,42,41,41,15,37,37,37,36,51,35,35,35],"items_purged":[],"gold":228,"score":245,"play_id":"4c8ffe85-f9f1-4452-89b9-7e2ff1bde218","is_prod":false,"is_daily":false,"is_ascension_mode":false,"campfire_upgraded":3,"path_taken":["M","M","?","?","?","R","?","?","T","E","M","$","M","M","R","BOSS","M","?","?","?","M","R","M","R","T","?","M","M","?","?","R","BOSS"],"build_version":"2018-02-22-PROD2","purchased_purges":0,"victory":false,"master_deck":["Defend_G+1","Defend_G+1","Defend_G+1","Defend_G+1","Strike_G+1","Strike_G+1","Survivor","Neutralize","Glass Knife+1","Bouncing Flask+1","Poisoned Stab","Doubt","Catalyst+1","Deadly Poison","Bane","Crippling Poison","Corpse Explosion+1","Footwork","Dodge and Roll","Bane","Escape Plan","Venomology","Heel Hook+1","Tactician+1","Expertise+1","Endless Agony","Bouncing Flask","Writhe","Bane","Poisoned Stab+1","Dodge and Roll+1","Deadly Poison+1"],"max_hp_per_floor":[70,70,70,70,70,70,70,70,70,70,70,70,70,70,70,70,70,70,70,75,75,75,75,75,75,75,75,75,75,75,75,75],"relics":["Ring of the Snake","Juzu Bracelet","Peace Pipe","Torii","Calipers","Astrolabe","Bag of Marbles","Thread and Needle","Enchiridion"],"card_choices":[{"not_picked":["Escape Plan","Predator"],"picked":"Glass Knife"},{"not_picked":["Outmaneuver","Sucker Punch"],"picked":"Bouncing Flask"},{"not_picked":["Infinite Blades","Deflect"],"picked":"Catalyst"},{"not_picked":["Slice","Distraction"],"picked":"Deadly Poison"},{"not_picked":["Dagger Spray","Caltrops"],"picked":"Bane"},{"not_picked":["Eviscerate","Slice"],"picked":"Escape Plan"},{"not_picked":["Tools of the Trade","Tactician"],"picked":"Venomology"},{"not_picked":["Backflip","Distraction"],"picked":"Endless Agony"},{"not_picked":["Dagger Throw","Backflip"],"picked":"Bane"},{"not_picked":["Flying Knee","Crippling Poison"],"picked":"Poisoned Stab"},{"not_picked":["Dagger Spray","Deadly Poison"],"picked":"Dodge and Roll"},{"not_picked":["Deflect","PiercingWail"],"picked":"Deadly Poison"}],"player_experience":23054,"potions_floor_usage":[18,22,24,24,28,29,29,33,33,33],"damage_taken":[{"damage":4,"enemies":"Cultist","floor":1,"turns":4},{"damage":0,"enemies":"2 Louse","floor":2,"turns":3},{"damage":16,"enemies":"Lagavulin","floor":10,"turns":5},{"damage":0,"enemies":"Small Slimes","floor":11,"turns":2},{"damage":26,"enemies":"Exordium Thugs","floor":13,"turns":4},{"damage":14,"enemies":"Exordium Wildlife","floor":14,"turns":4},{"damage":8,"enemies":"Hexaghost","floor":16,"turns":7},{"damage":30,"enemies":"3 Byrds","floor":18,"turns":6},{"damage":1,"enemies":"Spheric Guardian","floor":22,"turns":3},{"damage":26,"enemies":"Centurion and Healer","floor":24,"turns":6},{"damage":1,"enemies":"Sentry and Sphere","floor":28,"turns":5},{"damage":0,"enemies":"Snecko","floor":29,"turns":5},{"damage":58,"enemies":"Champ","floor":33,"turns":10}],"event_choices":[{"event_name":"Big Fish","player_choice":"Box","floor":4,"damage_taken":0},{"event_name":"Living Wall","player_choice":"Change","floor":5,"damage_taken":0},{"event_name":"Liars Game","player_choice":"agreed","floor":7,"damage_taken":0},{"event_name":"Golden Wing","player_choice":"Card Removal","floor":8,"damage_taken":0},{"event_name":"The Library","player_choice":"Read","floor":19,"damage_taken":0},{"event_name":"Forgotten Altar","player_choice":"Shed Blood","floor":20,"damage_taken":0},{"event_name":"The Mausoleum","player_choice":"Yes","floor":21,"damage_taken":0},{"event_name":"Back to Basics","player_choice":"Simplicity","floor":27,"damage_taken":0},{"event_name":"Cursed Tome","player_choice":"Obtained Book","floor":30,"damage_taken":0},{"event_name":"Upgrade Shrine","player_choice":"Upgraded","floor":31,"damage_taken":0}],"boss_relics":[{"not_picked":["Eternal Feather","Question Card"],"picked":"Astrolabe"}],"potions_floor_spawned":[2,11,14,16,18,24,29],"seed_played":"-6541968773886875881","killed_by":"Champ","ascension_level":0,"is_trial":false}