{"gold_per_floor":[118,193,16,16,35,69,69,119,119,153,153,180,197,30,30,103,103,115,134,134,34,34,34,214,214],"floor_reached":25,"playtime":584,"items_purged":["Strike_B","Defend_B"],"score":480,"play_id":"82681289-8ac2-4b78-aafc-a07b9456405c","local_time":"20190301205506","is_ascension_mode":true,"campfire_choices":[{"data":"Consume","floor":7.0,"key":"SMITH"},{"data":"Zap","floor":11.0,"key":"SMITH"},{"data":"Capacitor","floor":15.0,"key":"SMITH"},{"data":"Impatience","floor":23,"key":"SMITH"}],"neow_cost":"NONE","seed_source_timestamp":0,"circlet_count":0,"master_deck":["AscendersBane","Defend_B+1","Defend_B","Defend_B+1","Zap+1","Dualcast","Consume+1","Loop","Impatience+1","Cold Snap","White Noise","Redo+1","Conserve Battery+1","Stack+1","Capacitor+1","Turbo+1","All For One","Coolheaded+1","Sweeping Beam+1","Hello World+1","Leap+1"],"special_seed":0,"relics":["Cracked Core","NeowsBlessing","Ornamental Fan","Toxic Egg 2","Gremlin Horn","Sundial","Astrolabe"],"potions_floor_usage":[],"damage_taken":[{"damage":0.0,"enemies":"Jaw Worm","floor":1.0,"turns":1.0},{"damage":0.0,"enemies":"Small Slimes","floor":5.0,"turns":1.0},{"damage":0.0,"enemies":"3 Sentries","floor":6.0,"turns":1.0},{"damage":8.0,"enemies":"Lagavulin","floor":10.0,"turns":10.0},{"damage":8.0,"enemies":"Gremlin Nob","floor":12.0,"turns":3.0},{"damage":0.0,"enemies":"Cultist","floor":13.0,"turns":3.0},{"damage":12.0,"enemies":"The Guardian","floor":16.0,"turns":13.0},{"damage":10,"enemies":"3 Byrds","floor":18,"turns":4},{"damage":5,"enemies":"Chosen","floor":19,"turns":5},{"damage":24,"enemies":"Snake Plant","floor":25,"turns":1}],"seed_played":"-1419869345786814668","potions_obtained":[{"floor":1.0,"key":"LiquidBronze"},{"floor":16.0,"key":"SteroidPotion"}],"is_trial":false,"path_per_floor":["M","?","$","?","M","E","R","?","T","E","R","E","M","$","R","B",null,"M","M","?","$","?","R","?","M"],"character_chosen":"DEFECT","items_purchased":["Loop","Impatience","Capacitor","Turbo+1"],"campfire_rested":0,"item_purchase_floors":[3,3,14,14],"current_hp_per_floor":[64,53,53,32,32,32,32,32,32,24,24,16,16,16,16,4,54,44,39,39,39,39,39,18,0],"gold":214,"neow_bonus":"THREE_ENEMY_KILL","is_prod":false,"is_daily":false,"chose_seed":false,"campfire_upgraded":4,"win_rate":0,"timestamp":1551444906,"path_taken":["M","?","$","?","M","E","R","?","T","E","R","E","?","$","R","BOSS","M","M","?","$","?","R","?","M"],"build_version":"2019-01-23","purchased_purges":2,"victory":false,"max_hp_per_floor":[71,71,71,71,71,71,71,71,71,71,71,71,71,71,71,71,71,71,71,71,71,71,71,71,71],"card_choices":[{"not_picked":["Rebound","Cold Snap"],"picked":"Consume","floor":1.0},{"not_picked":["Melter","Hologram"],"picked":"Cold Snap","floor":5.0},{"not_picked":["Barrage","Sweeping Beam"],"picked":"White Noise","floor":6.0},{"not_picked":["Cold Snap","Rebound"],"picked":"Redo+1","floor":10.0},{"not_picked":["Doom and Gloom","Gash"],"picked":"Conserve Battery+1","floor":12.0},{"not_picked":["Gash","Compile Driver"],"picked":"Stack+1","floor":13.0},{"not_picked":["Machine Learning","Core Surge"],"picked":"All For One","floor":16.0},{"not_picked":["Beam Cell","Barrage","Rip and Tear+1"],"picked":"SKIP","floor":18},{"not_picked":["Genetic Algorithm+1","Compile Driver"],"picked":"Leap+1","floor":19}],"player_experience":1057176,"relics_obtained":[{"floor":6.0,"key":"Ornamental Fan"},{"floor":9.0,"key":"Toxic Egg 2"},{"floor":10.0,"key":"Gremlin Horn"},{"floor":12.0,"key":"Sundial"}],"event_choices":[{"damage_healed":0.0,"max_hp_gain":0.0,"max_hp_loss":0.0,"gold_gain":75.0,"event_name":"World of Goop","player_choice":"Gather Gold","floor":2.0,"gold_loss":0.0,"damage_taken":11.0},{"damage_healed":0.0,"max_hp_gain":0.0,"max_hp_loss":0.0,"gold_gain":0.0,"event_name":"Shining Light","player_choice":"Entered Light","floor":4.0,"gold_loss":0.0,"damage_taken":21.0,"cards_upgraded":["Defend_B","Defend_B"]},{"damage_healed":0.0,"max_hp_gain":0.0,"max_hp_loss":0.0,"gold_gain":50.0,"event_name":"Golden Shrine","player_choice":"Pray","floor":8.0,"gold_loss":0.0,"damage_taken":0.0},{"damage_healed":0,"gold_gain":0,"player_choice":"Ignored","damage_taken":0,"max_hp_gain":0,"max_hp_loss":0,"event_name":"Cursed Tome","floor":20,"gold_loss":0},{"damage_healed":0,"gold_gain":180,"player_choice":"GOLD GOLD ","damage_taken":21,"max_hp_gain":0,"max_hp_loss":0,"event_name":"Knowing Skull","floor":24,"potions_obtained":[],"gold_loss":0,"cards_obtained":[]}],"is_beta":false,"boss_relics":[{"not_picked":["Pandora\u0027s Box","Coffee Dripper"],"picked":"Astrolabe"}],"items_purged_floors":[14,21],"is_endless":false,"potions_floor_spawned":[1,16],"killed_by":"Snake Plant","ascension_level":20}