{"gold_per_floor":[111,130,147,72,72,105,105,132,144,171,183,41,41,41,41,118,118,130,146,158,33,44,44,55,55,82,98,98,42,53,53,53,130,130,148,162,12,1011,446,446,464,464,487,487,205,205,205,224,224,224],"floor_reached":50,"playtime":2027,"items_purged":["Strike_G","Strike_G","Strike_G","Decay","Normality","Normality"],"score":1025,"play_id":"40438b3a-153c-4c96-ad63-a92bc2791903","local_time":"20190211190528","is_ascension_mode":true,"campfire_choices":[{"data":"Flechettes","floor":7.0,"key":"SMITH"},{"data":"Bouncing Flask","floor":11.0,"key":"SMITH"},{"data":"Neutralize","floor":13.0,"key":"SMITH"},{"data":"Deadly Poison","floor":15.0,"key":"SMITH"},{"data":"Caltrops","floor":23.0,"key":"SMITH"},{"floor":25.0,"key":"REST"},{"floor":28.0,"key":"REST"},{"floor":32.0,"key":"REST"},{"data":"Night Terror","floor":40,"key":"SMITH"},{"floor":42,"key":"REST"},{"floor":44,"key":"RECALL"},{"data":"Backflip","floor":46,"key":"SMITH"},{"data":"Escape Plan","floor":49,"key":"SMITH"}],"neow_cost":"NONE","seed_source_timestamp":21728753241336,"circlet_count":0,"master_deck":["AscendersBane","Defend_G","Defend_G","Defend_G","Defend_G","Defend_G","Strike_G","Strike_G","Survivor","Neutralize+1","Deadly Poison+1","Escape Plan+1","Flechettes+1","Caltrops+1","Bouncing Flask+1","Acrobatics+1","Adrenaline","Adrenaline","Night Terror+1","Backflip+1"],"special_seed":0,"relics":["Runic Pyramid","Mercury Hourglass","MawBank","HoveringKite","Ancient Tea Set","Eternal Feather","Potion Belt","Anchor","Bronze Scales","Lantern"],"potions_floor_usage":[41,41],"damage_taken":[{"damage":0.0,"enemies":"Small Slimes","floor":1.0,"turns":4.0},{"damage":0.0,"enemies":"Cultist","floor":2.0,"turns":4.0},{"damage":1.0,"enemies":"2 Louse","floor":3.0,"turns":4.0},{"damage":2.0,"enemies":"Lagavulin","floor":6.0,"turns":8.0},{"damage":26.0,"enemies":"Gremlin Nob","floor":8.0,"turns":4.0},{"damage":2.0,"enemies":"Lots of Slimes","floor":10.0,"turns":3.0},{"damage":0.0,"enemies":"The Guardian","floor":16.0,"turns":8.0},{"damage":3.0,"enemies":"Shell Parasite","floor":18.0,"turns":6.0},{"damage":0.0,"enemies":"Chosen","floor":19.0,"turns":3.0},{"damage":15.0,"enemies":"Shelled Parasite and Fungi","floor":20.0,"turns":7.0},{"damage":11.0,"enemies":"3 Cultists","floor":22.0,"turns":6.0},{"damage":21.0,"enemies":"Centurion and Healer","floor":24.0,"turns":7.0},{"damage":6.0,"enemies":"Chosen and Byrds","floor":27.0,"turns":4.0},{"damage":9.0,"enemies":"3 Cultists","floor":30.0,"turns":4.0},{"damage":20.0,"enemies":"Champ","floor":33.0,"turns":9.0},{"damage":14,"enemies":"Orb Walker","floor":35,"turns":4},{"damage":6,"enemies":"3 Shapes","floor":36,"turns":5},{"damage":29,"enemies":"Spire Growth","floor":41,"turns":4},{"damage":0,"enemies":"Writhing Mass","floor":48,"turns":4},{"damage":57,"enemies":"Awakened One","floor":50,"turns":5}],"seed_played":"-501043259784107704","potions_obtained":[{"floor":2.0,"key":"Regen Potion"},{"floor":5.0,"key":"Block Potion"},{"floor":5.0,"key":"Poison Potion"},{"floor":8.0,"key":"Energy Potion"},{"floor":16.0,"key":"EssenceOfSteel"},{"floor":18.0,"key":"Swift Potion"},{"floor":33.0,"key":"SteroidPotion"},{"floor":35,"key":"LiquidBronze"},{"floor":41,"key":"SteroidPotion"}],"is_trial":false,"path_per_floor":["M","M","M","$","?","E","R","E","T","M","R","$","R","?","R","B",null,"M","M","M","$","M","R","M","R","T","M","R","$","M","?","R","B",null,"M","M","$","?","$","R","M","R","T","R","$","R","?","M","R","B"],"character_chosen":"THE_SILENT","items_purchased":["Block Potion","Poison Potion","Potion Belt","Anchor","Swift Potion","SteroidPotion","Backflip"],"campfire_rested":4,"item_purchase_floors":[12,29,39,39,39,45,45],"current_hp_per_floor":[59,59,58,58,58,56,56,30,30,28,28,28,28,28,28,28,57,54,54,39,39,28,28,7,26,26,20,39,39,30,30,49,29,57,43,37,37,37,37,49,20,51,51,63,63,66,66,66,66,9],"gold":224,"neow_bonus":"BOSS_RELIC","is_prod":false,"is_daily":false,"chose_seed":false,"campfire_upgraded":8,"win_rate":0,"timestamp":1549883128,"path_taken":["M","M","M","$","?","E","R","E","T","?","R","$","R","?","R","BOSS","M","M","M","$","M","R","M","R","T","M","R","?","M","?","R","BOSS","M","?","$","?","$","R","M","R","T","R","$","R","?","M","R","BOSS"],"build_version":"2019-01-23","purchased_purges":6,"victory":false,"max_hp_per_floor":[66,66,66,66,66,66,66,66,66,66,66,66,66,66,66,66,66,66,66,66,66,66,66,66,66,66,66,66,66,66,66,66,66,66,66,66,66,66,66,66,66,66,66,66,66,66,66,66,66,66],"card_choices":[{"not_picked":["Quick Slash","Dodge and Roll"],"picked":"Deadly Poison","floor":1.0},{"not_picked":["Calculated Gamble","Backflip"],"picked":"Escape Plan","floor":2.0},{"not_picked":["Quick Slash","Footwork"],"picked":"Flechettes","floor":3.0},{"not_picked":["Flying Knee","Backflip"],"picked":"Caltrops","floor":6.0},{"not_picked":["Choke","Cloak And Dagger"],"picked":"Bouncing Flask","floor":8.0},{"not_picked":["PiercingWail","Underhanded Strike"],"picked":"Acrobatics","floor":10.0},{"not_picked":["Bullet Time","Night Terror"],"picked":"Adrenaline","floor":16.0},{"not_picked":["Dodge and Roll","Prepared","Bane"],"picked":"SKIP","floor":18.0},{"not_picked":["PiercingWail","Finisher","Bane"],"picked":"SKIP","floor":19.0},{"not_picked":["Blade Dance+1","Caltrops","Flying Knee"],"picked":"SKIP","floor":20.0},{"not_picked":["Blade Dance","Bane","Flying Knee"],"picked":"SKIP","floor":22.0},{"not_picked":["Prepared","Blade Dance","Setup"],"picked":"SKIP","floor":24.0},{"not_picked":["Distraction","Blade Dance+1","Poisoned Stab"],"picked":"SKIP","floor":27.0},{"not_picked":["Dodge and Roll","Dash"],"picked":"Adrenaline","floor":30.0},{"not_picked":["A Thousand Cuts","Envenom"],"picked":"Night Terror","floor":33.0},{"not_picked":["Underhanded Strike","Cloak And Dagger","Noxious Fumes"],"picked":"SKIP","floor":35},{"not_picked":["Quick Slash","Sucker Punch","Deadly Poison"],"picked":"SKIP","floor":36},{"not_picked":["Well Laid Plans","Skewer","Quick Slash"],"picked":"SKIP","floor":41},{"not_picked":["Noxious Fumes","Backstab","Prepared"],"picked":"SKIP","floor":48}],"player_experience":2610895,"relics_obtained":[{"floor":6.0,"key":"Mercury Hourglass"},{"floor":8.0,"key":"MawBank"},{"floor":26.0,"key":"Ancient Tea Set"},{"floor":43,"key":"Bronze Scales"},{"floor":47,"key":"Lantern"}],"event_choices":[{"damage_healed":0.0,"max_hp_gain":0.0,"max_hp_loss":0.0,"gold_gain":0.0,"event_name":"Lab","player_choice":"Got Potions","floor":5.0,"gold_loss":0.0,"damage_taken":0.0},{"damage_healed":0.0,"max_hp_gain":0.0,"max_hp_loss":0.0,"gold_gain":0.0,"event_name":"Upgrade Shrine","player_choice":"Upgraded","floor":14.0,"gold_loss":0.0,"damage_taken":0.0,"cards_upgraded":["Acrobatics"]},{"damage_healed":0.0,"max_hp_gain":0.0,"max_hp_loss":0.0,"gold_gain":0.0,"event_name":"Wheel of Change","player_choice":"Cursed","floor":31.0,"gold_loss":0.0,"damage_taken":0.0,"cards_obtained":["Decay"]},{"damage_healed":0,"gold_gain":999,"player_choice":"Gold","damage_taken":0,"max_hp_gain":0,"max_hp_loss":0,"event_name":"MindBloom","floor":38,"gold_loss":0,"cards_obtained":["Normality","Normality"]},{"damage_healed":0,"gold_gain":0,"player_choice":"Relic","damage_taken":0,"max_hp_gain":0,"max_hp_loss":0,"event_name":"Wheel of Change","floor":47,"gold_loss":0}],"is_beta":false,"boss_relics":[{"not_picked":["Lizard Tail","White Beast Statue"],"picked":"HoveringKite"},{"not_picked":["Fusion Hammer","Calling Bell"],"picked":"Eternal Feather"}],"items_purged_floors":[4,12,21,37,39,45],"is_endless":false,"potions_floor_spawned":[2,8,16,18,19,33,35,41],"killed_by":"Awakened One","ascension_level":20}