{"gold_per_floor":[115,115,115,12,12,12,12,12,63,83,83,83,103,135,135,214,214,234,184,109,120,134,166,166,200,200,210,210,245,257,287,287,364,364,384,384,205,222,236,236,265,265,265,276,303,318,318,346,346,346,346,346,346,32,66,66],"floor_reached":57,"playtime":3933,"items_purged":["Defend_G","Defend_G","Backflip+1"],"score":3832,"play_id":"0000e0d4-fa86-4c62-8bc5-a1989d04d302","local_time":"20190219152455","is_ascension_mode":true,"campfire_choices":[{"data":"Deep Breath","floor":6.0,"key":"SMITH"},{"data":"Neutralize","floor":8.0,"key":"SMITH"},{"floor":15.0,"key":"DIG"},{"floor":24.0,"key":"DIG"},{"floor":28.0,"key":"DIG"},{"floor":32.0,"key":"DIG"},{"floor":40.0,"key":"DIG"},{"floor":42.0,"key":"DIG"},{"floor":49,"key":"RECALL"},{"floor":53,"key":"DIG"}],"neow_cost":"PERCENT_DAMAGE","seed_source_timestamp":0,"circlet_count":0,"master_deck":["AscendersBane","Survivor+1","Neutralize+1","Heel Hook","Deep Breath+1","Acrobatics","Backflip+1","Concentrate+1"],"special_seed":0,"relics":["Ring of the Snake","Snake Skull","Smiling Mask","Dodecahedron","Shovel","Meat on the Bone","Empty Cage","The Courier","Oddly Smooth Stone","Darkstone Periapt","Potion Belt","Ornamental Fan","Dream Catcher","Pear","Black Star","Centennial Puzzle","Bag of Preparation","Orichalcum","PreservedInsect","Juzu Bracelet","Tingsha","Pen Nib","Ancient Tea Set","Gremlin Horn","War Paint","Shuriken","Strawberry","Kunai","Pantograph"],"potions_floor_usage":[56,56,56],"damage_taken":[{"damage":1.0,"enemies":"Small Slimes","floor":1.0,"turns":6.0},{"damage":0.0,"enemies":"2 Louse","floor":10.0,"turns":4.0},{"damage":2.0,"enemies":"Jaw Worm","floor":13.0,"turns":10.0},{"damage":0.0,"enemies":"Gremlin Nob","floor":14.0,"turns":2.0},{"damage":0.0,"enemies":"Hexaghost","floor":16.0,"turns":2.0},{"damage":0.0,"enemies":"3 Byrds","floor":18.0,"turns":1.0},{"damage":0.0,"enemies":"2 Thieves","floor":21.0,"turns":1.0},{"damage":0.0,"enemies":"Snecko","floor":22.0,"turns":1.0},{"damage":0.0,"enemies":"Slavers","floor":23.0,"turns":1.0},{"damage":0.0,"enemies":"Gremlin Leader","floor":25.0,"turns":1.0},{"damage":0.0,"enemies":"3 Cultists","floor":27.0,"turns":1.0},{"damage":0.0,"enemies":"Book of Stabbing","floor":29.0,"turns":1.0},{"damage":0.0,"enemies":"Snake Plant","floor":30.0,"turns":3.0},{"damage":0.0,"enemies":"Gremlin Leader","floor":31.0,"turns":1.0},{"damage":0.0,"enemies":"Champ","floor":33.0,"turns":1.0},{"damage":0.0,"enemies":"3 Shapes","floor":35.0,"turns":1.0},{"damage":0.0,"enemies":"3 Darklings","floor":38.0,"turns":1.0},{"damage":0.0,"enemies":"Jaw Worm Horde","floor":39.0,"turns":1.0},{"damage":0.0,"enemies":"Giant Head","floor":41.0,"turns":1.0},{"damage":0.0,"enemies":"Transient","floor":44.0,"turns":6.0},{"damage":0.0,"enemies":"Reptomancer","floor":45.0,"turns":1.0},{"damage":0.0,"enemies":"Maw","floor":46.0,"turns":1.0},{"damage":0,"enemies":"Giant Head","floor":48,"turns":1},{"damage":0,"enemies":"Donu and Deca","floor":50,"turns":1},{"damage":0,"enemies":"Awakened One","floor":51,"turns":2},{"damage":0,"enemies":"Shield and Spear","floor":55,"turns":1},{"damage":1,"enemies":"The Heart","floor":56,"turns":5}],"seed_played":"4478788915395298350","potions_obtained":[{"floor":10.0,"key":"GamblersBrew"},{"floor":13.0,"key":"Swift Potion"},{"floor":16.0,"key":"SteroidPotion"},{"floor":21.0,"key":"Fire Potion"},{"floor":29.0,"key":"EssenceOfSteel"},{"floor":44.0,"key":"SpeedPotion"}],"is_trial":false,"path_per_floor":["M","?","?","$","?","R","?","R","T","M","T","?","M","E","R","B",null,"M","$","?","M","M","E","R","E","T","M","R","E","M","E","R","B",null,"M","T","$","M","M","R","E","R","T","M","E","M","?","E","R","B","B",null,"R","$","E","B",null],"character_chosen":"THE_SILENT","items_purchased":["Deep Breath","Bag of Preparation","SkillPotion","Swift Potion","Strawberry","PowerPotion"],"campfire_rested":0,"item_purchase_floors":[4,37,54,54,54,54],"current_hp_per_floor":[43,43,36,36,36,36,18,18,18,18,18,18,16,16,16,28,57,57,57,57,57,57,57,57,57,57,57,57,57,57,57,67,67,74,74,74,74,74,74,74,74,74,74,74,74,74,74,74,74,74,74,76,76,83,83,82],"gold":66,"neow_bonus":"REMOVE_TWO","is_prod":false,"is_daily":false,"chose_seed":false,"campfire_upgraded":2,"win_rate":0,"timestamp":1550561095,"path_taken":["M","?","?","?","?","R","?","R","T","M","?","?","M","E","R","BOSS","M","$","?","M","M","E","R","E","T","M","R","E","M","E","R","BOSS","M","?","$","M","M","R","E","R","T","M","E","M","?","E","R","BOSS","BOSS","R","$","E","BOSS"],"build_version":"2019-01-23","purchased_purges":3,"victory":true,"max_hp_per_floor":[66,66,66,66,66,66,66,66,66,66,66,66,66,66,66,66,66,66,66,66,66,66,66,66,66,66,66,66,66,66,66,76,76,76,76,76,76,76,76,76,76,76,76,76,76,76,76,76,76,76,76,76,76,83,83,83],"card_choices":[{"not_picked":["Backflip","Setup"],"picked":"Heel Hook","floor":1.0},{"not_picked":["Quick Slash","Flechettes","Cloak And Dagger"],"picked":"SKIP","floor":10.0},{"not_picked":["Quick Slash","Flechettes","Cloak And Dagger"],"picked":"SKIP","floor":10.0},{"not_picked":["Glass Knife","Cloak And Dagger"],"picked":"Acrobatics","floor":13.0},{"not_picked":["Storm of Steel","Poisoned Stab","Flying Knee"],"picked":"SKIP","floor":14.0},{"not_picked":["Underhanded Strike+1","Blade Dance+1","Dodge and Roll"],"picked":"SKIP","floor":18.0},{"not_picked":["Crippling Poison","Concentrate","PiercingWail"],"picked":"SKIP","floor":21.0},{"not_picked":["Dagger Spray","Dagger Throw","Footwork"],"picked":"SKIP","floor":22.0},{"not_picked":["Catalyst","Choke"],"picked":"Backflip","floor":23.0},{"not_picked":["Well Laid Plans","Poisoned Stab+1","Deadly Poison+1"],"picked":"SKIP","floor":25.0},{"not_picked":["Cloak And Dagger","All Out Attack","Outmaneuver"],"picked":"SKIP","floor":27.0},{"not_picked":["Slice","A Thousand Cuts","Setup"],"picked":"SKIP","floor":29.0},{"not_picked":["All Out Attack","Backstab","Flying Knee"],"picked":"SKIP","floor":30.0},{"not_picked":["Masterful Stab","Slice","Cloak And Dagger"],"picked":"SKIP","floor":31.0},{"not_picked":["Acrobatics","Dagger Spray","Outmaneuver"],"picked":"SKIP","floor":35.0},{"not_picked":["Blade Dance","Catalyst","Prepared+1"],"picked":"SKIP","floor":38.0},{"not_picked":["Deflect","Slice"],"picked":"Backflip+1","floor":39.0},{"not_picked":["Quick Slash","Poisoned Stab","Well Laid Plans"],"picked":"SKIP","floor":41.0},{"not_picked":["Dagger Spray+1","Heel Hook","Sucker Punch"],"picked":"SKIP","floor":44.0},{"not_picked":["Cloak And Dagger","Dodge and Roll","Die Die Die"],"picked":"SKIP","floor":45.0},{"not_picked":["Bane+1","Heel Hook+1","Cloak And Dagger"],"picked":"SKIP","floor":46.0},{"not_picked":["Slice+1","Dagger Spray","Flechettes"],"picked":"SKIP","floor":48},{"not_picked":["Sucker Punch","Acrobatics"],"picked":"Concentrate+1","floor":55}],"player_experience":1473236,"relics_obtained":[{"floor":9.0,"key":"Smiling Mask"},{"floor":11.0,"key":"Dodecahedron"},{"floor":14.0,"key":"Shovel"},{"floor":15.0,"key":"Meat on the Bone"},{"floor":23.0,"key":"The Courier"},{"floor":24.0,"key":"Oddly Smooth Stone"},{"floor":25.0,"key":"Darkstone Periapt"},{"floor":28.0,"key":"Potion Belt"},{"floor":29.0,"key":"Ornamental Fan"},{"floor":31.0,"key":"Dream Catcher"},{"floor":32.0,"key":"Pear"},{"floor":36.0,"key":"Centennial Puzzle"},{"floor":41.0,"key":"Orichalcum"},{"floor":41.0,"key":"PreservedInsect"},{"floor":42.0,"key":"Juzu Bracelet"},{"floor":43.0,"key":"Tingsha"},{"floor":45.0,"key":"Pen Nib"},{"floor":45.0,"key":"Ancient Tea Set"},{"floor":48,"key":"Gremlin Horn"},{"floor":48,"key":"War Paint"},{"floor":53,"key":"Shuriken"},{"floor":55,"key":"Kunai"},{"floor":55,"key":"Pantograph"}],"event_choices":[{"cards_removed":["Strike_G"],"damage_healed":0.0,"max_hp_gain":0.0,"max_hp_loss":0.0,"gold_gain":0.0,"event_name":"Living Wall","player_choice":"Forget","floor":2.0,"gold_loss":0.0,"damage_taken":0.0},{"cards_removed":["Strike_G"],"damage_healed":0.0,"max_hp_gain":0.0,"max_hp_loss":0.0,"gold_gain":0.0,"event_name":"Golden Wing","player_choice":"Card Removal","floor":3.0,"gold_loss":0.0,"damage_taken":7.0},{"damage_healed":0.0,"max_hp_gain":0.0,"max_hp_loss":0.0,"gold_gain":0.0,"event_name":"Liars Game","player_choice":"Ignored","floor":5.0,"gold_loss":0.0,"damage_taken":0.0},{"damage_healed":0.0,"max_hp_gain":0.0,"max_hp_loss":0.0,"gold_gain":0.0,"event_name":"Scrap Ooze","player_choice":"Success","floor":7.0,"gold_loss":0.0,"damage_taken":18.0,"relics_obtained":["Snake Skull"]},{"cards_removed":["Strike_G"],"damage_healed":0.0,"max_hp_gain":0.0,"max_hp_loss":0.0,"gold_gain":0.0,"event_name":"Purifier","player_choice":"Purged","floor":12.0,"gold_loss":0.0,"damage_taken":0.0},{"cards_removed":["Defend_G"],"damage_healed":0.0,"max_hp_gain":0.0,"max_hp_loss":0.0,"gold_gain":0.0,"event_name":"Designer","player_choice":"Single Remove","floor":20.0,"gold_loss":75.0,"damage_taken":0.0},{"damage_healed":0,"gold_gain":0,"player_choice":"Memory 1","damage_taken":0,"max_hp_gain":0,"max_hp_loss":0,"event_name":"SensoryStone","floor":47,"gold_loss":0}],"is_beta":false,"boss_relics":[{"not_picked":["Tiny House","Lizard Tail"],"picked":"Empty Cage"},{"not_picked":["Runic Pyramid","Astrolabe"],"picked":"Black Star"}],"items_purged_floors":[19,37,54],"is_endless":false,"potions_floor_spawned":[10,13,14,16,21,22,25,27,29,44,48,55],"ascension_level":20}