{"gold_per_floor":[114,129,141,141,167,167,181,181,230,245,320,320,344,363,363,363],"floor_reached":16,"playtime":305,"items_purged":[],"score":94,"play_id":"5de86538-3e7b-495a-909d-54328f6f1ea2","local_time":"20181129211331","is_ascension_mode":false,"campfire_choices":[{"data":"Poisoned Stab","floor":6.0,"key":"SMITH"},{"data":"Neutralize","floor":8.0,"key":"SMITH"},{"data":"Calculated Gamble","floor":15,"key":"SMITH"}],"neow_cost":"TEN_PERCENT_HP_LOSS","seed_source_timestamp":43022212616160,"circlet_count":0,"master_deck":["Defend_G+1","Defend_G","Defend_G","Defend_G","Strike_G","Strike_G","Strike_G","Survivor","Neutralize+1","Tactician","Poisoned Stab+1","Concentrate+1","Backflip","Calculated Gamble+1"],"special_seed":0,"relics":["Ring of the Snake","Golden Idol","War Paint"],"potions_floor_usage":[],"damage_taken":[{"damage":0.0,"enemies":"Jaw Worm","floor":1.0,"turns":4.0},{"damage":0.0,"enemies":"Cultist","floor":2.0,"turns":5.0},{"damage":0.0,"enemies":"2 Louse","floor":3.0,"turns":3.0},{"damage":14.0,"enemies":"Exordium Wildlife","floor":7.0,"turns":6.0},{"damage":4.0,"enemies":"Looter","floor":10.0,"turns":3.0},{"damage":0,"enemies":"Blue Slaver","floor":13,"turns":3},{"damage":0,"enemies":"3 Louse","floor":14,"turns":3},{"damage":0,"enemies":"Slime Boss","floor":16,"turns":1}],"seed_played":"-2733351156791477959","potions_obtained":[{"floor":3.0,"key":"Poison Potion"},{"floor":10.0,"key":"AttackPotion"},{"floor":14,"key":"AttackPotion"}],"is_trial":false,"path_per_floor":["M","M","M","?","T","R","M","R","T","M","?","?","M","M","R","B"],"character_chosen":"THE_SILENT","items_purchased":[],"campfire_rested":0,"item_purchase_floors":[],"current_hp_per_floor":[63,63,63,58,58,58,44,44,44,40,29,29,29,29,29,29],"gold":363,"neow_bonus":"REMOVE_TWO","is_prod":false,"is_daily":false,"chose_seed":false,"campfire_upgraded":3,"win_rate":0,"timestamp":1543497211,"path_taken":["M","M","M","?","?","R","?","R","T","?","?","?","M","M","R","BOSS"],"build_version":"2018-11-15","purchased_purges":0,"victory":false,"max_hp_per_floor":[63,63,63,58,58,58,58,58,58,58,58,58,58,58,58,58],"card_choices":[{"not_picked":["Backflip","Dagger Throw"],"picked":"Tactician","floor":1.0},{"not_picked":["Backflip","Dagger Throw"],"picked":"Poisoned Stab","floor":2.0},{"not_picked":["Storm of Steel","Underhanded Strike"],"picked":"Concentrate","floor":3.0},{"not_picked":["Slice","PiercingWail","Dagger Spray"],"picked":"SKIP","floor":7.0},{"not_picked":["Bane","Deadly Poison"],"picked":"Backflip","floor":10.0},{"not_picked":["Outmaneuver","Footwork"],"picked":"Calculated Gamble","floor":13},{"not_picked":["Skewer","Bane","Leg Sweep"],"picked":"SKIP","floor":14}],"player_experience":1191379,"relics_obtained":[{"floor":9.0,"key":"War Paint"}],"event_choices":[{"damage_healed":0.0,"max_hp_gain":0.0,"max_hp_loss":5.0,"gold_gain":0.0,"event_name":"Golden Idol","player_choice":"Lose Max HP","floor":4.0,"gold_loss":0.0,"damage_taken":0.0,"relics_obtained":["Golden Idol"]},{"damage_healed":0.0,"max_hp_gain":0.0,"max_hp_loss":0.0,"gold_gain":75.0,"event_name":"World of Goop","player_choice":"Gather Gold","floor":11.0,"gold_loss":0.0,"damage_taken":11.0},{"cards_removed":["Strike_G"],"damage_healed":0,"gold_gain":0,"player_choice":"Forget","damage_taken":0,"max_hp_gain":0,"max_hp_loss":0,"event_name":"Living Wall","floor":12,"gold_loss":0}],"is_beta":false,"boss_relics":[],"items_purged_floors":[],"is_endless":false,"potions_floor_spawned":[3,10,14],"killed_by":"Slime Boss","ascension_level":0}