{"gold_per_floor":[117,42,42,42,57,57,57,90,113,113,13,40,56,85,85,85],"floor_reached":16,"playtime":313,"items_purged":["Strike_G","Defend_G"],"score":262,"play_id":"060bc8ff-541e-4081-9c4f-64755e4700c3","local_time":"20181223183301","is_ascension_mode":true,"campfire_choices":[{"data":"Corpse Explosion","floor":6.0,"key":"SMITH"},{"data":"Glass Knife","floor":10.0,"key":"SMITH"},{"data":"Neutralize","floor":15.0,"key":"SMITH"}],"neow_cost":"NONE","seed_source_timestamp":26388045425974,"circlet_count":0,"master_deck":["AscendersBane","Defend_G","Defend_G","Defend_G","Defend_G","Strike_G","Strike_G","Survivor","Neutralize+1","Acrobatics","Corpse Explosion+1","Doppelganger","Glass Knife+1"],"special_seed":0,"relics":["Ring of the Snake","NeowsBlessing","Turnip","Art of War","Oddly Smooth Stone"],"potions_floor_usage":[16,16],"damage_taken":[{"damage":0.0,"enemies":"Jaw Worm","floor":1.0,"turns":1.0},{"damage":0.0,"enemies":"Small Slimes","floor":5.0,"turns":1.0},{"damage":0.0,"enemies":"Gremlin Nob","floor":8.0,"turns":1.0},{"damage":0.0,"enemies":"Cultist","floor":13.0,"turns":3.0},{"damage":17.0,"enemies":"Lagavulin","floor":14.0,"turns":6.0},{"damage":49,"enemies":"Slime Boss","floor":16,"turns":10}],"seed_played":"8606859029481436979","potions_obtained":[{"floor":8.0,"key":"Energy Potion"},{"floor":13.0,"key":"Strength Potion"}],"is_trial":false,"path_per_floor":["M","$","?","?","M","R","$","E","T","R","$","T","M","E","R","B"],"character_chosen":"THE_SILENT","items_purchased":[],"campfire_rested":0,"item_purchase_floors":[],"current_hp_per_floor":[59,59,59,59,59,59,59,59,59,59,59,59,59,42,42,0],"gold":85,"neow_bonus":"THREE_ENEMY_KILL","is_prod":false,"is_daily":false,"chose_seed":false,"campfire_upgraded":3,"win_rate":0,"timestamp":1545561181,"path_taken":["M","$","?","?","?","R","?","E","T","R","$","?","M","E","R","BOSS"],"build_version":"2018-12-20","purchased_purges":2,"victory":false,"max_hp_per_floor":[66,66,66,66,66,66,66,66,66,66,66,66,66,66,66,66],"card_choices":[{"not_picked":["Quick Slash","Blade Dance"],"picked":"Acrobatics","floor":1.0},{"not_picked":["Outmaneuver","Sucker Punch"],"picked":"Doppelganger","floor":5.0},{"not_picked":["A Thousand Cuts","Calculated Gamble"],"picked":"Glass Knife","floor":8.0},{"not_picked":["Outmaneuver","Blur","Sucker Punch"],"picked":"SKIP","floor":13.0},{"not_picked":["Backstab","Cloak And Dagger","Blade Dance"],"picked":"SKIP","floor":14.0}],"player_experience":1435868,"relics_obtained":[{"floor":8.0,"key":"Turnip"},{"floor":12.0,"key":"Art of War"},{"floor":14.0,"key":"Oddly Smooth Stone"}],"event_choices":[{"damage_healed":0.0,"max_hp_gain":0.0,"max_hp_loss":0.0,"gold_gain":0.0,"cards_transformed":["Strike_G"],"event_name":"Living Wall","player_choice":"Change","floor":3.0,"gold_loss":0.0,"damage_taken":0.0,"cards_obtained":["Corpse Explosion"]},{"cards_removed":["Strike_G"],"damage_healed":0.0,"max_hp_gain":0.0,"max_hp_loss":0.0,"gold_gain":0.0,"event_name":"Bonfire Elementals","player_choice":"Offered Basic","floor":4.0,"gold_loss":0.0,"damage_taken":0.0}],"is_beta":false,"boss_relics":[],"items_purged_floors":[2,11],"is_endless":false,"potions_floor_spawned":[8,13],"killed_by":"Slime Boss","ascension_level":20}