{"gold_per_floor":[366,383,397,397,101,130,130,130,176,176,188,188,205,205,205,305,305,318,318,218,218,234,234,234,70,70,70,86,86,98,98,98,201,201,219,237,237,237,1236,1236,500,500,500,518,151,151,151,163,163,163],"floor_reached":51,"playtime":1936,"items_purged":["Injury","Defend_G","Strike_G","Normality","Normality"],"score":808,"play_id":"b195cc38-4349-4583-8efe-8e83550f9d8c","local_time":"20181008210456","is_ascension_mode":true,"campfire_choices":[{"data":"Noxious Fumes","floor":7,"key":"SMITH"},{"data":"Bouncing Flask","floor":10,"key":"SMITH"},{"data":"Well Laid Plans","floor":12,"key":"SMITH"},{"data":"Deadly Poison","floor":15,"key":"SMITH"},{"data":"Neutralize","floor":23,"key":"SMITH"},{"data":"Catalyst","floor":27,"key":"SMITH"},{"floor":29,"key":"REST"},{"data":"Glass Knife","floor":32,"key":"SMITH"},{"floor":40,"key":"REST"},{"floor":42,"key":"REST"},{"floor":46,"key":"REST"},{"floor":49,"key":"REST"}],"neow_cost":"CURSE","seed_source_timestamp":49125815551276,"circlet_count":0,"master_deck":["Defend_G","Defend_G","Defend_G","Strike_G","Strike_G","Survivor","Neutralize+1","Bouncing Flask+1","Noxious Fumes+1","Noxious Fumes+1","Well Laid Plans+1","Deadly Poison+1","Adrenaline","Infinite Blades","Cloak And Dagger","Catalyst+1","Glass Knife+1","Wraith Form v2","Deadly Poison+1","Well Laid Plans+1","Transmutation","Blind","Purity","Transmutation","Dash","Magnetism","Dash+1"],"relics":["Ring of the Snake","Lantern","Happy Flower","Regal Pillow","Boot","Cursed Key","Fusion Hammer","Question Card","Membership Card","ClockworkSouvenir"],"potions_floor_usage":[6,18,30,50,50],"damage_taken":[{"damage":0,"enemies":"2 Louse","floor":1,"turns":4},{"damage":5,"enemies":"Jaw Worm","floor":2,"turns":6},{"damage":0,"enemies":"Small Slimes","floor":3,"turns":4},{"damage":25,"enemies":"3 Sentries","floor":6,"turns":6},{"damage":1,"enemies":"Blue Slaver","floor":11,"turns":3},{"damage":5,"enemies":"Exordium Thugs","floor":13,"turns":3},{"damage":3,"enemies":"Slime Boss","floor":16,"turns":8},{"damage":21,"enemies":"3 Byrds","floor":18,"turns":3},{"damage":0,"enemies":"Chosen","floor":22,"turns":4},{"damage":13,"enemies":"Snecko","floor":28,"turns":3},{"damage":11,"enemies":"Sentry and Sphere","floor":30,"turns":4},{"damage":34,"enemies":"Champ","floor":33,"turns":6},{"damage":9,"enemies":"3 Shapes","floor":35,"turns":3},{"damage":4,"enemies":"3 Darklings","floor":36,"turns":4},{"damage":18,"enemies":"Spire Growth","floor":44,"turns":3},{"damage":30,"enemies":"Transient","floor":48,"turns":5},{"damage":58,"enemies":"Awakened One","floor":50,"turns":13}],"seed_played":"-4617869051374326946","potions_obtained":[{"floor":1,"key":"AttackPotion"},{"floor":2,"key":"LiquidBronze"},{"floor":3,"key":"Strength Potion"},{"floor":16,"key":"GhostInAJar"},{"floor":18,"key":"SpeedPotion"},{"floor":35,"key":"AttackPotion"}],"is_trial":false,"path_per_floor":["M","M","M","?","$","E","R","?","T","R","M","R","M","?","R","B",null,"M","?","$","?","M","R","?","$","T","R","M","R","M","T","R","B",null,"M","M","?","?","?","R","$","R","T","M","$","R","T","M","R","B"],"character_chosen":"THE_SILENT","items_purchased":["Happy Flower","Noxious Fumes","Catalyst","Transmutation","Question Card","Membership Card","ClockworkSouvenir","Magnetism","Ancient Potion","GhostInAJar"],"campfire_rested":5,"item_purchase_floors":[5,5,25,41,41,41,45,45,45,45],"current_hp_per_floor":[70,65,65,58,58,33,33,33,33,33,32,32,27,50,50,47,70,49,49,49,49,49,49,49,49,49,49,36,70,59,59,59,25,70,61,57,47,47,47,70,70,70,70,52,52,70,70,40,70,12],"gold":163,"neow_bonus":"TWO_FIFTY_GOLD","is_prod":false,"is_daily":false,"chose_seed":false,"campfire_upgraded":7,"win_rate":1,"timestamp":1539003896,"path_taken":["M","M","M","?","$","E","R","?","T","R","?","R","M","?","R","BOSS","M","?","$","?","M","R","?","$","T","R","?","R","M","?","R","BOSS","M","?","?","?","?","R","$","R","T","?","$","R","?","M","R","BOSS"],"build_version":"2018-10-04v2","purchased_purges":5,"victory":true,"max_hp_per_floor":[70,70,70,70,70,70,70,70,70,70,70,70,70,70,70,70,70,70,70,70,70,70,70,70,70,70,70,70,70,70,70,70,70,70,70,70,70,70,70,70,70,70,70,70,70,70,70,70,70,70],"card_choices":[{"not_picked":["Skewer","Sucker Punch","Flying Knee"],"picked":"SKIP","floor":1},{"not_picked":["Dodge and Roll","Caltrops"],"picked":"Bouncing Flask","floor":2},{"not_picked":["Sucker Punch","Dash"],"picked":"Noxious Fumes","floor":3},{"not_picked":["Tactician","Dagger Throw","Deflect"],"picked":"SKIP","floor":6},{"not_picked":["Prepared","Dagger Throw"],"picked":"Well Laid Plans","floor":11},{"not_picked":["Phantasmal Killer","Backflip"],"picked":"Deadly Poison","floor":13},{"not_picked":["Phantasmal Killer","A Thousand Cuts"],"picked":"Adrenaline","floor":16},{"not_picked":["Acrobatics","Dagger Spray","Deflect"],"picked":"SKIP","floor":18},{"not_picked":["Dagger Throw","Caltrops+1","Infinite Blades+1"],"picked":"SKIP","floor":22},{"not_picked":["Poisoned Stab","Accuracy","Slice"],"picked":"SKIP","floor":28},{"not_picked":["Accuracy","Dagger Throw"],"picked":"Glass Knife","floor":30},{"not_picked":["Doppelganger","Burst"],"picked":"Wraith Form v2","floor":33},{"not_picked":["Prepared+1","Underhanded Strike+1"],"picked":"Deadly Poison+1","floor":35},{"not_picked":["Blade Dance","Quick Slash"],"picked":"Well Laid Plans+1","floor":36},{"not_picked":["Flash of Steel","Mind Blast"],"picked":"Transmutation","floor":37},{"not_picked":["Enlightenment","Trip"],"picked":"Blind","floor":37},{"not_picked":["Jack Of All Trades","Panacea"],"picked":"Purity","floor":37},{"not_picked":["Poisoned Stab","Caltrops+1","Finisher+1"],"picked":"Dash","floor":44},{"not_picked":["Outmaneuver","Poisoned Stab","Dodge and Roll"],"picked":"Dash+1","floor":48}],"player_experience":18229,"relics_obtained":[{"floor":6,"key":"Regal Pillow"},{"floor":9,"key":"Boot"}],"event_choices":[{"event_name":"Scrap Ooze","player_choice":"success","floor":4,"damage_taken":7},{"event_name":"Upgrade Shrine","player_choice":"Upgraded","floor":8,"damage_taken":0},{"event_name":"Big Fish","player_choice":"Banana","floor":14,"damage_taken":0},{"event_name":"Drug Dealer","player_choice":"Became Test Subject","floor":19,"damage_taken":0},{"event_name":"The Woman in Blue","player_choice":"Bought 0 Potions","floor":21,"damage_taken":0},{"event_name":"Back to Basics","player_choice":"Elegance","floor":24,"damage_taken":0},{"event_name":"SensoryStone","player_choice":"Memory 3","floor":37,"damage_taken":0},{"event_name":"Tomb of Lord Red Mask","player_choice":"Ignored","floor":38,"damage_taken":0},{"event_name":"MindBloom","player_choice":"Gold","floor":39,"damage_taken":0}],"is_beta":false,"boss_relics":[{"not_picked":["White Beast Statue","Velvet Choker"],"picked":"Cursed Key"},{"not_picked":["Calling Bell","Runic Dome"],"picked":"Fusion Hammer"}],"items_purged_floors":[5,20,25,41,45],"is_endless":false,"potions_floor_spawned":[1,2,3,16,18,35],"ascension_level":3}