{"gold_per_floor":[109,184,194,38,38,66,66,66,120,140,140,154,154],"floor_reached":13,"playtime":236,"items_purged":["Strike_B"],"score":216,"play_id":"dbc910a3-1972-42df-9a87-deb84c936b6f","local_time":"20190118224432","is_ascension_mode":true,"campfire_choices":[{"data":"Defragment","floor":8,"key":"SMITH"},{"data":"Consume","floor":11,"key":"SMITH"}],"neow_cost":"NONE","seed_source_timestamp":39091208443900,"circlet_count":0,"master_deck":["AscendersBane","Strike_B","Defend_B","Defend_B","Defend_B","Defend_B","Zap","Dualcast","Genetic Algorithm","Melter","Defragment+1","Consume+1","Cold Snap","Loop"],"relics":["Cracked Core","NeowsBlessing","Potion Belt","Omamori"],"potions_floor_usage":[],"damage_taken":[{"damage":0,"enemies":"Cultist","floor":1,"turns":1},{"damage":0,"enemies":"Jaw Worm","floor":3,"turns":1},{"damage":0,"enemies":"Gremlin Nob","floor":6,"turns":1},{"damage":14,"enemies":"Small Slimes","floor":10,"turns":4},{"damage":10,"enemies":"Exordium Thugs","floor":12,"turns":5},{"damage":4,"enemies":"Blue Slaver","floor":13,"turns":3}],"seed_played":"-3906798242460801618","potions_obtained":[{"floor":10,"key":"FocusPotion"}],"is_trial":false,"path_per_floor":["M","?","M","$","?","E","?","R","T","M","R","M","M"],"character_chosen":"DEFECT","items_purchased":["Defragment"],"campfire_rested":0,"item_purchase_floors":[4],"current_hp_per_floor":[64,53,53,53,46,46,46,46,46,32,32,22,18],"gold":154,"neow_bonus":"THREE_ENEMY_KILL","is_prod":false,"is_daily":false,"chose_seed":false,"campfire_upgraded":2,"win_rate":0,"timestamp":1547822672,"path_taken":["M","?","M","$","?","E","?","R","T","M","R","?","M"],"build_version":"2019-01-17","purchased_purges":1,"victory":false,"max_hp_per_floor":[71,71,71,71,71,71,71,71,71,71,71,71,71],"card_choices":[{"not_picked":["Leap","Steam"],"picked":"Genetic Algorithm","floor":1},{"not_picked":["Leap","Steam"],"picked":"Melter","floor":3},{"not_picked":["Compile Driver","Turbo"],"picked":"Consume","floor":6},{"not_picked":["Scrape","Stack"],"picked":"Cold Snap","floor":10},{"not_picked":["Stack","Hologram"],"picked":"Loop","floor":12}],"player_experience":2018733,"relics_obtained":[{"floor":6,"key":"Potion Belt"},{"floor":9,"key":"Omamori"}],"event_choices":[{"damage_healed":0,"gold_gain":75,"player_choice":"Gather Gold","damage_taken":11,"max_hp_gain":0,"max_hp_loss":0,"event_name":"World of Goop","floor":2,"gold_loss":0},{"cards_removed":["Strike_B"],"damage_healed":0,"gold_gain":0,"player_choice":"Card Removal","damage_taken":7,"max_hp_gain":0,"max_hp_loss":0,"event_name":"Golden Wing","floor":5,"gold_loss":0},{"cards_removed":["Strike_B"],"damage_healed":0,"gold_gain":0,"player_choice":"Purged","damage_taken":0,"max_hp_gain":0,"max_hp_loss":0,"event_name":"Purifier","floor":7,"gold_loss":0}],"is_beta":false,"boss_relics":[],"items_purged_floors":[4],"is_endless":false,"potions_floor_spawned":[10],"killed_by":"Blue Slaver","ascension_level":20}