{"gold_per_floor":[13,30,104,116,116,116,130,144,190,220,145,145,37,49,49,49],"floor_reached":16,"playtime":455,"items_purged":["Strike_G"],"score":184,"play_id":"99a71c65-11e1-493b-a56b-f9cd6a804a1d","local_time":"20190324233706","is_ascension_mode":true,"campfire_choices":[{"data":"Neutralize","floor":6,"key":"SMITH"},{"data":"Catalyst","floor":12,"key":"SMITH"},{"data":"Discovery","floor":15,"key":"SMITH"}],"neow_cost":"NO_GOLD","seed_source_timestamp":47137252680667,"circlet_count":0,"master_deck":["AscendersBane","Defend_G","Defend_G","Defend_G","Defend_G","Strike_G","Strike_G","Strike_G","Survivor","Neutralize+1","Flechettes+1","Accuracy","Escape Plan","Catalyst+1","Discovery+1"],"relics":["Ring of the Snake","Regal Pillow","Mercury Hourglass"],"potions_floor_usage":[],"damage_taken":[{"damage":0,"enemies":"Cultist","floor":1,"turns":4},{"damage":4,"enemies":"Small Slimes","floor":2,"turns":4},{"damage":8,"enemies":"Jaw Worm","floor":4,"turns":5},{"damage":0,"enemies":"Blue Slaver","floor":7,"turns":5},{"damage":10,"enemies":"Gremlin Gang","floor":8,"turns":8},{"damage":15,"enemies":"Red Slaver","floor":14,"turns":4},{"damage":15,"enemies":"Slime Boss","floor":16,"turns":7}],"seed_played":"-7591970430278089915","potions_obtained":[{"floor":2,"key":"EssenceOfSteel"}],"is_trial":false,"path_per_floor":["M","M","T","M","?","R","M","M","T","?","$","R","$","M","R","B"],"character_chosen":"THE_SILENT","items_purchased":["Discovery"],"campfire_rested":0,"item_purchase_floors":[13],"current_hp_per_floor":[59,55,55,47,47,47,47,37,37,37,37,37,37,22,22,7],"gold":49,"neow_bonus":"TRANSFORM_TWO_CARDS","is_prod":false,"is_daily":false,"chose_seed":false,"campfire_upgraded":3,"win_rate":0,"timestamp":1553441826,"path_taken":["M","M","?","M","?","R","M","?","T","?","$","R","$","M","R","BOSS"],"build_version":"2019-01-23","purchased_purges":1,"victory":false,"max_hp_per_floor":[66,66,66,66,66,66,66,66,66,66,66,66,66,66,66,66],"card_choices":[{"not_picked":["Dagger Throw","Blade Dance"],"picked":"Escape Plan","floor":1},{"not_picked":["Crippling Poison","Underhanded Strike"],"picked":"Catalyst","floor":2},{"not_picked":["Bane","Setup","Concentrate"],"picked":"SKIP","floor":4},{"not_picked":["Riddle With Holes","Blade Dance","Dagger Spray"],"picked":"SKIP","floor":7},{"not_picked":["Finisher","Sucker Punch","Eviscerate"],"picked":"SKIP","floor":8},{"not_picked":["Expertise","Sucker Punch","Flying Knee"],"picked":"SKIP","floor":14}],"player_experience":3850006,"relics_obtained":[{"floor":9,"key":"Regal Pillow"}],"event_choices":[{"damage_healed":0,"gold_gain":0,"player_choice":"Upgraded","damage_taken":0,"max_hp_gain":0,"max_hp_loss":0,"event_name":"Upgrade Shrine","floor":5,"gold_loss":0,"cards_upgraded":["Flechettes"]},{"damage_healed":0,"gold_gain":30,"player_choice":"Searched \u00273\u0027 times","damage_taken":0,"relics_obtained":["Mercury Hourglass"],"max_hp_gain":0,"max_hp_loss":0,"event_name":"Dead Adventurer","floor":10,"gold_loss":0}],"is_beta":false,"boss_relics":[],"items_purged_floors":[11],"is_endless":false,"potions_floor_spawned":[2],"killed_by":"Slime Boss","ascension_level":20}