{"gold_per_floor":[111,127,141,155,174,174,188,188,188,208,228,25,25,25,25,128,128,146,146,157,187,187,187,207,207,233,233,233,233,83,83,83,185,185,198,217,237,137,63,63,63,285,309,32,43,43,43,59,59,59],"floor_reached":51,"playtime":1898,"items_purged":["Writhe","Predator","Panache"],"score":737,"play_id":"47e5deca-3083-42b6-8609-73ee9fe63b95","local_time":"20181028133645","is_ascension_mode":false,"campfire_choices":[{"data":"Neutralize","floor":6.0,"key":"SMITH"},{"data":"Bouncing Flask","floor":8.0,"key":"SMITH"},{"data":"Tools of the Trade","floor":13.0,"key":"SMITH"},{"data":"Dagger Spray","floor":15.0,"key":"SMITH"},{"data":"Survivor","floor":23.0,"key":"SMITH"},{"data":"Coolheaded","floor":27,"key":"SMITH"},{"data":"Defend_G","floor":29,"key":"SMITH"},{"data":"Footwork","floor":32,"key":"SMITH"},{"data":"Limit Break","floor":40,"key":"SMITH"},{"data":"Defragment","floor":41,"key":"SMITH"},{"data":"Flex","floor":46,"key":"SMITH"},{"data":"Leap","floor":49,"key":"SMITH"}],"neow_cost":"NONE","seed_source_timestamp":11622354466182,"circlet_count":0,"master_deck":["Defend_G+1","Defend_G+1","Defend_G+1","Defend_G+1","Defend_G+1","Strike_G+1","Strike_G+1","Strike_G+1","Strike_G+1","Survivor+1","Neutralize+1","Dagger Spray+1","Bouncing Flask+1","Tools of the Trade+1","Dual Wield+1","Darkness+1","Coolheaded+1","Footwork+1","Limit Break+1","Shockwave+1","Self Repair+1","Defragment+1","Flex+1","Leap+1"],"special_seed":0,"relics":["Ring of the Snake","Orichalcum","Dream Catcher","PrismaticShard","Mercury Hourglass","Eternal Feather","Red Mask","WingedGreaves","Snake Skull","Strawberry","Velvet Choker","Boot","Anchor"],"potions_floor_usage":[50,50,50],"damage_taken":[{"damage":0.0,"enemies":"Cultist","floor":1.0,"turns":4.0},{"damage":0.0,"enemies":"Small Slimes","floor":2.0,"turns":4.0},{"damage":5.0,"enemies":"Jaw Worm","floor":3.0,"turns":5.0},{"damage":1.0,"enemies":"Exordium Thugs","floor":4.0,"turns":4.0},{"damage":0.0,"enemies":"2 Fungi Beasts","floor":5.0,"turns":2.0},{"damage":4.0,"enemies":"Blue Slaver","floor":7.0,"turns":3.0},{"damage":1.0,"enemies":"Looter","floor":10.0,"turns":3.0},{"damage":6.0,"enemies":"3 Louse","floor":11.0,"turns":3.0},{"damage":44.0,"enemies":"Slime Boss","floor":16.0,"turns":8.0},{"damage":4.0,"enemies":"Chosen","floor":18.0,"turns":4.0},{"damage":6.0,"enemies":"3 Byrds","floor":20.0,"turns":4.0},{"damage":12.0,"enemies":"Masked Bandits","floor":21.0,"turns":3.0},{"damage":16.0,"enemies":"Centurion and Healer","floor":24.0,"turns":7.0},{"damage":56,"enemies":"Automaton","floor":33,"turns":11},{"damage":11,"enemies":"3 Darklings","floor":35,"turns":5},{"damage":8,"enemies":"Orb Walker","floor":36,"turns":3},{"damage":21,"enemies":"Transient","floor":37,"turns":5},{"damage":15,"enemies":"3 Darklings","floor":45,"turns":5},{"damage":0,"enemies":"Writhing Mass","floor":48,"turns":7},{"damage":37,"enemies":"Time Eater","floor":50,"turns":13}],"seed_played":"-3136802364847525714","potions_obtained":[{"floor":2.0,"key":"Dexterity Potion"},{"floor":3.0,"key":"Swift Potion"},{"floor":11.0,"key":"Swift Potion"},{"floor":16.0,"key":"Ancient Potion"},{"floor":24.0,"key":"SteroidPotion"},{"floor":35,"key":"PowerPotion"}],"is_trial":false,"path_per_floor":["M","M","M","M","M","R","M","R","T","M","M","$","R","T","R","B",null,"M","?","M","?","?","R","M","?","T","R","?","R","$","?","R","B",null,"M","M","M","$","$","R","R","?","T","$","M","R","?","M","R","B"],"character_chosen":"THE_SILENT","items_purchased":["PrismaticShard","Footwork","Ancient Potion","Anchor"],"campfire_rested":0,"item_purchase_floors":[12,30,39,44],"current_hp_per_floor":[70,70,65,64,64,64,60,60,60,59,53,53,53,53,53,9,70,66,53,47,35,35,47,31,56,56,68,75,82,82,82,82,26,82,71,63,52,52,52,64,76,76,76,76,71,82,82,82,82,55],"gold":59,"neow_bonus":"RANDOM_COMMON_RELIC","is_prod":false,"is_daily":false,"chose_seed":false,"campfire_upgraded":12,"win_rate":0,"timestamp":1540705005,"path_taken":["M","M","M","M","M","R","M","R","T","M","M","$","R","?","R","BOSS","M","?","M","?","?","R","M","?","T","R","?","R","$","?","R","BOSS","M","?","M","$","$","R","R","?","T","?","?","R","?","M","R","BOSS"],"build_version":"2018-10-25v2","purchased_purges":3,"victory":true,"max_hp_per_floor":[70,70,70,70,70,70,70,70,70,70,70,70,70,70,70,70,70,70,75,75,75,75,75,75,75,75,75,82,82,82,82,82,82,82,82,82,82,82,82,82,82,82,82,82,82,82,82,82,82,82],"card_choices":[{"not_picked":["Expertise","Slice"],"picked":"Dagger Spray","floor":1.0},{"not_picked":["Acrobatics","Prepared"],"picked":"Predator","floor":2.0},{"not_picked":["Sucker Punch","Expertise","Dash"],"picked":"SKIP","floor":3.0},{"not_picked":["Dagger Spray","Underhanded Strike"],"picked":"Bouncing Flask","floor":4.0},{"not_picked":["Expertise","Predator","Dash"],"picked":"SKIP","floor":5.0},{"not_picked":["Slice","Heel Hook","Acrobatics"],"picked":"SKIP","floor":7.0},{"not_picked":["PiercingWail","Sucker Punch","Dodge and Roll"],"picked":"SKIP","floor":10.0},{"not_picked":["Distraction","Bane"],"picked":"Tools of the Trade","floor":11.0},{"not_picked":["Tools of the Trade","Berserk"],"picked":"Panache","floor":16.0},{"not_picked":["Iron Wave","Barrage","Rampage"],"picked":"SKIP","floor":18.0},{"not_picked":["Armaments","Clothesline"],"picked":"Dual Wield+1","floor":20.0},{"not_picked":["Cleave","Crippling Poison+1"],"picked":"Darkness+1","floor":21.0},{"not_picked":["Dropkick","Perfected Strike"],"picked":"Coolheaded","floor":24.0},{"not_picked":["Burst","Burst"],"picked":"Limit Break","floor":33},{"not_picked":["Dagger Throw","Poisoned Stab"],"picked":"Shockwave+1","floor":35},{"not_picked":["Well Laid Plans","Quick Slash+1"],"picked":"Self Repair+1","floor":36},{"not_picked":["Compile Driver","Clothesline"],"picked":"Defragment","floor":37},{"not_picked":["Go for the Eyes+1","Trip+1"],"picked":"Flex","floor":45},{"not_picked":["Accuracy","Lockon"],"picked":"Leap","floor":48}],"player_experience":697423,"relics_obtained":[{"floor":9.0,"key":"Dream Catcher"},{"floor":14.0,"key":"Mercury Hourglass"},{"floor":21.0,"key":"Red Mask"},{"floor":26,"key":"Snake Skull"},{"floor":43,"key":"Boot"}],"event_choices":[{"damage_healed":0.0,"max_hp_gain":5.0,"max_hp_loss":0.0,"gold_gain":0.0,"event_name":"Forgotten Altar","player_choice":"Shed Blood","floor":19.0,"gold_loss":0.0,"damage_taken":18.0},{"damage_healed":0.0,"max_hp_gain":0.0,"max_hp_loss":0.0,"gold_gain":0.0,"event_name":"Masked Bandits","player_choice":"Fought Bandits","floor":21.0,"gold_loss":0.0,"damage_taken":0.0},{"damage_healed":0.0,"max_hp_gain":0.0,"max_hp_loss":0.0,"gold_gain":0.0,"event_name":"The Mausoleum","player_choice":"Opened","floor":22.0,"gold_loss":0.0,"damage_taken":0.0,"relics_obtained":["WingedGreaves"],"cards_obtained":["Writhe"]},{"damage_healed":25,"gold_gain":0,"player_choice":"Heal","damage_taken":0,"max_hp_gain":0,"max_hp_loss":0,"event_name":"The Library","floor":25,"gold_loss":0},{"damage_healed":0,"gold_gain":0,"player_choice":"Gave Potion","damage_taken":0,"relics_obtained":["Strawberry"],"max_hp_gain":0,"max_hp_loss":0,"event_name":"WeMeetAgain","floor":28,"gold_loss":0},{"damage_healed":0,"gold_gain":0,"player_choice":"Simplicity","damage_taken":0,"max_hp_gain":0,"max_hp_loss":0,"event_name":"Back to Basics","floor":31,"gold_loss":0,"cards_upgraded":["Defend_G","Defend_G","Defend_G","Defend_G","Strike_G","Strike_G","Strike_G","Strike_G","Strike_G"]},{"damage_healed":0,"gold_gain":222,"player_choice":"Wore Mask","damage_taken":0,"max_hp_gain":0,"max_hp_loss":0,"event_name":"Tomb of Lord Red Mask","floor":42,"gold_loss":0},{"cards_removed":["Strike_G"],"damage_healed":0,"gold_gain":0,"player_choice":"Offered Basic","damage_taken":0,"max_hp_gain":0,"max_hp_loss":0,"event_name":"Bonfire Elementals","floor":47,"gold_loss":0}],"is_beta":false,"boss_relics":[{"not_picked":["Tiny House","HoveringKite"],"picked":"Eternal Feather"},{"not_picked":["Pandora\u0027s Box","Sozu"],"picked":"Velvet Choker"}],"items_purged_floors":[30,38,44],"is_endless":false,"potions_floor_spawned":[2,3,11,16,20,24,35,36],"ascension_level":0}