{"gold_per_floor":[117,117,132,132,57,92,92,104,181,195,206,206,221,47,47,125,125,142,159,34,34,48,48,48],"floor_reached":24,"playtime":1193,"items_purged":["Strike_G","Strike_G","Corpse Explosion"],"score":446,"play_id":"604e2c36-18e2-42b0-9614-c46da187bdcb","local_time":"20190126221249","is_ascension_mode":true,"campfire_choices":[{"data":"Noxious Fumes","floor":7.0,"key":"SMITH"},{"data":"Deadly Poison","floor":12.0,"key":"SMITH"},{"data":"Well Laid Plans","floor":15.0,"key":"SMITH"},{"data":"Adrenaline","floor":23,"key":"SMITH"}],"neow_cost":"TEN_PERCENT_HP_LOSS","seed_source_timestamp":0,"circlet_count":0,"master_deck":["AscendersBane","Defend_G","Defend_G","Defend_G","Survivor","Neutralize","Noxious Fumes+1","Adrenaline+1","Deadly Poison+1","Well Laid Plans+1","Footwork","Night Terror","All Out Attack+1","Corpse Explosion+1","Heel Hook+1"],"special_seed":0,"relics":["Ring of the Snake","Orichalcum","Pen Nib","Tiny Chest","Astrolabe","theJungle:BirthdayCakeSlice"],"potions_floor_usage":[],"damage_taken":[{"damage":0.0,"enemies":"2 Louse","floor":1.0,"turns":4.0},{"damage":3.0,"enemies":"Small Slimes","floor":3.0,"turns":6.0},{"damage":33.0,"enemies":"3 Sentries","floor":6.0,"turns":9.0},{"damage":0.0,"enemies":"Cultist","floor":8.0,"turns":3.0},{"damage":0.0,"enemies":"Red Slaver","floor":10.0,"turns":4.0},{"damage":0.0,"enemies":"Exordium Thugs","floor":11.0,"turns":4.0},{"damage":2.0,"enemies":"Looter","floor":13.0,"turns":4.0},{"damage":5.0,"enemies":"Hexaghost","floor":16.0,"turns":10.0},{"damage":0,"enemies":"theJungle:GiantWrat","floor":18,"turns":4},{"damage":12,"enemies":"theJungle:MUSHROOMGANG","floor":19,"turns":3},{"damage":20,"enemies":"theJungle:2_Flameangoes","floor":22,"turns":4},{"damage":21,"enemies":"theJungle:Lyon","floor":24,"turns":3}],"seed_played":"7380267054227679950","potions_obtained":[{"floor":1.0,"key":"Ancient Potion"},{"floor":8.0,"key":"Weak Potion"}],"is_trial":false,"path_per_floor":["M","?","M","?","$","E","R","M","T","M","M","R","M","$","R","B",null,"M","M","$","?","M","R","M"],"character_chosen":"THE_SILENT","items_purchased":["Footwork"],"campfire_rested":0,"item_purchase_floors":[14],"current_hp_per_floor":[59,54,51,51,51,18,18,18,18,18,18,18,16,16,16,11,48,48,36,36,41,21,21,0],"gold":48,"neow_bonus":"REMOVE_TWO","is_prod":false,"is_daily":false,"chose_seed":false,"campfire_upgraded":4,"win_rate":0,"timestamp":1548511969,"path_taken":["M","?","M","?","$","E","R","M","T","M","M","R","?","?","R","BOSS","M","M","$","?","M","R","M"],"build_version":"2019-01-23","purchased_purges":3,"victory":false,"max_hp_per_floor":[60,60,60,60,60,60,60,60,60,60,60,60,60,60,60,60,60,60,60,60,65,65,65,65],"card_choices":[{"not_picked":["Choke","Flying Knee","Blade Dance"],"picked":"SKIP","floor":1.0},{"not_picked":["Flying Knee","Outmaneuver"],"picked":"Noxious Fumes","floor":3.0},{"not_picked":["Skewer","Distraction","Poisoned Stab"],"picked":"SKIP","floor":6.0},{"not_picked":["Riddle With Holes","Poisoned Stab","Dagger Throw"],"picked":"SKIP","floor":8.0},{"not_picked":["Outmaneuver","Tactician"],"picked":"Deadly Poison","floor":10.0},{"not_picked":["Deadly Poison","Underhanded Strike"],"picked":"Corpse Explosion","floor":11.0},{"not_picked":["Blade Dance","Outmaneuver"],"picked":"Well Laid Plans","floor":13.0},{"not_picked":["Bullet Time","Unload"],"picked":"Night Terror","floor":16.0},{"not_picked":["Finisher","Backflip","Deadly Poison"],"picked":"SKIP","floor":18},{"not_picked":["Dagger Spray+1","Slice+1","Deadly Poison"],"picked":"SKIP","floor":19},{"not_picked":["Blade Dance+1","Slice","Predator+1"],"picked":"SKIP","floor":22}],"player_experience":2297413,"relics_obtained":[{"floor":6.0,"key":"Pen Nib"},{"floor":9.0,"key":"Tiny Chest"}],"event_choices":[{"damage_healed":0.0,"max_hp_gain":0.0,"max_hp_loss":0.0,"gold_gain":0.0,"event_name":"Scrap Ooze","player_choice":"Success","floor":2.0,"gold_loss":0.0,"damage_taken":5.0,"relics_obtained":["Orichalcum"]},{"damage_healed":0.0,"max_hp_gain":0.0,"max_hp_loss":0.0,"gold_gain":0.0,"event_name":"Match and Keep!","player_choice":"1 cards matched","floor":4.0,"gold_loss":0.0,"damage_taken":0.0,"cards_obtained":["Adrenaline"]}],"is_beta":false,"boss_relics":[{"not_picked":["Lizard Tail","Ring of the Serpent"],"picked":"Astrolabe"}],"items_purged_floors":[5,14,20],"is_endless":false,"potions_floor_spawned":[1,8,10,18,19],"killed_by":"theJungle:Lyon","ascension_level":20}