{"gold_per_floor":[112,126,140,151,151,182,182,197,242,242,66,80,111,121,121,222,222,242,85,105,105,120,120,149,149,172,203,222,142,142,161,161,161],"floor_reached":33,"playtime":3442,"items_purged":["Strike_R"],"score":340,"play_id":"fbda0ab8-be52-4d56-9c04-70ca505e0dcc","local_time":"20190710202716","is_ascension_mode":true,"campfire_choices":[{"data":"Immolate","floor":7,"key":"SMITH"},{"data":"Iron Wave","floor":10,"key":"SMITH"},{"data":"Shockwave","floor":15,"key":"SMITH"},{"data":"Dramatic Entrance","floor":23,"key":"SMITH"},{"data":"Bludgeon","floor":25,"key":"SMITH"},{"floor":32,"key":"REST"}],"neow_cost":"TEN_PERCENT_HP_LOSS","seed_source_timestamp":72836800077808,"circlet_count":0,"master_deck":["Strike_R","Strike_R","Defend_R","Defend_R","Defend_R","Defend_R","Bash","Immolate+1","Power Through","Iron Wave+1","Heavy Blade","Double Tap+1","Infernal Blade+1","Violence","Shockwave+1","Iron Wave","Anger","Bludgeon+1","Battle Trance+1","Dramatic Entrance+1","Searing Blow+1","Seeing Red","Clash+1","Double Tap"],"relics":["Burning Blood","Lantern","War Paint","Mercury Hourglass","Empty Cage","Anchor","Potion Belt","Torii"],"potions_floor_usage":[27,33,33,33,33,33,33,33],"damage_taken":[{"damage":0,"enemies":"2 Louse","floor":1,"turns":1},{"damage":5,"enemies":"Jaw Worm","floor":2,"turns":4},{"damage":6,"enemies":"Cultist","floor":3,"turns":3},{"damage":7,"enemies":"Exordium Thugs","floor":4,"turns":5},{"damage":15,"enemies":"Gremlin Nob","floor":6,"turns":4},{"damage":8,"enemies":"Red Slaver","floor":8,"turns":3},{"damage":0,"enemies":"Exordium Wildlife","floor":12,"turns":1},{"damage":0,"enemies":"3 Sentries","floor":13,"turns":1},{"damage":0,"enemies":"Blue Slaver","floor":14,"turns":2},{"damage":29,"enemies":"Slime Boss","floor":16,"turns":7},{"damage":0,"enemies":"Shell Parasite","floor":18,"turns":3},{"damage":0,"enemies":"3 Byrds","floor":20,"turns":3},{"damage":2,"enemies":"Centurion and Healer","floor":22,"turns":2},{"damage":21,"enemies":"Slavers","floor":24,"turns":3},{"damage":35,"enemies":"Book of Stabbing","floor":27,"turns":4},{"damage":21,"enemies":"Snake Plant","floor":28,"turns":3},{"damage":0,"enemies":"Snecko","floor":31,"turns":2},{"damage":68,"enemies":"Automaton","floor":33,"turns":8}],"seed_played":"-3795091474776260012","potions_obtained":[{"floor":3,"key":"Energy Potion"},{"floor":4,"key":"GamblersBrew"},{"floor":8,"key":"PowerPotion"},{"floor":14,"key":"BloodPotion"},{"floor":24,"key":"EntropicBrew"}],"is_trial":false,"path_per_floor":["M","M","M","M","?","E","R","M","T","R","$","M","E","M","R","B",null,"M","$","M","?","M","R","E","R","T","E","M","$","?","M","R","B"],"character_chosen":"IRONCLAD","items_purchased":["Violence","Dramatic Entrance","Double Tap"],"campfire_rested":1,"item_purchase_floors":[11,19,29],"current_hp_per_floor":[72,72,72,71,71,62,62,60,60,60,60,66,72,72,72,49,72,72,72,72,72,72,72,57,57,57,46,31,31,31,37,58,0],"gold":161,"neow_bonus":"THREE_RARE_CARDS","is_prod":false,"is_daily":false,"chose_seed":false,"campfire_upgraded":5,"win_rate":0,"timestamp":1562808436,"path_taken":["M","M","M","M","?","E","R","M","T","R","$","M","E","M","R","BOSS","M","$","M","?","?","R","E","R","T","E","M","$","?","?","R","BOSS"],"build_version":"2019-07-05","purchased_purges":1,"victory":false,"max_hp_per_floor":[72,72,72,72,72,72,72,72,72,72,72,72,72,72,72,72,72,72,72,72,72,72,72,72,72,72,72,72,72,72,72,72,72],"card_choices":[{"not_picked":["Juggernaut","Fiend Fire"],"picked":"Immolate","floor":0},{"not_picked":["Headbutt","Sword Boomerang"],"picked":"Power Through","floor":1},{"not_picked":["Perfected Strike","Headbutt"],"picked":"Iron Wave","floor":2},{"not_picked":["True Grit","Pommel Strike","Perfected Strike"],"picked":"SKIP","floor":3},{"not_picked":["Wild Strike","Warcry"],"picked":"Heavy Blade","floor":4},{"not_picked":["Spot Weakness","Warcry"],"picked":"Double Tap","floor":6},{"not_picked":["Pommel Strike","Perfected Strike"],"picked":"Infernal Blade","floor":8},{"not_picked":["Pommel Strike","Headbutt"],"picked":"Shockwave","floor":12},{"not_picked":["Dropkick","Flex"],"picked":"Iron Wave","floor":13},{"not_picked":["Clothesline","Whirlwind"],"picked":"Anger","floor":14},{"not_picked":["Juggernaut","Dark Embrace"],"picked":"Bludgeon","floor":16},{"not_picked":["Shrug It Off","Pommel Strike"],"picked":"Battle Trance+1","floor":18},{"not_picked":["Flex","Pommel Strike+1","Armaments"],"picked":"SKIP","floor":20},{"not_picked":["Perfected Strike","Intimidate"],"picked":"Searing Blow+1","floor":22},{"not_picked":["Anger","Blood for Blood+1"],"picked":"Seeing Red","floor":24},{"not_picked":["Whirlwind","Dual Wield"],"picked":"Clash+1","floor":27},{"not_picked":["Twin Strike","Perfected Strike","Pommel Strike+1"],"picked":"SKIP","floor":28},{"not_picked":["Corruption+1","Hemokinesis","Searing Blow+1"],"picked":"SKIP","floor":31}],"player_experience":107002,"relics_obtained":[{"floor":6,"key":"Lantern"},{"floor":9,"key":"War Paint"},{"floor":13,"key":"Mercury Hourglass"},{"floor":24,"key":"Anchor"},{"floor":26,"key":"Potion Belt"},{"floor":27,"key":"Torii"}],"event_choices":[{"damage_healed":0,"gold_gain":0,"player_choice":"Ignored","damage_taken":0,"max_hp_gain":0,"max_hp_loss":0,"event_name":"Liars Game","floor":5,"gold_loss":0},{"damage_healed":0,"gold_gain":0,"player_choice":"Cursed","damage_taken":0,"max_hp_gain":0,"max_hp_loss":0,"event_name":"Wheel of Change","floor":21,"gold_loss":0,"cards_obtained":["Decay"]},{"cards_removed":["Decay"],"damage_healed":0,"gold_gain":0,"player_choice":"Removed Curses","damage_taken":0,"max_hp_gain":0,"max_hp_loss":0,"event_name":"Fountain of Cleansing","floor":30,"gold_loss":0}],"is_beta":false,"boss_relics":[{"not_picked":["Busted Crown","Runic Dome"],"picked":"Empty Cage"}],"items_purged_floors":[19],"is_endless":false,"potions_floor_spawned":[3,4,8,13,14,18,20,24],"killed_by":"Automaton","ascension_level":1}