{"gold_per_floor":[113,21,21,37,37,37,54,68,118,151,169,169,183,212,212,309,309,320,338,351,351,361,361,389,389,389,389,403,353,365,392,392,492,492,504,522,539,539,549,583,378,393,420,450,450,463,481,491,491,491,491,491,393,418,418],"floor_reached":56,"playtime":2355,"items_purged":["Strike_G","Defend_G","Defend_G"],"score":1645,"play_id":"3dce9a55-fc10-4a16-89c6-56500a6d415a","local_time":"20181124190733","is_ascension_mode":false,"campfire_choices":[{"data":"Acrobatics","floor":6.0,"key":"SMITH"},{"data":"Acrobatics","floor":12.0,"key":"SMITH"},{"data":"Tactician","floor":15.0,"key":"SMITH"},{"data":"Purity","floor":23.0,"key":"SMITH"},{"data":"Masterful Stab","floor":25.0,"key":"SMITH"},{"data":"Skewer","floor":32.0,"key":"SMITH"},{"data":"Grand Finale","floor":45,"key":"SMITH"},{"floor":49,"key":"RECALL"},{"data":"Survivor","floor":52,"key":"SMITH"}],"neow_cost":"PERCENT_DAMAGE","seed_source_timestamp":32649488206768,"circlet_count":0,"master_deck":["Defend_G","Defend_G","Strike_G","Strike_G","Survivor+1","Neutralize+1","Acrobatics+1","Purity+1","Tactician+1","Acrobatics+1","Masterful Stab+1","Skewer+1","Grand Finale+1","Acrobatics+1"],"special_seed":0,"relics":["Ring of the Snake","Smiling Mask","Bag of Preparation","WristBlade","Pantograph","PreservedInsect","Coffee Dripper","Juzu Bracelet","Ancient Tea Set","Boot","Kunai"],"potions_floor_usage":[55],"damage_taken":[{"damage":2.0,"enemies":"Cultist","floor":1.0,"turns":6.0},{"damage":0.0,"enemies":"2 Louse","floor":4.0,"turns":3.0},{"damage":0.0,"enemies":"Small Slimes","floor":7.0,"turns":3.0},{"damage":0.0,"enemies":"2 Fungi Beasts","floor":8.0,"turns":4.0},{"damage":0.0,"enemies":"Lagavulin","floor":10.0,"turns":2.0},{"damage":0.0,"enemies":"Gremlin Gang","floor":11.0,"turns":1.0},{"damage":0.0,"enemies":"Looter","floor":13.0,"turns":1.0},{"damage":27.0,"enemies":"3 Sentries","floor":14.0,"turns":8.0},{"damage":0.0,"enemies":"Hexaghost","floor":16.0,"turns":1.0},{"damage":0.0,"enemies":"2 Thieves","floor":18.0,"turns":1.0},{"damage":0.0,"enemies":"3 Byrds","floor":19.0,"turns":1.0},{"damage":0.0,"enemies":"Sentry and Sphere","floor":20.0,"turns":1.0},{"damage":0.0,"enemies":"Centurion and Healer","floor":22.0,"turns":1.0},{"damage":29.0,"enemies":"Slavers","floor":24.0,"turns":2.0},{"damage":0.0,"enemies":"Snecko","floor":28.0,"turns":1.0},{"damage":0.0,"enemies":"Shelled Parasite and Fungi","floor":30.0,"turns":1.0},{"damage":0.0,"enemies":"Book of Stabbing","floor":31.0,"turns":1.0},{"damage":0.0,"enemies":"Champ","floor":33.0,"turns":2.0},{"damage":0.0,"enemies":"3 Darklings","floor":35.0,"turns":1.0},{"damage":0.0,"enemies":"3 Shapes","floor":36.0,"turns":1.0},{"damage":0,"enemies":"Maw","floor":37,"turns":2},{"damage":0,"enemies":"Spire Growth","floor":39,"turns":2},{"damage":0,"enemies":"Nemesis","floor":40,"turns":1},{"damage":0,"enemies":"4 Shapes","floor":42,"turns":2},{"damage":0,"enemies":"Giant Head","floor":44,"turns":1},{"damage":0,"enemies":"Maw","floor":46,"turns":2},{"damage":0,"enemies":"3 Darklings","floor":47,"turns":1},{"damage":0,"enemies":"Writhing Mass","floor":48,"turns":1},{"damage":0,"enemies":"Awakened One","floor":50,"turns":2},{"damage":0,"enemies":"Shield and Spear","floor":54,"turns":1},{"damage":64,"enemies":"The Heart","floor":55,"turns":4}],"seed_played":"-2634851166496194612","potions_obtained":[{"floor":4.0,"key":"Poison Potion"},{"floor":10.0,"key":"Poison Potion"},{"floor":18.0,"key":"FearPotion"},{"floor":42,"key":"Poison Potion"}],"is_trial":false,"path_per_floor":["M","$","?","M","?","R","M","M","T","E","M","R","M","E","R","B",null,"M","M","M","?","M","R","E","R","T","?","M","$","M","E","R","B",null,"M","M","M","?","M","E","$","M","T","E","R","M","M","M","R","B",null,"R","$","E","B",null],"character_chosen":"THE_SILENT","items_purchased":["Purity","Grand Finale","Block Potion"],"campfire_rested":0,"item_purchase_floors":[2,41,53],"current_hp_per_floor":[47,47,47,47,47,47,47,47,47,47,47,47,47,20,20,20,70,70,70,70,70,70,70,41,41,41,41,41,41,41,41,41,66,70,70,70,70,66,66,66,66,66,66,66,66,66,66,66,66,66,66,66,66,66,2],"gold":418,"neow_bonus":"REMOVE_TWO","is_prod":false,"is_daily":false,"chose_seed":false,"campfire_upgraded":8,"win_rate":0,"timestamp":1543057653,"path_taken":["M","$","?","M","?","R","M","M","T","E","M","R","M","E","R","BOSS","M","M","M","?","M","R","E","R","T","?","M","$","M","E","R","BOSS","M","?","M","?","M","E","$","M","T","E","R","M","M","M","R","BOSS","R","$","E","BOSS"],"build_version":"2018-11-15","purchased_purges":3,"victory":true,"max_hp_per_floor":[70,70,70,70,70,70,70,70,70,70,70,70,70,70,70,70,70,70,70,70,70,70,70,70,70,70,70,70,70,70,70,70,70,70,70,70,70,66,66,66,66,66,66,66,66,66,66,66,66,66,66,66,66,66,66],"card_choices":[{"not_picked":["Blade Dance","Dodge and Roll"],"picked":"Acrobatics","floor":1.0},{"not_picked":["Distraction","Skewer","Choke"],"picked":"SKIP","floor":4.0},{"not_picked":["PiercingWail","Bane"],"picked":"Tactician","floor":7.0},{"not_picked":["Catalyst","Distraction"],"picked":"Acrobatics","floor":8.0},{"not_picked":["Dagger Throw","Leg Sweep","Corpse Explosion"],"picked":"SKIP","floor":10.0},{"not_picked":["Slice","Backflip","Catalyst"],"picked":"SKIP","floor":11.0},{"not_picked":["Prepared","Quick Slash","Caltrops"],"picked":"SKIP","floor":13.0},{"not_picked":["Outmaneuver","Concentrate","Catalyst"],"picked":"SKIP","floor":14.0},{"not_picked":["Deflect+1","Terror"],"picked":"Masterful Stab","floor":18.0},{"not_picked":["Caltrops","Underhanded Strike","Prepared"],"picked":"SKIP","floor":19.0},{"not_picked":["Poisoned Stab","Flying Knee","Acrobatics"],"picked":"SKIP","floor":20.0},{"not_picked":["Bane","Deadly Poison","Distraction"],"picked":"SKIP","floor":22.0},{"not_picked":["Flying Knee+1","Heel Hook","Escape Plan"],"picked":"SKIP","floor":24.0},{"not_picked":["Deflect+1","All Out Attack","Bane+1"],"picked":"SKIP","floor":28.0},{"not_picked":["Backflip+1","Setup","Reflex"],"picked":"SKIP","floor":30.0},{"not_picked":["Distraction","Cloak And Dagger"],"picked":"Skewer","floor":31.0},{"not_picked":["Heel Hook+1","Outmaneuver+1","Deadly Poison"],"picked":"SKIP","floor":35.0},{"not_picked":["Footwork+1","Deflect+1","Setup"],"picked":"SKIP","floor":36.0},{"not_picked":["Bane","Underhanded Strike","Flying Knee"],"picked":"SKIP","floor":37},{"not_picked":["Setup+1","Deadly Poison","Flying Knee"],"picked":"SKIP","floor":39},{"not_picked":["Cloak And Dagger+1","Skewer+1","Flying Knee"],"picked":"SKIP","floor":40},{"not_picked":["Slice+1","Doppelganger","Underhanded Strike+1"],"picked":"SKIP","floor":42},{"not_picked":["Deflect+1","Dash+1","Quick Slash"],"picked":"SKIP","floor":44},{"not_picked":["Infinite Blades","Flying Knee+1"],"picked":"Acrobatics+1","floor":46},{"not_picked":["Footwork+1","Prepared","Envenom"],"picked":"SKIP","floor":47},{"not_picked":["Escape Plan+1","Accuracy+1","Dodge and Roll"],"picked":"SKIP","floor":48},{"not_picked":["Sucker Punch+1","Leg Sweep","Bane+1"],"picked":"SKIP","floor":54}],"player_experience":1157735,"relics_obtained":[{"floor":9.0,"key":"Smiling Mask"},{"floor":10.0,"key":"Bag of Preparation"},{"floor":24.0,"key":"Pantograph"},{"floor":31.0,"key":"PreservedInsect"},{"floor":40,"key":"Juzu Bracelet"},{"floor":43,"key":"Ancient Tea Set"},{"floor":44,"key":"Boot"},{"floor":54,"key":"Kunai"}],"event_choices":[{"damage_healed":0.0,"max_hp_gain":0.0,"max_hp_loss":0.0,"gold_gain":0.0,"event_name":"Liars Game","player_choice":"Ignored","floor":3.0,"gold_loss":0.0,"damage_taken":0.0},{"cards_removed":["Strike_G"],"damage_healed":0.0,"max_hp_gain":0.0,"max_hp_loss":0.0,"gold_gain":0.0,"event_name":"Living Wall","player_choice":"Forget","floor":5.0,"gold_loss":0.0,"damage_taken":0.0},{"damage_healed":0.0,"max_hp_gain":0.0,"max_hp_loss":0.0,"gold_gain":0.0,"event_name":"Vampires","player_choice":"Ignored","floor":21.0,"gold_loss":0.0,"damage_taken":0.0},{"damage_healed":0.0,"max_hp_gain":0.0,"max_hp_loss":0.0,"gold_gain":0.0,"event_name":"Accursed Blacksmith","player_choice":"Forge","floor":27.0,"gold_loss":0.0,"damage_taken":0.0,"cards_upgraded":["Neutralize"]},{"damage_healed":0,"gold_gain":0,"player_choice":"Max HP","damage_taken":0,"max_hp_gain":0,"max_hp_loss":4,"event_name":"Winding Halls","floor":38,"gold_loss":0}],"is_beta":false,"boss_relics":[{"not_picked":["Runic Dome","White Beast Statue"],"picked":"WristBlade"},{"not_picked":["Orrery","Pandora\u0027s Box"],"picked":"Coffee Dripper"}],"items_purged_floors":[29,41,53],"is_endless":false,"potions_floor_spawned":[4,10,18,20,24,28,33,36,39,42,47,48],"ascension_level":0}