{"gold_per_floor":[119,119,44,44,55,85,85,116,116,116,73,85,101,101,101,172,172,189,114,130,130,150,150,94,110,133,133,153,153,169,219,219,219],"floor_reached":33,"playtime":1016,"items_purged":["Strike_R"],"score":660,"play_id":"8d10cb14-1696-4330-9c3d-21d7fa45f0fd","local_time":"20190210220531","is_ascension_mode":true,"campfire_choices":[{"data":"Burning Pact","floor":7.0,"key":"SMITH"},{"data":"Rampage","floor":10.0,"key":"SMITH"},{"data":"Feel No Pain","floor":15.0,"key":"SMITH"},{"data":"Battle Trance","floor":23.0,"key":"SMITH"},{"data":"Demon Form","floor":29.0,"key":"SMITH"},{"floor":32.0,"key":"RECALL"}],"neow_cost":"NONE","seed_source_timestamp":1140933086010224,"circlet_count":0,"master_deck":["AscendersBane","Strike_R","Strike_R","Strike_R","Defend_R","Defend_R","Defend_R","Defend_R","Bash","Burning Pact+1","Battle Trance+1","Rampage+1","Second Wind+1","Feel No Pain+1","Shockwave+1","Demon Form+1","Offering+1","True Grit+1","Shrug It Off+1"],"special_seed":0,"relics":["Black Blood","NeowsBlessing","WarpedTongs","WingedGreaves","Gambling Chip","Toxic Egg 2"],"potions_floor_usage":[33],"damage_taken":[{"damage":0.0,"enemies":"2 Louse","floor":1.0,"turns":1.0},{"damage":1.0,"enemies":"Jaw Worm","floor":5.0,"turns":1.0},{"damage":3.0,"enemies":"Lagavulin","floor":6.0,"turns":1.0},{"damage":68.0,"enemies":"3 Sentries","floor":8.0,"turns":12.0},{"damage":0.0,"enemies":"Cultist","floor":12.0,"turns":3.0},{"damage":6.0,"enemies":"3 Louse","floor":13.0,"turns":3.0},{"damage":3.0,"enemies":"Hexaghost","floor":16.0,"turns":8.0},{"damage":8.0,"enemies":"Chosen","floor":18.0,"turns":5.0},{"damage":9.0,"enemies":"Shell Parasite","floor":20.0,"turns":6.0},{"damage":22.0,"enemies":"Shelled Parasite and Fungi","floor":22.0,"turns":6.0},{"damage":17.0,"enemies":"Sentry and Sphere","floor":25.0,"turns":7.0},{"damage":26.0,"enemies":"Centurion and Healer","floor":28.0,"turns":7.0},{"damage":26.0,"enemies":"Snecko","floor":30.0,"turns":8.0},{"damage":12,"enemies":"Automaton","floor":33,"turns":6}],"seed_played":"5744865572756802667","potions_obtained":[{"floor":12.0,"key":"PowerPotion"},{"floor":16.0,"key":"Poison Potion"},{"floor":20.0,"key":"Explosive Potion"},{"floor":28.0,"key":"Regen Potion"}],"is_trial":false,"path_per_floor":["M","?","$","?","M","E","R","E","T","R","$","M","M","?","R","B",null,"M","$","M","?","M","R","$","M","T","?","M","R","M","?","R","B"],"character_chosen":"IRONCLAD","items_purchased":["Burning Pact","Second Wind+1","True Grit+1"],"campfire_rested":0,"item_purchase_floors":[3,11,24],"current_hp_per_floor":[74,79,79,79,80,80,80,18,18,18,18,24,24,24,24,27,67,69,69,70,70,58,58,58,51,51,51,35,35,19,19,19,21],"gold":219,"neow_bonus":"THREE_ENEMY_KILL","is_prod":false,"is_daily":false,"chose_seed":false,"campfire_upgraded":5,"win_rate":0,"timestamp":1549807531,"path_taken":["M","?","$","?","M","E","R","E","T","R","$","M","?","?","R","BOSS","M","$","M","?","M","R","$","?","T","?","?","R","M","?","R","BOSS"],"build_version":"2019-01-23","purchased_purges":1,"victory":false,"max_hp_per_floor":[75,80,80,80,80,80,80,80,80,80,80,80,80,80,80,80,80,80,80,80,80,80,80,80,80,80,80,80,80,80,80,80,80],"card_choices":[{"not_picked":["Cleave","Flex","Rage"],"picked":"SKIP","floor":1.0},{"not_picked":["Pummel","Iron Wave"],"picked":"Battle Trance","floor":5.0},{"not_picked":["Heavy Blade","Bloodletting","Fire Breathing"],"picked":"SKIP","floor":6.0},{"not_picked":["Shrug It Off","Thunderclap"],"picked":"Rampage","floor":8.0},{"not_picked":["Bloodletting+1","Twin Strike"],"picked":"Feel No Pain","floor":12.0},{"not_picked":["Pommel Strike","Armaments+1"],"picked":"Shockwave+1","floor":13.0},{"not_picked":["Brutality","Limit Break+1"],"picked":"Offering+1","floor":16.0},{"not_picked":["Clash","Thunderclap","Metallicize"],"picked":"SKIP","floor":18.0},{"not_picked":["Shockwave+1","Dropkick","Corruption+1"],"picked":"SKIP","floor":20.0},{"not_picked":["Wild Strike+1","Anger+1","Corruption"],"picked":"SKIP","floor":22.0},{"not_picked":["Flame Barrier+1","Whirlwind+1","True Grit+1"],"picked":"SKIP","floor":25.0},{"not_picked":["Spot Weakness+1","Second Wind+1","Flex+1"],"picked":"SKIP","floor":28.0},{"not_picked":["Sword Boomerang","Rampage"],"picked":"Shrug It Off+1","floor":30.0}],"player_experience":717397,"relics_obtained":[{"floor":6.0,"key":"WingedGreaves"},{"floor":8.0,"key":"Gambling Chip"},{"floor":9.0,"key":"Toxic Egg 2"}],"event_choices":[{"damage_healed":0.0,"max_hp_gain":5.0,"max_hp_loss":0.0,"gold_gain":0.0,"event_name":"Big Fish","player_choice":"Donut","floor":2.0,"gold_loss":0.0,"damage_taken":0.0},{"damage_healed":0.0,"max_hp_gain":0.0,"max_hp_loss":0.0,"gold_gain":0.0,"event_name":"Accursed Blacksmith","player_choice":"Rummage","floor":4.0,"gold_loss":0.0,"damage_taken":0.0,"relics_obtained":["WarpedTongs"],"cards_obtained":["Pain"]},{"damage_healed":0.0,"max_hp_gain":0.0,"max_hp_loss":0.0,"gold_gain":0.0,"cards_transformed":["Strike_R"],"event_name":"Living Wall","player_choice":"Change","floor":14.0,"gold_loss":0.0,"damage_taken":0.0,"cards_obtained":["Demon Form"]},{"damage_healed":0.0,"max_hp_gain":0.0,"max_hp_loss":0.0,"gold_gain":0.0,"event_name":"Duplicator","player_choice":"Ignored","floor":21.0,"gold_loss":0.0,"damage_taken":0.0},{"cards_removed":["Pain"],"damage_healed":0.0,"max_hp_gain":0.0,"max_hp_loss":0.0,"gold_gain":0.0,"event_name":"Fountain of Cleansing","player_choice":"Removed Curses","floor":27.0,"gold_loss":0.0,"damage_taken":0.0},{"damage_healed":0.0,"max_hp_gain":0.0,"max_hp_loss":0.0,"gold_gain":100.0,"event_name":"The Joust","player_choice":"Bet on Murderer","floor":31.0,"gold_loss":50.0,"damage_taken":0.0}],"is_beta":false,"boss_relics":[{"not_picked":["Runic Cube","Calling Bell"],"picked":"Black Blood"}],"items_purged_floors":[19],"is_endless":false,"potions_floor_spawned":[12,16,20,28,30],"killed_by":"Automaton","ascension_level":20}