{"path_per_floor":["M","$","M","M","?","E","?","R","T","R","M","E","$","E","R"],"character_chosen":"THE_SILENT","items_purchased":["Du-Vu Doll","Underhanded Strike","Dagger Throw"],"gold_per_floor":[365,2,13,28,8,37,63,63,63,63,79,113,113,141,141,141],"floor_reached":16,"campfire_rested":1,"playtime":565,"current_hp_per_floor":[60,60,54,54,54,27,17,17,27,27,19,13,13,4,28,0],"items_purged":[],"gold":141,"score":159,"play_id":"f58b680d-01bd-485b-9838-9ccb78b05343","local_time":"20180422225354","is_prod":false,"is_daily":false,"chose_seed":false,"is_ascension_mode":true,"campfire_upgraded":2,"timestamp":1524408834,"path_taken":["M","$","M","M","?","E","?","R","T","R","?","E","?","E","R","BOSS"],"build_version":"2018-04-19","seed_source_timestamp":20674492640139,"purchased_purges":1,"victory":false,"master_deck":["Defend_G","Defend_G","Defend_G","Defend_G","Defend_G","Strike_G","Strike_G","Strike_G","Strike_G","Strike_G","Survivor","Neutralize+1","Doubt","Dagger Throw","Underhanded Strike","Dagger Throw","Eviscerate+1","Slice","Burst+1","Prepared+1","Endless Agony","Acrobatics+1"],"max_hp_per_floor":[70,70,70,70,70,70,70,70,80,80,80,80,80,80,80,80],"relics":["Ring of the Snake","Du-Vu Doll","Toxic Egg 2","Odd Mushroom","Pear","Darkstone Periapt","Bottled Flame"],"card_choices":[{"not_picked":["Flying Knee","Concentrate"],"picked":"Dagger Throw","floor":1},{"not_picked":["Outmaneuver","Acrobatics"],"picked":"Eviscerate","floor":3},{"not_picked":["Poisoned Stab","Outmaneuver"],"picked":"Slice","floor":4},{"not_picked":["Quick Slash","Distraction"],"picked":"Burst","floor":6},{"not_picked":["Dagger Spray","All Out Attack"],"picked":"Prepared","floor":7},{"not_picked":["Crippling Poison","Poisoned Stab"],"picked":"Endless Agony","floor":12},{"not_picked":["Accuracy","Prepared"],"picked":"Acrobatics","floor":14}],"player_experience":426640,"potions_floor_usage":[7,16],"damage_taken":[{"damage":3,"enemies":"Jaw Worm","floor":1,"turns":4},{"damage":6,"enemies":"2 Louse","floor":3,"turns":3},{"damage":0,"enemies":"Cultist","floor":4,"turns":3},{"damage":27,"enemies":"Lagavulin","floor":6,"turns":6},{"damage":10,"enemies":"The Mushroom Lair","floor":7,"turns":3},{"damage":8,"enemies":"3 Louse","floor":11,"turns":4},{"damage":6,"enemies":"Gremlin Nob","floor":12,"turns":3},{"damage":9,"enemies":"3 Sentries","floor":14,"turns":6},{"damage":31,"enemies":"Hexaghost","floor":16,"turns":9}],"event_choices":[{"event_name":"World of Goop","player_choice":"Left","floor":5,"damage_taken":0},{"event_name":"Mushrooms","player_choice":"Fought Mushrooms","floor":7,"damage_taken":0}],"boss_relics":[],"potions_floor_spawned":[3,11,14],"seed_played":"8648519363244636003","killed_by":"Hexaghost","ascension_level":7,"is_trial":false}