{"gold_per_floor":[113,24,24,99,114,114,39,39,39,39,70,70,80,2,2,2],"floor_reached":16,"playtime":317,"items_purged":[],"score":192,"play_id":"d0484764-5c1a-4742-a7be-cf17e1b5bda7","local_time":"20190212185844","is_ascension_mode":true,"campfire_choices":[{"data":"Masterful Stab","floor":6.0,"key":"SMITH"},{"data":"Neutralize","floor":8.0,"key":"SMITH"},{"data":"Footwork","floor":10.0,"key":"SMITH"},{"data":"Survivor","floor":12.0,"key":"SMITH"},{"data":"Well Laid Plans","floor":15.0,"key":"SMITH"}],"neow_cost":"NONE","seed_source_timestamp":33205323628891,"circlet_count":0,"master_deck":["AscendersBane","Defend_G","Defend_G","Defend_G","Defend_G","Defend_G","Strike_G","Strike_G","Strike_G","Strike_G","Survivor+1","Neutralize+1","Footwork+1","Masterful Stab+1","Well Laid Plans+1"],"special_seed":0,"relics":["Busted Crown","Centennial Puzzle","Ornamental Fan","Omamori"],"potions_floor_usage":[16,16],"damage_taken":[{"damage":3.0,"enemies":"Small Slimes","floor":1.0,"turns":5.0},{"damage":0.0,"enemies":"Jaw Worm","floor":5.0,"turns":5.0},{"damage":33.0,"enemies":"Gremlin Nob","floor":11.0,"turns":6.0},{"damage":0.0,"enemies":"2 Louse","floor":13.0,"turns":4.0},{"damage":0,"enemies":"Slime Boss","floor":16,"turns":10}],"seed_played":"-4297408218259224514","potions_obtained":[{"floor":5.0,"key":"EssenceOfSteel"},{"floor":11.0,"key":"GhostInAJar"}],"is_trial":false,"path_per_floor":["M","$","?","?","M","R","?","R","T","R","E","R","M","$","R","B"],"character_chosen":"THE_SILENT","items_purchased":["Footwork","Well Laid Plans"],"campfire_rested":0,"item_purchase_floors":[2,14],"current_hp_per_floor":[56,56,51,40,40,40,40,40,40,40,7,7,7,7,7,7],"gold":2,"neow_bonus":"BOSS_RELIC","is_prod":false,"is_daily":false,"chose_seed":false,"campfire_upgraded":5,"win_rate":0,"timestamp":1549969124,"path_taken":["M","$","?","?","M","R","?","R","T","R","E","R","M","?","R","BOSS"],"build_version":"2019-01-23","purchased_purges":0,"victory":false,"max_hp_per_floor":[66,66,66,66,66,66,66,66,66,66,66,66,66,66,66,66],"card_choices":[{"not_picked":["Quick Slash"],"picked":"SKIP","floor":1.0},{"not_picked":[],"picked":"Masterful Stab","floor":5.0},{"not_picked":["Outmaneuver"],"picked":"SKIP","floor":11.0},{"not_picked":["Choke"],"picked":"SKIP","floor":13.0}],"player_experience":2655128,"relics_obtained":[{"floor":9.0,"key":"Ornamental Fan"},{"floor":11.0,"key":"Omamori"}],"event_choices":[{"damage_healed":0.0,"max_hp_gain":0.0,"max_hp_loss":0.0,"gold_gain":0.0,"event_name":"Scrap Ooze","player_choice":"Success","floor":3.0,"gold_loss":0.0,"damage_taken":5.0,"relics_obtained":["Centennial Puzzle"]},{"damage_healed":0.0,"max_hp_gain":0.0,"max_hp_loss":0.0,"gold_gain":75.0,"event_name":"World of Goop","player_choice":"Gather Gold","floor":4.0,"gold_loss":0.0,"damage_taken":11.0},{"cards_removed":["Strike_G"],"damage_healed":0.0,"max_hp_gain":0.0,"max_hp_loss":0.0,"gold_gain":0.0,"event_name":"The Cleric","player_choice":"Card Removal","floor":7.0,"gold_loss":75.0,"damage_taken":0.0}],"is_beta":false,"boss_relics":[],"items_purged_floors":[],"is_endless":false,"potions_floor_spawned":[5,11],"killed_by":"Slime Boss","ascension_level":20}