{"gold_per_floor":[209,134,152,152,166,166,182,4,29,56,56,56,88,88,88,162,162,133,13,0,20,20,20,55,70,70,86,100,100,128,139,139,213,213,232,232,132,149,164,164,39,0,0,11,11,40,40,40,40,40,40,40,40,40,68,68],"floor_reached":57,"playtime":3053,"items_purged":["Strike_R","Bash","Thunderclap"],"score":3181,"play_id":"1e3e92ab-5a30-4799-bab4-687e0c794e6b","local_time":"20190530120657","is_ascension_mode":true,"campfire_choices":[{"data":"Dark Embrace","floor":6.0,"key":"SMITH"},{"data":"Shockwave","floor":11.0,"key":"SMITH"},{"data":"Burning Pact","floor":15.0,"key":"SMITH"},{"floor":23.0,"key":"REST"},{"floor":29.0,"key":"REST"},{"floor":32.0,"key":"REST"},{"floor":40.0,"key":"RECALL"},{"floor":45.0,"key":"REST"},{"floor":49.0,"key":"REST"},{"floor":53,"key":"REST"}],"neow_cost":"NONE","seed_source_timestamp":1985220846876,"circlet_count":0,"master_deck":["AscendersBane","Defend_R+1","Defend_R+1","Defend_R+1","Defend_R+1","Dark Embrace+1","Spot Weakness+1","Burning Pact+1","Shockwave+1","Trip+1","Inflame+1","Evolve+1","Dropkick+1","Limit Break+1","Dropkick+1","Feel No Pain+1","Corruption+1","Shockwave+1","Shrug It Off+1","Juggernaut+1","Panacea+1","Disarm+1","Havoc+1"],"special_seed":0,"relics":["Burning Blood","Orichalcum","Bag of Marbles","Blue Candle","Fusion Hammer","Bag of Preparation","Dead Branch","Omamori","Empty Cage","Red Mask","Red Skull","Molten Egg 2","Mark of the Bloom","Turnip"],"potions_floor_usage":[56,56],"damage_taken":[{"damage":7.0,"enemies":"Cultist","floor":1.0,"turns":4.0},{"damage":9.0,"enemies":"Jaw Worm","floor":3.0,"turns":5.0},{"damage":1.0,"enemies":"Small Slimes","floor":5.0,"turns":5.0},{"damage":19.0,"enemies":"Blue Slaver","floor":7.0,"turns":7.0},{"damage":23.0,"enemies":"Lagavulin","floor":10.0,"turns":7.0},{"damage":34.0,"enemies":"Gremlin Nob","floor":13.0,"turns":6.0},{"damage":14.0,"enemies":"Hexaghost","floor":16.0,"turns":8.0},{"damage":27.0,"enemies":"2 Thieves","floor":18.0,"turns":4.0},{"damage":21.0,"enemies":"Shell Parasite","floor":21.0,"turns":6.0},{"damage":19.0,"enemies":"Book of Stabbing","floor":24.0,"turns":4.0},{"damage":12.0,"enemies":"Sentry and Sphere","floor":25.0,"turns":3.0},{"damage":0.0,"enemies":"3 Cultists","floor":27.0,"turns":2.0},{"damage":7.0,"enemies":"Snecko","floor":28.0,"turns":3.0},{"damage":47.0,"enemies":"Slavers","floor":30.0,"turns":6.0},{"damage":0.0,"enemies":"Sentry and Sphere","floor":31.0,"turns":3.0},{"damage":5.0,"enemies":"Champ","floor":33.0,"turns":9.0},{"damage":11.0,"enemies":"3 Shapes","floor":35.0,"turns":5.0},{"damage":0.0,"enemies":"3 Darklings","floor":38.0,"turns":3.0},{"damage":23.0,"enemies":"Jaw Worm Horde","floor":39.0,"turns":6.0},{"damage":1.0,"enemies":"Maw","floor":44.0,"turns":5.0},{"damage":0.0,"enemies":"Giant Head","floor":46.0,"turns":4.0},{"damage":4,"enemies":"Awakened One","floor":50,"turns":5},{"damage":7,"enemies":"Time Eater","floor":51,"turns":3},{"damage":0,"enemies":"Shield and Spear","floor":55,"turns":3},{"damage":48,"enemies":"The Heart","floor":56,"turns":8}],"seed_played":"685010085586038874","potions_obtained":[{"floor":5.0,"key":"FearPotion"},{"floor":10.0,"key":"BloodPotion"},{"floor":16.0,"key":"FearPotion"},{"floor":24.0,"key":"Ancient Potion"},{"floor":27.0,"key":"PowerPotion"}],"is_trial":false,"path_per_floor":["M","$","M","?","M","R","M","$","T","E","R","$","E","?","R","B",null,"M","$","?","M","?","R","E","M","T","M","M","R","E","M","R","B",null,"M","?","$","M","M","R","$","?","T","M","R","E","T","?","R","B","B",null,"R","$","E","B",null],"character_chosen":"IRONCLAD","items_purchased":["Trip","Inflame","Dropkick","Feel No Pain"],"campfire_rested":6,"item_purchase_floors":[8,8,19,19],"current_hp_per_floor":[67,67,64,64,69,69,56,56,56,39,39,39,18,18,18,10,59,38,38,38,23,23,45,32,26,26,32,31,53,12,18,40,41,67,62,52,52,58,41,41,41,41,41,46,68,74,74,74,74,70,63,63,63,63,63,15],"gold":68,"neow_bonus":"HUNDRED_GOLD","is_prod":false,"is_daily":false,"chose_seed":false,"campfire_upgraded":3,"win_rate":0,"timestamp":1559189217,"path_taken":["M","$","?","?","M","R","M","?","T","E","R","?","E","?","R","BOSS","M","$","?","M","?","R","E","M","T","M","M","R","E","?","R","BOSS","M","?","$","M","M","R","$","?","T","M","R","E","?","?","R","BOSS","BOSS","R","$","E","BOSS"],"build_version":"2019-01-23","purchased_purges":3,"victory":true,"max_hp_per_floor":[75,75,75,75,75,75,75,75,75,75,75,75,75,75,75,75,75,75,75,75,75,75,75,75,75,75,75,75,75,75,75,75,75,75,75,75,75,75,75,75,75,75,75,75,75,75,75,75,75,75,75,75,75,75,75,75],"card_choices":[{"not_picked":["Anger","Sword Boomerang"],"picked":"Thunderclap","floor":1.0},{"not_picked":["Pummel","Cleave"],"picked":"Dark Embrace","floor":3.0},{"not_picked":["Corruption","Pummel"],"picked":"Burning Pact","floor":5.0},{"not_picked":["Warcry","Armaments"],"picked":"Shockwave","floor":7.0},{"not_picked":["Ghostly Armor","Seeing Red"],"picked":"Evolve","floor":10.0},{"not_picked":["Dual Wield","Iron Wave"],"picked":"Dropkick","floor":13.0},{"not_picked":["Juggernaut","Feed"],"picked":"Limit Break","floor":16.0},{"not_picked":["Thunderclap+1","Perfected Strike","Clash"],"picked":"SKIP","floor":18.0},{"not_picked":["Shockwave","Cleave","Iron Wave+1"],"picked":"SKIP","floor":21.0},{"not_picked":["Whirlwind","Heavy Blade","True Grit"],"picked":"SKIP","floor":24.0},{"not_picked":["Dark Embrace","Armaments"],"picked":"Shockwave+1","floor":25.0},{"not_picked":["True Grit","Anger","Headbutt"],"picked":"SKIP","floor":27.0},{"not_picked":["Flex","Infernal Blade","Warcry"],"picked":"SKIP","floor":28.0},{"not_picked":["Clothesline","Cleave"],"picked":"Shrug It Off","floor":30.0},{"not_picked":["Headbutt","Body Slam","Uppercut"],"picked":"SKIP","floor":31.0},{"not_picked":["Bludgeon","Feed"],"picked":"Juggernaut","floor":33.0},{"not_picked":["Pummel","Uppercut+1","Clash+1"],"picked":"SKIP","floor":35.0},{"not_picked":["Enlightenment","Sadistic Nature"],"picked":"Panacea","floor":36.0},{"not_picked":["Flex","Body Slam"],"picked":"Disarm+1","floor":38.0},{"not_picked":["Iron Wave","Wild Strike+1"],"picked":"Havoc+1","floor":39.0},{"not_picked":["Body Slam","True Grit","Pommel Strike"],"picked":"SKIP","floor":44.0},{"not_picked":["Body Slam","Flame Barrier","Sword Boomerang"],"picked":"SKIP","floor":46.0},{"not_picked":["Impervious","Wild Strike+1","Armaments"],"picked":"SKIP","floor":55}],"player_experience":4897283,"relics_obtained":[{"floor":9.0,"key":"Orichalcum"},{"floor":10.0,"key":"Bag of Marbles"},{"floor":13.0,"key":"Blue Candle"},{"floor":24.0,"key":"Bag of Preparation"},{"floor":26.0,"key":"Dead Branch"},{"floor":30.0,"key":"Omamori"},{"floor":46.0,"key":"Red Skull"},{"floor":47.0,"key":"Molten Egg 2"},{"floor":55,"key":"Turnip"}],"event_choices":[{"damage_healed":0.0,"max_hp_gain":0.0,"max_hp_loss":0.0,"gold_gain":0.0,"cards_transformed":["Strike_R"],"event_name":"Living Wall","player_choice":"Change","floor":4.0,"gold_loss":0.0,"damage_taken":0.0,"cards_obtained":["Spot Weakness"]},{"damage_healed":0.0,"max_hp_gain":0.0,"max_hp_loss":0.0,"gold_gain":0.0,"event_name":"Shining Light","player_choice":"Ignored","floor":14.0,"gold_loss":0.0,"damage_taken":0.0},{"damage_healed":0.0,"max_hp_gain":0.0,"max_hp_loss":0.0,"gold_gain":0.0,"event_name":"Masked Bandits","player_choice":"Paid Fearfully","floor":20.0,"gold_loss":13.0,"damage_taken":0.0},{"damage_healed":0.0,"max_hp_gain":0.0,"max_hp_loss":0.0,"gold_gain":0.0,"cards_transformed":["Strike_R"],"event_name":"Transmorgrifier","player_choice":"Transformed","floor":22.0,"gold_loss":0.0,"damage_taken":0.0,"cards_obtained":["Corruption"]},{"damage_healed":0.0,"max_hp_gain":0.0,"max_hp_loss":0.0,"gold_gain":0.0,"event_name":"SensoryStone","player_choice":"Memory 3","floor":36.0,"gold_loss":0.0,"damage_taken":10.0},{"damage_healed":0.0,"max_hp_gain":0.0,"max_hp_loss":0.0,"gold_gain":0.0,"event_name":"Tomb of Lord Red Mask","player_choice":"Paid","floor":42.0,"gold_loss":39.0,"damage_taken":0.0,"relics_obtained":["Red Mask"]},{"damage_healed":0.0,"max_hp_gain":0.0,"max_hp_loss":0.0,"gold_gain":0.0,"event_name":"MindBloom","player_choice":"Upgrade","floor":48.0,"gold_loss":0.0,"damage_taken":0.0,"cards_upgraded":["Defend_R","Defend_R","Defend_R","Defend_R","Spot Weakness","Trip","Inflame","Evolve","Dropkick","Limit Break","Dropkick","Feel No Pain","Corruption","Shrug It Off","Juggernaut","Panacea"],"relics_obtained":["Mark of the Bloom"]}],"is_beta":false,"boss_relics":[{"not_picked":["Black Star","Lizard Tail"],"picked":"Fusion Hammer"},{"not_picked":["Coffee Dripper","White Beast Statue"],"picked":"Empty Cage"}],"items_purged_floors":[2,37,41],"is_endless":false,"potions_floor_spawned":[5,10,16,24,27,28,33,35,38],"ascension_level":20}