{"gold_per_floor":[119,119,137,62,80,80,107,107,107,107],"floor_reached":10,"playtime":235,"items_purged":["Strike_R"],"score":132,"play_id":"1e093db4-3123-441f-9e6c-1ae881d0295f","local_time":"20190320123217","is_ascension_mode":true,"campfire_choices":[{"data":"Carnage","floor":6.0,"key":"SMITH"},{"data":"True Grit","floor":8.0,"key":"SMITH"}],"neow_cost":"TEN_PERCENT_HP_LOSS","seed_source_timestamp":4813758447881,"circlet_count":0,"master_deck":["AscendersBane","Strike_R","Strike_R","Defend_R","Defend_R","Defend_R","Defend_R","Bash","Dual Wield","Carnage+1","Regret","True Grit+1","Evolve","Battle Trance"],"special_seed":0,"relics":["Burning Blood","Gremlin Horn","Red Skull"],"potions_floor_usage":[10],"damage_taken":[{"damage":14.0,"enemies":"Jaw Worm","floor":1.0,"turns":4.0},{"damage":13.0,"enemies":"Small Slimes","floor":3.0,"turns":3.0},{"damage":3.0,"enemies":"Cultist","floor":5.0,"turns":3.0},{"damage":40.0,"enemies":"3 Sentries","floor":7.0,"turns":7.0},{"damage":32,"enemies":"Lagavulin","floor":10,"turns":3}],"seed_played":"8355525665598836483","potions_obtained":[{"floor":3.0,"key":"SteroidPotion"},{"floor":7.0,"key":"Poison Potion"}],"is_trial":false,"path_per_floor":["M","?","M","$","M","R","E","R","T","E"],"character_chosen":"IRONCLAD","items_purchased":[],"campfire_rested":0,"item_purchase_floors":[],"current_hp_per_floor":[60,60,53,53,56,56,22,22,22,0],"gold":107,"neow_bonus":"TRANSFORM_TWO_CARDS","is_prod":false,"is_daily":false,"chose_seed":false,"campfire_upgraded":2,"win_rate":0,"timestamp":1553056337,"path_taken":["M","?","M","$","M","R","E","R","T","E"],"build_version":"2019-01-23","purchased_purges":1,"victory":false,"max_hp_per_floor":[68,68,68,68,68,68,68,68,68,68],"card_choices":[{"not_picked":["Heavy Blade","Combust","Whirlwind"],"picked":"SKIP","floor":1.0},{"not_picked":["Flex","Clash"],"picked":"True Grit","floor":3.0},{"not_picked":["Iron Wave","Power Through"],"picked":"Evolve","floor":5.0},{"not_picked":["Bloodletting","Flex"],"picked":"Battle Trance","floor":7.0}],"player_experience":3745577,"relics_obtained":[{"floor":7.0,"key":"Red Skull"}],"event_choices":[{"damage_healed":0.0,"max_hp_gain":0.0,"max_hp_loss":0.0,"gold_gain":0.0,"event_name":"Big Fish","player_choice":"Box","floor":2.0,"gold_loss":0.0,"damage_taken":0.0,"relics_obtained":["Gremlin Horn"],"cards_obtained":["Regret"]}],"is_beta":false,"boss_relics":[],"items_purged_floors":[4],"is_endless":false,"potions_floor_spawned":[3,7],"killed_by":"Lagavulin","ascension_level":20}