{"gold_per_floor":[113,128,128,53,65,65,76,76,76,76,95,109,109,127,127,205,205,219,199,213,224,244,244,275,275,275,301,35,47,47,47,47,124,124,144,160,160,178,190,224,241,273,326,354,384,120,120,138,138,138,138,138,138,25,57,57],"floor_reached":57,"playtime":2463,"items_purged":["Strike_R","Defend_R","Defend_R","Defend_R"],"score":3356,"play_id":"6961e04e-d8b2-457a-b451-483a77ccc79a","local_time":"20190805082739","is_ascension_mode":true,"campfire_choices":[{"data":"Body Slam","floor":6.0,"key":"SMITH"},{"data":"Dark Embrace","floor":8.0,"key":"SMITH"},{"data":"Armaments","floor":13.0,"key":"SMITH"},{"data":"Berserk","floor":15.0,"key":"SMITH"},{"data":"Power Through","floor":23.0,"key":"SMITH"},{"floor":25.0,"key":"REST"},{"data":"Second Wind","floor":32.0,"key":"SMITH"},{"floor":49.0,"key":"RECALL"},{"data":"Feel No Pain","floor":53.0,"key":"SMITH"}],"neow_cost":"PERCENT_DAMAGE","seed_source_timestamp":651623992589163,"circlet_count":0,"master_deck":["AscendersBane","Dark Embrace+1","Second Wind+1","Body Slam+1","Berserk+1","Armaments+1","Flame Barrier","Immolate+1","Carnage+1","True Grit+1","Shrug It Off+1","Power Through+1","Ghostly","Ghostly","Ghostly","Shockwave","Pommel Strike+1","Feel No Pain+1","Feel No Pain+1","Madness","Madness","Dual Wield"],"special_seed":0,"relics":["Burning Blood","Gremlin Horn","Question Card","Astrolabe","Regal Pillow","Matryoshka","Strawberry","Bag of Preparation","Coffee Dripper","Dodecahedron","Whetstone","Pen Nib","MawBank","Membership Card","Pear"],"potions_floor_usage":[],"damage_taken":[{"damage":12.0,"enemies":"Cultist","floor":1.0,"turns":5.0},{"damage":3.0,"enemies":"Small Slimes","floor":2.0,"turns":5.0},{"damage":3.0,"enemies":"2 Louse","floor":5.0,"turns":4.0},{"damage":16.0,"enemies":"Red Slaver","floor":7.0,"turns":5.0},{"damage":8.0,"enemies":"Large Slime","floor":11.0,"turns":6.0},{"damage":4.0,"enemies":"3 Louse","floor":12.0,"turns":3.0},{"damage":0.0,"enemies":"Blue Slaver","floor":14.0,"turns":3.0},{"damage":14.0,"enemies":"Hexaghost","floor":16.0,"turns":7.0},{"damage":0.0,"enemies":"3 Byrds","floor":18.0,"turns":3.0},{"damage":3.0,"enemies":"Shell Parasite","floor":20.0,"turns":5.0},{"damage":14.0,"enemies":"Snake Plant","floor":21.0,"turns":8.0},{"damage":0.0,"enemies":"Snecko","floor":22.0,"turns":10.0},{"damage":82.0,"enemies":"Slavers","floor":24.0,"turns":7.0},{"damage":48.0,"enemies":"Book of Stabbing","floor":27.0,"turns":6.0},{"damage":3.0,"enemies":"Centurion and Healer","floor":29.0,"turns":4.0},{"damage":0.0,"enemies":"Automaton","floor":33.0,"turns":6.0},{"damage":0.0,"enemies":"3 Darklings","floor":35.0,"turns":4.0},{"damage":0.0,"enemies":"3 Shapes","floor":36.0,"turns":5.0},{"damage":0.0,"enemies":"3 Darklings","floor":38.0,"turns":4.0},{"damage":0.0,"enemies":"Transient","floor":39.0,"turns":6.0},{"damage":0.0,"enemies":"Giant Head","floor":40.0,"turns":7.0},{"damage":0.0,"enemies":"4 Shapes","floor":41.0,"turns":4.0},{"damage":0.0,"enemies":"Reptomancer","floor":42.0,"turns":4.0},{"damage":0.0,"enemies":"Nemesis","floor":44.0,"turns":5.0},{"damage":0.0,"enemies":"Jaw Worm Horde","floor":45.0,"turns":3.0},{"damage":0.0,"enemies":"Sphere and 2 Shapes","floor":48.0,"turns":4.0},{"damage":0.0,"enemies":"Time Eater","floor":50.0,"turns":7.0},{"damage":0.0,"enemies":"Awakened One","floor":51.0,"turns":5.0},{"damage":0.0,"enemies":"Shield and Spear","floor":55.0,"turns":5.0},{"damage":8,"enemies":"The Heart","floor":56,"turns":10}],"seed_played":"-8358103558043036176","potions_obtained":[{"floor":7.0,"key":"Ancient Potion"},{"floor":12.0,"key":"Dexterity Potion"},{"floor":14.0,"key":"PowerPotion"},{"floor":18.0,"key":"Strength Potion"},{"floor":19.0,"key":"Swift Potion"},{"floor":22.0,"key":"Regen Potion"},{"floor":29.0,"key":"Poison Potion"},{"floor":35.0,"key":"EssenceOfSteel"},{"floor":41.0,"key":"Explosive Potion"},{"floor":44.0,"key":"BloodPotion"}],"is_trial":false,"path_per_floor":["M","M","T","$","M","R","M","R","T","?","M","M","R","M","R","B",null,"M","?","M","M","M","R","E","R","T","E","$","M","?","?","R","B",null,"M","M","?","M","M","E","M","E","T","E","M","$","?","M","R","B","B",null,"R","$","E","B",null],"character_chosen":"IRONCLAD","items_purchased":["Bag of Preparation","Membership Card","Dual Wield"],"campfire_rested":1,"item_purchase_floors":[28,46,54],"current_hp_per_floor":[44,47,47,47,50,50,40,40,40,40,38,40,40,46,46,38,66,72,72,75,67,73,73,12,49,49,14,14,17,17,17,17,23,37,41,41,41,41,41,41,41,41,41,41,41,41,34,40,40,41,41,41,41,41,51,49],"gold":57,"neow_bonus":"TRANSFORM_TWO_CARDS","is_prod":false,"is_daily":false,"chose_seed":false,"campfire_upgraded":7,"win_rate":0,"timestamp":1564961259,"path_taken":["M","?","?","$","M","R","?","R","T","?","M","M","R","?","R","BOSS","M","?","?","M","M","R","E","R","T","E","$","M","?","?","R","BOSS","M","M","?","M","?","E","M","E","T","E","?","$","?","M","R","BOSS","BOSS","R","$","E","BOSS"],"build_version":"2019-07-17","purchased_purges":4,"victory":true,"max_hp_per_floor":[75,75,75,75,75,75,75,75,75,75,75,75,75,75,75,75,75,75,75,75,75,75,75,75,75,75,82,82,82,41,41,41,41,41,41,41,41,41,41,41,41,41,41,41,41,41,41,41,41,41,41,41,41,41,51,51],"card_choices":[{"not_picked":["Havoc","Shrug It Off"],"picked":"Second Wind","floor":1.0},{"not_picked":["Rampage","Headbutt"],"picked":"Body Slam","floor":2.0},{"not_picked":["Flex","Perfected Strike","Iron Wave"],"picked":"SKIP","floor":5.0},{"not_picked":["Combust","Sever Soul","Flex"],"picked":"SKIP","floor":7.0},{"not_picked":["Havoc","Thunderclap","Heavy Blade"],"picked":"Berserk","floor":11.0},{"not_picked":["Cleave","True Grit","Twin Strike"],"picked":"Armaments","floor":12.0},{"not_picked":["Perfected Strike","Armaments","Sword Boomerang"],"picked":"Flame Barrier","floor":14.0},{"not_picked":["Feed","Exhume","Barricade"],"picked":"Immolate","floor":16.0},{"not_picked":["Body Slam","Thunderclap","True Grit"],"picked":"Power Through","floor":18.0},{"not_picked":["Clash","Carnage","Havoc","Anger"],"picked":"SKIP","floor":20.0},{"not_picked":["Twin Strike","Carnage","True Grit+1","Warcry"],"picked":"SKIP","floor":21.0},{"not_picked":["Perfected Strike","Searing Blow","Body Slam","Dual Wield"],"picked":"SKIP","floor":22.0},{"not_picked":["Pummel","Warcry","Sword Boomerang","Infernal Blade+1"],"picked":"SKIP","floor":24.0},{"not_picked":["Headbutt","Perfected Strike","Blood for Blood","Clothesline"],"picked":"SKIP","floor":27.0},{"not_picked":["Havoc","Whirlwind","Sword Boomerang","Thunderclap+1"],"picked":"SKIP","floor":29.0},{"not_picked":["Pommel Strike","Iron Wave","Combust","Inflame"],"picked":"SKIP","floor":35.0},{"not_picked":["Iron Wave","Combust","Inflame"],"picked":"Pommel Strike","floor":35.0},{"not_picked":["Thunderclap","Twin Strike","True Grit","Berserk"],"picked":"SKIP","floor":36.0},{"not_picked":["Pummel+1","Warcry","Heavy Blade+1","Dropkick+1"],"picked":"SKIP","floor":38.0},{"not_picked":["Sword Boomerang","Wild Strike","Carnage","Shrug It Off+1"],"picked":"SKIP","floor":39.0},{"not_picked":["Battle Trance+1","Wild Strike","Double Tap"],"picked":"Feel No Pain+1","floor":40.0},{"not_picked":["Armaments","Heavy Blade","Thunderclap","Headbutt"],"picked":"SKIP","floor":41.0},{"not_picked":["Feel No Pain","Whirlwind","Body Slam+1","Exhume"],"picked":"SKIP","floor":42.0},{"not_picked":["Whirlwind","Body Slam+1","Exhume"],"picked":"Feel No Pain","floor":42.0},{"not_picked":["Body Slam+1","Havoc","Entrench+1","Hemokinesis"],"picked":"SKIP","floor":44.0},{"not_picked":["Whirlwind","Armaments","Thunderclap","Twin Strike"],"picked":"SKIP","floor":45.0},{"not_picked":["Bloodletting","Hemokinesis","Sword Boomerang+1","Rampage"],"picked":"SKIP","floor":48.0},{"not_picked":["Dual Wield+1","Wild Strike+1","Clash+1","Entrench"],"picked":"SKIP","floor":55.0}],"player_experience":769027,"relics_obtained":[{"floor":3.0,"key":"Gremlin Horn"},{"floor":9.0,"key":"Question Card"},{"floor":24.0,"key":"Regal Pillow"},{"floor":26.0,"key":"Matryoshka"},{"floor":27.0,"key":"Strawberry"},{"floor":40.0,"key":"Dodecahedron"},{"floor":42.0,"key":"Whetstone"},{"floor":43.0,"key":"Pen Nib"},{"floor":44.0,"key":"MawBank"},{"floor":55.0,"key":"Pear"}],"event_choices":[{"cards_removed":["Strike_R"],"damage_healed":0.0,"max_hp_gain":0.0,"max_hp_loss":0.0,"gold_gain":0.0,"event_name":"Purifier","player_choice":"Purged","floor":10.0,"gold_loss":0.0,"damage_taken":0.0},{"damage_healed":0.0,"max_hp_gain":0.0,"max_hp_loss":0.0,"gold_gain":0.0,"event_name":"The Woman in Blue","player_choice":"Bought 1 Potion","floor":19.0,"gold_loss":0.0,"damage_taken":0.0},{"damage_healed":0.0,"max_hp_gain":0.0,"max_hp_loss":41.0,"gold_gain":0.0,"event_name":"Ghosts","player_choice":"Became a Ghost","floor":30.0,"gold_loss":0.0,"damage_taken":0.0,"cards_obtained":["Ghostly","Ghostly","Ghostly"]},{"damage_healed":0.0,"max_hp_gain":0.0,"max_hp_loss":0.0,"gold_gain":0.0,"event_name":"The Library","player_choice":"Read","floor":31.0,"gold_loss":0.0,"damage_taken":0.0,"cards_obtained":["Shockwave"]},{"cards_removed":["Defend_R"],"damage_healed":0.0,"max_hp_gain":0.0,"max_hp_loss":0.0,"gold_gain":0.0,"event_name":"Purifier","player_choice":"Purged","floor":37.0,"gold_loss":0.0,"damage_taken":0.0},{"damage_healed":0.0,"max_hp_gain":0.0,"max_hp_loss":0.0,"gold_gain":0.0,"event_name":"Winding Halls","player_choice":"Embrace Madness","floor":47.0,"gold_loss":0.0,"damage_taken":7.0,"cards_obtained":["Madness","Madness"]}],"is_beta":false,"boss_relics":[{"not_picked":["Runic Dome","Black Star"],"picked":"Astrolabe"},{"not_picked":["Pandora\u0027s Box","Calling Bell"],"picked":"Coffee Dripper"}],"items_purged_floors":[4,28,46,54],"is_endless":false,"potions_floor_spawned":[7,12,14,18,22,29,35,41,44],"ascension_level":20}