{"gold_per_floor":[111,111,130,55,65,99,99,99,180,192,223,248,260,284,296,383,395,418,247,247,172,47,47,58,85,137,137,151,151,171,185,185,257,257,276,276,292,142,152,182,182,212,237,237,237,237,271,289,289,289,289,289,289,114,114],"floor_reached":55,"playtime":2272,"items_purged":["Strike_G","Strike_G","Strike_G","Strike_G","Defend_G"],"score":2250,"play_id":"c581f2a8-6c6f-4ee0-bc5b-0b0875b5752e","local_time":"20190106202334","is_ascension_mode":true,"campfire_choices":[{"data":"Corpse Explosion","floor":7.0,"key":"SMITH"},{"data":"Neutralize","floor":10.0,"key":"SMITH"},{"data":"Glass Knife","floor":13.0,"key":"SMITH"},{"data":"Catalyst","floor":15.0,"key":"SMITH"},{"data":"Footwork","floor":23,"key":"SMITH"},{"data":"Venomology","floor":27,"key":"SMITH"},{"data":"Concentrate","floor":29,"key":"SMITH"},{"data":"Bouncing Flask","floor":32,"key":"SMITH"},{"floor":44,"key":"RECALL"},{"floor":46,"key":"DIG"},{"floor":49,"key":"DIG"},{"floor":53,"key":"DIG"}],"neow_cost":"NONE","seed_source_timestamp":30442361760294,"circlet_count":0,"master_deck":["AscendersBane","Defend_G","Defend_G","Defend_G","Defend_G","Survivor","Neutralize+1","Deadly Poison+1","Backflip","Dash","Corpse Explosion+1","Acrobatics","Glass Knife+1","Catalyst+1","Venomology+1","Concentrate+1","Footwork+1","Blur","PiercingWail+1","Venomology","Bouncing Flask+1","Malaise","Backflip","Backflip","Grand Finale+1","PiercingWail+1"],"special_seed":0,"relics":["Ring of the Snake","NeowsBlessing","Question Card","MawBank","Sundial","Runic Pyramid","Ginger","Omamori","Runic Dome","WarpedTongs","Boot","Shovel","FossilizedHelix","Mercury Hourglass","Molten Egg 2","Blood Vial","Letter Opener"],"potions_floor_usage":[25,25,30,31,31,33,33,35,35,37,37,39,39,40,40,42,42,47,47,48,48,50,51,51,55],"damage_taken":[{"damage":0.0,"enemies":"Cultist","floor":1.0,"turns":1.0},{"damage":0.0,"enemies":"2 Louse","floor":3.0,"turns":1.0},{"damage":0.0,"enemies":"Jaw Worm","floor":5.0,"turns":1.0},{"damage":38.0,"enemies":"Gremlin Nob","floor":6.0,"turns":5.0},{"damage":15.0,"enemies":"Large Slime","floor":11.0,"turns":5.0},{"damage":0.0,"enemies":"Lots of Slimes","floor":12.0,"turns":2.0},{"damage":0.0,"enemies":"Blue Slaver","floor":14.0,"turns":4.0},{"damage":8.0,"enemies":"The Guardian","floor":16.0,"turns":7.0},{"damage":13.0,"enemies":"2 Thieves","floor":18.0,"turns":3.0},{"damage":0,"enemies":"Chosen","floor":24,"turns":4},{"damage":0,"enemies":"Slavers","floor":25,"turns":1},{"damage":0,"enemies":"3 Cultists","floor":28,"turns":3},{"damage":0,"enemies":"Centurion and Healer","floor":30,"turns":4},{"damage":0,"enemies":"Cultist and Chosen","floor":31,"turns":4},{"damage":17,"enemies":"Automaton","floor":33,"turns":12},{"damage":0,"enemies":"3 Shapes","floor":35,"turns":6},{"damage":0,"enemies":"Orb Walker","floor":37,"turns":4},{"damage":5,"enemies":"Jaw Worm Horde","floor":39,"turns":3},{"damage":1,"enemies":"Giant Head","floor":40,"turns":7},{"damage":0,"enemies":"Reptomancer","floor":42,"turns":7},{"damage":0,"enemies":"Giant Head","floor":47,"turns":9},{"damage":0,"enemies":"Sphere and 2 Shapes","floor":48,"turns":4},{"damage":0,"enemies":"Awakened One","floor":50,"turns":18},{"damage":0,"enemies":"Donu and Deca","floor":51,"turns":8},{"damage":66,"enemies":"Shield and Spear","floor":55,"turns":3}],"seed_played":"-734056782251436382","potions_obtained":[{"floor":5.0,"key":"FairyPotion"},{"floor":6.0,"key":"AttackPotion"},{"floor":12.0,"key":"Swift Potion"},{"floor":16.0,"key":"SteroidPotion"},{"floor":28,"key":"Strength Potion"},{"floor":30,"key":"Block Potion"}],"is_trial":false,"path_per_floor":["M","?","M","$","M","E","R","T","T","R","M","M","R","M","R","B",null,"M","$","?","?","$","R","M","E","T","R","M","R","M","M","R","B",null,"M","?","M","$","M","E","?","E","T","R","?","R","E","M","R","B","B",null,"R","$","E"],"character_chosen":"THE_SILENT","items_purchased":["Footwork"],"campfire_rested":0,"item_purchase_floors":[19],"current_hp_per_floor":[59,59,59,59,59,21,21,21,21,21,6,6,6,6,6,4,51,38,38,51,51,51,51,51,51,51,51,51,51,51,51,51,34,58,58,58,58,58,65,64,63,63,63,63,63,63,63,63,63,63,63,63,63,63,0],"gold":114,"neow_bonus":"THREE_ENEMY_KILL","is_prod":false,"is_daily":false,"chose_seed":false,"campfire_upgraded":8,"win_rate":0,"timestamp":1546777414,"path_taken":["M","?","M","$","?","E","R","?","T","R","M","M","R","M","R","BOSS","M","$","?","?","$","R","M","E","T","R","M","R","M","M","R","BOSS","M","?","?","?","?","E","?","E","T","R","?","R","E","M","R","BOSS","BOSS","R","$","E"],"build_version":"2019-01-03v4","purchased_purges":5,"victory":false,"max_hp_per_floor":[66,66,66,66,66,66,66,66,66,66,66,66,66,66,66,66,66,66,66,66,66,66,66,66,66,66,66,66,66,66,66,66,66,66,66,66,66,66,66,66,63,63,63,63,63,63,63,63,63,63,63,63,63,63,63],"card_choices":[{"not_picked":["Dagger Spray","Accuracy"],"picked":"Deadly Poison","floor":1.0},{"not_picked":["Dagger Spray","Bane"],"picked":"Backflip","floor":3.0},{"not_picked":["Acrobatics","PiercingWail"],"picked":"Dash","floor":5.0},{"not_picked":["Dodge and Roll","Dagger Spray"],"picked":"Corpse Explosion","floor":6.0},{"not_picked":["Eviscerate","All Out Attack","Tactician"],"picked":"Acrobatics","floor":11.0},{"not_picked":["Outmaneuver","Blade Dance","Endless Agony"],"picked":"Glass Knife","floor":12.0},{"not_picked":["Dagger Spray","Prepared","Noxious Fumes"],"picked":"Catalyst","floor":14.0},{"not_picked":["Phantasmal Killer","A Thousand Cuts","Glass Knife"],"picked":"Venomology","floor":16.0},{"not_picked":["Prepared","Predator","Underhanded Strike"],"picked":"Concentrate","floor":18.0},{"not_picked":["Quick Slash","Crippling Poison","Slice","Dagger Spray"],"picked":"SKIP","floor":24},{"not_picked":["Blade Dance","Quick Slash","Backflip"],"picked":"Blur","floor":25},{"not_picked":["Poisoned Stab","Terror","Dodge and Roll"],"picked":"PiercingWail+1","floor":28},{"not_picked":["Crippling Poison","Outmaneuver","Acrobatics"],"picked":"Venomology","floor":30},{"not_picked":["Finisher","Poisoned Stab","Quick Slash"],"picked":"Bouncing Flask","floor":31},{"not_picked":["Grand Finale","Glass Knife","Tools of the Trade"],"picked":"Malaise","floor":33},{"not_picked":["Heel Hook","Quick Slash","Flechettes"],"picked":"Backflip","floor":35},{"not_picked":["Deadly Poison","Outmaneuver+1","Masterful Stab+1"],"picked":"Backflip","floor":37},{"not_picked":["Dagger Spray","Poisoned Stab","Prepared","Underhanded Strike"],"picked":"SKIP","floor":39},{"not_picked":["A Thousand Cuts","Bane","Bouncing Flask","Masterful Stab"],"picked":"SKIP","floor":40},{"not_picked":["Bullet Time","Sucker Punch","Deadly Poison+1","Cloak And Dagger"],"picked":"SKIP","floor":42},{"not_picked":["Dash","Leg Sweep","Bane"],"picked":"Grand Finale","floor":47},{"not_picked":["Underhanded Strike+1","Slice+1","Prepared"],"picked":"PiercingWail+1","floor":48}],"player_experience":1791688,"relics_obtained":[{"floor":6.0,"key":"Question Card"},{"floor":8.0,"key":"MawBank"},{"floor":9.0,"key":"Sundial"},{"floor":25,"key":"Ginger"},{"floor":26,"key":"Omamori"},{"floor":40,"key":"Boot"},{"floor":42,"key":"Shovel"},{"floor":45,"key":"FossilizedHelix"},{"floor":46,"key":"Mercury Hourglass"},{"floor":47,"key":"Molten Egg 2"},{"floor":49,"key":"Blood Vial"},{"floor":53,"key":"Letter Opener"}],"event_choices":[{"damage_healed":0.0,"max_hp_gain":0.0,"max_hp_loss":0.0,"gold_gain":0.0,"event_name":"Upgrade Shrine","player_choice":"Upgraded","floor":2.0,"gold_loss":0.0,"damage_taken":0.0,"cards_upgraded":["Deadly Poison"]},{"damage_healed":13,"gold_gain":0,"player_choice":"Heal","damage_taken":0,"max_hp_gain":0,"max_hp_loss":0,"event_name":"The Library","floor":20,"gold_loss":0},{"cards_removed":["Strike_G"],"damage_healed":0,"gold_gain":0,"player_choice":"Gave Gold","damage_taken":0,"max_hp_gain":0,"max_hp_loss":0,"event_name":"Beggar","floor":21,"gold_loss":75},{"damage_healed":0,"gold_gain":0,"player_choice":"Rummage","damage_taken":0,"relics_obtained":["WarpedTongs"],"max_hp_gain":0,"max_hp_loss":0,"event_name":"Accursed Blacksmith","floor":36,"gold_loss":0,"cards_obtained":["Pain"]},{"damage_healed":0,"gold_gain":0,"player_choice":"Max HP","damage_taken":0,"max_hp_gain":0,"max_hp_loss":3,"event_name":"Winding Halls","floor":41,"gold_loss":0},{"damage_healed":0,"gold_gain":0,"player_choice":"Relic","damage_taken":0,"max_hp_gain":0,"max_hp_loss":0,"event_name":"Wheel of Change","floor":45,"gold_loss":0}],"is_beta":false,"boss_relics":[{"not_picked":["Calling Bell","Pandora\u0027s Box"],"picked":"Runic Pyramid"},{"not_picked":["Tiny House","White Beast Statue"],"picked":"Runic Dome"}],"items_purged_floors":[4,19,22,38,54],"is_endless":false,"potions_floor_spawned":[5,6,12,14,16,28,30,35,37,47],"killed_by":"Shield and Spear","ascension_level":20}