{"gold_per_floor":[112,128,139,139,60,60,92,107,133,133,133,167,183,216,216,216],"floor_reached":16,"playtime":414,"items_purged":[],"score":290,"play_id":"c62852b0-f7a8-4dbb-b2b1-c28cb0176625","local_time":"20190424081736","is_ascension_mode":true,"campfire_choices":[{"data":"Dualcast","floor":6,"key":"SMITH"},{"data":"Turbo","floor":11,"key":"SMITH"},{"data":"Thunder Strike","floor":15,"key":"SMITH"}],"neow_cost":"NONE","seed_source_timestamp":144343978480387,"circlet_count":0,"master_deck":["AscendersBane","Strike_B","Strike_B","Strike_B","Defend_B+1","Defend_B","Defend_B","Defend_B+1","Zap","Dualcast+1","Multi-Cast","Conserve Battery","Hologram","Auto Shields","Turbo+1","Ball Lightning","Hologram","Heatsinks","Thunder Strike+1","All For One"],"relics":["Cracked Core","Dream Catcher","Lantern","Anchor","Ornamental Fan"],"potions_floor_usage":[14,16],"damage_taken":[{"damage":1,"enemies":"Cultist","floor":1,"turns":3},{"damage":0,"enemies":"Jaw Worm","floor":2,"turns":4},{"damage":0,"enemies":"2 Louse","floor":3,"turns":2},{"damage":12,"enemies":"3 Sentries","floor":7,"turns":9},{"damage":10,"enemies":"Large Slime","floor":8,"turns":3},{"damage":0,"enemies":"Gremlin Nob","floor":12,"turns":3},{"damage":0,"enemies":"Blue Slaver","floor":13,"turns":2},{"damage":12,"enemies":"3 Sentries","floor":14,"turns":6},{"damage":0,"enemies":"Slime Boss","floor":16,"turns":3}],"seed_played":"6514230737708230705","potions_obtained":[{"floor":1,"key":"GamblersBrew"},{"floor":7,"key":"AttackPotion"},{"floor":14,"key":"Fruit Juice"}],"is_trial":false,"path_per_floor":["M","M","M","?","$","R","E","M","T","?","R","E","M","E","R","B"],"character_chosen":"DEFECT","items_purchased":["Turbo","Ball Lightning"],"campfire_rested":0,"item_purchase_floors":[5,5],"current_hp_per_floor":[63,63,63,56,56,56,44,34,34,13,13,13,13,6,6,6],"gold":216,"neow_bonus":"ONE_RANDOM_RARE_CARD","is_prod":false,"is_daily":false,"chose_seed":false,"campfire_upgraded":3,"win_rate":0,"timestamp":1556065056,"path_taken":["M","M","?","?","$","R","E","M","T","?","R","E","M","E","R","BOSS"],"build_version":"2019-01-23","purchased_purges":0,"victory":false,"max_hp_per_floor":[71,71,71,71,71,71,71,71,71,71,71,71,71,76,76,76],"card_choices":[{"not_picked":["Barrage","Steam"],"picked":"Conserve Battery","floor":1},{"not_picked":["Leap","Streamline"],"picked":"Hologram","floor":2},{"not_picked":["Storm","Rebound"],"picked":"Auto Shields","floor":3},{"not_picked":["Auto Shields","Ball Lightning"],"picked":"Hologram","floor":7},{"not_picked":["Auto Shields","Steam"],"picked":"Heatsinks","floor":8},{"not_picked":["Gash","Ball Lightning"],"picked":"Thunder Strike","floor":12},{"not_picked":["Auto Shields","Streamline","Sweeping Beam"],"picked":"SKIP","floor":13},{"not_picked":["Rebound","BootSequence"],"picked":"All For One","floor":14}],"player_experience":4495263,"relics_obtained":[{"floor":7,"key":"Dream Catcher"},{"floor":9,"key":"Lantern"},{"floor":12,"key":"Anchor"},{"floor":14,"key":"Ornamental Fan"}],"event_choices":[{"cards_removed":["Strike_B"],"damage_healed":0,"gold_gain":0,"player_choice":"Card Removal","damage_taken":7,"max_hp_gain":0,"max_hp_loss":0,"event_name":"Golden Wing","floor":4,"gold_loss":0},{"damage_healed":0,"gold_gain":0,"player_choice":"Entered Light","damage_taken":21,"max_hp_gain":0,"max_hp_loss":0,"event_name":"Shining Light","floor":10,"gold_loss":0,"cards_upgraded":["Defend_B","Defend_B"]}],"is_beta":false,"boss_relics":[],"items_purged_floors":[],"is_endless":false,"potions_floor_spawned":[1,7,14],"killed_by":"Slime Boss","ascension_level":20}