{"gold_per_floor":[109,109,119,119,140,140,153,178,178,178],"floor_reached":10,"playtime":254,"items_purged":[],"score":120,"play_id":"b6602d01-8604-4fae-bf27-939cf6f318fe","local_time":"20190328154929","is_ascension_mode":true,"campfire_choices":[{"data":"Darkness","floor":6,"key":"SMITH"}],"neow_cost":"TEN_PERCENT_HP_LOSS","seed_source_timestamp":16407665333534,"circlet_count":0,"master_deck":["AscendersBane","Strike_B","Strike_B","Strike_B","Defend_B","Defend_B","Defend_B","Defend_B","Zap","Dualcast","Echo Form","Tempest","Darkness+1","Multi-Cast"],"relics":["Cracked Core","Golden Idol","The Courier"],"potions_floor_usage":[10],"damage_taken":[{"damage":0,"enemies":"2 Louse","floor":1,"turns":4},{"damage":4,"enemies":"Jaw Worm","floor":3,"turns":4},{"damage":6,"enemies":"Cultist","floor":5,"turns":3},{"damage":9,"enemies":"Blue Slaver","floor":7,"turns":4},{"damage":20,"enemies":"Large Slime","floor":8,"turns":4},{"damage":0,"enemies":"Lots of Slimes","floor":10,"turns":1}],"seed_played":"6940706402465794289","potions_obtained":[{"floor":7,"key":"Regen Potion"}],"is_trial":false,"path_per_floor":["M","?","M","?","M","R","M","M","T","M"],"character_chosen":"DEFECT","items_purchased":[],"campfire_rested":0,"item_purchase_floors":[],"current_hp_per_floor":[64,57,53,53,47,47,38,18,18,18],"gold":178,"neow_bonus":"THREE_RARE_CARDS","is_prod":false,"is_daily":false,"chose_seed":false,"campfire_upgraded":1,"win_rate":0,"timestamp":1553759369,"path_taken":["M","?","M","?","M","R","M","M","T","M"],"build_version":"2019-01-23","purchased_purges":0,"victory":false,"max_hp_per_floor":[64,64,64,58,58,58,58,58,58,58],"card_choices":[{"not_picked":["All For One","Creative AI"],"picked":"Echo Form","floor":0},{"not_picked":["Rebound","Beam Cell","Redo"],"picked":"SKIP","floor":1},{"not_picked":["Barrage","Compile Driver"],"picked":"Tempest","floor":3},{"not_picked":["Chaos","Cold Snap"],"picked":"Darkness","floor":5},{"not_picked":["Chaos","Steam"],"picked":"Multi-Cast","floor":7},{"not_picked":["Storm","Barrage","Streamline"],"picked":"SKIP","floor":8}],"player_experience":3925920,"relics_obtained":[{"floor":9,"key":"The Courier"}],"event_choices":[{"cards_removed":["Strike_B"],"damage_healed":0,"gold_gain":0,"player_choice":"Card Removal","damage_taken":7,"max_hp_gain":0,"max_hp_loss":0,"event_name":"Golden Wing","floor":2,"gold_loss":0},{"damage_healed":0,"gold_gain":0,"player_choice":"Lose Max HP","damage_taken":0,"relics_obtained":["Golden Idol"],"max_hp_gain":0,"max_hp_loss":6,"event_name":"Golden Idol","floor":4,"gold_loss":0}],"is_beta":false,"boss_relics":[],"items_purged_floors":[],"is_endless":false,"potions_floor_spawned":[7],"killed_by":"Lots of Slimes","ascension_level":20}