{"gold_per_floor":[159,159,33,84,135,213,243,336,336,366,366,36,111,144,144,144],"floor_reached":16,"playtime":510,"items_purged":["Pain"],"score":394,"play_id":"835c3847-3dec-443a-bd94-a04792f4ad46","local_time":"20190130185823","daily_mods":["DeadlyEvents","Binary","Cursed Run","Elite Swarm","Lethality","Midas","Night Terrors","Terminal","Uncertain Future","Binary"],"is_ascension_mode":true,"campfire_choices":[{"floor":11.0,"key":"REST"},{"floor":15,"key":"REST"}],"neow_cost":"","seed_source_timestamp":0,"circlet_count":0,"master_deck":["AscendersBane","Defend_G","Defend_G","Defend_G","Defend_G","Defend_G","Strike_G","Strike_G","Strike_G","Strike_G","Strike_G","Survivor","Neutralize","Riddle With Holes","Well Laid Plans","Bouncing Flask"],"special_seed":0,"relics":["Cursed Key","Darkstone Periapt","Du-Vu Doll","Busted Crown","Nunchaku","Matryoshka","Dream Catcher","Pantograph","Orichalcum","Prayer Wheel"],"potions_floor_usage":[16,16],"damage_taken":[{"damage":0.0,"enemies":"2 Louse","floor":1.0,"turns":2.0},{"damage":0.0,"enemies":"Cultist","floor":4.0,"turns":2.0},{"damage":0.0,"enemies":"Small Slimes","floor":5.0,"turns":1.0},{"damage":0.0,"enemies":"3 Sentries","floor":6.0,"turns":7.0},{"damage":0.0,"enemies":"3 Louse","floor":7.0,"turns":3.0},{"damage":0.0,"enemies":"Lagavulin","floor":8.0,"turns":4.0},{"damage":3.0,"enemies":"Looter","floor":10.0,"turns":2.0},{"damage":0.0,"enemies":"Gremlin Nob","floor":13.0,"turns":3.0},{"damage":0,"enemies":"Gremlin Gang","floor":14,"turns":4},{"damage":1,"enemies":"Hexaghost","floor":16,"turns":7}],"seed_played":"2006984252957223510","potions_obtained":[{"floor":2.0,"key":"Ancient Potion"},{"floor":2.0,"key":"Block Potion"},{"floor":4.0,"key":"Explosive Potion"},{"floor":6.0,"key":"Block Potion"},{"floor":14,"key":"GhostInAJar"}],"is_trial":true,"path_per_floor":["M","?","$","M","M","E","M","E","T","M","R","$","E","M","R","B"],"character_chosen":"THE_SILENT","items_purchased":["Riddle With Holes","Well Laid Plans","Bouncing Flask","Orichalcum"],"campfire_rested":2,"item_purchase_floors":[3,3,12,12],"current_hp_per_floor":[1,1,1,1,1,1,1,1,6,3,1,1,1,1,1,0],"gold":144,"neow_bonus":"","is_prod":false,"is_daily":false,"chose_seed":false,"campfire_upgraded":0,"win_rate":0,"timestamp":1548845903,"path_taken":["M","?","?","M","M","E","M","E","T","?","R","$","E","M","R","BOSS"],"build_version":"2019-01-23","purchased_purges":1,"victory":false,"max_hp_per_floor":[1,1,1,1,1,1,1,1,6,5,1,1,1,1,1,1],"card_choices":[],"player_experience":2413310,"relics_obtained":[{"floor":6.0,"key":"Nunchaku"},{"floor":8.0,"key":"Matryoshka"},{"floor":9.0,"key":"Dream Catcher"},{"floor":9.0,"key":"Pantograph"},{"floor":13.0,"key":"Prayer Wheel"}],"event_choices":[{"damage_healed":0.0,"max_hp_gain":0.0,"max_hp_loss":0.0,"gold_gain":0.0,"event_name":"Lab","player_choice":"Got Potions","floor":2.0,"gold_loss":0.0,"damage_taken":0.0}],"is_beta":false,"boss_relics":[],"items_purged_floors":[12],"is_endless":false,"potions_floor_spawned":[4,6,7,10,14],"killed_by":"Hexaghost","ascension_level":20}