{"gold_per_floor":[362,377,377,389,6,6,40,40,64,94,114,114,127,147,147,219,219,231,231,146,217,217,217,243,254,279,204,51,51,51],"floor_reached":30,"playtime":804,"items_purged":["Strike_B"],"score":512,"play_id":"90eb4312-585a-4439-95e5-7ee440eccf30","local_time":"20190224163008","is_ascension_mode":true,"campfire_choices":[{"data":"Dualcast","floor":6.0,"key":"SMITH"},{"data":"Blizzard","floor":12.0,"key":"SMITH"},{"data":"Consume","floor":15.0,"key":"SMITH"},{"data":"Fission","floor":23,"key":"SMITH"}],"neow_cost":"TEN_PERCENT_HP_LOSS","seed_source_timestamp":592007221087514,"circlet_count":0,"master_deck":["AscendersBane","Strike_B","Strike_B+1","Defend_B","Defend_B","Defend_B","Defend_B","Zap+1","Dualcast+1","Redo","Chill","Ball Lightning+1","Coolheaded","Blizzard+1","Consume+1","Beam Cell","Glacier","Fission+1","Cold Snap","Hologram","Go for the Eyes","Defragment"],"special_seed":0,"relics":["Cracked Core","Peace Pipe","Whetstone","Anchor","Pen Nib","Runic Dome","Ancient Tea Set","Sundial","Blood Vial","Orichalcum"],"potions_floor_usage":[24],"damage_taken":[{"damage":4.0,"enemies":"Jaw Worm","floor":1.0,"turns":4.0},{"damage":2.0,"enemies":"Cultist","floor":2.0,"turns":4.0},{"damage":0.0,"enemies":"Small Slimes","floor":4.0,"turns":4.0},{"damage":3.0,"enemies":"Lagavulin","floor":7.0,"turns":7.0},{"damage":4.0,"enemies":"3 Sentries","floor":10.0,"turns":7.0},{"damage":3.0,"enemies":"Exordium Wildlife","floor":11.0,"turns":5.0},{"damage":4.0,"enemies":"Blue Slaver","floor":13.0,"turns":3.0},{"damage":3.0,"enemies":"Large Slime","floor":14.0,"turns":4.0},{"damage":35,"enemies":"Hexaghost","floor":16,"turns":10},{"damage":0,"enemies":"Shell Parasite","floor":18,"turns":4},{"damage":15,"enemies":"Slavers","floor":24,"turns":7},{"damage":0,"enemies":"Spheric Guardian","floor":25,"turns":4},{"damage":17,"enemies":"Colosseum Slavers","floor":29,"turns":5},{"damage":8,"enemies":"Snake Plant","floor":30,"turns":2}],"seed_played":"4992166335915421787","potions_obtained":[{"floor":4.0,"key":"Weak Potion"},{"floor":7.0,"key":"PowerPotion"},{"floor":10.0,"key":"SteroidPotion"},{"floor":25,"key":"PowerPotion"}],"is_trial":false,"path_per_floor":["M","M","?","M","$","R","E","$","T","E","M","R","M","M","R","B",null,"M","?","?","T","?","R","E","M","T","?","$","?","M"],"character_chosen":"DEFECT","items_purchased":["Peace Pipe","Coolheaded","Defragment"],"campfire_rested":0,"item_purchase_floors":[5,5,28],"current_hp_per_floor":[60,58,58,58,58,58,55,55,55,51,48,48,44,41,41,6,50,50,50,50,50,33,33,18,20,20,20,20,5,0],"gold":51,"neow_bonus":"TWO_FIFTY_GOLD","is_prod":false,"is_daily":false,"chose_seed":false,"campfire_upgraded":4,"win_rate":0,"timestamp":1550997008,"path_taken":["M","M","?","?","$","R","E","$","T","E","M","R","M","M","R","BOSS","M","?","?","?","?","R","E","?","T","?","$","?","M"],"build_version":"2019-01-23","purchased_purges":1,"victory":false,"max_hp_per_floor":[64,64,64,64,64,64,64,64,64,64,64,64,64,64,64,64,64,64,64,64,64,69,69,69,69,69,69,69,69,69],"card_choices":[{"not_picked":["Lockon","Storm"],"picked":"Redo","floor":1.0},{"not_picked":["Undo","Genetic Algorithm"],"picked":"Chill","floor":2.0},{"not_picked":["Capacitor","Beam Cell"],"picked":"Ball Lightning","floor":4.0},{"not_picked":["Tempest","Doom and Gloom"],"picked":"Blizzard","floor":7.0},{"not_picked":["Heatsinks","Lockon"],"picked":"Consume","floor":10.0},{"not_picked":["Streamline","Heatsinks"],"picked":"Beam Cell","floor":11.0},{"not_picked":["Undo","Rebound"],"picked":"Glacier","floor":13.0},{"not_picked":["Chill","Streamline","Sweeping Beam"],"picked":"SKIP","floor":14.0},{"not_picked":["Creative AI","Meteor Strike"],"picked":"Fission","floor":16},{"not_picked":["Ball Lightning","Double Energy"],"picked":"Cold Snap","floor":18},{"not_picked":["FTL","Chaos"],"picked":"Hologram","floor":24},{"not_picked":["Leap","Force Field"],"picked":"Go for the Eyes","floor":25}],"player_experience":970571,"relics_obtained":[{"floor":7.0,"key":"Whetstone"},{"floor":9.0,"key":"Anchor"},{"floor":10.0,"key":"Pen Nib"},{"floor":21,"key":"Sundial"},{"floor":24,"key":"Blood Vial"},{"floor":26,"key":"Orichalcum"}],"event_choices":[{"damage_healed":0.0,"max_hp_gain":0.0,"max_hp_loss":0.0,"gold_gain":0.0,"event_name":"Upgrade Shrine","player_choice":"Upgraded","floor":3.0,"gold_loss":0.0,"damage_taken":0.0,"cards_upgraded":["Zap"]},{"damage_healed":0,"gold_gain":0,"player_choice":"Ignored","damage_taken":0,"max_hp_gain":0,"max_hp_loss":0,"event_name":"Ghosts","floor":19,"gold_loss":0},{"damage_healed":0,"gold_gain":0,"player_choice":"Obtained Relic","damage_taken":0,"relics_obtained":["Ancient Tea Set"],"max_hp_gain":0,"max_hp_loss":0,"event_name":"Addict","floor":20,"gold_loss":85},{"damage_healed":0,"gold_gain":0,"player_choice":"Shed Blood","damage_taken":22,"max_hp_gain":5,"max_hp_loss":0,"event_name":"Forgotten Altar","floor":22,"gold_loss":0},{"cards_removed":["Strike_B"],"damage_healed":0,"gold_gain":0,"player_choice":"Gave Gold","damage_taken":0,"max_hp_gain":0,"max_hp_loss":0,"event_name":"Beggar","floor":27,"gold_loss":75},{"damage_healed":0,"gold_gain":0,"player_choice":"Fight","damage_taken":0,"max_hp_gain":0,"max_hp_loss":0,"event_name":"Colosseum","floor":29,"gold_loss":0},{"damage_healed":0,"gold_gain":0,"player_choice":"Fled From Nobs","damage_taken":0,"max_hp_gain":0,"max_hp_loss":0,"event_name":"Colosseum","floor":29,"gold_loss":0}],"is_beta":false,"boss_relics":[{"not_picked":["Velvet Choker","Calling Bell"],"picked":"Runic Dome"}],"items_purged_floors":[28],"is_endless":false,"potions_floor_spawned":[4,7,10,16,25,29],"killed_by":"Snake Plant","ascension_level":20}