{"gold_per_floor":[118,137,153,78,78,78,78,78,130,130,151,174,174,210,210,338,338,351,450,108,108,108,108,133,146,146,146,146,146,169,183,183,302,302,321,341,341,360,360,360,374,374,374,151,171,21,21,39,39,39],"floor_reached":51,"playtime":2831,"items_purged":["Strike_B","Strike_B","Defend_B","Ball Lightning+1"],"score":847,"play_id":"eadf5824-0ca6-49c2-8807-79888e419f7a","local_time":"20190615211104","is_ascension_mode":false,"campfire_choices":[{"data":"Dualcast","floor":6.0,"key":"SMITH"},{"data":"Hologram","floor":8.0,"key":"SMITH"},{"data":"Defragment","floor":13.0,"key":"SMITH"},{"data":"Coolheaded","floor":15.0,"key":"SMITH"},{"data":"Recycle","floor":23,"key":"SMITH"},{"data":"Reboot","floor":27,"key":"SMITH"},{"data":"Undo","floor":29,"key":"SMITH"},{"data":"Reboot","floor":32,"key":"SMITH"},{"data":"Reboot","floor":40,"key":"SMITH"},{"data":"Ball Lightning","floor":42,"key":"SMITH"},{"data":"Impatience","floor":47,"key":"SMITH"},{"data":"Rainbow","floor":49,"key":"SMITH"}],"neow_cost":"NONE","seed_source_timestamp":6499876016177,"circlet_count":0,"master_deck":["Defend_B+1","Defend_B+1","Zap+1","Dualcast+1","Recycle+1","Hologram+1","Undo+1","Defragment+1","Coolheaded+1","Rainbow+1","Reboot+1","Coolheaded+1","Reboot+1","Reboot+1","Impatience+1"],"special_seed":0,"relics":["Cracked Core","Golden Idol","Ancient Tea Set","Dream Catcher","Coffee Dripper","Sundial","Cables","Runic Pyramid","Calipers"],"potions_floor_usage":[],"damage_taken":[{"damage":0.0,"enemies":"2 Louse","floor":1.0,"turns":2.0},{"damage":3.0,"enemies":"Jaw Worm","floor":2.0,"turns":4.0},{"damage":4.0,"enemies":"Small Slimes","floor":3.0,"turns":3.0},{"damage":4.0,"enemies":"2 Fungi Beasts","floor":11.0,"turns":3.0},{"damage":0.0,"enemies":"Exordium Wildlife","floor":12.0,"turns":2.0},{"damage":10.0,"enemies":"3 Sentries","floor":14.0,"turns":6.0},{"damage":0.0,"enemies":"Hexaghost","floor":16.0,"turns":9.0},{"damage":0,"enemies":"3 Byrds","floor":18,"turns":3},{"damage":0,"enemies":"Shell Parasite","floor":24,"turns":3},{"damage":0,"enemies":"Centurion and Healer","floor":25,"turns":5},{"damage":0,"enemies":"Shelled Parasite and Fungi","floor":30,"turns":3},{"damage":0,"enemies":"Snake Plant","floor":31,"turns":3},{"damage":0,"enemies":"Automaton","floor":33,"turns":4},{"damage":0,"enemies":"3 Shapes","floor":35,"turns":1},{"damage":0,"enemies":"Orb Walker","floor":36,"turns":2},{"damage":0,"enemies":"Writhing Mass","floor":38,"turns":1},{"damage":0,"enemies":"3 Darklings","floor":41,"turns":1},{"damage":0,"enemies":"4 Shapes","floor":45,"turns":1},{"damage":0,"enemies":"Maw","floor":48,"turns":1},{"damage":0,"enemies":"Time Eater","floor":50,"turns":7}],"seed_played":"-7015517145671018730","potions_obtained":[{"floor":1.0,"key":"SpeedPotion"},{"floor":2.0,"key":"Weak Potion"},{"floor":14.0,"key":"SteroidPotion"},{"floor":16.0,"key":"SkillPotion"},{"floor":33,"key":"Swift Potion"}],"is_trial":false,"path_per_floor":["M","M","M","$","?","R","?","R","T","?","M","M","R","E","R","B",null,"M","?","$","?","?","R","M","M","T","R","?","R","M","M","R","B",null,"M","M","?","M","?","R","M","R","T","$","M","$","R","M","R","B",null],"character_chosen":"DEFECT","items_purchased":["Sundial","Impatience"],"campfire_rested":0,"item_purchase_floors":[20,44],"current_hp_per_floor":[75,72,68,68,53,53,35,35,35,28,24,24,24,14,14,14,75,75,75,75,75,75,75,75,75,75,75,61,61,61,61,61,61,80,80,80,80,80,76,76,76,76,76,76,76,76,76,76,76,76],"gold":39,"neow_bonus":"UPGRADE_CARD","is_prod":false,"is_daily":false,"chose_seed":false,"campfire_upgraded":12,"win_rate":0,"timestamp":1560604264,"path_taken":["M","M","M","$","?","R","?","R","T","?","?","M","R","E","R","BOSS","M","?","$","?","?","R","M","M","T","R","?","R","M","?","R","BOSS","M","M","?","M","?","R","M","R","T","$","M","?","R","M","R","BOSS"],"build_version":"2019-01-23","purchased_purges":4,"victory":true,"max_hp_per_floor":[75,75,75,75,75,75,75,75,75,75,75,75,75,75,75,75,75,75,75,75,75,75,75,75,75,75,75,80,80,80,80,80,80,80,80,80,80,80,76,76,76,76,76,76,76,76,76,76,76,76],"card_choices":[{"not_picked":["Hologram","Tempest"],"picked":"Recycle","floor":1.0},{"not_picked":["Sweeping Beam","Go for the Eyes"],"picked":"Hologram","floor":2.0},{"not_picked":["Stack","Double Energy"],"picked":"Ball Lightning","floor":3.0},{"not_picked":["Sweeping Beam","Tempest"],"picked":"Undo","floor":11.0},{"not_picked":["Hologram","Barrage"],"picked":"Defragment","floor":12.0},{"not_picked":["Sunder","Streamline"],"picked":"Coolheaded","floor":14.0},{"not_picked":["Hyperbeam","Thunder Strike"],"picked":"Rainbow","floor":16.0},{"not_picked":["Steam Power+1","Go for the Eyes+1","Hologram+1"],"picked":"SKIP","floor":18},{"not_picked":["Sweeping Beam","Force Field"],"picked":"Coolheaded+1","floor":24},{"not_picked":["Conserve Battery","Ball Lightning","Stack"],"picked":"SKIP","floor":25},{"not_picked":["Rebound","Doom and Gloom","Turbo"],"picked":"SKIP","floor":30},{"not_picked":["BootSequence+1","Conserve Battery"],"picked":"Reboot","floor":31},{"not_picked":["Thunder Strike","Biased Cognition"],"picked":"Reboot","floor":33},{"not_picked":["Reprogram+1","Doom and Gloom","Compile Driver+1"],"picked":"SKIP","floor":35},{"not_picked":["Barrage+1","Turbo+1","Cold Snap+1"],"picked":"SKIP","floor":36},{"not_picked":["Darkness","Recycle+1","Scrape"],"picked":"SKIP","floor":38},{"not_picked":["BootSequence+1","Hologram+1","Streamline+1"],"picked":"SKIP","floor":41},{"not_picked":["Fusion","Static Discharge+1","Hologram+1"],"picked":"SKIP","floor":45},{"not_picked":["Go for the Eyes","Double Energy","Sweeping Beam"],"picked":"SKIP","floor":48}],"player_experience":5261128,"relics_obtained":[{"floor":9.0,"key":"Ancient Tea Set"},{"floor":14.0,"key":"Dream Catcher"},{"floor":26,"key":"Cables"},{"floor":43,"key":"Calipers"}],"event_choices":[{"damage_healed":0.0,"max_hp_gain":0.0,"max_hp_loss":0.0,"gold_gain":0.0,"event_name":"Shining Light","player_choice":"Entered Light","floor":5.0,"gold_loss":0.0,"damage_taken":15.0,"cards_upgraded":["Defend_B","Defend_B"]},{"damage_healed":0.0,"max_hp_gain":0.0,"max_hp_loss":0.0,"gold_gain":0.0,"event_name":"Golden Idol","player_choice":"Take Damage","floor":7.0,"gold_loss":0.0,"damage_taken":18.0,"relics_obtained":["Golden Idol"]},{"cards_removed":["Defend_B"],"damage_healed":0.0,"max_hp_gain":0.0,"max_hp_loss":0.0,"gold_gain":0.0,"event_name":"Golden Wing","player_choice":"Card Removal","floor":10.0,"gold_loss":0.0,"damage_taken":7.0},{"damage_healed":0,"gold_gain":99,"player_choice":"Stole From Cult","damage_taken":0,"max_hp_gain":0,"max_hp_loss":0,"event_name":"Nest","floor":19,"gold_loss":0},{"damage_healed":0,"gold_gain":0,"cards_transformed":["Strike_B","Strike_B"],"player_choice":"Became Test Subject","damage_taken":0,"max_hp_gain":0,"max_hp_loss":0,"event_name":"Drug Dealer","floor":21,"gold_loss":0,"cards_obtained":["Barrage","Reboot"]},{"damage_healed":0,"gold_gain":0,"player_choice":"Ignored","damage_taken":0,"max_hp_gain":0,"max_hp_loss":0,"event_name":"Cursed Tome","floor":22,"gold_loss":0},{"damage_healed":0,"gold_gain":0,"player_choice":"Shed Blood","damage_taken":19,"max_hp_gain":5,"max_hp_loss":0,"event_name":"Forgotten Altar","floor":28,"gold_loss":0},{"cards_removed":["Barrage"],"damage_healed":0,"gold_gain":0,"player_choice":"Removed Attack","damage_taken":0,"max_hp_gain":0,"max_hp_loss":0,"event_name":"Falling","floor":37,"gold_loss":0},{"damage_healed":0,"gold_gain":0,"player_choice":"Max HP","damage_taken":0,"max_hp_gain":0,"max_hp_loss":4,"event_name":"Winding Halls","floor":39,"gold_loss":0}],"is_beta":false,"boss_relics":[{"not_picked":["Fusion Hammer","Astrolabe"],"picked":"Coffee Dripper"},{"not_picked":["Calling Bell","Busted Crown"],"picked":"Runic Pyramid"}],"items_purged_floors":[4,20,44,46],"is_endless":false,"potions_floor_spawned":[1,2,14,16,18,30,33,36,38,48],"ascension_level":0}