{"gold_per_floor":[113,113,124,6,6,36,36,96,122,122,136,170,170,195,195,269,269,282,282,299,319,336,361,361,392,392,392,427,342,342,342,342,421,421,441,441,1440,1453,720,752,752,784,784,801,801,801,801,828,828,828,828,828,100,100],"floor_reached":54,"playtime":2314,"items_purged":["Strike_R","Strike_R"],"score":1749,"play_id":"70e5d950-07a7-4e32-99c0-146828d37cdc","local_time":"20190622130056","is_ascension_mode":true,"campfire_choices":[{"data":"Wild Strike","floor":10,"key":"SMITH"},{"data":"Juggernaut","floor":15,"key":"SMITH"},{"floor":24,"key":"REST"},{"data":"Inflame","floor":30,"key":"SMITH"},{"floor":32,"key":"REST"},{"floor":41,"key":"RECALL"},{"floor":47,"key":"REST"},{"data":"Secret Technique","floor":49,"key":"SMITH"},{"data":"Disarm","floor":52,"key":"SMITH"}],"neow_cost":"NONE","seed_source_timestamp":57818632320421,"circlet_count":0,"master_deck":["AscendersBane","Defend_R","Defend_R","Defend_R","Defend_R+1","Bash","Wild Strike+1","Cleave","Inflame+1","Shockwave+1","Sword Boomerang+1","Shrug It Off","Juggernaut+1","Combust+1","Feed+1","Iron Wave+1","Clash+1","Hemokinesis+1","Corruption+1","Flame Barrier","Pommel Strike+1","Flame Barrier","Spot Weakness","Limit Break","Immolate+1","Ghostly Armor+1","Feel No Pain+1","Disarm+1","Shrug It Off","Secret Technique+1","Battle Trance","Second Wind+1","Decay","Shrug It Off","Mayhem+1","Thinking Ahead","Fiend Fire+1","Armaments","Bludgeon+1"],"relics":["Burning Blood","NeowsBlessing","Molten Egg 2","Dream Catcher","Juzu Bracelet","Vajra","Thread and Needle","Frozen Egg 2","Bottled Lightning","Mark of Pain","Singing Bowl","Regal Pillow","Centennial Puzzle","Enchiridion","Darkstone Periapt","Omamori","Oddly Smooth Stone","Cursed Key","OrangePellets","Matryoshka","Dodecahedron","Pear","Boot","Shuriken","Bag of Preparation"],"potions_floor_usage":[8,12,20,23,28,42,54],"damage_taken":[{"damage":0,"enemies":"Small Slimes","floor":1,"turns":1},{"damage":0,"enemies":"Cultist","floor":3,"turns":1},{"damage":0,"enemies":"Gremlin Nob","floor":6,"turns":1},{"damage":6,"enemies":"Gremlin Nob","floor":8,"turns":3},{"damage":0,"enemies":"2 Louse","floor":11,"turns":1},{"damage":0,"enemies":"Lagavulin","floor":12,"turns":4},{"damage":4,"enemies":"Gremlin Nob","floor":14,"turns":3},{"damage":39,"enemies":"Slime Boss","floor":16,"turns":6},{"damage":7,"enemies":"2 Thieves","floor":18,"turns":3},{"damage":0,"enemies":"3 Byrds","floor":20,"turns":3},{"damage":22,"enemies":"Shelled Parasite and Fungi","floor":21,"turns":6},{"damage":16,"enemies":"Cultist and Chosen","floor":22,"turns":5},{"damage":21,"enemies":"Slavers","floor":23,"turns":3},{"damage":10,"enemies":"Gremlin Leader","floor":25,"turns":5},{"damage":16,"enemies":"Book of Stabbing","floor":28,"turns":5},{"damage":70,"enemies":"Champ","floor":33,"turns":7},{"damage":0,"enemies":"3 Darklings","floor":35,"turns":2},{"damage":6,"enemies":"3 Shapes","floor":38,"turns":3},{"damage":18,"enemies":"Giant Head","floor":40,"turns":6},{"damage":43,"enemies":"Reptomancer","floor":42,"turns":5},{"damage":2,"enemies":"Maw","floor":44,"turns":5},{"damage":10,"enemies":"Nemesis","floor":48,"turns":7},{"damage":88,"enemies":"Awakened One","floor":50,"turns":9},{"damage":136,"enemies":"Shield and Spear","floor":54,"turns":3}],"seed_played":"-4106632712960423992","potions_obtained":[{"floor":3,"key":"SteroidPotion"},{"floor":6,"key":"Strength Potion"},{"floor":11,"key":"LiquidBronze"},{"floor":18,"key":"EssenceOfSteel"},{"floor":22,"key":"AttackPotion"},{"floor":28,"key":"Energy Potion"},{"floor":33,"key":"LiquidBronze"},{"floor":35,"key":"Block Potion"},{"floor":42,"key":"Strength Potion"}],"is_trial":false,"path_per_floor":["M","?","M","$","T","E","?","?","T","R","M","E","T","E","R","B",null,"M","?","M","M","M","E","R","E","T","?","E","?","R","T","R","B",null,"M","?","?","M","$","E","R","E","T","M","?","?","R","E","R","B",null,"R","$","E"],"character_chosen":"IRONCLAD","items_purchased":["Inflame","Shockwave","Feel No Pain+1","Disarm","Shrug It Off","OrangePellets","Secret Technique","Armaments","Bludgeon+1","Shuriken","Bag of Preparation","SteroidPotion"],"campfire_rested":3,"item_purchase_floors":[4,4,39,39,39,39,39,53,53,53,53,53],"current_hp_per_floor":[74,63,69,69,69,75,52,52,52,52,58,64,64,66,66,33,65,68,68,74,62,56,41,69,71,71,50,44,44,44,44,88,24,80,86,86,86,92,92,80,80,43,59,63,55,55,107,103,103,21,95,95,95,0],"gold":100,"neow_bonus":"THREE_ENEMY_KILL","is_prod":false,"is_daily":false,"chose_seed":false,"campfire_upgraded":5,"win_rate":0,"timestamp":1561201256,"path_taken":["M","?","?","$","?","E","?","?","T","R","M","E","?","E","R","BOSS","M","?","M","M","M","E","R","E","T","?","E","?","R","?","R","BOSS","M","?","?","M","$","E","R","E","T","M","?","?","R","E","R","BOSS","R","$","E"],"build_version":"2019-01-23","purchased_purges":2,"victory":false,"max_hp_per_floor":[75,75,75,75,75,75,75,75,75,75,75,75,75,75,75,75,75,79,79,79,83,87,87,89,95,95,95,99,99,99,99,99,99,99,99,99,99,105,105,105,105,105,121,121,123,117,119,119,119,119,119,119,119,119],"card_choices":[{"not_picked":["Clash","Seeing Red"],"picked":"Wild Strike","floor":1},{"not_picked":["Warcry","Clothesline"],"picked":"Cleave","floor":3},{"not_picked":["Wild Strike+1","Cleave+1"],"picked":"Sword Boomerang+1","floor":6},{"not_picked":["Searing Blow+1","Cleave+1"],"picked":"Shrug It Off","floor":11},{"not_picked":["Wild Strike+1","Sword Boomerang+1"],"picked":"Juggernaut","floor":12},{"not_picked":["Bloodletting","Carnage+1"],"picked":"Combust+1","floor":14},{"not_picked":["Bludgeon+1","Exhume"],"picked":"Feed+1","floor":16},{"not_picked":["Havoc","Clash+1"],"picked":"Iron Wave+1","floor":18},{"not_picked":["Sword Boomerang+1","Whirlwind+1"],"picked":"Corruption+1","floor":20},{"not_picked":["Twin Strike+1","Combust+1"],"picked":"Flame Barrier","floor":21},{"not_picked":["Infernal Blade","Sword Boomerang+1"],"picked":"Pommel Strike+1","floor":22},{"not_picked":["Hemokinesis+1","Havoc"],"picked":"Flame Barrier","floor":23},{"not_picked":["Twin Strike+1","Seeing Red","Havoc"],"picked":"Singing Bowl","floor":24},{"not_picked":["True Grit","Rampage+1","Heavy Blade+1"],"picked":"Singing Bowl","floor":25},{"not_picked":["Anger+1","Dual Wield"],"picked":"Spot Weakness","floor":28},{"not_picked":["Intimidate","Havoc"],"picked":"Limit Break","floor":32},{"not_picked":["Berserk+1","Exhume"],"picked":"Immolate+1","floor":33},{"not_picked":["Headbutt+1","Iron Wave+1"],"picked":"Ghostly Armor+1","floor":35},{"not_picked":["Sword Boomerang+1","Havoc","Intimidate"],"picked":"Singing Bowl","floor":38},{"not_picked":["Pommel Strike+1","Metallicize+1"],"picked":"Battle Trance","floor":40},{"not_picked":["Warcry","Immolate+1"],"picked":"Second Wind+1","floor":42},{"not_picked":["Anger+1","Flex"],"picked":"Shrug It Off","floor":44},{"not_picked":["Deep Breath","PanicButton"],"picked":"Mayhem+1","floor":45},{"not_picked":["Jack Of All Trades","Dramatic Entrance+1"],"picked":"Thinking Ahead","floor":45},{"not_picked":["Trip","Panacea","Forethought"],"picked":"Singing Bowl","floor":45},{"not_picked":["True Grit","Clash+1","Heavy Blade+1"],"picked":"Singing Bowl","floor":47},{"not_picked":["Perfected Strike+1","Dual Wield"],"picked":"Fiend Fire+1","floor":48}],"player_experience":633860,"relics_obtained":[{"floor":5,"key":"Molten Egg 2"},{"floor":6,"key":"Dream Catcher"},{"floor":8,"key":"Juzu Bracelet"},{"floor":9,"key":"Vajra"},{"floor":12,"key":"Thread and Needle"},{"floor":13,"key":"Frozen Egg 2"},{"floor":14,"key":"Bottled Lightning"},{"floor":23,"key":"Singing Bowl"},{"floor":25,"key":"Regal Pillow"},{"floor":26,"key":"Centennial Puzzle"},{"floor":27,"key":"Enchiridion"},{"floor":28,"key":"Darkstone Periapt"},{"floor":31,"key":"Oddly Smooth Stone"},{"floor":40,"key":"Matryoshka"},{"floor":42,"key":"Dodecahedron"},{"floor":43,"key":"Pear"},{"floor":48,"key":"Boot"}],"event_choices":[{"damage_healed":0,"gold_gain":0,"player_choice":"Damaged","damage_taken":11,"max_hp_gain":0,"max_hp_loss":0,"event_name":"Wheel of Change","floor":2,"gold_loss":0},{"damage_healed":0,"gold_gain":0,"player_choice":"Entered Light","damage_taken":23,"max_hp_gain":0,"max_hp_loss":0,"event_name":"Shining Light","floor":7,"gold_loss":0,"cards_upgraded":["Defend_R","Shockwave"]},{"damage_healed":0,"gold_gain":30,"player_choice":"Searched \u00273\u0027 times","damage_taken":0,"max_hp_gain":0,"max_hp_loss":0,"event_name":"Dead Adventurer","floor":8,"gold_loss":0},{"damage_healed":0,"gold_gain":0,"cards_transformed":["Strike_R","Strike_R"],"player_choice":"Became Test Subject","damage_taken":0,"max_hp_gain":0,"max_hp_loss":0,"event_name":"Drug Dealer","floor":19,"gold_loss":0,"cards_obtained":["Clash","Hemokinesis"]},{"damage_healed":0,"gold_gain":0,"player_choice":"Obtained Book","damage_taken":21,"max_hp_gain":0,"max_hp_loss":0,"event_name":"Cursed Tome","floor":27,"gold_loss":0},{"damage_healed":0,"gold_gain":0,"player_choice":"Obtained Relic","damage_taken":0,"relics_obtained":["Omamori"],"max_hp_gain":0,"max_hp_loss":0,"event_name":"Addict","floor":29,"gold_loss":85},{"cards_removed":["Strike_R"],"damage_healed":0,"gold_gain":0,"player_choice":"Removed Attack","damage_taken":0,"max_hp_gain":0,"max_hp_loss":0,"event_name":"Falling","floor":36,"gold_loss":0},{"damage_healed":0,"gold_gain":999,"player_choice":"Gold","damage_taken":0,"max_hp_gain":0,"max_hp_loss":0,"event_name":"MindBloom","floor":37,"gold_loss":0,"cards_obtained":["Normality","Normality"]},{"damage_healed":0,"gold_gain":0,"player_choice":"Memory 3","damage_taken":10,"max_hp_gain":0,"max_hp_loss":0,"event_name":"SensoryStone","floor":45,"gold_loss":0},{"damage_healed":0,"gold_gain":0,"player_choice":"Max HP","damage_taken":0,"max_hp_gain":0,"max_hp_loss":6,"event_name":"Winding Halls","floor":46,"gold_loss":0}],"is_beta":false,"boss_relics":[{"not_picked":["Tiny House","Astrolabe"],"picked":"Mark of Pain"},{"not_picked":["Calling Bell","Eternal Feather"],"picked":"Cursed Key"}],"items_purged_floors":[39,53],"is_endless":false,"potions_floor_spawned":[3,6,11,18,22,28,33,35,40,42],"killed_by":"Shield and Spear","ascension_level":19}