{"path_per_floor":["M","$","?","M","?","E","M","$","T","R","M","R","?","E","R","B",null,"M","?","M","M","?","R","M","R","T","E","M","R","M","?","R"],"character_chosen":"THE_SILENT","items_purchased":["Escape Plan"],"gold_per_floor":[114,114,114,132,132,160,178,69,95,95,113,113,113,139,139,216,216,196,196,206,218,218,218,229,229,255,281,297,297,312,292,292,292],"floor_reached":33,"campfire_rested":3,"playtime":1156,"item_purchase_floors":[8],"current_hp_per_floor":[59,59,59,59,59,59,61,61,61,61,46,46,33,48,48,19,65,66,66,26,7,7,31,9,33,33,2,4,28,30,30,30,0],"items_purged":["Defend_G"],"gold":292,"score":510,"play_id":"8a2418eb-169f-4906-a231-8910e482bbd4","local_time":"20180615170009","is_prod":false,"is_daily":false,"chose_seed":false,"is_ascension_mode":true,"campfire_upgraded":4,"win_rate":0,"timestamp":1529053209,"campfire_choices":[{"data":"Neutralize","floor":10,"key":"SMITH"},{"data":"Cloak And Dagger","floor":12,"key":"SMITH"},{"data":"Finisher","floor":15,"key":"SMITH"},{"floor":23,"key":"REST"},{"floor":25,"key":"REST"},{"floor":29,"key":"REST"},{"data":"Masterful Stab","floor":32,"key":"SMITH"}],"path_taken":["M","$","?","?","?","E","?","$","T","R","M","R","?","E","R","BOSS","M","?","M","M","?","R","M","R","T","E","M","R","M","?","R","BOSS"],"build_version":"2018-06-14v2","seed_source_timestamp":26537486962241,"purchased_purges":1,"victory":false,"master_deck":["Defend_G+1","Defend_G","Defend_G+1","Strike_G","Strike_G","Survivor+1","Neutralize+1","AscendersBane","Dagger Throw","Outmaneuver","Finisher+1","Cloak And Dagger+1","Escape Plan","Terror+1","Adrenaline","After Image","Crippling Poison+1","Blur+1","Backstab+1","Infinite Blades","Masterful Stab+1"],"max_hp_per_floor":[66,66,66,66,66,66,66,66,66,66,66,66,66,80,80,80,80,80,80,80,80,80,80,80,80,80,80,80,80,80,80,80,80],"relics":["Ring of the Snake","NeowsBlessing","Blood Vial","Juzu Bracelet","Mango","Astrolabe","War Paint","Bag of Marbles"],"card_choices":[{"not_picked":["Dagger Spray","Heel Hook"],"picked":"Dagger Throw","floor":1},{"not_picked":["Skewer","Dash","Deflect"],"picked":"SKIP","floor":4},{"not_picked":["Riddle With Holes","Tactician"],"picked":"Finisher","floor":6},{"not_picked":["Underhanded Strike","Prepared"],"picked":"Cloak And Dagger","floor":7},{"not_picked":["PiercingWail","Dagger Throw"],"picked":"Terror","floor":11},{"not_picked":["Cloak And Dagger","Dash"],"picked":"Adrenaline","floor":14},{"not_picked":["Tactician","Night Terror"],"picked":"After Image","floor":16},{"not_picked":["Underhanded Strike","Leg Sweep","PiercingWail"],"picked":"SKIP","floor":18},{"not_picked":["Backflip","Poisoned Stab","Malaise"],"picked":"SKIP","floor":20},{"not_picked":["Acrobatics","Distraction","Bouncing Flask"],"picked":"SKIP","floor":21},{"not_picked":["Blade Dance","Dodge and Roll"],"picked":"Backstab+1","floor":24},{"not_picked":["Eviscerate","Flying Knee"],"picked":"Infinite Blades","floor":27},{"not_picked":["Acrobatics","Crippling Poison","Dagger Throw"],"picked":"SKIP","floor":28},{"not_picked":["Leg Sweep","Bane"],"picked":"Masterful Stab","floor":30}],"player_experience":611183,"potions_floor_usage":[16,16,27,33,33],"damage_taken":[{"damage":0,"enemies":"Jaw Worm","floor":1,"turns":1},{"damage":0,"enemies":"2 Louse","floor":4,"turns":1},{"damage":0,"enemies":"Gremlin Nob","floor":6,"turns":1},{"damage":0,"enemies":"Cultist","floor":7,"turns":4},{"damage":17,"enemies":"Large Slime","floor":11,"turns":8},{"damage":1,"enemies":"Lagavulin","floor":14,"turns":6},{"damage":31,"enemies":"Slime Boss","floor":16,"turns":12},{"damage":1,"enemies":"2 Thieves","floor":18,"turns":4},{"damage":42,"enemies":"Chosen","floor":20,"turns":6},{"damage":21,"enemies":"Snecko","floor":21,"turns":7},{"damage":24,"enemies":"Slaver and Parasite","floor":24,"turns":8},{"damage":33,"enemies":"Slavers","floor":27,"turns":9},{"damage":0,"enemies":"3 Cultists","floor":28,"turns":5},{"damage":0,"enemies":"Sentry and Sphere","floor":30,"turns":6},{"damage":49,"enemies":"Automaton","floor":33,"turns":10}],"relics_obtained":[{"floor":6,"key":"Blood Vial"},{"floor":9,"key":"Juzu Bracelet"},{"floor":14,"key":"Mango"},{"floor":26,"key":"War Paint"},{"floor":27,"key":"Bag of Marbles"}],"event_choices":[{"event_name":"Liars Game","player_choice":"disagreed","floor":3,"damage_taken":0},{"event_name":"Transmorgrifier","player_choice":"Transform","floor":5,"damage_taken":0},{"event_name":"Shining Light","player_choice":"Entered Light","floor":13,"damage_taken":0},{"event_name":"Vampires","player_choice":"Ignored","floor":19,"damage_taken":0},{"event_name":"Back to Basics","player_choice":"Elegance","floor":22,"damage_taken":0},{"event_name":"The Woman in Blue","player_choice":"Bought 1 Potion","floor":31,"damage_taken":0}],"boss_relics":[{"not_picked":["Eternal Feather","Lizard Tail"],"picked":"Astrolabe"}],"items_purged_floors":[8],"is_endless":false,"potions_floor_spawned":[4,6,14,18,28],"seed_played":"7872749678641182462","killed_by":"Automaton","ascension_level":14,"potions_obtained":[{"floor":4,"key":"Swift Potion"},{"floor":6,"key":"Ancient Potion"},{"floor":18,"key":"EssenceOfSteel"},{"floor":28,"key":"Dexterity Potion"},{"floor":31,"key":"SteroidPotion"}],"is_trial":false}