{"gold_per_floor":[119,1,1,1,18,50,50,78,78,89,48,48,48,48,48,121,121,139,156,156,56,75,75,103,103,128,128,162,176,65,65,65,143,143,156,156,27,1026,1026,1026,1026,371,371,386,418,431,448,448],"floor_reached":48,"playtime":2031,"items_purged":["Strike_G","Strike_G","Normality"],"score":1154,"play_id":"1db1b7a0-1d9d-4bbb-9591-66bcf85d4547","local_time":"20190217153733","is_ascension_mode":true,"campfire_choices":[{"data":"Neutralize","floor":7.0,"key":"SMITH"},{"data":"Catalyst","floor":12.0,"key":"SMITH"},{"data":"Well Laid Plans","floor":15.0,"key":"SMITH"},{"data":"Catalyst","floor":23.0,"key":"SMITH"},{"data":"Malaise","floor":25.0,"key":"SMITH"},{"data":"Envenom","floor":27.0,"key":"SMITH"},{"floor":32.0,"key":"REST"},{"data":"Catalyst","floor":40,"key":"SMITH"}],"neow_cost":"NONE","seed_source_timestamp":22136943601638,"circlet_count":0,"master_deck":["AscendersBane","Defend_G","Defend_G","Defend_G","Strike_G","Strike_G","Strike_G","Survivor","Neutralize+1","Well Laid Plans+1","Dagger Throw","Envenom+1","Catalyst+1","Malaise+1","Catalyst+1","Terror","J.A.X.","Burst+1","Catalyst+1","Footwork","Normality","Finesse","PanicButton","Secret Technique","Infinite Blades","Sadistic Nature","Injury","Prepared+1","Backflip"],"special_seed":0,"relics":["Ring of the Snake","NeowsBlessing","Ninja Scroll","Ornamental Fan","Mercury Hourglass","Busted Crown","Gremlin Horn","Pen Nib","Art of War","Cursed Key","Toy Ornithopter","Pantograph","PreservedInsect"],"potions_floor_usage":[44,45],"damage_taken":[{"damage":0.0,"enemies":"2 Louse","floor":1.0,"turns":1.0},{"damage":0.0,"enemies":"Small Slimes","floor":5.0,"turns":1.0},{"damage":0.0,"enemies":"3 Sentries","floor":6.0,"turns":1.0},{"damage":30.0,"enemies":"Gremlin Nob","floor":8.0,"turns":4.0},{"damage":0.0,"enemies":"Cultist","floor":10.0,"turns":2.0},{"damage":61.0,"enemies":"Hexaghost","floor":16.0,"turns":13.0},{"damage":1.0,"enemies":"3 Byrds","floor":18.0,"turns":6.0},{"damage":8.0,"enemies":"Shell Parasite","floor":19.0,"turns":8.0},{"damage":11.0,"enemies":"3 Cultists","floor":22.0,"turns":6.0},{"damage":15.0,"enemies":"Book of Stabbing","floor":24.0,"turns":7.0},{"damage":31.0,"enemies":"Slavers","floor":28.0,"turns":8.0},{"damage":6.0,"enemies":"Snake Plant","floor":29.0,"turns":4.0},{"damage":34.0,"enemies":"Collector","floor":33.0,"turns":5.0},{"damage":3,"enemies":"3 Shapes","floor":35,"turns":14},{"damage":15,"enemies":"3 Darklings","floor":44,"turns":6},{"damage":7,"enemies":"Nemesis","floor":45,"turns":9},{"damage":13,"enemies":"4 Shapes","floor":46,"turns":7},{"damage":26,"enemies":"Maw","floor":47,"turns":7},{"damage":7,"enemies":"Writhing Mass","floor":48,"turns":4}],"seed_played":"-3173201257894930323","potions_obtained":[{"floor":5.0,"key":"AttackPotion"},{"floor":6.0,"key":"Energy Potion"},{"floor":8.0,"key":"PowerPotion"},{"floor":18.0,"key":"Regen Potion"},{"floor":22.0,"key":"Regen Potion"},{"floor":35,"key":"AttackPotion"},{"floor":44,"key":"Regen Potion"},{"floor":47,"key":"AttackPotion"}],"is_trial":false,"path_per_floor":["M","$","?","?","M","E","R","E","T","M","$","R","?","?","R","B",null,"M","M","?","$","M","R","E","R","T","R","E","M","$","?","R","B",null,"M","?","$","?","?","R","?","$","T","M","E","M","M","M"],"character_chosen":"THE_SILENT","items_purchased":["Well Laid Plans","Catalyst","AttackPotion","FearPotion","Catalyst","Footwork","Infinite Blades","Toy Ornithopter","Strength Potion","Sadistic Nature"],"campfire_rested":1,"item_purchase_floors":[2,11,30,30,37,37,42,42,42,42],"current_hp_per_floor":[59,59,64,64,64,64,64,34,34,34,34,34,34,71,71,10,56,55,62,62,62,51,51,51,51,51,51,20,14,14,14,35,1,54,51,51,51,51,41,41,41,41,41,31,44,31,5,0],"gold":448,"neow_bonus":"THREE_ENEMY_KILL","is_prod":false,"is_daily":false,"chose_seed":false,"campfire_upgraded":7,"win_rate":0,"timestamp":1550389053,"path_taken":["M","$","?","?","?","E","R","E","T","?","$","R","?","?","R","BOSS","M","?","?","?","?","R","E","R","T","R","E","M","$","?","R","BOSS","M","?","$","?","?","R","?","$","T","M","E","?","M","M"],"build_version":"2019-01-23","purchased_purges":3,"victory":false,"max_hp_per_floor":[66,66,71,71,71,71,71,71,71,71,71,71,71,71,71,71,71,71,71,71,71,71,71,71,71,71,71,71,71,71,71,71,71,71,71,71,71,71,71,71,71,71,71,71,71,71,71,71],"card_choices":[{"not_picked":["Flying Knee","Quick Slash","Backflip"],"picked":"SKIP","floor":1.0},{"not_picked":["Concentrate","Eviscerate"],"picked":"Dagger Throw","floor":5.0},{"not_picked":["Cloak And Dagger","Distraction","All Out Attack"],"picked":"SKIP","floor":6.0},{"not_picked":["Escape Plan","Backflip"],"picked":"Envenom","floor":8.0},{"not_picked":["Leg Sweep","Deflect","Backflip"],"picked":"SKIP","floor":10.0},{"not_picked":["Doppelganger","Envenom"],"picked":"Malaise","floor":16.0},{"not_picked":[],"picked":"Catalyst","floor":18.0},{"not_picked":["Caltrops"],"picked":"SKIP","floor":19.0},{"not_picked":[],"picked":"Terror","floor":22.0},{"not_picked":["Caltrops"],"picked":"SKIP","floor":24.0},{"not_picked":["Prepared"],"picked":"SKIP","floor":28.0},{"not_picked":["Choke"],"picked":"SKIP","floor":29.0},{"not_picked":[],"picked":"Burst","floor":33.0},{"not_picked":["Dagger Spray"],"picked":"SKIP","floor":35},{"not_picked":[],"picked":"Finesse","floor":39},{"not_picked":[],"picked":"PanicButton","floor":39},{"not_picked":[],"picked":"Secret Technique","floor":39},{"not_picked":[],"picked":"Prepared+1","floor":44},{"not_picked":[],"picked":"Backflip","floor":45},{"not_picked":["Outmaneuver"],"picked":"SKIP","floor":46},{"not_picked":["Slice"],"picked":"SKIP","floor":47}],"player_experience":2865230,"relics_obtained":[{"floor":6.0,"key":"Ninja Scroll"},{"floor":8.0,"key":"Ornamental Fan"},{"floor":9.0,"key":"Mercury Hourglass"},{"floor":24.0,"key":"Pen Nib"},{"floor":28.0,"key":"Art of War"},{"floor":43,"key":"Pantograph"},{"floor":45,"key":"PreservedInsect"}],"event_choices":[{"damage_healed":0.0,"max_hp_gain":5.0,"max_hp_loss":0.0,"gold_gain":0.0,"event_name":"Big Fish","player_choice":"Donut","floor":3.0,"gold_loss":0.0,"damage_taken":0.0},{"cards_removed":["Defend_G"],"damage_healed":0.0,"max_hp_gain":0.0,"max_hp_loss":0.0,"gold_gain":0.0,"event_name":"Purifier","player_choice":"Purged","floor":4.0,"gold_loss":0.0,"damage_taken":0.0},{"damage_healed":0.0,"max_hp_gain":0.0,"max_hp_loss":0.0,"gold_gain":0.0,"event_name":"Liars Game","player_choice":"Ignored","floor":13.0,"gold_loss":0.0,"damage_taken":0.0},{"damage_healed":37.0,"max_hp_gain":0.0,"max_hp_loss":0.0,"gold_gain":0.0,"event_name":"Wheel of Change","player_choice":"Full Heal","floor":14.0,"gold_loss":0.0,"damage_taken":0.0},{"damage_healed":0.0,"max_hp_gain":0.0,"max_hp_loss":0.0,"gold_gain":0.0,"event_name":"WeMeetAgain","player_choice":"Gave Potion","floor":20.0,"gold_loss":0.0,"damage_taken":0.0,"relics_obtained":["Gremlin Horn"]},{"damage_healed":0.0,"max_hp_gain":0.0,"max_hp_loss":0.0,"gold_gain":0.0,"event_name":"Drug Dealer","player_choice":"Obtain J.A.X.","floor":31.0,"gold_loss":0.0,"damage_taken":0.0,"cards_obtained":["J.A.X."]},{"cards_removed":["Defend_G"],"damage_healed":0,"gold_gain":0,"player_choice":"Removed Skill","damage_taken":0,"max_hp_gain":0,"max_hp_loss":0,"event_name":"Falling","floor":36,"gold_loss":0},{"damage_healed":0,"gold_gain":999,"player_choice":"Gold","damage_taken":0,"max_hp_gain":0,"max_hp_loss":0,"event_name":"MindBloom","floor":38,"gold_loss":0,"cards_obtained":["Normality","Normality"]},{"damage_healed":0,"gold_gain":0,"player_choice":"Memory 3","damage_taken":10,"max_hp_gain":0,"max_hp_loss":0,"event_name":"SensoryStone","floor":39,"gold_loss":0},{"damage_healed":0,"gold_gain":0,"player_choice":"Forge","damage_taken":0,"max_hp_gain":0,"max_hp_loss":0,"event_name":"Accursed Blacksmith","floor":41,"gold_loss":0,"cards_upgraded":["Burst"]}],"is_beta":false,"boss_relics":[{"not_picked":["Tiny House","White Beast Statue"],"picked":"Busted Crown"},{"not_picked":["Black Star","HoveringKite"],"picked":"Cursed Key"}],"items_purged_floors":[2,21,42],"is_endless":false,"potions_floor_spawned":[5,6,8,18,22,35,44,47],"killed_by":"Writhing Mass","ascension_level":20}