{"gold_per_floor":[114,126,26,44,59,59,59,59,82,82,111,60,79,104,104,178,178,190,208,227,227,227],"floor_reached":22,"playtime":810,"items_purged":[],"score":392,"play_id":"3efd6e2b-03a7-4a65-9b15-a45c76a83853","local_time":"20190319142643","is_ascension_mode":true,"campfire_choices":[{"data":"Darkness","floor":6.0,"key":"SMITH"},{"data":"Recycle","floor":8.0,"key":"SMITH"},{"floor":10.0,"key":"REST"},{"floor":15.0,"key":"REST"}],"neow_cost":"NONE","seed_source_timestamp":1452318726085342,"circlet_count":0,"master_deck":["AscendersBane","Strike_B","Strike_B","Strike_B","Defend_B","Defend_B","Defend_B","Defend_B","Zap","Dualcast+1","Heatsinks","Darkness+1","Ball Lightning","Conserve Battery","Skim","Recycle+1","Cold Snap","Hologram","Skim","FTL","All For One","Capacitor","Conserve Battery","Stack","Recycle"],"special_seed":0,"relics":["Cracked Core","Strawberry","Bronze Scales","Bag of Marbles","Ornamental Fan","Nuclear Battery"],"potions_floor_usage":[],"damage_taken":[{"damage":0.0,"enemies":"Cultist","floor":1.0,"turns":3.0},{"damage":9.0,"enemies":"Jaw Worm","floor":2.0,"turns":4.0},{"damage":13.0,"enemies":"Small Slimes","floor":4.0,"turns":4.0},{"damage":30.0,"enemies":"Gremlin Gang","floor":5.0,"turns":4.0},{"damage":10.0,"enemies":"Lagavulin","floor":11.0,"turns":6.0},{"damage":2.0,"enemies":"Blue Slaver","floor":13.0,"turns":3.0},{"damage":14.0,"enemies":"Gremlin Nob","floor":14.0,"turns":3.0},{"damage":12.0,"enemies":"The Guardian","floor":16.0,"turns":10.0},{"damage":1.0,"enemies":"3 Byrds","floor":18.0,"turns":2.0},{"damage":27.0,"enemies":"2 Thieves","floor":19.0,"turns":4.0},{"damage":7.0,"enemies":"Centurion and Healer","floor":20.0,"turns":6.0},{"damage":37,"enemies":"Shelled Parasite and Fungi","floor":22,"turns":7}],"seed_played":"3959646552998748889","potions_obtained":[{"floor":1.0,"key":"SpeedPotion"},{"floor":4.0,"key":"Strength Potion"},{"floor":13.0,"key":"FearPotion"},{"floor":18.0,"key":"Dexterity Potion"}],"is_trial":false,"path_per_floor":["M","M","$","M","M","R","?","R","T","R","E","$","M","E","R","B",null,"M","M","M","?","M"],"character_chosen":"DEFECT","items_purchased":["Ball Lightning","Conserve Battery","Hologram"],"campfire_rested":2,"item_purchase_floors":[3,3,12],"current_hp_per_floor":[71,62,62,49,19,19,19,19,19,42,32,32,30,16,39,27,65,64,37,30,30,0],"gold":227,"neow_bonus":"RANDOM_COMMON_RELIC","is_prod":false,"is_daily":false,"chose_seed":false,"campfire_upgraded":2,"win_rate":0,"timestamp":1552976803,"path_taken":["M","M","$","?","M","R","?","R","T","R","E","$","M","E","R","BOSS","M","M","?","?","M"],"build_version":"2019-01-23","purchased_purges":0,"victory":false,"max_hp_per_floor":[78,78,78,78,78,78,78,78,78,78,78,78,78,78,78,78,78,78,78,78,78,78],"card_choices":[{"not_picked":["Turbo","Darkness"],"picked":"Heatsinks","floor":1.0},{"not_picked":["Gash","Go for the Eyes"],"picked":"Darkness","floor":2.0},{"not_picked":["Double Energy","Blizzard"],"picked":"Skim","floor":4.0},{"not_picked":["Ball Lightning","Coolheaded"],"picked":"Recycle","floor":5.0},{"not_picked":["Sweeping Beam","Hologram"],"picked":"Cold Snap","floor":11.0},{"not_picked":["Redo","Beam Cell"],"picked":"Skim","floor":13.0},{"not_picked":["Sweeping Beam","Steam"],"picked":"FTL","floor":14.0},{"not_picked":["Amplify","Rainbow"],"picked":"All For One","floor":16.0},{"not_picked":["Reprogram","Streamline+1"],"picked":"Capacitor","floor":18.0},{"not_picked":["Steam","Lockon"],"picked":"Conserve Battery","floor":19.0},{"not_picked":["Ball Lightning","Scrape"],"picked":"Stack","floor":20.0}],"player_experience":1216095,"relics_obtained":[{"floor":9.0,"key":"Bronze Scales"},{"floor":11.0,"key":"Bag of Marbles"},{"floor":14.0,"key":"Ornamental Fan"}],"event_choices":[{"damage_healed":0.0,"max_hp_gain":0.0,"max_hp_loss":0.0,"gold_gain":0.0,"event_name":"Upgrade Shrine","player_choice":"Upgraded","floor":7.0,"gold_loss":0.0,"damage_taken":0.0,"cards_upgraded":["Dualcast"]},{"damage_healed":0.0,"max_hp_gain":0.0,"max_hp_loss":0.0,"gold_gain":0.0,"cards_transformed":["Strike_B"],"event_name":"Transmorgrifier","player_choice":"Transformed","floor":21.0,"gold_loss":0.0,"damage_taken":0.0,"cards_obtained":["Recycle"]}],"is_beta":false,"boss_relics":[{"not_picked":["Runic Dome","Velvet Choker"],"picked":"Nuclear Battery"}],"items_purged_floors":[],"is_endless":false,"potions_floor_spawned":[1,4,13,18],"killed_by":"Shelled Parasite and Fungi","ascension_level":20}