{"gold_per_floor":[111,122,54,66,66,66,84,84,107,107,126,126,126,226,226,331,331,346,360,139,151,151,151,181,181,231,260,273,273,273,288,288,385,385,402,402,412,412,239,239,250,125,174,186,217,229,5,21,21,21],"floor_reached":51,"playtime":2098,"items_purged":["Pain","Strike_G","Strike_G","Strike_G"],"score":750,"play_id":"5913d006-127f-48ed-a169-20b481d5f2eb","local_time":"20181031160816","is_ascension_mode":false,"campfire_choices":[{"data":"Footwork","floor":6.0,"key":"SMITH"},{"data":"Accuracy","floor":10.0,"key":"SMITH"},{"data":"Catalyst","floor":13.0,"key":"SMITH"},{"data":"Neutralize","floor":15.0,"key":"SMITH"},{"data":"Accuracy","floor":23.0,"key":"SMITH"},{"data":"Night Terror","floor":25.0,"key":"SMITH"},{"data":"Well Laid Plans","floor":29.0,"key":"SMITH"},{"floor":32.0,"key":"REST"},{"data":"Well Laid Plans","floor":40.0,"key":"SMITH"},{"data":"J.A.X.","floor":46,"key":"SMITH"},{"data":"Accuracy","floor":49,"key":"SMITH"}],"neow_cost":"NONE","seed_source_timestamp":21640355564208,"circlet_count":0,"master_deck":["Defend_G","Defend_G","Defend_G","Defend_G","Defend_G","Survivor","Neutralize+1","Accuracy+1","Catalyst+1","Footwork+1","Cloak And Dagger","Footwork+1","Blade Dance","Night Terror+1","Venomology","Cloak And Dagger","Cloak And Dagger","Cloak And Dagger+1","Backflip","Accuracy+1","Leg Sweep","Cloak And Dagger","Burst","Well Laid Plans+1","Cloak And Dagger+1","J.A.X.+1","Catalyst","Malaise","Decay","Blade Dance","Well Laid Plans+1","Impatience","Finesse","Flash of Steel","Accuracy+1","Deadly Poison"],"special_seed":0,"relics":["Ring of the Snake","WarpedTongs","Bronze Scales","Orrery","Regal Pillow","Omamori","Pen Nib","Calling Bell","Ancient Tea Set","Pantograph","Pocketwatch","MawBank"],"potions_floor_usage":[41,41,41,50,50,50,50],"damage_taken":[{"damage":0.0,"enemies":"Jaw Worm","floor":1.0,"turns":5.0},{"damage":0.0,"enemies":"Cultist","floor":2.0,"turns":4.0},{"damage":0.0,"enemies":"2 Louse","floor":4.0,"turns":3.0},{"damage":2.0,"enemies":"Looter","floor":7.0,"turns":3.0},{"damage":13.0,"enemies":"Gremlin Gang","floor":11.0,"turns":5.0},{"damage":20.0,"enemies":"Hexaghost","floor":16.0,"turns":10.0},{"damage":8.0,"enemies":"Shell Parasite","floor":18.0,"turns":7.0},{"damage":4.0,"enemies":"Spheric Guardian","floor":19.0,"turns":4.0},{"damage":0.0,"enemies":"Snecko","floor":21.0,"turns":7.0},{"damage":12.0,"enemies":"Colosseum Slavers","floor":22.0,"turns":6.0},{"damage":0.0,"enemies":"Slavers","floor":24.0,"turns":6.0},{"damage":22.0,"enemies":"Gremlin Leader","floor":27.0,"turns":9.0},{"damage":0.0,"enemies":"Shelled Parasite and Fungi","floor":28.0,"turns":6.0},{"damage":12.0,"enemies":"Snake Plant","floor":31.0,"turns":3.0},{"damage":29.0,"enemies":"Collector","floor":33.0,"turns":11.0},{"damage":4.0,"enemies":"3 Shapes","floor":35.0,"turns":3.0},{"damage":3.0,"enemies":"Orb Walker","floor":37.0,"turns":4.0},{"damage":7,"enemies":"Jaw Worm Horde","floor":41,"turns":6},{"damage":4,"enemies":"Transient","floor":45,"turns":5},{"damage":6,"enemies":"Maw","floor":48,"turns":7},{"damage":43,"enemies":"Awakened One","floor":50,"turns":11}],"seed_played":"-2749998226846331509","potions_obtained":[{"floor":2.0,"key":"Strength Potion"},{"floor":16.0,"key":"SteroidPotion"},{"floor":21.0,"key":"Block Potion"},{"floor":27.0,"key":"Explosive Potion"},{"floor":28.0,"key":"Ancient Potion"},{"floor":31.0,"key":"Explosive Potion"},{"floor":35.0,"key":"Energy Potion"},{"floor":36.0,"key":"Fruit Juice"},{"floor":36.0,"key":"Fire Potion"},{"floor":36.0,"key":"Explosive Potion"}],"is_trial":false,"path_per_floor":["M","M","$","M","?","R","M","?","T","R","M","?","R","?","R","B",null,"M","M","$","M","?","R","E","R","T","E","M","R","?","M","R","B",null,"M","?","M","?","$","R","M","$","T","?","M","R","$","M","R","B"],"character_chosen":"THE_SILENT","items_purchased":["Footwork","Accuracy","Leg Sweep","Well Laid Plans","Accuracy","Explosive Potion"],"campfire_rested":1,"item_purchase_floors":[3,20,20,39,47,47],"current_hp_per_floor":[70,70,70,70,70,70,68,68,68,68,55,70,70,70,70,50,70,62,58,58,70,58,58,58,58,58,36,36,36,36,24,60,31,70,66,71,68,68,68,68,61,61,61,51,47,47,47,41,41,23],"gold":21,"neow_bonus":"REMOVE_CARD","is_prod":false,"is_daily":false,"chose_seed":false,"campfire_upgraded":10,"win_rate":0,"timestamp":1540973296,"path_taken":["M","M","$","M","?","R","M","?","T","R","?","?","R","?","R","BOSS","M","M","$","M","?","R","E","R","T","E","M","R","?","M","R","BOSS","M","?","M","?","$","R","M","$","T","?","?","R","$","M","R","BOSS"],"build_version":"2018-10-25v2","purchased_purges":4,"victory":true,"max_hp_per_floor":[70,70,70,70,70,70,70,70,70,70,70,70,70,70,70,70,70,70,70,70,70,70,70,70,70,70,70,70,70,70,70,70,70,70,70,75,75,75,75,75,75,75,75,75,75,75,75,75,75,75],"card_choices":[{"not_picked":["Prepared","Distraction"],"picked":"Accuracy","floor":1.0},{"not_picked":["Cloak And Dagger","Terror"],"picked":"Catalyst","floor":2.0},{"not_picked":["All Out Attack","Skewer"],"picked":"Cloak And Dagger","floor":4.0},{"not_picked":["Caltrops","Dodge and Roll"],"picked":"Footwork","floor":7.0},{"not_picked":["All Out Attack","Dash"],"picked":"Blade Dance","floor":11.0},{"not_picked":["Envenom","Die Die Die"],"picked":"Night Terror","floor":16.0},{"not_picked":["Acrobatics","Bane"],"picked":"Venomology","floor":17.0},{"not_picked":["Deflect","Dagger Spray"],"picked":"Cloak And Dagger","floor":17.0},{"not_picked":["Underhanded Strike","Concentrate"],"picked":"Cloak And Dagger","floor":17.0},{"not_picked":["Deflect","Prepared"],"picked":"Cloak And Dagger+1","floor":18.0},{"not_picked":["Dodge and Roll","Terror"],"picked":"Backflip","floor":19.0},{"not_picked":["Dagger Throw+1","Dodge and Roll+1"],"picked":"Cloak And Dagger","floor":21.0},{"not_picked":["Poisoned Stab+1","Escape Plan+1"],"picked":"Burst","floor":24.0},{"not_picked":["Bane+1","Dagger Throw"],"picked":"Well Laid Plans","floor":27.0},{"not_picked":["Tactician","Dodge and Roll"],"picked":"Cloak And Dagger+1","floor":28.0},{"not_picked":["Crippling Poison","Underhanded Strike"],"picked":"Catalyst","floor":31.0},{"not_picked":["After Image","Doppelganger"],"picked":"Malaise","floor":33.0},{"not_picked":["Slice","Riddle With Holes"],"picked":"Blade Dance","floor":35.0},{"not_picked":["Acrobatics+1","Deflect","Bane"],"picked":"SKIP","floor":37.0},{"not_picked":["Underhanded Strike+1","Flying Knee+1","Skewer"],"picked":"SKIP","floor":41},{"not_picked":["Mind Blast","Thinking Ahead"],"picked":"Impatience","floor":44},{"not_picked":["Thinking Ahead","Madness"],"picked":"Finesse","floor":44},{"not_picked":["Purity","Swift Strike"],"picked":"Flash of Steel","floor":44},{"not_picked":["Flying Knee+1","All Out Attack+1","Riddle With Holes+1"],"picked":"SKIP","floor":45},{"not_picked":["Tactician+1","Acrobatics"],"picked":"Deadly Poison","floor":48}],"player_experience":781303,"relics_obtained":[{"floor":9.0,"key":"Bronze Scales"},{"floor":24.0,"key":"Regal Pillow"},{"floor":26.0,"key":"Omamori"},{"floor":27.0,"key":"Pen Nib"},{"floor":34.0,"key":"Ancient Tea Set"},{"floor":34.0,"key":"Pantograph"},{"floor":34.0,"key":"Pocketwatch"},{"floor":43,"key":"MawBank"}],"event_choices":[{"damage_healed":0.0,"max_hp_gain":0.0,"max_hp_loss":0.0,"gold_gain":0.0,"event_name":"Accursed Blacksmith","player_choice":"Rummage","floor":5.0,"gold_loss":0.0,"damage_taken":0.0,"relics_obtained":["WarpedTongs"],"cards_obtained":["Pain"]},{"damage_healed":0.0,"max_hp_gain":0.0,"max_hp_loss":0.0,"gold_gain":0.0,"event_name":"Upgrade Shrine","player_choice":"Upgraded","floor":8.0,"gold_loss":0.0,"damage_taken":0.0,"cards_upgraded":["Footwork"]},{"damage_healed":15.0,"max_hp_gain":0.0,"max_hp_loss":0.0,"gold_gain":0.0,"event_name":"Wheel of Change","player_choice":"Full Heal","floor":12.0,"gold_loss":0.0,"damage_taken":0.0},{"damage_healed":0.0,"max_hp_gain":0.0,"max_hp_loss":0.0,"gold_gain":100.0,"event_name":"Golden Shrine","player_choice":"Pray","floor":14.0,"gold_loss":0.0,"damage_taken":0.0},{"damage_healed":0.0,"max_hp_gain":0.0,"max_hp_loss":0.0,"gold_gain":0.0,"event_name":"Colosseum","player_choice":"Fight","floor":22.0,"gold_loss":0.0,"damage_taken":0.0},{"damage_healed":0.0,"max_hp_gain":0.0,"max_hp_loss":0.0,"gold_gain":0.0,"event_name":"Colosseum","player_choice":"Fled From Nobs","floor":22.0,"gold_loss":0.0,"damage_taken":0.0},{"damage_healed":0.0,"max_hp_gain":0.0,"max_hp_loss":0.0,"gold_gain":0.0,"event_name":"Drug Dealer","player_choice":"Obtain J.A.X.","floor":30.0,"gold_loss":0.0,"damage_taken":0.0,"cards_obtained":["J.A.X."]},{"damage_healed":0.0,"max_hp_gain":0.0,"max_hp_loss":0.0,"gold_gain":0.0,"event_name":"The Lab","player_choice":"Got Potions","floor":36.0,"gold_loss":0.0,"damage_taken":0.0},{"cards_removed":["Strike_G"],"damage_healed":0.0,"max_hp_gain":0.0,"max_hp_loss":0.0,"gold_gain":0.0,"event_name":"Falling","player_choice":"Removed Attack","floor":38.0,"gold_loss":0.0,"damage_taken":0.0},{"damage_healed":0,"gold_gain":0,"player_choice":"Memory 3","damage_taken":10,"max_hp_gain":0,"max_hp_loss":0,"event_name":"SensoryStone","floor":44,"gold_loss":0}],"is_beta":false,"boss_relics":[{"not_picked":["Philosopher\u0027s Stone","Runic Dome"],"picked":"Orrery"},{"not_picked":["Lizard Tail","Busted Crown"],"picked":"Calling Bell"}],"items_purged_floors":[20,39,42,47],"is_endless":false,"potions_floor_spawned":[2,16,21,27,28,31,35,37],"ascension_level":0}