{"gold_per_floor":[214,232,157,169,184,243,256,256,256,306,306,335,335,410,410,410],"floor_reached":16,"playtime":360,"items_purged":["Strike_B"],"score":220,"play_id":"41d1cb28-8359-414e-8ca7-164767b16e08","local_time":"20190101135708","is_ascension_mode":true,"campfire_choices":[{"data":"Sunder","floor":8,"key":"SMITH"},{"data":"Beam Cell","floor":11,"key":"SMITH"},{"data":"Fission","floor":13,"key":"SMITH"},{"data":"Zap","floor":15,"key":"SMITH"}],"neow_cost":"NONE","seed_source_timestamp":7872181695670,"circlet_count":0,"master_deck":["AscendersBane","Strike_B","Strike_B","Strike_B","Defend_B","Defend_B","Defend_B","Defend_B","Zap+1","Dualcast","Sunder+1","Beam Cell+1","Fission+1","Gash","Conserve Battery"],"special_seed":0,"relics":["Cracked Core","Tiny Chest","Matryoshka","Juzu Bracelet"],"potions_floor_usage":[6,6],"damage_taken":[{"damage":7.0,"enemies":"Small Slimes","floor":1.0,"turns":4.0},{"damage":1.0,"enemies":"Cultist","floor":2.0,"turns":3.0},{"damage":2.0,"enemies":"Jaw Worm","floor":4.0,"turns":3.0},{"damage":2.0,"enemies":"3 Louse","floor":5.0,"turns":3.0},{"damage":8,"enemies":"Gremlin Nob","floor":6,"turns":3},{"damage":8,"enemies":"Exordium Thugs","floor":7,"turns":4},{"damage":20,"enemies":"3 Sentries","floor":12,"turns":7},{"damage":6,"enemies":"Hexaghost","floor":16,"turns":4}],"seed_played":"-4815711800339777991","potions_obtained":[{"floor":1.0,"key":"PowerPotion"},{"floor":5.0,"key":"SteroidPotion"},{"floor":7,"key":"Fire Potion"}],"is_trial":false,"path_per_floor":["M","M","$","M","M","E","M","R","T","?","R","E","R","?","R","B"],"character_chosen":"DEFECT","items_purchased":[],"campfire_rested":0,"item_purchase_floors":[],"current_hp_per_floor":[57,56,56,54,52,44,36,36,36,36,36,16,16,5,5,0],"gold":410,"neow_bonus":"HUNDRED_GOLD","is_prod":false,"is_daily":false,"chose_seed":false,"campfire_upgraded":4,"win_rate":0,"timestamp":1546322228,"path_taken":["M","M","$","M","M","E","M","R","T","?","R","E","R","?","R","BOSS"],"build_version":"2018-12-20","purchased_purges":1,"victory":false,"max_hp_per_floor":[71,71,71,71,71,71,71,71,71,71,71,71,71,71,71,71],"card_choices":[{"not_picked":["Steam","Compile Driver"],"picked":"Sunder","floor":1.0},{"not_picked":["Stack","Steam"],"picked":"Beam Cell","floor":2.0},{"not_picked":["Heatsinks","Steam"],"picked":"Fission","floor":4.0},{"not_picked":["Force Field","Redo","Beam Cell"],"picked":"SKIP","floor":5.0},{"not_picked":["Amplify","Hologram"],"picked":"Gash","floor":6},{"not_picked":["Sweeping Beam","Compile Driver","Turbo"],"picked":"SKIP","floor":7},{"not_picked":["Aggregate","Steam"],"picked":"Conserve Battery","floor":12}],"player_experience":1637531,"relics_obtained":[{"floor":6,"key":"Tiny Chest"},{"floor":9,"key":"Matryoshka"},{"floor":12,"key":"Juzu Bracelet"}],"event_choices":[{"damage_healed":0,"gold_gain":50,"player_choice":"Pray","damage_taken":0,"max_hp_gain":0,"max_hp_loss":0,"event_name":"Golden Shrine","floor":10,"gold_loss":0},{"damage_healed":0,"gold_gain":75,"player_choice":"Gather Gold","damage_taken":11,"max_hp_gain":0,"max_hp_loss":0,"event_name":"World of Goop","floor":14,"gold_loss":0}],"is_beta":false,"boss_relics":[],"items_purged_floors":[3],"is_endless":false,"potions_floor_spawned":[1,5,7],"killed_by":"Hexaghost","ascension_level":20}