{"gold_per_floor":[10,29,104,8,8,8,39,65,65,114,128,155,155,155],"floor_reached":14,"playtime":472,"items_purged":[],"score":192,"play_id":"8f93e47e-102f-4fdc-add8-d6214b87f042","local_time":"20190405110749","is_ascension_mode":true,"campfire_choices":[{"data":"Deadly Poison","floor":6,"key":"SMITH"},{"data":"Neutralize","floor":13,"key":"SMITH"}],"neow_cost":"NO_GOLD","seed_source_timestamp":208436172717,"circlet_count":0,"master_deck":["AscendersBane","Defend_G","Defend_G","Defend_G","Defend_G","Defend_G","Strike_G","Strike_G","Strike_G","Strike_G","Strike_G","Survivor","Neutralize+1","Dramatic Entrance","Escape Plan","Infinite Blades","Deadly Poison+1","Panacea","Night Terror","All Out Attack","Footwork"],"special_seed":0,"relics":["Ring of the Snake","Matryoshka","Odd Mushroom","Bottled Flame","Pen Nib","Juzu Bracelet","Happy Flower","FossilizedHelix"],"potions_floor_usage":[7,8,8],"damage_taken":[{"damage":1.0,"enemies":"Jaw Worm","floor":1.0,"turns":6.0},{"damage":0.0,"enemies":"2 Louse","floor":2.0,"turns":3.0},{"damage":30,"enemies":"Lagavulin","floor":7,"turns":7},{"damage":2,"enemies":"The Mushroom Lair","floor":8,"turns":5},{"damage":0,"enemies":"Small Slimes","floor":11,"turns":2},{"damage":14,"enemies":"3 Sentries","floor":12,"turns":6},{"damage":31,"enemies":"Gremlin Nob","floor":14,"turns":4}],"seed_played":"3537362774960542051","potions_obtained":[{"floor":1.0,"key":"Fire Potion"},{"floor":2.0,"key":"GhostInAJar"},{"floor":7,"key":"SkillPotion"},{"floor":12,"key":"SpeedPotion"}],"is_trial":false,"path_per_floor":["M","M","?","$","?","R","E","?","T","T","M","E","R","E"],"character_chosen":"THE_SILENT","items_purchased":["Infinite Blades","Deadly Poison"],"campfire_rested":0,"item_purchase_floors":[4,4],"current_hp_per_floor":[58,58,47,47,47,47,17,15,15,15,15,1,1,0],"gold":155,"neow_bonus":"RANDOM_COLORLESS_2","is_prod":false,"is_daily":false,"chose_seed":false,"campfire_upgraded":2,"win_rate":0,"timestamp":1554433669,"path_taken":["M","M","?","$","?","R","E","?","T","?","M","E","R","E"],"build_version":"2019-01-23","purchased_purges":0,"victory":false,"max_hp_per_floor":[66,66,66,66,66,66,66,66,66,66,66,66,66,66],"card_choices":[{"not_picked":["PiercingWail","Setup","Flying Knee"],"picked":"SKIP","floor":1.0},{"not_picked":["Sucker Punch","Underhanded Strike"],"picked":"Escape Plan","floor":2.0},{"not_picked":["Blur","All Out Attack"],"picked":"Night Terror","floor":7},{"not_picked":["Quick Slash","PiercingWail"],"picked":"All Out Attack","floor":8},{"not_picked":["Blade Dance","Cloak And Dagger","Slice"],"picked":"SKIP","floor":11},{"not_picked":["Choke","Outmaneuver"],"picked":"Footwork","floor":12}],"player_experience":4069007,"relics_obtained":[{"floor":7,"key":"Matryoshka"},{"floor":8,"key":"Odd Mushroom"},{"floor":9,"key":"Bottled Flame"},{"floor":9,"key":"Pen Nib"},{"floor":10,"key":"Juzu Bracelet"},{"floor":10,"key":"Happy Flower"},{"floor":12,"key":"FossilizedHelix"}],"event_choices":[{"damage_healed":0.0,"max_hp_gain":0.0,"max_hp_loss":0.0,"gold_gain":75.0,"event_name":"World of Goop","player_choice":"Gather Gold","floor":3.0,"gold_loss":0.0,"damage_taken":11.0},{"damage_healed":0,"gold_gain":0,"cards_transformed":["Deep Breath"],"player_choice":"Change","damage_taken":0,"max_hp_gain":0,"max_hp_loss":0,"event_name":"Living Wall","floor":5,"gold_loss":0,"cards_obtained":["Panacea"]},{"damage_healed":0,"gold_gain":0,"player_choice":"Fought Mushrooms","damage_taken":0,"max_hp_gain":0,"max_hp_loss":0,"event_name":"Mushrooms","floor":8,"gold_loss":0}],"is_beta":false,"boss_relics":[],"items_purged_floors":[],"is_endless":false,"potions_floor_spawned":[1,2,7,12],"killed_by":"Gremlin Nob","ascension_level":20}