{"gold_per_floor":[110,110,35,47,60,60,72,82,159,159,59,59,71,98,98,98],"floor_reached":16,"playtime":241,"items_purged":["Strike_R","Strike_R"],"score":189,"play_id":"16c64f86-3df8-4296-81b9-4a8c199021f5","local_time":"20181110201633","is_ascension_mode":true,"campfire_choices":[{"data":"Bash","floor":6,"key":"SMITH"},{"data":"Dropkick","floor":10,"key":"SMITH"},{"data":"Defend_R","floor":12,"key":"SMITH"},{"data":"Defend_R","floor":15,"key":"SMITH"}],"neow_cost":"NONE","seed_source_timestamp":28128610177799,"circlet_count":0,"master_deck":["AscendersBane","Strike_R","Strike_R","Strike_R","Defend_R","Defend_R","Defend_R+1","Defend_R+1","Bash+1","Dropkick+1"],"relics":["Burning Blood","NeowsBlessing","Molten Egg 2","Prayer Wheel"],"potions_floor_usage":[],"damage_taken":[{"damage":0,"enemies":"2 Louse","floor":1,"turns":1},{"damage":0,"enemies":"Cultist","floor":4,"turns":1},{"damage":0,"enemies":"Jaw Worm","floor":5,"turns":1},{"damage":25,"enemies":"Red Slaver","floor":7,"turns":5},{"damage":7,"enemies":"Looter","floor":8,"turns":3},{"damage":0,"enemies":"Large Slime","floor":13,"turns":4},{"damage":24,"enemies":"Lagavulin","floor":14,"turns":5},{"damage":0,"enemies":"The Guardian","floor":16,"turns":2}],"seed_played":"5385704049807237471","potions_obtained":[{"floor":4,"key":"Poison Potion"},{"floor":5,"key":"Regen Potion"}],"is_trial":false,"path_per_floor":["M","?","$","M","M","R","M","M","T","R","$","R","M","E","R","B"],"character_chosen":"IRONCLAD","items_purchased":[],"campfire_rested":0,"item_purchase_floors":[],"current_hp_per_floor":[74,74,74,75,75,75,56,55,55,55,55,55,61,43,43,43],"gold":98,"neow_bonus":"THREE_ENEMY_KILL","is_prod":false,"is_daily":false,"chose_seed":false,"campfire_upgraded":4,"win_rate":0,"timestamp":1541852193,"path_taken":["M","?","$","M","?","R","M","M","T","R","$","R","?","E","R","BOSS"],"build_version":"2018-11-08","purchased_purges":2,"victory":false,"max_hp_per_floor":[75,75,75,75,75,75,75,75,75,75,75,75,75,75,75,75],"card_choices":[{"not_picked":["Clash","Heavy Blade"],"picked":"Dropkick","floor":1},{"not_picked":["Hemokinesis","Iron Wave","Armaments"],"picked":"SKIP","floor":4},{"not_picked":["Clothesline","Flex","Hemokinesis"],"picked":"SKIP","floor":5},{"not_picked":["Anger","Shrug It Off","Thunderclap"],"picked":"SKIP","floor":7},{"not_picked":["Body Slam","Clash","Thunderclap"],"picked":"SKIP","floor":8},{"not_picked":["Iron Wave+1","Searing Blow+1","Pummel+1"],"picked":"SKIP","floor":13},{"not_picked":["Wild Strike+1","Flex","Warcry"],"picked":"SKIP","floor":14}],"player_experience":964325,"relics_obtained":[{"floor":9,"key":"Molten Egg 2"},{"floor":14,"key":"Prayer Wheel"}],"event_choices":[{"damage_healed":0,"gold_gain":0,"player_choice":"Ignored","damage_taken":0,"max_hp_gain":0,"max_hp_loss":0,"event_name":"WeMeetAgain","floor":2,"gold_loss":0}],"is_beta":false,"boss_relics":[],"items_purged_floors":[3,11],"is_endless":false,"potions_floor_spawned":[4,5,13],"killed_by":"The Guardian","ascension_level":17}