{"path_per_floor":["M","?","M","?","M","E","R","E","T","E","R","E","?","$","R","B",null,"M","M","?","?","M","E","R","E","T","M","E","M","M","E","R","B",null,"M","T","M","$","?","R","E","R","T","E","R","?","E","?","R","B"],"character_chosen":"THE_SILENT","items_purchased":["Regal Pillow"],"gold_per_floor":[114,64,79,79,94,124,124,154,179,239,239,269,269,44,44,144,144,159,174,174,174,189,219,219,249,249,264,294,309,324,354,354,454,454,469,469,484,404,404,404,434,434,459,489,489,489,519,519,519,519],"floor_reached":51,"campfire_rested":2,"playtime":1545,"current_hp_per_floor":[70,70,70,70,70,51,51,38,38,21,42,30,30,30,66,42,70,70,70,70,70,70,70,70,70,70,70,70,70,70,70,70,70,70,70,70,70,70,70,70,72,72,72,72,72,72,74,74,74,74],"items_purged":["Injury","Survivor"],"gold":519,"score":1137,"play_id":"672e109d-ad80-4757-a71a-17d8f779a18e","local_time":"20180312174824","daily_mods":["Shiny","Elite Swarm","Lethality"],"is_prod":false,"is_daily":true,"is_ascension_mode":false,"campfire_upgraded":6,"timestamp":1520848104,"path_taken":["M","?","M","?","M","E","R","E","T","E","R","E","?","?","R","BOSS","M","M","?","?","?","E","R","E","T","M","E","M","?","E","R","BOSS","M","?","?","$","?","R","E","R","T","E","R","?","E","?","R","BOSS"],"build_version":"2018-03-09","purchased_purges":2,"victory":true,"master_deck":["Acrobatics+1","Grand Finale+1","Venomology+1","Adrenaline+1","Terror+1","Escape Plan","Adrenaline+1"],"max_hp_per_floor":[70,70,70,70,70,70,70,70,70,70,70,70,70,70,70,70,70,70,70,70,70,70,70,70,70,70,70,70,70,70,70,70,70,70,70,70,70,70,70,70,72,72,72,72,72,72,74,74,74,74],"relics":["Ring of the Snake","Frozen Eye","Art of War","Pen Nib","Tiny Chest","Sundial","Regal Pillow","Pandora\u0027s Box","Peace Pipe","Bottled Flame","Calipers","The Courier","Snake Skull","White Beast Statue","Ginger","Singing Bowl","Prayer Wheel","Shuriken","Juzu Bracelet"],"card_choices":[{"not_picked":["Dodge and Roll","Bouncing Flask"],"picked":"Dagger Spray"},{"not_picked":["Deflect","Malaise"],"picked":"Acrobatics"},{"not_picked":["Phantasmal Killer","Die Die Die"],"picked":"Grand Finale"},{"not_picked":["Wraith Form","Bullet Time"],"picked":"Venomology"},{"not_picked":["Doppelganger","Glass Knife"],"picked":"Adrenaline"},{"not_picked":["Quick Slash","Prepared"],"picked":"Terror"},{"not_picked":["Night Terror","Bullet Time"],"picked":"Adrenaline"},{"not_picked":["Die Die Die","Glass Knife"],"picked":"Adrenaline"}],"player_experience":244776,"potions_floor_usage":[3,8,16,19,29,31,33,35,37,50,50],"damage_taken":[{"damage":0,"enemies":"Small Slimes","floor":1,"turns":2},{"damage":0,"enemies":"2 Louse","floor":3,"turns":1},{"damage":0,"enemies":"Cultist","floor":5,"turns":3},{"damage":19,"enemies":"3 Sentries","floor":6,"turns":5},{"damage":13,"enemies":"Gremlin Nob","floor":8,"turns":4},{"damage":17,"enemies":"Lagavulin","floor":10,"turns":5},{"damage":12,"enemies":"3 Sentries","floor":12,"turns":6},{"damage":24,"enemies":"Slime Boss","floor":16,"turns":8},{"damage":0,"enemies":"2 Thieves","floor":18,"turns":1},{"damage":0,"enemies":"Chosen","floor":19,"turns":2},{"damage":0,"enemies":"Centurion and Healer","floor":22,"turns":1},{"damage":0,"enemies":"Gremlin Leader","floor":23,"turns":1},{"damage":0,"enemies":"Book of Stabbing","floor":25,"turns":1},{"damage":0,"enemies":"Snake Plant","floor":27,"turns":1},{"damage":0,"enemies":"Gremlin Leader","floor":28,"turns":1},{"damage":0,"enemies":"3 Cultists","floor":29,"turns":1},{"damage":0,"enemies":"Cultist and Chosen","floor":30,"turns":1},{"damage":0,"enemies":"Slavers","floor":31,"turns":1},{"damage":0,"enemies":"Automaton","floor":33,"turns":2},{"damage":0,"enemies":"Orb Walker","floor":35,"turns":1},{"damage":0,"enemies":"3 Shapes","floor":37,"turns":1},{"damage":0,"enemies":"Nemesis","floor":41,"turns":1},{"damage":0,"enemies":"2 Orb Walkers","floor":44,"turns":1},{"damage":0,"enemies":"Nemesis","floor":47,"turns":1},{"damage":0,"enemies":"Time Eater","floor":50,"turns":1}],"event_choices":[{"event_name":"The Cleric","player_choice":"Card Removal","floor":2,"damage_taken":0},{"event_name":"Bonfire Elementals","player_choice":"BASIC","floor":4,"damage_taken":0},{"event_name":"Accursed Blacksmith","player_choice":"Forge","floor":13,"damage_taken":0},{"event_name":"The Library","player_choice":"Read","floor":20,"damage_taken":0},{"event_name":"Back to Basics","player_choice":"Elegance","floor":21,"damage_taken":0},{"event_name":"The Woman in Blue","player_choice":"Bought 0 Potions","floor":39,"damage_taken":0},{"event_name":"Wheel of Change","player_choice":"Card Removal","floor":46,"damage_taken":0}],"boss_relics":[{"not_picked":["Tiny House","Cursed Key"],"picked":"Pandora\u0027s Box"},{"not_picked":["Runic Pyramid","The Specimen"],"picked":"White Beast Statue"}],"potions_floor_spawned":[1,3,8,18,19,23,27,29,33,35,37,41,44,47],"seed_played":"-3661932950863109323","ascension_level":0,"is_trial":false}