{"gold_per_floor":[218,229,241,261,280,280,294,310,310,310,320,339,339,352,352,424,424,435,454,198,198,198,198,223,223,223,236,236,254,254,274,274,353,353,373,387,406,417,417],"floor_reached":39,"playtime":5446,"items_purged":["Strike_R"],"score":632,"play_id":"c9674b19-ec4d-4e7c-9398-550d34f78c60","local_time":"20190731024120","is_ascension_mode":true,"campfire_choices":[{"data":"Flame Barrier","floor":6,"key":"SMITH"},{"data":"Flame Barrier","floor":10,"key":"SMITH"},{"data":"Shockwave","floor":13,"key":"SMITH"},{"data":"Inflame","floor":15,"key":"SMITH"},{"data":"Body Slam","floor":23,"key":"SMITH"},{"floor":25,"key":"REST"},{"data":"True Grit","floor":28,"key":"SMITH"},{"data":"Heavy Blade","floor":30,"key":"SMITH"},{"floor":32,"key":"REST"}],"neow_cost":"NONE","seed_source_timestamp":0,"circlet_count":0,"master_deck":["AscendersBane","Strike_R","Strike_R","Strike_R","Strike_R","Defend_R","Defend_R","Defend_R","Defend_R","Bash","Sword Boomerang","True Grit","Flame Barrier+1","Ghostly Armor","Flame Barrier+1","Exhume","Shockwave+1","Inflame+1","Heavy Blade+1","Barricade","Body Slam+1","Heavy Blade","True Grit+1","Spot Weakness+1","Reaper","Berserk","Spot Weakness","Metallicize"],"special_seed":0,"relics":["Burning Blood","Mark of Pain","Ancient Tea Set","Enchiridion","Bronze Scales","Dream Catcher","Darkstone Periapt","Runic Cube"],"potions_floor_usage":[7,11,16,18,31,33,38],"damage_taken":[{"damage":11,"enemies":"Cultist","floor":1,"turns":4},{"damage":12,"enemies":"Jaw Worm","floor":2,"turns":3},{"damage":6,"enemies":"2 Louse","floor":3,"turns":4},{"damage":13,"enemies":"Blue Slaver","floor":4,"turns":5},{"damage":2,"enemies":"3 Louse","floor":5,"turns":5},{"damage":14,"enemies":"Large Slime","floor":7,"turns":4},{"damage":5,"enemies":"2 Fungi Beasts","floor":8,"turns":4},{"damage":0,"enemies":"Looter","floor":11,"turns":3},{"damage":0,"enemies":"3 Louse","floor":12,"turns":5},{"damage":1,"enemies":"2 Fungi Beasts","floor":14,"turns":4},{"damage":47,"enemies":"Hexaghost","floor":16,"turns":12},{"damage":13,"enemies":"2 Thieves","floor":18,"turns":5},{"damage":14,"enemies":"Shell Parasite","floor":19,"turns":6},{"damage":3,"enemies":"Snecko","floor":27,"turns":5},{"damage":6,"enemies":"Cultist and Chosen","floor":29,"turns":5},{"damage":22,"enemies":"Centurion and Healer","floor":31,"turns":7},{"damage":51,"enemies":"Champ","floor":33,"turns":10},{"damage":14,"enemies":"3 Shapes","floor":35,"turns":8},{"damage":37,"enemies":"3 Darklings","floor":36,"turns":6},{"damage":26,"enemies":"Spire Growth","floor":37,"turns":5},{"damage":0,"enemies":"Maw","floor":38,"turns":10},{"damage":49,"enemies":"Writhing Mass","floor":39,"turns":2}],"seed_played":"5226622366602548238","potions_obtained":[{"floor":3,"key":"EssenceOfSteel"},{"floor":4,"key":"SteroidPotion"},{"floor":8,"key":"Explosive Potion"},{"floor":11,"key":"Energy Potion"},{"floor":16,"key":"Swift Potion"},{"floor":27,"key":"GamblersBrew"},{"floor":35,"key":"LiquidBronze"},{"floor":36,"key":"Block Potion"}],"is_trial":false,"path_per_floor":["M","M","M","M","M","R","M","M","T","R","M","M","R","M","R","B",null,"M","M","$","?","?","R","T","R","T","M","R","M","R","M","R","B",null,"M","M","M","M","M"],"character_chosen":"IRONCLAD","items_purchased":["True Grit","Ancient Tea Set"],"campfire_rested":2,"item_purchase_floors":[20,20],"current_hp_per_floor":[67,61,61,54,58,58,50,51,51,51,57,63,63,68,68,27,67,60,52,52,36,36,36,36,60,60,63,63,63,63,47,71,35,69,74,43,27,40,0],"gold":417,"neow_bonus":"HUNDRED_GOLD","is_prod":false,"is_daily":false,"chose_seed":false,"campfire_upgraded":7,"win_rate":0,"timestamp":1564558880,"path_taken":["M","M","M","M","M","R","M","M","T","R","M","?","R","M","R","BOSS","M","M","$","?","?","R","?","R","T","M","R","M","R","M","R","BOSS","M","M","M","M","M"],"build_version":"2019-07-17","purchased_purges":1,"victory":false,"max_hp_per_floor":[80,80,80,80,80,80,80,80,80,80,80,80,80,80,80,80,80,80,80,80,80,80,80,80,80,80,80,80,80,80,80,80,80,80,80,80,80,80,80],"card_choices":[{"not_picked":["Dual Wield","Reckless Charge"],"picked":"Sword Boomerang","floor":1},{"not_picked":["Wild Strike","Armaments","Cleave"],"picked":"SKIP","floor":2},{"not_picked":["Pommel Strike","Combust"],"picked":"True Grit","floor":3},{"not_picked":["Dropkick","Thunderclap"],"picked":"Flame Barrier","floor":4},{"not_picked":["Clothesline","Anger"],"picked":"Ghostly Armor","floor":5},{"not_picked":["Iron Wave","Sentinel"],"picked":"Flame Barrier","floor":7},{"not_picked":["Havoc","Clothesline"],"picked":"Exhume","floor":8},{"not_picked":["Havoc","Evolve"],"picked":"Shockwave","floor":11},{"not_picked":["Headbutt","Combust"],"picked":"Inflame","floor":12},{"not_picked":["True Grit","Cleave"],"picked":"Heavy Blade","floor":14},{"not_picked":["Bludgeon","Berserk"],"picked":"Barricade","floor":16},{"not_picked":["True Grit","Cleave"],"picked":"Body Slam","floor":18},{"not_picked":["Anger","Thunderclap"],"picked":"Heavy Blade","floor":19},{"not_picked":["Hemokinesis","Rampage"],"picked":"Spot Weakness+1","floor":27},{"not_picked":["Thunderclap","Cleave+1","Heavy Blade"],"picked":"SKIP","floor":29},{"not_picked":["Heavy Blade","Rupture"],"picked":"Reaper","floor":31},{"not_picked":["Immolate","Fiend Fire"],"picked":"Berserk","floor":33},{"not_picked":["Perfected Strike+1","Armaments"],"picked":"Spot Weakness","floor":35},{"not_picked":["Body Slam","Iron Wave","Thunderclap+1"],"picked":"SKIP","floor":36},{"not_picked":["Blood for Blood+1","Pommel Strike+1"],"picked":"Metallicize","floor":37},{"not_picked":["Anger","Clash","Rupture+1"],"picked":"SKIP","floor":38}],"player_experience":401410,"relics_obtained":[{"floor":21,"key":"Enchiridion"},{"floor":24,"key":"Dream Catcher"},{"floor":26,"key":"Darkstone Periapt"}],"event_choices":[{"damage_healed":0,"gold_gain":0,"player_choice":"Obtained Book","damage_taken":16,"max_hp_gain":0,"max_hp_loss":0,"event_name":"Cursed Tome","floor":21,"gold_loss":0},{"damage_healed":0,"gold_gain":0,"player_choice":"Opened","damage_taken":0,"relics_obtained":["Bronze Scales"],"max_hp_gain":0,"max_hp_loss":0,"event_name":"The Mausoleum","floor":22,"gold_loss":0}],"is_beta":false,"boss_relics":[{"not_picked":["Sozu","Calling Bell"],"picked":"Mark of Pain"},{"not_picked":["Snecko Eye","Black Blood"],"picked":"Runic Cube"}],"items_purged_floors":[20],"is_endless":false,"potions_floor_spawned":[3,4,8,11,12,16,27,29,35,36],"killed_by":"Writhing Mass","ascension_level":13}