{"gold_per_floor":[11,11,28,28,28,28,43,43,43,55,55,87,87,104,104,178,178,193,75,75,125,125,125,225,259,259,259,269,298,33,53,53,129,129,144,157,168,214,214,214,241,241,266,266,282,282,67,86,86,86,86,86,86,33,66,66],"floor_reached":56,"playtime":2629,"items_purged":["Defend_B","Defend_B"],"score":1997,"play_id":"38b74649-0b44-4d9d-adda-a56c57d87747","local_time":"20190401221121","is_ascension_mode":true,"campfire_choices":[{"data":"Darkness","floor":6.0,"key":"SMITH"},{"data":"Biased Cognition","floor":8.0,"key":"SMITH"},{"data":"Chaos","floor":11.0,"key":"SMITH"},{"data":"Biased Cognition","floor":15.0,"key":"SMITH"},{"data":"Fission","floor":23.0,"key":"SMITH"},{"floor":27.0,"key":"REST"},{"data":"Loop","floor":32.0,"key":"SMITH"},{"data":"Fission","floor":40.0,"key":"SMITH"},{"data":"Coolheaded","floor":42.0,"key":"SMITH"},{"floor":49.0,"key":"RECALL"},{"data":"Hologram","floor":53.0,"key":"SMITH"}],"neow_cost":"NO_GOLD","seed_source_timestamp":0,"circlet_count":0,"master_deck":["AscendersBane","Zap","Dualcast","Biased Cognition+1","Tempest","Biased Cognition+1","Chaos+1","Hologram+1","Leap","Core Surge","Fission+1","Glacier","Coolheaded+1","Turbo","Fission+1","Glacier","Glacier","Chaos+1","Conserve Battery+1","Loop+1","Rainbow","Loop","Amplify","Meteor Strike","Compile Driver+1","White Noise","Double Energy","Core Surge","Coolheaded","Heatsinks"],"special_seed":0,"relics":["Cracked Core","Question Card","Oddly Smooth Stone","Orrery","Bird Faced Urn","Shuriken","Regal Pillow","DataDisk","Pen Nib","Runic Dome","Girya","Cables","Juzu Bracelet","DollysMirror","Vajra"],"potions_floor_usage":[56],"damage_taken":[{"damage":4.0,"enemies":"2 Louse","floor":1.0,"turns":2.0},{"damage":1.0,"enemies":"Cultist","floor":3.0,"turns":3.0},{"damage":7.0,"enemies":"Jaw Worm","floor":7.0,"turns":3.0},{"damage":9.0,"enemies":"3 Louse","floor":10.0,"turns":3.0},{"damage":9.0,"enemies":"Gremlin Nob","floor":12.0,"turns":3.0},{"damage":8.0,"enemies":"Red Slaver","floor":14.0,"turns":2.0},{"damage":4.0,"enemies":"The Guardian","floor":16.0,"turns":5.0},{"damage":24.0,"enemies":"2 Thieves","floor":18.0,"turns":5.0},{"damage":3.0,"enemies":"Colosseum Slavers","floor":24.0,"turns":3.0},{"damage":19.0,"enemies":"Colosseum Nobs","floor":24.0,"turns":5.0},{"damage":0.0,"enemies":"Book of Stabbing","floor":25.0,"turns":5.0},{"damage":0.0,"enemies":"3 Byrds","floor":28.0,"turns":4.0},{"damage":35.0,"enemies":"Slavers","floor":29.0,"turns":8.0},{"damage":0.0,"enemies":"Snecko","floor":31.0,"turns":3.0},{"damage":0.0,"enemies":"Automaton","floor":33.0,"turns":10.0},{"damage":0.0,"enemies":"Orb Walker","floor":35.0,"turns":2.0},{"damage":0.0,"enemies":"3 Darklings","floor":36.0,"turns":4.0},{"damage":9.0,"enemies":"Sphere and 2 Shapes","floor":37.0,"turns":4.0},{"damage":19.0,"enemies":"2 Orb Walkers","floor":38.0,"turns":6.0},{"damage":14.0,"enemies":"Nemesis","floor":41.0,"turns":5.0},{"damage":1.0,"enemies":"Transient","floor":45.0,"turns":6.0},{"damage":0.0,"enemies":"Maw","floor":48.0,"turns":5.0},{"damage":20.0,"enemies":"Awakened One","floor":50.0,"turns":15.0},{"damage":10.0,"enemies":"Time Eater","floor":51.0,"turns":6.0},{"damage":50.0,"enemies":"Shield and Spear","floor":55.0,"turns":7.0},{"damage":31,"enemies":"The Heart","floor":56,"turns":2}],"seed_played":"-3220446318040230451","potions_obtained":[{"floor":12.0,"key":"GamblersBrew"},{"floor":24.0,"key":"Ancient Potion"},{"floor":28.0,"key":"Explosive Potion"},{"floor":31.0,"key":"Ancient Potion"},{"floor":48.0,"key":"PowerPotion"},{"floor":55.0,"key":"Explosive Potion"}],"is_trial":false,"path_per_floor":["M","?","M","?","?","R","M","R","T","M","R","E","?","M","R","B",null,"M","$","?","?","?","R","?","E","T","R","M","E","$","M","R","B",null,"M","M","M","?","?","R","E","R","T","?","M","?","$","M","R","B","B",null,"R","$","E","B"],"character_chosen":"DEFECT","items_purchased":["Glacier","Rainbow","Loop","DollysMirror","Coolheaded"],"campfire_rested":1,"item_purchase_floors":[19,30,30,47,54],"current_hp_per_floor":[60,60,59,59,59,59,52,52,52,43,43,34,27,19,19,15,57,33,33,33,33,33,33,11,15,15,51,55,24,24,28,28,36,62,66,71,62,51,51,51,47,47,47,47,56,56,56,66,66,57,59,65,65,65,27,0],"gold":66,"neow_bonus":"TRANSFORM_TWO_CARDS","is_prod":false,"is_daily":false,"chose_seed":false,"campfire_upgraded":9,"win_rate":0,"timestamp":1554127881,"path_taken":["M","?","?","?","?","R","?","R","T","M","R","E","?","M","R","BOSS","M","$","?","?","?","R","?","E","T","R","?","E","?","M","R","BOSS","M","M","M","?","?","R","E","R","T","?","M","?","$","M","R","BOSS","BOSS","R","$","E","BOSS"],"build_version":"2019-01-23","purchased_purges":2,"victory":false,"max_hp_per_floor":[71,71,71,71,71,71,71,71,71,71,71,71,71,71,71,71,71,71,71,71,71,71,71,71,71,71,71,71,71,71,71,71,71,71,71,71,71,71,71,71,71,71,71,71,71,67,67,67,67,67,67,67,67,67,67,67],"card_choices":[{"not_picked":["Stack","Compile Driver","Go for the Eyes"],"picked":"SKIP","floor":1.0},{"not_picked":["Leap","Streamline","Beam Cell","Rip and Tear"],"picked":"SKIP","floor":3.0},{"not_picked":["Hologram","Aggregate","Tempest"],"picked":"Biased Cognition","floor":7.0},{"not_picked":["Ball Lightning","Skim","BootSequence"],"picked":"Chaos","floor":10.0},{"not_picked":["Hello World","Stack","Steam Power"],"picked":"Hologram","floor":12.0},{"not_picked":["Heatsinks","Scrape","Stack"],"picked":"Leap","floor":14.0},{"not_picked":["Multi-Cast","Meteor Strike","Amplify"],"picked":"Core Surge","floor":16.0},{"not_picked":["Blizzard","Tempest","Compile Driver"],"picked":"Fission","floor":17.0},{"not_picked":["Leap","Consume","Undo"],"picked":"Glacier","floor":17.0},{"not_picked":["Leap","Sweeping Beam","Go for the Eyes"],"picked":"Coolheaded","floor":17.0},{"not_picked":["Ball Lightning","Melter","Gash"],"picked":"Turbo","floor":17.0},{"not_picked":["Compile Driver","Turbo","Conserve Battery"],"picked":"Fission","floor":17.0},{"not_picked":["Undo","Leap","Reinforced Body"],"picked":"Glacier","floor":18.0},{"not_picked":["Sweeping Beam","Glacier","Genetic Algorithm"],"picked":"Chaos+1","floor":25.0},{"not_picked":["BootSequence","Blizzard","Darkness"],"picked":"Conserve Battery+1","floor":28.0},{"not_picked":["Coolheaded","Doom and Gloom","Aggregate"],"picked":"Loop","floor":29.0},{"not_picked":["Tempest","Force Field","Turbo"],"picked":"Amplify","floor":31.0},{"not_picked":["Hyperbeam","Fission","Echo Form"],"picked":"Meteor Strike","floor":33.0},{"not_picked":["Rip and Tear","Beam Cell","Doom and Gloom","Ball Lightning+1"],"picked":"SKIP","floor":35.0},{"not_picked":["Hologram","Double Energy","Gash"],"picked":"Compile Driver+1","floor":36.0},{"not_picked":["Sweeping Beam","Consume","Sunder+1","Static Discharge"],"picked":"SKIP","floor":37.0},{"not_picked":["Barrage","Go for the Eyes","Turbo"],"picked":"White Noise","floor":41.0},{"not_picked":["Beam Cell","White Noise","Lockon"],"picked":"Double Energy","floor":45.0},{"not_picked":["Conserve Battery","Steam","Cold Snap+1","Force Field"],"picked":"SKIP","floor":48.0},{"not_picked":["Biased Cognition","Rebound","Cold Snap+1"],"picked":"Heatsinks","floor":55.0}],"player_experience":3992800,"relics_obtained":[{"floor":2.0,"key":"Question Card"},{"floor":12.0,"key":"Oddly Smooth Stone"},{"floor":24.0,"key":"Bird Faced Urn"},{"floor":24.0,"key":"Shuriken"},{"floor":25.0,"key":"Regal Pillow"},{"floor":26.0,"key":"DataDisk"},{"floor":29.0,"key":"Pen Nib"},{"floor":38.0,"key":"Girya"},{"floor":41.0,"key":"Cables"},{"floor":43.0,"key":"Juzu Bracelet"},{"floor":55.0,"key":"Vajra"}],"event_choices":[{"damage_healed":0.0,"max_hp_gain":0.0,"max_hp_loss":0.0,"gold_gain":0.0,"event_name":"Wheel of Change","player_choice":"Relic","floor":2.0,"gold_loss":0.0,"damage_taken":0.0},{"damage_healed":0.0,"max_hp_gain":0.0,"max_hp_loss":0.0,"gold_gain":0.0,"event_name":"The Cleric","player_choice":"Leave","floor":4.0,"gold_loss":0.0,"damage_taken":0.0},{"damage_healed":0.0,"max_hp_gain":0.0,"max_hp_loss":0.0,"gold_gain":0.0,"cards_transformed":["Strike_B"],"event_name":"Transmorgrifier","player_choice":"Transformed","floor":5.0,"gold_loss":0.0,"damage_taken":0.0,"cards_obtained":["Darkness"]},{"cards_removed":["Strike_B"],"damage_healed":0.0,"max_hp_gain":0.0,"max_hp_loss":0.0,"gold_gain":0.0,"event_name":"Golden Wing","player_choice":"Card Removal","floor":13.0,"gold_loss":0.0,"damage_taken":7.0},{"damage_healed":0.0,"max_hp_gain":0.0,"max_hp_loss":0.0,"gold_gain":0.0,"event_name":"Vampires","player_choice":"Ignored","floor":20.0,"gold_loss":0.0,"damage_taken":0.0},{"damage_healed":0.0,"max_hp_gain":0.0,"max_hp_loss":0.0,"gold_gain":50.0,"event_name":"Nest","player_choice":"Stole From Cult","floor":21.0,"gold_loss":0.0,"damage_taken":0.0},{"cards_removed":["Defend_B"],"damage_healed":0.0,"max_hp_gain":0.0,"max_hp_loss":0.0,"gold_gain":0.0,"event_name":"Back to Basics","player_choice":"Elegance","floor":22.0,"gold_loss":0.0,"damage_taken":0.0},{"damage_healed":0.0,"max_hp_gain":0.0,"max_hp_loss":0.0,"gold_gain":0.0,"event_name":"Colosseum","player_choice":"Fight","floor":24.0,"gold_loss":0.0,"damage_taken":0.0},{"damage_healed":0.0,"max_hp_gain":0.0,"max_hp_loss":0.0,"gold_gain":0.0,"event_name":"Colosseum","player_choice":"Fought Nobs","floor":24.0,"gold_loss":0.0,"damage_taken":0.0},{"damage_healed":0.0,"max_hp_gain":0.0,"max_hp_loss":0.0,"gold_gain":0.0,"event_name":"Mysterious Sphere","player_choice":"Fight","floor":38.0,"gold_loss":0.0,"damage_taken":0.0},{"cards_removed":["Defend_B"],"damage_healed":0.0,"max_hp_gain":0.0,"max_hp_loss":0.0,"gold_gain":0.0,"event_name":"Purifier","player_choice":"Purged","floor":39.0,"gold_loss":0.0,"damage_taken":0.0},{"cards_removed":["Darkness"],"damage_healed":0.0,"max_hp_gain":0.0,"max_hp_loss":0.0,"gold_gain":0.0,"event_name":"Falling","player_choice":"Removed Skill","floor":44.0,"gold_loss":0.0,"damage_taken":0.0},{"damage_healed":0.0,"max_hp_gain":0.0,"max_hp_loss":4.0,"gold_gain":0.0,"event_name":"Winding Halls","player_choice":"Max HP","floor":46.0,"gold_loss":0.0,"damage_taken":0.0}],"is_beta":false,"boss_relics":[{"not_picked":["Fusion Hammer","Nuclear Battery"],"picked":"Orrery"},{"not_picked":["Tiny House","Eternal Feather"],"picked":"Runic Dome"}],"items_purged_floors":[19,30],"is_endless":false,"potions_floor_spawned":[12,24,28,29,31,33,36,37,41,48,55],"killed_by":"The Heart","ascension_level":20}