{"gold_per_floor":[359,138,149,74,84,84,94,94,119,119,176,176,176,191,191,263,263,276,276,287,101,124,124,45,45,96,108,122,122,122,149,149,223,223,240,240,254,1253,1270,1270,1286,1286,1341,1341,1358,1368,1368,619,619,619],"floor_reached":51,"playtime":3455,"items_purged":["Strike_R","Defend_R","Normality"],"score":1209,"play_id":"b16e1fab-c718-4d00-ae26-636af4657d57","local_time":"20190808053543","is_ascension_mode":true,"campfire_choices":[{"data":"Inflame","floor":6,"key":"SMITH"},{"data":"Shockwave","floor":8,"key":"SMITH"},{"data":"Headbutt","floor":10,"key":"SMITH"},{"data":"Pommel Strike","floor":12,"key":"SMITH"},{"data":"Metallicize","floor":15,"key":"SMITH"},{"data":"Bludgeon","floor":23,"key":"SMITH"},{"data":"Ghostly Armor","floor":25,"key":"SMITH"},{"floor":29,"key":"REST"},{"data":"Battle Trance","floor":32,"key":"SMITH"},{"data":"Double Tap","floor":40,"key":"SMITH"},{"data":"Seeing Red","floor":42,"key":"SMITH"},{"floor":47,"key":"REST"},{"data":"Rampage","floor":49,"key":"SMITH"}],"neow_cost":"PERCENT_DAMAGE","seed_source_timestamp":164222728915308,"circlet_count":0,"master_deck":["AscendersBane","Strike_R","Defend_R+1","Defend_R","Defend_R","Bash","Pommel Strike+1","Inflame+1","Shockwave+1","Headbutt+1","Metallicize+1","Bludgeon+1","Good Instincts+1","Ghostly Armor+1","Seeing Red+1","Battle Trance+1","Double Tap+1","Rampage+1","Shrug It Off"],"relics":["Burning Blood","Oddly Smooth Stone","PreservedInsect","Omamori","Velvet Choker","Ancient Tea Set","War Paint","Incense Burner","Busted Crown","Anchor","Sundial","Toy Ornithopter"],"potions_floor_usage":[16,16,18,37,37,41,50,50],"damage_taken":[{"damage":6,"enemies":"Cultist","floor":1,"turns":3},{"damage":2,"enemies":"Small Slimes","floor":3,"turns":4},{"damage":2,"enemies":"2 Louse","floor":5,"turns":4},{"damage":7,"enemies":"Large Slime","floor":7,"turns":6},{"damage":13,"enemies":"Gremlin Nob","floor":11,"turns":3},{"damage":7,"enemies":"Exordium Thugs","floor":14,"turns":4},{"damage":14,"enemies":"Hexaghost","floor":16,"turns":8},{"damage":27,"enemies":"2 Thieves","floor":18,"turns":3},{"damage":0,"enemies":"Chosen","floor":20,"turns":3},{"damage":12,"enemies":"Shelled Parasite and Fungi","floor":27,"turns":4},{"damage":5,"enemies":"Centurion and Healer","floor":28,"turns":5},{"damage":3,"enemies":"Slavers","floor":31,"turns":4},{"damage":8,"enemies":"Champ","floor":33,"turns":8},{"damage":3,"enemies":"Orb Walker","floor":35,"turns":2},{"damage":0,"enemies":"3 Darklings","floor":37,"turns":4},{"damage":8,"enemies":"Maw","floor":39,"turns":7},{"damage":0,"enemies":"Spire Growth","floor":41,"turns":4},{"damage":25,"enemies":"4 Shapes","floor":45,"turns":7},{"damage":3,"enemies":"3 Darklings","floor":46,"turns":8},{"damage":60,"enemies":"Awakened One","floor":50,"turns":13}],"seed_played":"2522698560313289101","potions_obtained":[{"floor":3,"key":"Ancient Potion"},{"floor":11,"key":"Block Potion"},{"floor":14,"key":"Strength Potion"},{"floor":16,"key":"EssenceOfSteel"},{"floor":18,"key":"Swift Potion"},{"floor":20,"key":"Fire Potion"},{"floor":39,"key":"Ancient Potion"},{"floor":41,"key":"PowerPotion"},{"floor":46,"key":"Swift Potion"}],"is_trial":false,"path_per_floor":["M","$","M","?","M","R","M","R","T","R","?","R","?","M","R","B",null,"M","?","M","$","T","R","$","R","T","M","M","R","?","E","R","B",null,"M","?","M","?","M","R","M","R","T","?","M","M","R","$","R","B",null],"character_chosen":"IRONCLAD","items_purchased":["Oddly Smooth Stone","Good Instincts","Ghostly Armor","PowerPotion","Rampage","Shrug It Off","Sundial","Toy Ornithopter"],"campfire_rested":2,"item_purchase_floors":[2,21,24,48,48,48,48,48],"current_hp_per_floor":[50,50,54,54,58,58,57,57,57,57,50,50,43,42,42,34,65,44,37,43,43,43,43,43,43,43,37,38,60,60,63,63,61,72,75,75,75,75,73,73,75,75,75,75,56,59,75,75,75,21],"gold":619,"neow_bonus":"TWO_FIFTY_GOLD","is_prod":false,"is_daily":false,"chose_seed":false,"campfire_upgraded":11,"win_rate":0,"timestamp":1565260543,"path_taken":["M","$","M","?","M","R","M","R","T","R","?","R","?","M","R","BOSS","M","?","M","$","?","R","$","R","T","M","M","R","?","E","R","BOSS","M","?","?","?","M","R","M","R","T","?","M","?","R","$","R","BOSS"],"build_version":"2019-07-17","purchased_purges":3,"victory":true,"max_hp_per_floor":[75,75,75,75,75,75,75,75,75,75,75,75,75,75,75,75,75,75,75,75,75,75,75,75,75,75,75,75,75,75,75,75,75,75,75,75,75,75,75,75,75,75,75,75,75,75,75,75,75,75],"card_choices":[{"not_picked":["Twin Strike","Dropkick"],"picked":"Pommel Strike","floor":1},{"not_picked":["Fire Breathing","Headbutt"],"picked":"Inflame","floor":3},{"not_picked":["Shrug It Off","Flex"],"picked":"Shockwave","floor":5},{"not_picked":["Sentinel","Flex"],"picked":"Headbutt","floor":7},{"not_picked":["Clothesline","Combust"],"picked":"Metallicize","floor":14},{"not_picked":["Berserk","Reaper"],"picked":"Bludgeon","floor":16},{"not_picked":["Sword Boomerang","Cleave","Iron Wave"],"picked":"SKIP","floor":18},{"not_picked":["Clothesline","Warcry","Rupture"],"picked":"SKIP","floor":20},{"not_picked":["Havoc","Sword Boomerang","Twin Strike"],"picked":"SKIP","floor":27},{"not_picked":["Warcry","Shrug It Off"],"picked":"Seeing Red","floor":28},{"not_picked":["Reckless Charge","Pommel Strike"],"picked":"Battle Trance","floor":31},{"not_picked":["Demon Form","Dark Embrace"],"picked":"Double Tap","floor":33},{"not_picked":["Wild Strike+1"],"picked":"SKIP","floor":35},{"not_picked":["Intimidate+1"],"picked":"SKIP","floor":37},{"not_picked":["Thunderclap"],"picked":"SKIP","floor":39},{"not_picked":["Pommel Strike"],"picked":"SKIP","floor":41},{"not_picked":["Body Slam"],"picked":"SKIP","floor":45},{"not_picked":["Sentinel"],"picked":"SKIP","floor":46}],"player_experience":467487,"relics_obtained":[{"floor":9,"key":"PreservedInsect"},{"floor":22,"key":"Ancient Tea Set"},{"floor":26,"key":"War Paint"},{"floor":31,"key":"Incense Burner"},{"floor":43,"key":"Anchor"}],"event_choices":[{"cards_removed":["Strike_R"],"damage_healed":0,"gold_gain":0,"player_choice":"Card Removal","damage_taken":0,"max_hp_gain":0,"max_hp_loss":0,"event_name":"The Cleric","floor":4,"gold_loss":75},{"damage_healed":0,"gold_gain":0,"player_choice":"Searched \u00272\u0027 times","damage_taken":0,"relics_obtained":["Omamori"],"max_hp_gain":0,"max_hp_loss":0,"event_name":"Dead Adventurer","floor":11,"gold_loss":0},{"cards_removed":["Strike_R"],"damage_healed":0,"gold_gain":0,"player_choice":"Card Removal","damage_taken":7,"max_hp_gain":0,"max_hp_loss":0,"event_name":"Golden Wing","floor":13,"gold_loss":0},{"damage_healed":0,"gold_gain":0,"player_choice":"","damage_taken":7,"max_hp_gain":0,"max_hp_loss":0,"event_name":"Knowing Skull","floor":19,"potions_obtained":[],"gold_loss":0,"cards_obtained":[]},{"cards_removed":["Strike_R"],"damage_healed":0,"gold_gain":0,"player_choice":"Elegance","damage_taken":0,"max_hp_gain":0,"max_hp_loss":0,"event_name":"Back to Basics","floor":30,"gold_loss":0},{"damage_healed":0,"gold_gain":0,"player_choice":"1 cards matched","damage_taken":0,"max_hp_gain":0,"max_hp_loss":0,"event_name":"Match and Keep!","floor":36,"gold_loss":0,"cards_obtained":["Shame"]},{"damage_healed":0,"gold_gain":999,"player_choice":"Gold","damage_taken":0,"max_hp_gain":0,"max_hp_loss":0,"event_name":"MindBloom","floor":38,"gold_loss":0,"cards_obtained":["Normality","Normality"]},{"damage_healed":0,"gold_gain":0,"player_choice":"Ignored","damage_taken":0,"max_hp_gain":0,"max_hp_loss":0,"event_name":"Mysterious Sphere","floor":44,"gold_loss":0}],"is_beta":false,"boss_relics":[{"not_picked":["Runic Cube","Orrery"],"picked":"Velvet Choker"},{"not_picked":["Coffee Dripper","White Beast Statue"],"picked":"Busted Crown"}],"items_purged_floors":[2,21,48],"is_endless":false,"potions_floor_spawned":[3,11,14,16,18,20,28,31,39,41,46],"ascension_level":15}