{"gold_per_floor":[117,117,167,183,183,226,226,151,151,185,204,104,148,173,173,267,267,288,303,41,41,57,101,121,156,156,156,197,234,15,53,53,149,212,230,230,563,663,675,705,735,770,770,797,797,832,847,672,672,672,672,672,672,59,93,93],"floor_reached":57,"playtime":2867,"items_purged":["Quick Slash","Slice","Survivor","Dodge and Roll+1","Accuracy","Storm of Steel"],"score":4138,"play_id":"fbcd3ebc-7fab-4050-aa5f-653edd460c3c","local_time":"20190320171500","is_ascension_mode":true,"campfire_choices":[{"data":"Expertise","floor":7.0,"key":"SMITH"},{"data":"Acrobatics","floor":15.0,"key":"SMITH"},{"data":"Well Laid Plans","floor":27.0,"key":"SMITH"},{"data":"Concentrate","floor":32.0,"key":"SMITH"},{"floor":49,"key":"RECALL"},{"data":"Backflip","floor":53,"key":"SMITH"}],"neow_cost":"NONE","seed_source_timestamp":5716496347711,"circlet_count":0,"master_deck":["AscendersBane","Neutralize","Heel Hook+1","Infinite Blades+1","Accuracy+1","Expertise+1","Concentrate+1","Acrobatics+1","Backflip+1","Well Laid Plans+1","Tactician+1","Reflex+1","Calculated Gamble+1","Flechettes"],"special_seed":0,"relics":["Pandora\u0027s Box","Oddly Smooth Stone","War Paint","Kunai","Boot","Philosopher\u0027s Stone","Toxic Egg 2","MawBank","Blood Vial","Tiny House","WingedGreaves","Nunchaku","Gambling Chip","Meat on the Bone","Gremlin Horn","Ornamental Fan","Thread and Needle","Membership Card","Strawberry","Paper Crane","Shuriken"],"potions_floor_usage":[56,56],"damage_taken":[{"damage":1.0,"enemies":"Small Slimes","floor":1.0,"turns":3.0},{"damage":14.0,"enemies":"2 Louse","floor":4.0,"turns":3.0},{"damage":0.0,"enemies":"Gremlin Nob","floor":6.0,"turns":4.0},{"damage":0.0,"enemies":"Lagavulin","floor":10.0,"turns":4.0},{"damage":0.0,"enemies":"Cultist","floor":11.0,"turns":2.0},{"damage":0.0,"enemies":"Gremlin Nob","floor":13.0,"turns":3.0},{"damage":15.0,"enemies":"Exordium Wildlife","floor":14.0,"turns":3.0},{"damage":0.0,"enemies":"Hexaghost","floor":16.0,"turns":3.0},{"damage":9.0,"enemies":"3 Byrds","floor":18.0,"turns":3.0},{"damage":15.0,"enemies":"2 Thieves","floor":19.0,"turns":3.0},{"damage":0.0,"enemies":"Chosen and Byrds","floor":22.0,"turns":4.0},{"damage":0.0,"enemies":"Gremlin Leader","floor":23.0,"turns":2.0},{"damage":0.0,"enemies":"Centurion and Healer","floor":24.0,"turns":3.0},{"damage":32.0,"enemies":"Slavers","floor":25.0,"turns":4.0},{"damage":0.0,"enemies":"Gremlin Leader","floor":28.0,"turns":2.0},{"damage":0.0,"enemies":"Snake Plant","floor":29.0,"turns":2.0},{"damage":0.0,"enemies":"Book of Stabbing","floor":31.0,"turns":1.0},{"damage":0.0,"enemies":"Champ","floor":33.0,"turns":1.0},{"damage":0.0,"enemies":"Orb Walker","floor":35.0,"turns":1.0},{"damage":0.0,"enemies":"Mind Bloom Boss Battle","floor":38.0,"turns":2.0},{"damage":18,"enemies":"3 Shapes","floor":39,"turns":2},{"damage":0,"enemies":"Giant Head","floor":40,"turns":4},{"damage":0,"enemies":"Reptomancer","floor":41,"turns":2},{"damage":0,"enemies":"Nemesis","floor":42,"turns":1},{"damage":0,"enemies":"Reptomancer","floor":44,"turns":2},{"damage":0,"enemies":"Nemesis","floor":46,"turns":1},{"damage":0,"enemies":"3 Darklings","floor":47,"turns":1},{"damage":0,"enemies":"Donu and Deca","floor":50,"turns":3},{"damage":0,"enemies":"Awakened One","floor":51,"turns":3},{"damage":0,"enemies":"Shield and Spear","floor":55,"turns":1},{"damage":13,"enemies":"The Heart","floor":56,"turns":4}],"seed_played":"-499070295268603133","potions_obtained":[{"floor":4.0,"key":"GhostInAJar"},{"floor":6.0,"key":"Strength Potion"},{"floor":14.0,"key":"EssenceOfSteel"},{"floor":16.0,"key":"FearPotion"},{"floor":31.0,"key":"SneckoOil"},{"floor":33.0,"key":"SpeedPotion"}],"is_trial":false,"path_per_floor":["M","?","?","M","?","E","R","$","T","E","M","$","E","M","R","B",null,"M","M","$","?","M","E","M","E","T","R","E","M","$","E","R","B",null,"M","?","?","?","M","E","E","E","T","E","?","E","M","$","R","B","B",null,"R","$","E","B",null],"character_chosen":"THE_SILENT","items_purchased":["Backflip","GhostInAJar","Tactician+1","Membership Card","Strawberry","Paper Crane","GhostInAJar","Flechettes"],"campfire_rested":0,"item_purchase_floors":[20,20,30,54,54,54,54,54],"current_hp_per_floor":[58,58,58,44,26,26,26,26,26,26,26,26,26,11,11,11,48,39,24,24,70,70,70,70,38,38,38,38,38,38,38,38,40,68,70,70,70,71,53,55,57,59,59,61,61,63,65,65,65,67,69,71,71,78,78,65],"gold":93,"neow_bonus":"BOSS_RELIC","is_prod":false,"is_daily":false,"chose_seed":true,"campfire_upgraded":5,"win_rate":0,"timestamp":1553073300,"path_taken":["M","?","?","?","?","E","R","?","T","E","M","$","E","M","R","BOSS","M","M","$","?","M","E","M","E","T","R","E","M","$","E","R","BOSS","BOSS","M","?","?","?","M","E","E","E","T","E","?","E","?","?","R","BOSS","BOSS","R","$","E","BOSS"],"build_version":"2019-01-23","purchased_purges":6,"victory":true,"max_hp_per_floor":[66,60,60,60,60,60,60,60,60,60,60,60,60,60,60,60,60,60,60,60,70,70,70,70,70,70,70,70,70,70,70,70,70,75,75,71,71,71,71,71,71,71,71,71,71,71,71,71,71,71,71,71,71,78,78,78],"card_choices":[{"not_picked":["Flying Knee","Dodge and Roll","PiercingWail"],"picked":"SKIP","floor":1.0},{"not_picked":["Quick Slash","Riddle With Holes","Outmaneuver"],"picked":"SKIP","floor":4.0},{"not_picked":["Masterful Stab","Bouncing Flask","Dodge and Roll"],"picked":"SKIP","floor":6.0},{"not_picked":["Finisher","Poisoned Stab","Prepared"],"picked":"SKIP","floor":10.0},{"not_picked":["Underhanded Strike","Sucker Punch"],"picked":"Concentrate","floor":11.0},{"not_picked":["All Out Attack","Backstab","Noxious Fumes"],"picked":"SKIP","floor":13.0},{"not_picked":["Prepared","PiercingWail"],"picked":"Acrobatics","floor":14.0},{"not_picked":["Acrobatics","Blade Dance","Slice"],"picked":"SKIP","floor":18.0},{"not_picked":["Caltrops","Prepared","Predator"],"picked":"SKIP","floor":19.0},{"not_picked":["Quick Slash+1","Outmaneuver","Cloak And Dagger"],"picked":"SKIP","floor":22.0},{"not_picked":["Skewer","Venomology"],"picked":"Well Laid Plans","floor":23.0},{"not_picked":["Bane","Acrobatics+1","Masterful Stab"],"picked":"SKIP","floor":24.0},{"not_picked":["Underhanded Strike","Predator+1","Backflip+1"],"picked":"SKIP","floor":25.0},{"not_picked":["Bane","Catalyst+1","Underhanded Strike"],"picked":"SKIP","floor":28.0},{"not_picked":["Blade Dance+1","Glass Knife","Flying Knee"],"picked":"SKIP","floor":29.0},{"not_picked":["Deadly Poison+1","Blade Dance+1","Sucker Punch"],"picked":"SKIP","floor":31.0},{"not_picked":["Crippling Poison+1","Caltrops"],"picked":"Reflex+1","floor":34.0},{"not_picked":["Flying Knee","Infinite Blades","Blade Dance+1"],"picked":"SKIP","floor":35.0},{"not_picked":["Catalyst+1","Backflip+1","Underhanded Strike"],"picked":"SKIP","floor":39},{"not_picked":["Poisoned Stab+1","Blade Dance+1","Catalyst+1"],"picked":"SKIP","floor":40},{"not_picked":["All Out Attack","Acrobatics+1","Corpse Explosion+1"],"picked":"SKIP","floor":41},{"not_picked":["Terror+1","Leg Sweep+1","Masterful Stab"],"picked":"SKIP","floor":42},{"not_picked":["Sucker Punch","Escape Plan+1"],"picked":"Calculated Gamble+1","floor":44},{"not_picked":["Flying Knee","Bullet Time+1","Dagger Throw"],"picked":"SKIP","floor":46},{"not_picked":["Deadly Poison+1","Acrobatics+1","Cloak And Dagger+1"],"picked":"SKIP","floor":47},{"not_picked":["Deflect+1","Endless Agony","Cloak And Dagger+1"],"picked":"SKIP","floor":55}],"player_experience":3748299,"relics_obtained":[{"floor":6.0,"key":"Oddly Smooth Stone"},{"floor":9.0,"key":"War Paint"},{"floor":10.0,"key":"Kunai"},{"floor":13.0,"key":"Boot"},{"floor":23.0,"key":"Toxic Egg 2"},{"floor":28.0,"key":"MawBank"},{"floor":31.0,"key":"Blood Vial"},{"floor":38.0,"key":"WingedGreaves"},{"floor":40,"key":"Nunchaku"},{"floor":41,"key":"Gambling Chip"},{"floor":42,"key":"Meat on the Bone"},{"floor":43,"key":"Gremlin Horn"},{"floor":44,"key":"Ornamental Fan"},{"floor":46,"key":"Thread and Needle"},{"floor":55,"key":"Shuriken"}],"event_choices":[{"damage_healed":0.0,"max_hp_gain":0.0,"max_hp_loss":6.0,"gold_gain":0.0,"event_name":"Golden Idol","player_choice":"Lose Max HP","floor":2.0,"gold_loss":0.0,"damage_taken":0.0,"relics_obtained":["Golden Idol"]},{"damage_healed":0.0,"max_hp_gain":0.0,"max_hp_loss":0.0,"gold_gain":50.0,"event_name":"Golden Shrine","player_choice":"Pray","floor":3.0,"gold_loss":0.0,"damage_taken":0.0},{"damage_healed":0.0,"max_hp_gain":0.0,"max_hp_loss":0.0,"gold_gain":0.0,"event_name":"Shining Light","player_choice":"Entered Light","floor":5.0,"gold_loss":0.0,"damage_taken":18.0,"cards_upgraded":["Heel Hook","Infinite Blades"]},{"cards_removed":["Night Terror"],"damage_healed":36.0,"max_hp_gain":10.0,"max_hp_loss":0.0,"gold_gain":0.0,"event_name":"Bonfire Elementals","player_choice":"Offered Rare","floor":21.0,"gold_loss":0.0,"damage_taken":0.0},{"damage_healed":0.0,"max_hp_gain":0.0,"max_hp_loss":4.0,"gold_gain":0.0,"event_name":"Winding Halls","player_choice":"Max HP","floor":36.0,"gold_loss":0.0,"damage_taken":0.0},{"damage_healed":0.0,"max_hp_gain":0.0,"max_hp_loss":0.0,"gold_gain":333.0,"event_name":"The Moai Head","player_choice":"Gave Idol","floor":37.0,"relics_lost":["Golden Idol"],"gold_loss":0.0,"damage_taken":0.0},{"damage_healed":0.0,"max_hp_gain":0.0,"max_hp_loss":0.0,"gold_gain":0.0,"event_name":"MindBloom","player_choice":"Fight","floor":38.0,"gold_loss":0.0,"damage_taken":0.0},{"damage_healed":0,"gold_gain":0,"player_choice":"Ignored","damage_taken":0,"max_hp_gain":0,"max_hp_loss":0,"event_name":"SecretPortal","floor":45,"gold_loss":0}],"is_beta":false,"boss_relics":[{"not_picked":["Lizard Tail","Runic Dome"],"picked":"Philosopher\u0027s Stone"},{"not_picked":["Busted Crown","Eternal Feather"],"picked":"Tiny House"}],"items_purged_floors":[8,12,20,30,48,54],"is_endless":false,"potions_floor_spawned":[4,6,14,16,18,23,24,31,33,38,39,40,41],"ascension_level":20}