{"gold_per_floor":[115,125,139,149,163,163,179,179,179,179,193,193,207,207,207,279,279,291,0,15,114,114,114,114,114,114,114,133,145,165,176,176,249,249,261,275,275,293,306,306,326,326,349,57,71,85,85,102,102,102],"floor_reached":50,"playtime":3503,"items_purged":[],"score":899,"play_id":"798d70d5-f68c-40f7-9f02-51f8f9665602","local_time":"20181012005233","is_ascension_mode":true,"campfire_choices":[{"data":"Feed","floor":6,"key":"SMITH"},{"data":"Disarm","floor":8,"key":"SMITH"},{"data":"Disarm","floor":10,"key":"SMITH"},{"data":"Inflame","floor":15,"key":"SMITH"},{"data":"Demon Form","floor":23,"key":"SMITH"},{"data":"Heavy Blade","floor":25,"key":"SMITH"},{"data":"Feed","floor":27,"key":"SMITH"},{"floor":32,"key":"REST"},{"floor":40,"key":"REST"},{"floor":42,"key":"REST"},{"floor":47,"key":"REST"},{"floor":49,"key":"REST"}],"neow_cost":"TEN_PERCENT_HP_LOSS","seed_source_timestamp":3791432561294,"circlet_count":0,"master_deck":["Strike_R","Strike_R","Strike_R","Strike_R","Strike_R","Defend_R","Defend_R","Defend_R","Defend_R","Bash","AscendersBane","Feed+1","Disarm+1","Whirlwind","Inflame+1","True Grit","Disarm+1","Disarm+1","Uppercut","Flex","Bludgeon","Demon Form+1","Battle Trance","True Grit","Feed+1","Impervious","Heavy Blade+1","Shame","Metallicize","Burning Pact","Evolve+1","Shockwave+1","Headbutt","Disarm+1","Feed","Immolate","Power Through","Thunderclap+1","Disarm","Disarm","Inflame+1","Exhume","Armaments+1","True Grit+1","Headbutt+1","Writhe","Fiend Fire","Shrug It Off","Double Tap","Reaper","Shrug It Off+1","Metallicize","Metallicize","Flex","Shrug It Off+1"],"relics":["Burning Blood","Prayer Wheel","Cursed Key","Pen Nib","The Courier","Fusion Hammer","Bronze Scales"],"potions_floor_usage":[7,18,28,31,50,50],"damage_taken":[{"damage":1,"enemies":"Cultist","floor":1,"turns":3},{"damage":11,"enemies":"2 Louse","floor":2,"turns":3},{"damage":13,"enemies":"Small Slimes","floor":3,"turns":5},{"damage":32,"enemies":"Exordium Wildlife","floor":4,"turns":7},{"damage":20,"enemies":"3 Louse","floor":5,"turns":4},{"damage":10,"enemies":"Blue Slaver","floor":7,"turns":4},{"damage":5,"enemies":"2 Fungi Beasts","floor":11,"turns":5},{"damage":16,"enemies":"3 Louse","floor":13,"turns":4},{"damage":14,"enemies":"Hexaghost","floor":16,"turns":12},{"damage":36,"enemies":"2 Thieves","floor":18,"turns":4},{"damage":20,"enemies":"Chosen","floor":20,"turns":8},{"damage":27,"enemies":"Sentry and Sphere","floor":28,"turns":5},{"damage":21,"enemies":"Snake Plant","floor":29,"turns":6},{"damage":0,"enemies":"Snecko","floor":30,"turns":5},{"damage":32,"enemies":"3 Cultists","floor":31,"turns":5},{"damage":27,"enemies":"Champ","floor":33,"turns":16},{"damage":39,"enemies":"3 Darklings","floor":35,"turns":9},{"damage":21,"enemies":"3 Shapes","floor":36,"turns":4},{"damage":24,"enemies":"Sphere and 2 Shapes","floor":38,"turns":10},{"damage":59,"enemies":"Spire Growth","floor":39,"turns":8},{"damage":16,"enemies":"Maw","floor":41,"turns":7},{"damage":40,"enemies":"Sphere and 2 Shapes","floor":45,"turns":4},{"damage":40,"enemies":"3 Darklings","floor":46,"turns":6},{"damage":39,"enemies":"Spire Growth","floor":48,"turns":9},{"damage":135,"enemies":"Donu and Deca","floor":50,"turns":9}],"seed_played":"-842158014296183586","potions_obtained":[{"floor":5,"key":"Energy Potion"},{"floor":11,"key":"FairyPotion"},{"floor":16,"key":"Fire Potion"},{"floor":20,"key":"Block Potion"},{"floor":28,"key":"Energy Potion"},{"floor":33,"key":"SteroidPotion"},{"floor":39,"key":"Energy Potion"}],"is_trial":false,"path_per_floor":["M","M","M","M","M","R","M","R","T","R","M","?","M","$","R","B",null,"M","$","M","?","$","R","?","R","T","R","M","M","M","M","R","B",null,"M","M","$","M","M","R","M","R","T","$","M","M","R","M","R"],"character_chosen":"IRONCLAD","items_purchased":["Feed","Pen Nib","Ancient Potion","Fiend Fire","Shrug It Off","Double Tap"],"campfire_rested":5,"item_purchase_floors":[19,19,44,44,44,44],"current_hp_per_floor":[75,73,69,46,35,35,35,35,35,35,40,40,34,34,34,30,85,59,59,49,49,49,49,49,49,49,49,36,25,31,9,47,26,102,73,62,62,52,14,56,46,88,88,88,58,24,68,45,89,0],"gold":102,"neow_bonus":"THREE_RARE_CARDS","is_prod":false,"is_daily":false,"chose_seed":false,"campfire_upgraded":7,"win_rate":0,"timestamp":1539276753,"path_taken":["M","M","?","M","?","R","M","R","T","R","M","?","?","$","R","BOSS","M","$","M","?","$","R","?","R","T","R","M","M","?","?","R","BOSS","M","M","$","M","?","R","M","R","T","$","M","M","R","M","R","BOSS"],"build_version":"2018-10-04v2","purchased_purges":0,"victory":false,"max_hp_per_floor":[75,78,81,84,87,87,91,91,91,91,95,95,99,99,99,103,103,107,107,111,111,111,111,111,111,111,111,119,123,123,127,127,127,127,131,135,135,143,143,143,143,143,143,143,147,147,147,147,147,147],"card_choices":[{"not_picked":["Impervious","Bludgeon"],"picked":"Feed","floor":0},{"not_picked":["Twin Strike","Warcry"],"picked":"Disarm","floor":1},{"not_picked":["Corruption","Sever Soul","Headbutt"],"picked":"SKIP","floor":2},{"not_picked":["True Grit","Headbutt"],"picked":"Whirlwind","floor":3},{"not_picked":["Cleave","True Grit"],"picked":"Inflame","floor":4},{"not_picked":["Armaments","Anger"],"picked":"True Grit","floor":5},{"not_picked":["Clash","Pommel Strike"],"picked":"Disarm","floor":7},{"not_picked":["Entrench","Body Slam"],"picked":"Disarm","floor":11},{"not_picked":["Whirlwind","Second Wind"],"picked":"Uppercut","floor":11},{"not_picked":["Whirlwind","Twin Strike"],"picked":"Flex","floor":13},{"not_picked":["Searing Blow","Headbutt"],"picked":"Bludgeon","floor":13},{"not_picked":["Juggernaut","Impervious"],"picked":"Demon Form","floor":16},{"not_picked":["Body Slam","Clothesline"],"picked":"Battle Trance","floor":18},{"not_picked":["Cleave","Pommel Strike"],"picked":"True Grit","floor":18},{"not_picked":["Iron Wave","Carnage"],"picked":"Impervious","floor":20},{"not_picked":["Wild Strike","Searing Blow"],"picked":"Heavy Blade","floor":20},{"not_picked":["Thunderclap","Fire Breathing"],"picked":"Metallicize","floor":28},{"not_picked":["Heavy Blade","Anger","Sword Boomerang"],"picked":"SKIP","floor":28},{"not_picked":["Armaments","Pummel"],"picked":"Burning Pact","floor":29},{"not_picked":["Carnage","Sever Soul"],"picked":"Evolve+1","floor":29},{"not_picked":["Thunderclap","Pommel Strike"],"picked":"Shockwave+1","floor":30},{"not_picked":["Warcry","Wild Strike"],"picked":"Headbutt","floor":30},{"not_picked":["Anger+1","Rupture"],"picked":"Disarm+1","floor":31},{"not_picked":["True Grit","Warcry"],"picked":"Feed","floor":31},{"not_picked":["Offering","Brutality"],"picked":"Immolate","floor":33},{"not_picked":["True Grit","Twin Strike"],"picked":"Power Through","floor":35},{"not_picked":["Cleave+1","Twin Strike+1","Clothesline"],"picked":"SKIP","floor":35},{"not_picked":["Havoc","Headbutt"],"picked":"Thunderclap+1","floor":36},{"not_picked":["Clothesline","Cleave"],"picked":"Disarm","floor":36},{"not_picked":["Pommel Strike","Pummel"],"picked":"Disarm","floor":38},{"not_picked":["Rampage+1","Feel No Pain"],"picked":"Inflame+1","floor":38},{"not_picked":["Second Wind","Heavy Blade"],"picked":"Exhume","floor":39},{"not_picked":["Warcry","Dual Wield"],"picked":"Armaments+1","floor":39},{"not_picked":["Clothesline","Fire Breathing+1"],"picked":"True Grit+1","floor":41},{"not_picked":["Dropkick","Pummel+1"],"picked":"Headbutt+1","floor":41},{"not_picked":["Rampage","Sword Boomerang"],"picked":"Reaper","floor":45},{"not_picked":["Feel No Pain","Fire Breathing"],"picked":"Shrug It Off+1","floor":45},{"not_picked":["Hemokinesis","Sever Soul"],"picked":"Metallicize","floor":46},{"not_picked":["Pummel","Reckless Charge"],"picked":"Metallicize","floor":46},{"not_picked":["Rampage","Evolve"],"picked":"Flex","floor":48},{"not_picked":["Battle Trance+1","Whirlwind"],"picked":"Shrug It Off+1","floor":48}],"player_experience":114239,"relics_obtained":[{"floor":9,"key":"Prayer Wheel"},{"floor":26,"key":"The Courier"},{"floor":43,"key":"Bronze Scales"}],"event_choices":[{"event_name":"Upgrade Shrine","player_choice":"Upgraded","floor":12,"damage_taken":0},{"event_name":"Nest","player_choice":"Stole From Cult","floor":21,"damage_taken":0},{"event_name":"Beggar","player_choice":"Ignored","floor":24,"damage_taken":0}],"is_beta":false,"boss_relics":[{"not_picked":["Runic Cube","Busted Crown"],"picked":"Cursed Key"},{"not_picked":["Pandora\u0027s Box","Astrolabe"],"picked":"Fusion Hammer"}],"items_purged_floors":[],"is_endless":false,"potions_floor_spawned":[5,11,16,20,28,29,33,39,41,45,46],"killed_by":"Donu and Deca","ascension_level":13}