{"gold_per_floor":[118,118,134,59,77,77,77,77,77,88,108,35,60,70,70,175,175,192,202,202,220,70,70,102,116,116,116,26,38,38,49,49,152,152,166,176,196,206,220,220,97,97,97,97,115,115,115,115],"floor_reached":49,"playtime":2156,"items_purged":["Strike_R","Bash"],"score":886,"play_id":"e80e68dd-f6d3-417f-a2a9-5cafebb7dd64","local_time":"20190620024419","is_ascension_mode":false,"campfire_choices":[{"data":"Bludgeon","floor":6.0,"key":"SMITH"},{"data":"Shockwave","floor":8.0,"key":"SMITH"},{"data":"Second Wind","floor":15.0,"key":"SMITH"},{"data":"Entrench","floor":23.0,"key":"SMITH"},{"data":"Barricade","floor":27.0,"key":"SMITH"},{"data":"Impervious","floor":30.0,"key":"SMITH"},{"data":"Battle Trance","floor":32.0,"key":"SMITH"},{"data":"Power Through","floor":40.0,"key":"SMITH"},{"data":"Body Slam","floor":42,"key":"SMITH"},{"data":"Fiend Fire","floor":44,"key":"SMITH"},{"data":"Evolve","floor":46,"key":"SMITH"}],"neow_cost":"TEN_PERCENT_HP_LOSS","seed_source_timestamp":58707235139597,"circlet_count":0,"master_deck":["Strike_R","Strike_R","Strike_R+1","Defend_R","Defend_R","Defend_R","Defend_R","Bludgeon+1","Shockwave+1","Second Wind+1","Rainbow+1","Evolve+1","Barricade+1","Reaper","Entrench+1","Impervious+1","Battle Trance+1","Fiend Fire+1","Power Through+1","Body Slam+1"],"special_seed":0,"relics":["Burning Blood","Centennial Puzzle","Thread and Needle","Bag of Marbles","Cursed Key","Singing Bowl","Mark of Pain"],"potions_floor_usage":[],"damage_taken":[{"damage":1.0,"enemies":"Cultist","floor":1.0,"turns":3.0},{"damage":1.0,"enemies":"2 Louse","floor":3.0,"turns":3.0},{"damage":1.0,"enemies":"Jaw Worm","floor":5.0,"turns":3.0},{"damage":0.0,"enemies":"Large Slime","floor":10.0,"turns":5.0},{"damage":21.0,"enemies":"Gremlin Gang","floor":11.0,"turns":6.0},{"damage":8.0,"enemies":"3 Sentries","floor":13.0,"turns":8.0},{"damage":2.0,"enemies":"Exordium Wildlife","floor":14.0,"turns":4.0},{"damage":10.0,"enemies":"The Guardian","floor":16.0,"turns":13.0},{"damage":16.0,"enemies":"Shell Parasite","floor":18.0,"turns":6.0},{"damage":3.0,"enemies":"2 Thieves","floor":19.0,"turns":5.0},{"damage":0.0,"enemies":"Snake Plant","floor":21.0,"turns":4.0},{"damage":14.0,"enemies":"Gremlin Leader","floor":24.0,"turns":17.0},{"damage":2.0,"enemies":"Centurion and Healer","floor":25.0,"turns":5.0},{"damage":1.0,"enemies":"Sentry and Sphere","floor":29.0,"turns":10.0},{"damage":0.0,"enemies":"Snecko","floor":31.0,"turns":5.0},{"damage":0.0,"enemies":"Champ","floor":33.0,"turns":14.0},{"damage":0.0,"enemies":"Orb Walker","floor":35.0,"turns":5.0},{"damage":0.0,"enemies":"3 Shapes","floor":36.0,"turns":6.0},{"damage":11.0,"enemies":"Jaw Worm Horde","floor":37.0,"turns":5.0},{"damage":15.0,"enemies":"3 Darklings","floor":38.0,"turns":10.0},{"damage":0.0,"enemies":"Sphere and 2 Shapes","floor":39.0,"turns":7.0},{"damage":0,"enemies":"Transient","floor":45,"turns":5},{"damage":0,"enemies":"Time Eater","floor":48,"turns":6}],"seed_played":"7600416776228413212","potions_obtained":[{"floor":1.0,"key":"FearPotion"},{"floor":13.0,"key":"GamblersBrew"},{"floor":14.0,"key":"Poison Potion"},{"floor":16.0,"key":"PowerPotion"},{"floor":19.0,"key":"Fire Potion"},{"floor":21.0,"key":"EssenceOfSteel"},{"floor":25.0,"key":"Weak Potion"},{"floor":35.0,"key":"GamblersBrew"}],"is_trial":false,"path_per_floor":["M","?","M","$","M","R","?","R","T","M","M","$","E","M","R","B",null,"M","M","?","M","$","R","E","M","T","R","?","M","R","M","R","B",null,"M","M","M","M","M","R","$","R","T","R","M","R","?","B",null],"character_chosen":"IRONCLAD","items_purchased":["Evolve","Impervious","Body Slam"],"campfire_rested":0,"item_purchase_floors":[12,22,41],"current_hp_per_floor":[72,60,65,65,70,70,70,70,70,72,57,57,55,59,59,55,72,62,68,68,72,72,72,74,74,74,74,74,76,76,78,78,78,78,80,82,79,78,86,86,86,86,86,86,88,88,88,88],"gold":115,"neow_bonus":"THREE_RARE_CARDS","is_prod":false,"is_daily":false,"chose_seed":false,"campfire_upgraded":11,"win_rate":0,"timestamp":1560969859,"path_taken":["M","?","M","$","M","R","?","R","T","M","?","$","E","M","R","BOSS","M","M","?","M","$","R","E","M","T","R","?","M","R","M","R","BOSS","M","M","?","M","M","R","$","R","T","R","?","R","?","BOSS"],"build_version":"2019-01-23","purchased_purges":2,"victory":true,"max_hp_per_floor":[72,72,72,72,72,72,72,72,72,72,72,72,72,72,72,72,72,72,72,72,72,72,72,74,74,74,74,74,76,76,78,78,78,78,80,82,84,86,86,86,86,86,86,86,88,88,88,88],"card_choices":[{"not_picked":["Feed","Demon Form"],"picked":"Bludgeon","floor":0.0},{"not_picked":["Clash","Havoc"],"picked":"Shockwave","floor":1.0},{"not_picked":["Thunderclap","Body Slam"],"picked":"Inflame","floor":3.0},{"not_picked":["Dropkick","Uppercut"],"picked":"Second Wind","floor":5.0},{"not_picked":["Thunderclap","Flex","Headbutt"],"picked":"SKIP","floor":10.0},{"not_picked":["Warcry","True Grit","Inflame"],"picked":"SKIP","floor":11.0},{"not_picked":["Reckless Charge","Cleave"],"picked":"Barricade","floor":13.0},{"not_picked":["Headbutt","Twin Strike","Cleave"],"picked":"SKIP","floor":14.0},{"not_picked":["Dark Embrace","Juggernaut"],"picked":"Reaper","floor":16.0},{"not_picked":["Anger","Clash"],"picked":"Entrench","floor":18.0},{"not_picked":["Rupture","Thunderclap","Havoc"],"picked":"SKIP","floor":19.0},{"not_picked":["Dropkick","Sword Boomerang","Headbutt+1"],"picked":"SKIP","floor":21.0},{"not_picked":["Disarm","Hemokinesis","Feel No Pain"],"picked":"Singing Bowl","floor":24.0},{"not_picked":["Shockwave","Clothesline"],"picked":"Battle Trance","floor":25.0},{"not_picked":["Hemokinesis","Exhume","Wild Strike"],"picked":"Singing Bowl","floor":29.0},{"not_picked":["Pommel Strike","Clash","Uppercut"],"picked":"Singing Bowl","floor":31.0},{"not_picked":["Demon Form","Feed"],"picked":"Fiend Fire","floor":33.0},{"not_picked":["Iron Wave+1","Wild Strike","Uppercut"],"picked":"Singing Bowl","floor":35.0},{"not_picked":["Thunderclap+1","Heavy Blade+1","Rage"],"picked":"Singing Bowl","floor":36.0},{"not_picked":["Inflame+1","Anger+1","Thunderclap+1"],"picked":"Singing Bowl","floor":37.0},{"not_picked":["Dual Wield+1","Wild Strike","Heavy Blade+1"],"picked":"Singing Bowl","floor":38.0},{"not_picked":["Infernal Blade+1","Pummel+1"],"picked":"Power Through","floor":39.0},{"not_picked":["Fire Breathing+1","Reckless Charge+1","Hemokinesis+1"],"picked":"Singing Bowl","floor":45}],"player_experience":5482983,"relics_obtained":[{"floor":9.0,"key":"Thread and Needle"},{"floor":13.0,"key":"Bag of Marbles"},{"floor":24.0,"key":"Singing Bowl"}],"event_choices":[{"damage_healed":0.0,"max_hp_gain":0.0,"max_hp_loss":0.0,"gold_gain":0.0,"event_name":"Scrap Ooze","player_choice":"Success","floor":2.0,"gold_loss":0.0,"damage_taken":12.0,"relics_obtained":["Centennial Puzzle"]},{"cards_removed":["Inflame"],"damage_healed":0.0,"max_hp_gain":0.0,"max_hp_loss":0.0,"gold_gain":0.0,"event_name":"NoteForYourself","player_choice":"Took Card","floor":7.0,"gold_loss":0.0,"damage_taken":0.0,"cards_obtained":["Rainbow"]},{"damage_healed":0.0,"max_hp_gain":0.0,"max_hp_loss":0.0,"gold_gain":0.0,"event_name":"Cursed Tome","player_choice":"Ignored","floor":20.0,"gold_loss":0.0,"damage_taken":0.0},{"cards_removed":["Strike_R"],"damage_healed":0.0,"max_hp_gain":0.0,"max_hp_loss":0.0,"gold_gain":0.0,"event_name":"Designer","player_choice":"Upgrade and Remove","floor":28.0,"gold_loss":90.0,"damage_taken":0.0,"cards_upgraded":["Strike_R"]},{"damage_healed":0,"gold_gain":0,"player_choice":"Took Portal","damage_taken":0,"max_hp_gain":0,"max_hp_loss":0,"event_name":"SecretPortal","floor":47,"gold_loss":0}],"is_beta":false,"boss_relics":[{"not_picked":["Black Star","Ectoplasm"],"picked":"Cursed Key"},{"not_picked":["Philosopher\u0027s Stone","Astrolabe"],"picked":"Mark of Pain"}],"items_purged_floors":[4,41],"is_endless":false,"potions_floor_spawned":[1,13,14,16,19,21,25,35,37,39],"ascension_level":0}