{"gold_per_floor":[111,186,26,38,38,65,65,65,65,86,86,46,110,10,10,100,100,115,115,131,56,68,68,101,111,180,194,294,294,294,0,0,78,78,88,88,0,0,19,19,19,39,90,90,115,115,149,149,149,149,149,149,149,24,54,54],"floor_reached":57,"playtime":6360,"items_purged":["Strike_G","Strike_G","Defend_G"],"score":2964,"play_id":"f3e557d4-3451-4653-ae33-0400102ac070","local_time":"20190627133653","is_ascension_mode":true,"campfire_choices":[{"data":"Caltrops","floor":8.0,"key":"SMITH"},{"data":"Wraith Form v2","floor":11.0,"key":"SMITH"},{"data":"Well Laid Plans","floor":15.0,"key":"SMITH"},{"data":"Outmaneuver","floor":23.0,"key":"SMITH"},{"data":"Neutralize","floor":29.0,"key":"SMITH"},{"data":"Footwork","floor":32.0,"key":"SMITH"},{"floor":40.0,"key":"RECALL"},{"data":"Leg Sweep","floor":44.0,"key":"SMITH"},{"data":"Survivor","floor":49.0,"key":"SMITH"},{"data":"Defend_G","floor":53,"key":"SMITH"}],"neow_cost":"NONE","seed_source_timestamp":5344088889676,"circlet_count":0,"master_deck":["AscendersBane","Defend_G","Defend_G+1","Survivor+1","Neutralize+1","Footwork+1","Leg Sweep+1","Caltrops+1","Wraith Form v2+1","Well Laid Plans+1","After Image","Acrobatics+1","Envenom+1","Outmaneuver+1","Backflip+1","Heel Hook","Infinite Blades","After Image","Infinite Blades","Quick Slash","Infinite Blades+1"],"special_seed":0,"relics":["Ring of the Snake","NeowsBlessing","Letter Opener","Bloody Idol","Shuriken","Tiny Chest","Astrolabe","Vajra","Paper Crane","Mango","Darkstone Periapt","ClockworkSouvenir","Busted Crown","Red Mask","Prayer Wheel","The Specimen","Boot"],"potions_floor_usage":[56,56],"damage_taken":[{"damage":0.0,"enemies":"2 Louse","floor":1.0,"turns":1.0},{"damage":0.0,"enemies":"Jaw Worm","floor":4.0,"turns":1.0},{"damage":0.0,"enemies":"3 Sentries","floor":6.0,"turns":1.0},{"damage":0.0,"enemies":"Small Slimes","floor":10.0,"turns":5.0},{"damage":1.0,"enemies":"Looter","floor":12.0,"turns":4.0},{"damage":16.0,"enemies":"Lagavulin","floor":13.0,"turns":13.0},{"damage":10.0,"enemies":"Hexaghost","floor":16.0,"turns":13.0},{"damage":0.0,"enemies":"Shell Parasite","floor":18.0,"turns":9.0},{"damage":0.0,"enemies":"Chosen","floor":20.0,"turns":5.0},{"damage":6.0,"enemies":"3 Cultists","floor":22.0,"turns":7.0},{"damage":27.0,"enemies":"Book of Stabbing","floor":24.0,"turns":7.0},{"damage":8.0,"enemies":"Centurion and Healer","floor":25.0,"turns":10.0},{"damage":0.0,"enemies":"Snecko","floor":27.0,"turns":7.0},{"damage":2.0,"enemies":"Colosseum Slavers","floor":28.0,"turns":5.0},{"damage":14.0,"enemies":"Colosseum Nobs","floor":28.0,"turns":6.0},{"damage":0.0,"enemies":"Champ","floor":33.0,"turns":8.0},{"damage":0.0,"enemies":"3 Darklings","floor":35.0,"turns":6.0},{"damage":6.0,"enemies":"Orb Walker","floor":39.0,"turns":6.0},{"damage":0.0,"enemies":"4 Shapes","floor":42.0,"turns":5.0},{"damage":0.0,"enemies":"Giant Head","floor":45.0,"turns":6.0},{"damage":5.0,"enemies":"Reptomancer","floor":47.0,"turns":6.0},{"damage":0.0,"enemies":"Awakened One","floor":50.0,"turns":8.0},{"damage":1,"enemies":"Donu and Deca","floor":51,"turns":9},{"damage":0,"enemies":"Shield and Spear","floor":55,"turns":8},{"damage":49,"enemies":"The Heart","floor":56,"turns":10}],"seed_played":"8157537174306284340","potions_obtained":[{"floor":6.0,"key":"Weak Potion"},{"floor":16.0,"key":"SkillPotion"},{"floor":20.0,"key":"EssenceOfSteel"},{"floor":25.0,"key":"PowerPotion"},{"floor":27.0,"key":"LiquidBronze"},{"floor":45.0,"key":"Block Potion"}],"is_trial":false,"path_per_floor":["M","?","$","M","$","E","?","R","T","M","R","M","E","$","R","B",null,"M","?","M","?","M","R","E","M","T","M","?","R","?","$","R","B",null,"M","?","?","$","M","R","?","M","T","R","E","$","E","?","R","B","B",null,"R","$","E","B",null],"character_chosen":"THE_SILENT","items_purchased":["Footwork","ClockworkSouvenir","GamblersBrew"],"campfire_rested":0,"item_purchase_floors":[3,31,31],"current_hp_per_floor":[59,48,48,48,48,48,48,48,48,48,48,47,31,31,31,21,50,50,50,55,55,54,54,32,29,34,39,42,42,42,42,42,47,67,72,72,72,72,71,71,71,74,74,74,74,74,74,74,74,74,73,74,74,74,74,25],"gold":54,"neow_bonus":"THREE_ENEMY_KILL","is_prod":false,"is_daily":false,"chose_seed":false,"campfire_upgraded":9,"win_rate":0,"timestamp":1561613813,"path_taken":["M","?","$","M","$","E","?","R","T","M","R","M","E","$","R","BOSS","M","?","M","?","M","R","E","M","T","M","?","R","?","?","R","BOSS","M","?","?","?","M","R","?","M","T","R","E","$","E","?","R","BOSS","BOSS","R","$","E","BOSS"],"build_version":"2019-01-23","purchased_purges":3,"victory":true,"max_hp_per_floor":[66,66,66,66,66,66,60,60,60,60,60,60,60,60,60,60,60,60,60,60,60,60,60,60,60,60,60,74,74,74,74,74,74,74,74,74,74,74,74,74,74,74,74,74,74,74,74,74,74,74,74,74,74,74,74,74],"card_choices":[{"not_picked":["Poisoned Stab","Underhanded Strike","PiercingWail"],"picked":"SKIP","floor":1.0},{"not_picked":["Acrobatics","Choke"],"picked":"Leg Sweep","floor":4.0},{"not_picked":["Underhanded Strike","Calculated Gamble"],"picked":"Caltrops","floor":6.0},{"not_picked":["Backflip","Poisoned Stab"],"picked":"Wraith Form v2","floor":10.0},{"not_picked":["Underhanded Strike","Slice"],"picked":"Well Laid Plans","floor":12.0},{"not_picked":["Dagger Throw","Choke"],"picked":"Masterful Stab","floor":13.0},{"not_picked":["Wraith Form v2","Glass Knife"],"picked":"After Image","floor":16.0},{"not_picked":["Choke","Deflect"],"picked":"Outmaneuver","floor":18.0},{"not_picked":["Blade Dance","Sucker Punch","Caltrops"],"picked":"SKIP","floor":20.0},{"not_picked":["Outmaneuver","Predator"],"picked":"Backflip","floor":22.0},{"not_picked":["Caltrops","Outmaneuver","Backstab"],"picked":"SKIP","floor":24.0},{"not_picked":["Acrobatics","Dagger Spray"],"picked":"Heel Hook","floor":25.0},{"not_picked":["Quick Slash","Flying Knee+1"],"picked":"Infinite Blades","floor":27.0},{"not_picked":["Deadly Poison","Heel Hook"],"picked":"After Image","floor":28.0},{"not_picked":["Masterful Stab"],"picked":"SKIP","floor":35.0},{"not_picked":["Endless Agony"],"picked":"SKIP","floor":39.0},{"not_picked":["Prepared"],"picked":"SKIP","floor":42.0},{"not_picked":[],"picked":"Infinite Blades+1","floor":45.0},{"not_picked":["Dagger Throw+1"],"picked":"SKIP","floor":47.0},{"not_picked":["Flying Knee"],"picked":"SKIP","floor":55}],"player_experience":5538321,"relics_obtained":[{"floor":6.0,"key":"Letter Opener"},{"floor":9.0,"key":"Shuriken"},{"floor":13.0,"key":"Tiny Chest"},{"floor":24.0,"key":"Vajra"},{"floor":26.0,"key":"Paper Crane"},{"floor":28.0,"key":"Mango"},{"floor":28.0,"key":"Darkstone Periapt"},{"floor":45.0,"key":"Prayer Wheel"},{"floor":47.0,"key":"The Specimen"},{"floor":55,"key":"Boot"}],"event_choices":[{"damage_healed":0.0,"max_hp_gain":0.0,"max_hp_loss":0.0,"gold_gain":75.0,"event_name":"World of Goop","player_choice":"Gather Gold","floor":2.0,"gold_loss":0.0,"damage_taken":11.0},{"damage_healed":0.0,"max_hp_gain":0.0,"max_hp_loss":6.0,"gold_gain":0.0,"event_name":"Golden Idol","player_choice":"Lose Max HP","floor":7.0,"gold_loss":0.0,"damage_taken":0.0,"relics_obtained":["Golden Idol"]},{"damage_healed":0.0,"max_hp_gain":0.0,"max_hp_loss":0.0,"gold_gain":0.0,"event_name":"Forgotten Altar","player_choice":"Gave Idol","floor":19.0,"relics_lost":["Golden Idol"],"gold_loss":0.0,"damage_taken":0.0,"relics_obtained":["Bloody Idol"]},{"cards_removed":["Defend_G"],"damage_healed":0.0,"max_hp_gain":0.0,"max_hp_loss":0.0,"gold_gain":0.0,"event_name":"Beggar","player_choice":"Gave Gold","floor":21.0,"gold_loss":75.0,"damage_taken":0.0},{"damage_healed":0.0,"max_hp_gain":0.0,"max_hp_loss":0.0,"gold_gain":0.0,"event_name":"Colosseum","player_choice":"Fight","floor":28.0,"gold_loss":0.0,"damage_taken":0.0},{"damage_healed":0.0,"max_hp_gain":0.0,"max_hp_loss":0.0,"gold_gain":0.0,"event_name":"Colosseum","player_choice":"Fought Nobs","floor":28.0,"gold_loss":0.0,"damage_taken":0.0},{"damage_healed":0.0,"max_hp_gain":0.0,"max_hp_loss":0.0,"gold_gain":0.0,"cards_transformed":["Masterful Stab","Defend_G"],"event_name":"Drug Dealer","player_choice":"Became Test Subject","floor":30.0,"gold_loss":0.0,"damage_taken":0.0,"cards_obtained":["Infinite Blades","Quick Slash"]},{"damage_healed":0.0,"max_hp_gain":0.0,"max_hp_loss":0.0,"gold_gain":0.0,"event_name":"SensoryStone","player_choice":"Memory 1","floor":36.0,"gold_loss":0.0,"damage_taken":0.0},{"damage_healed":0.0,"max_hp_gain":0.0,"max_hp_loss":0.0,"gold_gain":0.0,"event_name":"Tomb of Lord Red Mask","player_choice":"Paid","floor":37.0,"gold_loss":88.0,"damage_taken":0.0,"relics_obtained":["Red Mask"]},{"cards_removed":["A Thousand Cuts"],"damage_healed":0.0,"max_hp_gain":0.0,"max_hp_loss":0.0,"gold_gain":0.0,"event_name":"Falling","player_choice":"Removed Power","floor":41.0,"gold_loss":0.0,"damage_taken":0.0},{"damage_healed":0.0,"max_hp_gain":0.0,"max_hp_loss":0.0,"gold_gain":0.0,"event_name":"Accursed Blacksmith","player_choice":"Forge","floor":48.0,"gold_loss":0.0,"damage_taken":0.0,"cards_upgraded":["Backflip"]}],"is_beta":false,"boss_relics":[{"not_picked":["WristBlade","Ring of the Serpent"],"picked":"Astrolabe"},{"not_picked":["Snecko Eye","Tiny House"],"picked":"Busted Crown"}],"items_purged_floors":[3,14,54],"is_endless":false,"potions_floor_spawned":[6,16,20,25,27,45,47],"ascension_level":20}