{"gold_per_floor":[116,41,41,51,66,66,84,84,110,142,142,172,207,217,217,291,291,307,232,132,182,195,195,224,224,251,265,265,265,284,334,334,411,411,424,299,310,160,160,160,171,9,33,64,78,126,137,155,155,155,155,155,155,155,186,186],"floor_reached":56,"playtime":2420,"items_purged":["Defend_B","Strike_B","Defend_B","Defend_B"],"score":2035,"play_id":"ce672635-1ec0-4d53-9419-5bf12455902e","local_time":"20190328131705","is_ascension_mode":true,"campfire_choices":[{"data":"Rip and Tear","floor":6.0,"key":"SMITH"},{"data":"Loop","floor":11.0,"key":"SMITH"},{"data":"Dualcast","floor":15.0,"key":"SMITH"},{"data":"Biased Cognition","floor":23.0,"key":"SMITH"},{"data":"Coolheaded","floor":25.0,"key":"SMITH"},{"data":"Zap","floor":29.0,"key":"SMITH"},{"data":"White Noise","floor":32.0,"key":"SMITH"},{"floor":40.0,"key":"RECALL"},{"data":"Heatsinks","floor":49.0,"key":"SMITH"},{"data":"Steam","floor":53.0,"key":"SMITH"}],"neow_cost":"PERCENT_DAMAGE","seed_source_timestamp":4214884124452,"circlet_count":0,"master_deck":["AscendersBane","Defend_B","Zap+1","Dualcast+1","Steam+1","Glacier","Loop+1","Cold Snap+1","Rip and Tear+1","White Noise+1","Self Repair","Cold Snap+1","Ball Lightning","Cold Snap","Biased Cognition+1","Glacier","Coolheaded+1","Echo Form","Seek+1","Compile Driver","Heatsinks+1","Cold Snap"],"special_seed":0,"relics":["Cracked Core","Orichalcum","Oddly Smooth Stone","Odd Mushroom","Anchor","Coffee Dripper","Whetstone","Bag of Marbles","Busted Crown","DataDisk","Bottled Tornado","Torii","Centennial Puzzle"],"potions_floor_usage":[56,56],"damage_taken":[{"damage":0.0,"enemies":"Small Slimes","floor":1.0,"turns":3.0},{"damage":0.0,"enemies":"Cultist","floor":4.0,"turns":4.0},{"damage":0.0,"enemies":"2 Louse","floor":5.0,"turns":3.0},{"damage":0.0,"enemies":"2 Fungi Beasts","floor":7.0,"turns":3.0},{"damage":0.0,"enemies":"Gremlin Nob","floor":10.0,"turns":4.0},{"damage":10.0,"enemies":"The Mushroom Lair","floor":12.0,"turns":5.0},{"damage":10.0,"enemies":"Lagavulin","floor":13.0,"turns":7.0},{"damage":2.0,"enemies":"Large Slime","floor":14.0,"turns":4.0},{"damage":0.0,"enemies":"The Guardian","floor":16.0,"turns":11.0},{"damage":0.0,"enemies":"Spheric Guardian","floor":18.0,"turns":4.0},{"damage":0.0,"enemies":"3 Byrds","floor":22.0,"turns":6.0},{"damage":0.0,"enemies":"Gremlin Leader","floor":24.0,"turns":5.0},{"damage":0.0,"enemies":"Centurion and Healer","floor":27.0,"turns":6.0},{"damage":6.0,"enemies":"Snake Plant","floor":30.0,"turns":3.0},{"damage":26.0,"enemies":"Automaton","floor":33.0,"turns":8.0},{"damage":0.0,"enemies":"Orb Walker","floor":35.0,"turns":3.0},{"damage":6.0,"enemies":"3 Darklings","floor":37.0,"turns":2.0},{"damage":23.0,"enemies":"Jaw Worm Horde","floor":41.0,"turns":5.0},{"damage":0.0,"enemies":"Nemesis","floor":44.0,"turns":7.0},{"damage":0.0,"enemies":"Writhing Mass","floor":45.0,"turns":8.0},{"damage":14.0,"enemies":"2 Orb Walkers","floor":46.0,"turns":6.0},{"damage":9.0,"enemies":"Maw","floor":47.0,"turns":7.0},{"damage":15.0,"enemies":"3 Darklings","floor":48.0,"turns":4.0},{"damage":35.0,"enemies":"Time Eater","floor":50.0,"turns":10.0},{"damage":9.0,"enemies":"Donu and Deca","floor":51.0,"turns":9.0},{"damage":24.0,"enemies":"Shield and Spear","floor":55.0,"turns":9.0},{"damage":45,"enemies":"The Heart","floor":56,"turns":12}],"seed_played":"-1093352266241121866","potions_obtained":[{"floor":1.0,"key":"Ancient Potion"},{"floor":4.0,"key":"SkillPotion"},{"floor":5.0,"key":"SkillPotion"},{"floor":13.0,"key":"PowerPotion"},{"floor":16.0,"key":"SpeedPotion"},{"floor":27.0,"key":"Poison Potion"},{"floor":37.0,"key":"SkillPotion"},{"floor":55.0,"key":"Dexterity Potion"}],"is_trial":false,"path_per_floor":["M","$","?","M","M","R","M","?","T","E","R","?","E","M","R","B",null,"M","?","$","?","M","R","E","R","T","M","?","R","M","?","R","B",null,"M","$","M","$","?","R","M","$","T","E","M","?","M","M","R","B","B",null,"R","$","E","B"],"character_chosen":"DEFECT","items_purchased":["DataDisk"],"campfire_rested":0,"item_purchase_floors":[42],"current_hp_per_floor":[46,46,71,71,71,71,71,71,71,71,71,68,65,70,70,71,71,71,71,71,71,71,71,71,71,71,71,71,71,71,71,71,59,68,71,71,71,71,71,71,55,55,55,62,69,62,67,59,59,38,36,62,62,62,45,0],"gold":186,"neow_bonus":"TRANSFORM_TWO_CARDS","is_prod":false,"is_daily":false,"chose_seed":false,"campfire_upgraded":9,"win_rate":0,"timestamp":1553750225,"path_taken":["M","$","?","?","M","R","M","?","T","E","R","?","E","M","R","BOSS","M","?","$","?","M","R","E","R","T","M","?","R","M","?","R","BOSS","M","?","?","$","?","R","M","?","T","E","?","?","M","M","R","BOSS","BOSS","R","$","E","BOSS"],"build_version":"2019-01-23","purchased_purges":4,"victory":false,"max_hp_per_floor":[71,71,71,71,71,71,71,71,71,71,71,71,71,71,71,71,71,71,71,71,71,71,71,71,71,71,71,71,71,71,71,71,71,71,71,71,71,71,71,71,71,71,71,71,71,71,71,71,71,71,71,71,71,71,71,71],"card_choices":[{"not_picked":["Heatsinks","Melter"],"picked":"Loop","floor":1.0},{"not_picked":["Storm","Reinforced Body"],"picked":"Cold Snap","floor":4.0},{"not_picked":["Glacier","Scrape"],"picked":"Rip and Tear","floor":5.0},{"not_picked":["Melter","Streamline"],"picked":"White Noise","floor":7.0},{"not_picked":["Coolheaded","Auto Shields"],"picked":"Self Repair","floor":10.0},{"not_picked":["Rebound","Turbo"],"picked":"Cold Snap","floor":12.0},{"not_picked":["Steam Power","Reinforced Body"],"picked":"Ball Lightning","floor":13.0},{"not_picked":["Barrage","Go for the Eyes"],"picked":"Cold Snap","floor":14.0},{"not_picked":["Echo Form","Buffer"],"picked":"Biased Cognition","floor":16.0},{"not_picked":["Compile Driver","Redo"],"picked":"Glacier","floor":18.0},{"not_picked":["Go for the Eyes","Rebound"],"picked":"Coolheaded","floor":22.0},{"not_picked":["FTL","Go for the Eyes","Blizzard"],"picked":"SKIP","floor":24.0},{"not_picked":["Force Field+1","Sunder"],"picked":"Echo Form","floor":27.0},{"not_picked":["Turbo","Leap","Stack"],"picked":"SKIP","floor":30.0},{"not_picked":["Machine Learning","Hyperbeam"],"picked":"Seek","floor":33.0},{"not_picked":["Compile Driver"],"picked":"SKIP","floor":35.0},{"not_picked":["Barrage"],"picked":"SKIP","floor":37.0},{"not_picked":[],"picked":"Compile Driver","floor":41.0},{"not_picked":["FTL"],"picked":"SKIP","floor":44.0},{"not_picked":["Redo"],"picked":"SKIP","floor":45.0},{"not_picked":[],"picked":"Heatsinks","floor":46.0},{"not_picked":[],"picked":"Cold Snap","floor":47.0},{"not_picked":["Scrape"],"picked":"SKIP","floor":48.0},{"not_picked":["Beam Cell"],"picked":"SKIP","floor":55.0}],"player_experience":3920203,"relics_obtained":[{"floor":9.0,"key":"Orichalcum"},{"floor":10.0,"key":"Oddly Smooth Stone"},{"floor":12.0,"key":"Odd Mushroom"},{"floor":13.0,"key":"Anchor"},{"floor":24.0,"key":"Whetstone"},{"floor":26.0,"key":"Bag of Marbles"},{"floor":44.0,"key":"Bottled Tornado"},{"floor":46.0,"key":"Torii"},{"floor":55.0,"key":"Centennial Puzzle"}],"event_choices":[{"damage_healed":25.0,"max_hp_gain":0.0,"max_hp_loss":0.0,"gold_gain":0.0,"event_name":"Wheel of Change","player_choice":"Full Heal","floor":3.0,"gold_loss":0.0,"damage_taken":0.0},{"damage_healed":0.0,"max_hp_gain":0.0,"max_hp_loss":0.0,"gold_gain":0.0,"event_name":"Liars Game","player_choice":"Ignored","floor":8.0,"gold_loss":0.0,"damage_taken":0.0},{"damage_healed":0.0,"max_hp_gain":0.0,"max_hp_loss":0.0,"gold_gain":0.0,"event_name":"Mushrooms","player_choice":"Fought Mushrooms","floor":12.0,"gold_loss":0.0,"damage_taken":0.0},{"cards_removed":["Strike_B"],"damage_healed":0.0,"max_hp_gain":0.0,"max_hp_loss":0.0,"gold_gain":0.0,"event_name":"Beggar","player_choice":"Gave Gold","floor":19.0,"gold_loss":75.0,"damage_taken":0.0},{"damage_healed":0.0,"max_hp_gain":0.0,"max_hp_loss":0.0,"gold_gain":50.0,"event_name":"Nest","player_choice":"Stole From Cult","floor":21.0,"gold_loss":0.0,"damage_taken":0.0},{"damage_healed":0.0,"max_hp_gain":0.0,"max_hp_loss":0.0,"gold_gain":0.0,"event_name":"Vampires","player_choice":"Ignored","floor":28.0,"gold_loss":0.0,"damage_taken":0.0},{"damage_healed":0.0,"max_hp_gain":0.0,"max_hp_loss":0.0,"gold_gain":100.0,"event_name":"The Joust","player_choice":"Bet on Murderer","floor":31.0,"gold_loss":50.0,"damage_taken":0.0},{"damage_healed":0.0,"max_hp_gain":0.0,"max_hp_loss":0.0,"gold_gain":0.0,"event_name":"Accursed Blacksmith","player_choice":"Forge","floor":39.0,"gold_loss":0.0,"damage_taken":0.0,"cards_upgraded":["Seek"]},{"damage_healed":0.0,"max_hp_gain":0.0,"max_hp_loss":0.0,"gold_gain":0.0,"event_name":"Mysterious Sphere","player_choice":"Fight","floor":46.0,"gold_loss":0.0,"damage_taken":0.0}],"is_beta":false,"boss_relics":[{"not_picked":["White Beast Statue","Orrery"],"picked":"Coffee Dripper"},{"not_picked":["Sozu","Cursed Key"],"picked":"Busted Crown"}],"items_purged_floors":[2,20,36,38],"is_endless":false,"potions_floor_spawned":[1,4,5,13,16,22,27,30,37,47,48,55],"killed_by":"The Heart","ascension_level":20}