{"gold_per_floor":[110,110,125,125,125,152,152,165,216,228,228,100,133,150,150,224,224,234,244,244,261,261],"floor_reached":22,"playtime":783,"items_purged":["Strike_G"],"score":488,"play_id":"ba2a9055-8662-49b3-a0cf-d7362c5ecff9","local_time":"20181006004049","is_ascension_mode":true,"campfire_choices":[{"data":"Neutralize","floor":7.0,"key":"SMITH"},{"data":"Crippling Poison","floor":15.0,"key":"SMITH"}],"neow_cost":"NONE","seed_source_timestamp":297965299724307,"circlet_count":0,"master_deck":["Defend_G","Defend_G","Defend_G","Defend_G","Defend_G+1","Strike_G","Strike_G","Survivor+1","Neutralize+1","AscendersBane","Prepared","Sucker Punch","Crippling Poison+1","Acrobatics","Unload","Well Laid Plans","Malaise","Outmaneuver+1","Writhe","Dagger Throw"],"special_seed":0,"relics":["Ring of the Serpent","NeowsBlessing","War Paint","Smiling Mask","Bronze Scales","Calipers","Juzu Bracelet"],"potions_floor_usage":[],"damage_taken":[{"damage":0.0,"enemies":"2 Louse","floor":1.0,"turns":1.0},{"damage":0.0,"enemies":"Cultist","floor":3.0,"turns":1.0},{"damage":0.0,"enemies":"Lagavulin","floor":6.0,"turns":1.0},{"damage":10.0,"enemies":"Small Slimes","floor":8.0,"turns":4.0},{"damage":2.0,"enemies":"2 Fungi Beasts","floor":10.0,"turns":4.0},{"damage":25.0,"enemies":"Gremlin Nob","floor":13.0,"turns":5.0},{"damage":9.0,"enemies":"Exordium Thugs","floor":14.0,"turns":3.0},{"damage":0.0,"enemies":"The Guardian","floor":16.0,"turns":14.0},{"damage":13,"enemies":"Spheric Guardian","floor":18,"turns":6},{"damage":7,"enemies":"Chosen","floor":19,"turns":6},{"damage":19,"enemies":"Snake Plant","floor":21,"turns":6},{"damage":0,"enemies":"3 Cultists","floor":22,"turns":1}],"seed_played":"-2912362058975011824","potions_obtained":[{"floor":1.0,"key":"SpeedPotion"},{"floor":4.0,"key":"Regen Potion"},{"floor":4.0,"key":"Fire Potion"},{"floor":8.0,"key":"Explosive Potion"},{"floor":14.0,"key":"Poison Potion"}],"is_trial":false,"path_per_floor":["M","?","M","?","?","E","R","M","T","M","?","$","E","M","R","B",null,"M","M","?","M"],"character_chosen":"THE_SILENT","items_purchased":["Well Laid Plans"],"campfire_rested":0,"item_purchase_floors":[12],"current_hp_per_floor":[59,59,59,59,52,52,52,51,51,49,49,49,24,15,15,15,53,40,33,33,14,14],"gold":261,"neow_bonus":"THREE_ENEMY_KILL","is_prod":false,"is_daily":false,"chose_seed":false,"campfire_upgraded":2,"win_rate":0,"timestamp":1538757649,"path_taken":["M","?","M","?","?","E","R","M","T","M","?","$","E","M","R","BOSS","M","?","?","M","M"],"build_version":"2018-10-04","purchased_purges":1,"victory":false,"max_hp_per_floor":[66,66,66,66,66,66,66,66,66,66,66,66,66,66,66,66,66,66,66,66,66,66],"card_choices":[{"not_picked":["Masterful Stab","Dagger Throw"],"picked":"Prepared","floor":1.0},{"not_picked":["Deflect","PiercingWail","Dodge and Roll"],"picked":"SKIP","floor":3.0},{"not_picked":["Infinite Blades","Bane"],"picked":"Sucker Punch","floor":6.0},{"not_picked":["Infinite Blades","Skewer"],"picked":"Crippling Poison","floor":8.0},{"not_picked":["Quick Slash","Deadly Poison"],"picked":"Acrobatics","floor":10.0},{"not_picked":["All Out Attack","PiercingWail","Expertise"],"picked":"SKIP","floor":13.0},{"not_picked":["Choke","Cloak And Dagger","Infinite Blades"],"picked":"SKIP","floor":14.0},{"not_picked":["Glass Knife","Bullet Time"],"picked":"Malaise","floor":16.0},{"not_picked":["Outmaneuver+1","Terror+1","Finisher"],"picked":"SKIP","floor":18},{"not_picked":["Terror+1","Finisher"],"picked":"Outmaneuver+1","floor":18},{"not_picked":["Quick Slash","Crippling Poison","Flying Knee"],"picked":"SKIP","floor":19},{"not_picked":["PiercingWail","Malaise"],"picked":"Dagger Throw","floor":21}],"player_experience":195878,"relics_obtained":[{"floor":6.0,"key":"Smiling Mask"},{"floor":9.0,"key":"Bronze Scales"},{"floor":13.0,"key":"Calipers"}],"event_choices":[{"event_name":"WeMeetAgain","player_choice":"Potion","floor":2.0,"damage_taken":0.0},{"event_name":"The Lab","player_choice":"Got Potions","floor":4.0,"damage_taken":0.0},{"event_name":"Golden Wing","player_choice":"Card Removal","floor":5.0,"damage_taken":0.0},{"event_name":"Transmorgrifier","player_choice":"Transform","floor":11.0,"damage_taken":0.0},{"event_name":"The Mausoleum","player_choice":"Yes","floor":20,"damage_taken":0}],"is_beta":false,"boss_relics":[{"not_picked":["Fusion Hammer","Calling Bell"],"picked":"Ring of the Serpent"}],"items_purged_floors":[12],"is_endless":false,"potions_floor_spawned":[1,8,14],"killed_by":"3 Cultists","ascension_level":16}