{"gold_per_floor":[119,30,30,30,30,30,30,74,100,124,124,192,192,233,233,326,326,349,239,254,304,317,317,360,360,439,439,439,453,58,76,76,175,175,196,215,548,33,48,81,81,101,126,139,156,169,195,195,195,195,195,195,195,33,60,60],"floor_reached":57,"playtime":2342,"items_purged":["Strike_B","Strike_B"],"score":2801,"play_id":"8d45d50b-a3a7-4769-a5c7-8ee2c77d8a21","local_time":"20190426231643","is_ascension_mode":true,"campfire_choices":[{"data":"Zap","floor":7.0,"key":"SMITH"},{"data":"Dualcast","floor":11.0,"key":"SMITH"},{"data":"Coolheaded","floor":13.0,"key":"SMITH"},{"data":"Capacitor","floor":15.0,"key":"SMITH"},{"data":"Biased Cognition","floor":23.0,"key":"SMITH"},{"floor":25.0,"key":"RECALL"},{"data":"Glacier","floor":27.0,"key":"SMITH"},{"data":"Loop","floor":32.0,"key":"SMITH"},{"data":"Capacitor","floor":41.0,"key":"SMITH"},{"data":"Biased Cognition","floor":49.0,"key":"SMITH"},{"data":"Reinforced Body","floor":53.0,"key":"SMITH"}],"neow_cost":"NONE","seed_source_timestamp":35180670803199,"circlet_count":0,"master_deck":["AscendersBane","Defend_B","Defend_B+1","Defend_B+1","Defend_B","Zap+1","Dualcast+1","Ball Lightning","Consume+1","Glacier+1","Ball Lightning","Coolheaded+1","Capacitor+1","Biased Cognition+1","Core Surge","Loop+1","Electrodynamics","Reinforced Body+1","Capacitor+1","Amplify+1","Loop+1","Biased Cognition+1"],"special_seed":0,"relics":["Cracked Core","NeowsBlessing","Gremlin Horn","Pen Nib","Bird Faced Urn","Ginger","Velvet Choker","Orichalcum","Sundial","Cables","Coffee Dripper","Medical Kit","Anchor","Toxic Egg 2","Art of War","Bag of Preparation","StoneCalendar"],"potions_floor_usage":[56],"damage_taken":[{"damage":0.0,"enemies":"2 Louse","floor":1.0,"turns":1.0},{"damage":0.0,"enemies":"Gremlin Nob","floor":8.0,"turns":1.0},{"damage":0.0,"enemies":"Small Slimes","floor":10.0,"turns":1.0},{"damage":7.0,"enemies":"3 Sentries","floor":12.0,"turns":7.0},{"damage":10.0,"enemies":"3 Sentries","floor":14.0,"turns":5.0},{"damage":0.0,"enemies":"Slime Boss","floor":16.0,"turns":8.0},{"damage":17.0,"enemies":"2 Thieves","floor":18.0,"turns":4.0},{"damage":11.0,"enemies":"Shell Parasite","floor":20.0,"turns":5.0},{"damage":0.0,"enemies":"Sentry and Sphere","floor":22.0,"turns":4.0},{"damage":35.0,"enemies":"Slavers","floor":24.0,"turns":6.0},{"damage":0.0,"enemies":"Centurion and Healer","floor":29.0,"turns":5.0},{"damage":0.0,"enemies":"3 Cultists","floor":31.0,"turns":4.0},{"damage":17.0,"enemies":"Champ","floor":33.0,"turns":8.0},{"damage":0.0,"enemies":"3 Darklings","floor":35.0,"turns":3.0},{"damage":0.0,"enemies":"3 Shapes","floor":36.0,"turns":3.0},{"damage":18.0,"enemies":"Spire Growth","floor":39.0,"turns":4.0},{"damage":3.0,"enemies":"Reptomancer","floor":40.0,"turns":4.0},{"damage":0.0,"enemies":"Writhing Mass","floor":42.0,"turns":4.0},{"damage":0.0,"enemies":"3 Darklings","floor":44.0,"turns":3.0},{"damage":1.0,"enemies":"Sphere and 2 Shapes","floor":45.0,"turns":3.0},{"damage":14.0,"enemies":"4 Shapes","floor":46.0,"turns":4.0},{"damage":11.0,"enemies":"Nemesis","floor":47.0,"turns":9.0},{"damage":28.0,"enemies":"Awakened One","floor":50.0,"turns":10.0},{"damage":28.0,"enemies":"Donu and Deca","floor":51.0,"turns":5.0},{"damage":18.0,"enemies":"Shield and Spear","floor":55.0,"turns":4.0},{"damage":50,"enemies":"The Heart","floor":56,"turns":10}],"seed_played":"-3245862833684350160","potions_obtained":[{"floor":10.0,"key":"Strength Potion"},{"floor":12.0,"key":"AttackPotion"},{"floor":16.0,"key":"Regen Potion"},{"floor":20.0,"key":"Dexterity Potion"},{"floor":29.0,"key":"FocusPotion"},{"floor":33.0,"key":"Swift Potion"},{"floor":55.0,"key":"PowerPotion"}],"is_trial":false,"path_per_floor":["M","$","?","?","?","?","R","E","T","M","R","?","R","E","R","B",null,"M","?","M","?","M","R","E","R","T","R","?","M","$","M","R","B",null,"M","M","?","$","M","E","R","M","T","M","M","M","E","?","R","B","B",null,"R","$","E","B",null],"character_chosen":"DEFECT","items_purchased":["Consume","Cables","Loop","Capacitor","Medical Kit","Anchor","Bag of Preparation"],"campfire_rested":0,"item_purchase_floors":[2,30,30,38,38,38,54],"current_hp_per_floor":[64,64,43,43,43,43,43,43,43,43,43,36,36,26,26,28,55,51,51,44,44,48,48,17,17,17,17,17,21,21,27,27,16,52,60,64,64,64,48,55,55,64,64,64,64,58,59,59,59,48,32,56,56,56,50,24],"gold":60,"neow_bonus":"THREE_ENEMY_KILL","is_prod":false,"is_daily":false,"chose_seed":false,"campfire_upgraded":10,"win_rate":0,"timestamp":1556291803,"path_taken":["M","$","?","?","?","?","R","E","T","M","R","?","R","E","R","BOSS","M","?","?","?","?","R","E","R","T","R","?","M","$","M","R","BOSS","M","M","?","$","M","E","R","M","T","M","M","M","E","?","R","BOSS","BOSS","R","$","E","BOSS"],"build_version":"2019-01-23","purchased_purges":2,"victory":true,"max_hp_per_floor":[71,71,71,71,71,64,64,64,64,64,64,64,64,64,64,64,64,64,64,64,64,64,64,64,64,64,64,64,64,64,64,64,64,64,64,64,64,64,64,64,64,64,64,64,64,64,64,64,64,64,64,64,64,64,64,64],"card_choices":[{"not_picked":["Redo","Compile Driver"],"picked":"Ball Lightning","floor":1.0},{"not_picked":["Blizzard","Storm"],"picked":"Glacier","floor":8.0},{"not_picked":["Chaos","Compile Driver"],"picked":"Ball Lightning","floor":10.0},{"not_picked":["Stack","Rebound"],"picked":"Coolheaded","floor":12.0},{"not_picked":["Redo","Aggregate"],"picked":"Capacitor","floor":14.0},{"not_picked":["Multi-Cast","Echo Form"],"picked":"Biased Cognition","floor":16.0},{"not_picked":["Steam","Ball Lightning","Doom and Gloom"],"picked":"SKIP","floor":18.0},{"not_picked":["Leap","Consume","Gash+1"],"picked":"SKIP","floor":20.0},{"not_picked":["Ball Lightning+1","Lockon","Beam Cell"],"picked":"SKIP","floor":22.0},{"not_picked":["Melter+1","Conserve Battery+1","Chaos"],"picked":"SKIP","floor":24.0},{"not_picked":["Turbo+1","Leap"],"picked":"Core Surge","floor":29.0},{"not_picked":["Steam Power","Sweeping Beam+1","BootSequence"],"picked":"SKIP","floor":31.0},{"not_picked":["Machine Learning","All For One"],"picked":"Electrodynamics","floor":33.0},{"not_picked":["Gash","Turbo","Reprogram"],"picked":"SKIP","floor":35.0},{"not_picked":["Darkness","Beam Cell"],"picked":"Reinforced Body","floor":36.0},{"not_picked":["Gash","Hologram","Streamline"],"picked":"SKIP","floor":39.0},{"not_picked":["Barrage+1","Cold Snap","Tempest"],"picked":"SKIP","floor":40.0},{"not_picked":["Steam+1","Steam Power+1"],"picked":"Amplify+1","floor":42.0},{"not_picked":["Auto Shields+1","Static Discharge"],"picked":"Loop","floor":44.0},{"not_picked":["Gash+1","Turbo+1","Beam Cell"],"picked":"SKIP","floor":45.0},{"not_picked":["Recycle+1","Ball Lightning","Beam Cell"],"picked":"SKIP","floor":46.0},{"not_picked":["Recycle+1","Ball Lightning","Beam Cell"],"picked":"SKIP","floor":46.0},{"not_picked":["Compile Driver","Leap+1"],"picked":"Biased Cognition","floor":47.0},{"not_picked":["Storm","Chaos+1","Self Repair+1"],"picked":"SKIP","floor":55.0}],"player_experience":4538663,"relics_obtained":[{"floor":8.0,"key":"Gremlin Horn"},{"floor":9.0,"key":"Pen Nib"},{"floor":12.0,"key":"Bird Faced Urn"},{"floor":14.0,"key":"Ginger"},{"floor":24.0,"key":"Orichalcum"},{"floor":26.0,"key":"Sundial"},{"floor":40.0,"key":"Toxic Egg 2"},{"floor":47.0,"key":"Art of War"},{"floor":55.0,"key":"StoneCalendar"}],"event_choices":[{"damage_healed":0.0,"max_hp_gain":0.0,"max_hp_loss":0.0,"gold_gain":0.0,"event_name":"Shining Light","player_choice":"Entered Light","floor":3.0,"gold_loss":0.0,"damage_taken":21.0,"cards_upgraded":["Defend_B","Consume"]},{"damage_healed":0.0,"max_hp_gain":0.0,"max_hp_loss":0.0,"gold_gain":0.0,"event_name":"The Cleric","player_choice":"Leave","floor":4.0,"gold_loss":0.0,"damage_taken":0.0},{"damage_healed":0.0,"max_hp_gain":0.0,"max_hp_loss":0.0,"gold_gain":0.0,"event_name":"Liars Game","player_choice":"Ignored","floor":5.0,"gold_loss":0.0,"damage_taken":0.0},{"damage_healed":0.0,"max_hp_gain":0.0,"max_hp_loss":7.0,"gold_gain":0.0,"event_name":"Golden Idol","player_choice":"Lose Max HP","floor":6.0,"gold_loss":0.0,"damage_taken":0.0,"relics_obtained":["Golden Idol"]},{"damage_healed":0.0,"max_hp_gain":0.0,"max_hp_loss":0.0,"gold_gain":30.0,"event_name":"Dead Adventurer","player_choice":"Searched \u00272\u0027 times","floor":12.0,"gold_loss":0.0,"damage_taken":0.0},{"cards_removed":["Strike_B"],"damage_healed":0.0,"max_hp_gain":0.0,"max_hp_loss":0.0,"gold_gain":0.0,"event_name":"Designer","player_choice":"Upgrade and Remove","floor":19.0,"gold_loss":110.0,"damage_taken":0.0,"cards_upgraded":["Defend_B"]},{"damage_healed":0.0,"max_hp_gain":0.0,"max_hp_loss":0.0,"gold_gain":50.0,"event_name":"Golden Shrine","player_choice":"Pray","floor":21.0,"gold_loss":0.0,"damage_taken":0.0},{"cards_removed":["Strike_B"],"damage_healed":0.0,"max_hp_gain":0.0,"max_hp_loss":0.0,"gold_gain":0.0,"event_name":"Back to Basics","player_choice":"Elegance","floor":28.0,"gold_loss":0.0,"damage_taken":0.0},{"damage_healed":0.0,"max_hp_gain":0.0,"max_hp_loss":0.0,"gold_gain":333.0,"event_name":"The Moai Head","player_choice":"Gave Idol","floor":37.0,"relics_lost":["Golden Idol"],"gold_loss":0.0,"damage_taken":0.0},{"damage_healed":0.0,"max_hp_gain":0.0,"max_hp_loss":0.0,"gold_gain":0.0,"event_name":"Upgrade Shrine","player_choice":"Upgraded","floor":48.0,"gold_loss":0.0,"damage_taken":0.0,"cards_upgraded":["Loop"]}],"is_beta":false,"boss_relics":[{"not_picked":["Orrery","Ectoplasm"],"picked":"Velvet Choker"},{"not_picked":["Empty Cage","Black Star"],"picked":"Coffee Dripper"}],"items_purged_floors":[30,38],"is_endless":false,"potions_floor_spawned":[10,12,16,20,29,31,33,39,44,45,47,55],"ascension_level":20}