{"gold_per_floor":[116,127,143,68,79,79,42,42,91,41,41,70,84,99,99,201,201,212,212,112,112,130,130,158,158,211,211,4,4,17,31,31,131,131,150,166,16,32,32,32,59,59,59,74,109,109,0,11,11,11],"floor_reached":51,"playtime":1044,"items_purged":["Strike_R","Defend_R","Strike_R","Strike_R"],"score":765,"play_id":"e3549ae4-59bb-4909-8835-72a51480779a","local_time":"20190806024723","is_ascension_mode":false,"campfire_choices":[{"data":"Sword Boomerang","floor":6.0,"key":"SMITH"},{"data":"Inflame","floor":11.0,"key":"SMITH"},{"data":"Heavy Blade","floor":15.0,"key":"SMITH"},{"data":"Limit Break","floor":23.0,"key":"SMITH"},{"data":"Battle Trance","floor":25.0,"key":"SMITH"},{"data":"Inflame","floor":29.0,"key":"SMITH"},{"data":"Whirlwind","floor":32.0,"key":"SMITH"},{"data":"Sword Boomerang","floor":40.0,"key":"SMITH"},{"data":"Limit Break","floor":46.0,"key":"SMITH"},{"floor":49,"key":"REST"}],"neow_cost":"NONE","seed_source_timestamp":16406135068657,"circlet_count":0,"master_deck":["Strike_R","Defend_R","Defend_R","Bash+1","Battle Trance","Sword Boomerang+1","Sword Boomerang","Inflame+1","Heavy Blade+1","Flame Barrier","Limit Break+1","Shrug It Off+1","Battle Trance+1","Inflame+1","Whirlwind+1","Sword Boomerang+1","Sword Boomerang","Evolve+1","Limit Break+1","Whirlwind"],"special_seed":0,"relics":["Black Blood","Orichalcum","Odd Mushroom","Philosopher\u0027s Stone","Bag of Preparation","Dodecahedron","Vajra","Bottled Lightning","Gremlin Horn","Bronze Scales","Art of War","Red Mask"],"potions_floor_usage":[50,50,50],"damage_taken":[{"damage":1.0,"enemies":"Cultist","floor":1.0,"turns":3.0},{"damage":0.0,"enemies":"Small Slimes","floor":2.0,"turns":3.0},{"damage":1.0,"enemies":"2 Louse","floor":3.0,"turns":3.0},{"damage":8.0,"enemies":"2 Fungi Beasts","floor":5.0,"turns":3.0},{"damage":8.0,"enemies":"The Mushroom Lair","floor":12.0,"turns":3.0},{"damage":0.0,"enemies":"Large Slime","floor":13.0,"turns":2.0},{"damage":9.0,"enemies":"Blue Slaver","floor":14.0,"turns":3.0},{"damage":34.0,"enemies":"Hexaghost","floor":16.0,"turns":8.0},{"damage":7.0,"enemies":"Chosen","floor":18.0,"turns":2.0},{"damage":0.0,"enemies":"3 Byrds","floor":22.0,"turns":4.0},{"damage":2.0,"enemies":"Gremlin Leader","floor":24.0,"turns":4.0},{"damage":8.0,"enemies":"Sentry and Sphere","floor":30.0,"turns":4.0},{"damage":0.0,"enemies":"Snake Plant","floor":31.0,"turns":2.0},{"damage":23.0,"enemies":"Champ","floor":33.0,"turns":4.0},{"damage":0.0,"enemies":"Orb Walker","floor":35.0,"turns":2.0},{"damage":0.0,"enemies":"3 Darklings","floor":36.0,"turns":2.0},{"damage":7.0,"enemies":"Sphere and 2 Shapes","floor":38.0,"turns":3.0},{"damage":2.0,"enemies":"Giant Head","floor":41.0,"turns":4.0},{"damage":20.0,"enemies":"Maw","floor":44.0,"turns":3.0},{"damage":12.0,"enemies":"Nemesis","floor":45.0,"turns":3.0},{"damage":28,"enemies":"4 Shapes","floor":48,"turns":5},{"damage":31,"enemies":"Donu and Deca","floor":50,"turns":5}],"seed_played":"-2149495708978033443","potions_obtained":[{"floor":1.0,"key":"Dexterity Potion"},{"floor":12.0,"key":"Explosive Potion"},{"floor":14.0,"key":"Regen Potion"},{"floor":24.0,"key":"Weak Potion"},{"floor":30.0,"key":"EssenceOfSteel"},{"floor":45.0,"key":"Poison Potion"},{"floor":48,"key":"PowerPotion"}],"is_trial":false,"path_per_floor":["M","M","M","$","M","R","$","?","T","?","R","?","M","M","R","B",null,"M","?","$","?","M","R","E","R","T","T","$","R","M","M","R","B",null,"M","M","$","M","?","R","E","?","T","M","E","R","?","M","R","B",null],"character_chosen":"IRONCLAD","items_purchased":["Inflame","Inflame"],"campfire_rested":1,"item_purchase_floors":[7,28],"current_hp_per_floor":[80,80,80,80,78,78,78,71,71,71,71,69,75,72,72,44,80,79,79,79,64,70,70,74,74,74,74,74,74,72,78,78,61,85,85,85,85,85,81,81,81,81,81,71,69,69,69,51,75,68],"gold":11,"neow_bonus":"UPGRADE_CARD","is_prod":false,"is_daily":false,"chose_seed":false,"campfire_upgraded":9,"win_rate":0,"timestamp":1565081243,"path_taken":["M","M","M","?","?","R","$","?","T","?","R","?","M","M","R","BOSS","M","?","$","?","M","R","E","R","T","?","$","R","M","M","R","BOSS","M","M","$","M","?","R","E","?","T","M","E","R","?","M","R","BOSS"],"build_version":"2019-07-17","purchased_purges":4,"victory":true,"max_hp_per_floor":[80,80,80,80,80,80,80,80,80,80,80,80,80,80,80,80,80,80,80,80,85,85,85,85,85,85,85,85,85,85,85,85,85,85,85,85,85,85,81,81,81,81,81,81,81,81,81,81,81,81],"card_choices":[{"not_picked":["Entrench","Cleave"],"picked":"Battle Trance","floor":1.0},{"not_picked":["Shrug It Off","Seeing Red"],"picked":"Sword Boomerang","floor":2.0},{"not_picked":["Rage","Sentinel"],"picked":"Sword Boomerang","floor":3.0},{"not_picked":["True Grit","Reckless Charge","Corruption"],"picked":"SKIP","floor":5.0},{"not_picked":["Twin Strike","Feel No Pain"],"picked":"Heavy Blade","floor":12.0},{"not_picked":["Carnage","Wild Strike","Bludgeon"],"picked":"SKIP","floor":13.0},{"not_picked":["Pommel Strike","Seeing Red"],"picked":"Flame Barrier","floor":14.0},{"not_picked":["Double Tap","Brutality"],"picked":"Limit Break","floor":16.0},{"not_picked":["Body Slam","Entrench","Ghostly Armor+1"],"picked":"SKIP","floor":18.0},{"not_picked":["Shrug It Off+1","Feel No Pain","Searing Blow"],"picked":"SKIP","floor":22.0},{"not_picked":["Feel No Pain","Searing Blow"],"picked":"Shrug It Off+1","floor":22.0},{"not_picked":["Power Through+1","Thunderclap"],"picked":"Battle Trance","floor":24.0},{"not_picked":["Heavy Blade","Armaments"],"picked":"Whirlwind","floor":30.0},{"not_picked":["Clash","Demon Form"],"picked":"Sword Boomerang","floor":31.0},{"not_picked":["Wild Strike","Blood for Blood","Dropkick"],"picked":"SKIP","floor":35.0},{"not_picked":["Iron Wave+1","Burning Pact","Cleave+1"],"picked":"SKIP","floor":36.0},{"not_picked":["Thunderclap+1","Warcry","Anger"],"picked":"SKIP","floor":38.0},{"not_picked":["Twin Strike","Warcry"],"picked":"Sword Boomerang","floor":41.0},{"not_picked":["Anger","Evolve+1","Headbutt"],"picked":"SKIP","floor":44.0},{"not_picked":["Anger","Headbutt"],"picked":"Evolve+1","floor":44.0},{"not_picked":["Seeing Red+1","Warcry"],"picked":"Limit Break","floor":45.0},{"not_picked":["Blood for Blood+1","Armaments"],"picked":"Whirlwind","floor":48}],"player_experience":1640534,"relics_obtained":[{"floor":9.0,"key":"Orichalcum"},{"floor":12.0,"key":"Odd Mushroom"},{"floor":24.0,"key":"Dodecahedron"},{"floor":26.0,"key":"Vajra"},{"floor":27.0,"key":"Bottled Lightning"},{"floor":41.0,"key":"Gremlin Horn"},{"floor":43.0,"key":"Bronze Scales"},{"floor":45.0,"key":"Art of War"}],"event_choices":[{"cards_removed":["Strike_R"],"damage_healed":0.0,"max_hp_gain":0.0,"max_hp_loss":0.0,"gold_gain":0.0,"event_name":"Golden Wing","player_choice":"Card Removal","floor":8.0,"gold_loss":0.0,"damage_taken":7.0},{"cards_removed":["Defend_R"],"damage_healed":0.0,"max_hp_gain":0.0,"max_hp_loss":0.0,"gold_gain":0.0,"event_name":"The Cleric","player_choice":"Card Removal","floor":10.0,"gold_loss":50.0,"damage_taken":0.0},{"damage_healed":0.0,"max_hp_gain":0.0,"max_hp_loss":0.0,"gold_gain":0.0,"event_name":"Mushrooms","player_choice":"Fought Mushrooms","floor":12.0,"gold_loss":0.0,"damage_taken":0.0},{"damage_healed":0.0,"max_hp_gain":0.0,"max_hp_loss":0.0,"gold_gain":0.0,"event_name":"The Mausoleum","player_choice":"Opened","floor":19.0,"gold_loss":0.0,"damage_taken":0.0,"relics_obtained":["Bag of Preparation"]},{"damage_healed":0.0,"max_hp_gain":5.0,"max_hp_loss":0.0,"gold_gain":0.0,"event_name":"Forgotten Altar","player_choice":"Shed Blood","floor":21.0,"gold_loss":0.0,"damage_taken":20.0},{"damage_healed":0.0,"max_hp_gain":0.0,"max_hp_loss":4.0,"gold_gain":0.0,"event_name":"Winding Halls","player_choice":"Max HP","floor":39.0,"gold_loss":0.0,"damage_taken":0.0},{"damage_healed":0.0,"max_hp_gain":0.0,"max_hp_loss":0.0,"gold_gain":0.0,"event_name":"Mysterious Sphere","player_choice":"Ignored","floor":42.0,"gold_loss":0.0,"damage_taken":0.0},{"damage_healed":0.0,"max_hp_gain":0.0,"max_hp_loss":0.0,"gold_gain":0.0,"event_name":"Tomb of Lord Red Mask","player_choice":"Paid","floor":47.0,"gold_loss":109.0,"damage_taken":0.0,"relics_obtained":["Red Mask"]}],"is_beta":false,"boss_relics":[{"not_picked":["White Beast Statue","Orrery"],"picked":"Philosopher\u0027s Stone"},{"not_picked":["Mark of Pain","Runic Pyramid"],"picked":"Black Blood"}],"items_purged_floors":[4,20,28,37],"is_endless":false,"potions_floor_spawned":[1,12,14,18,24,30,31,36,45,48],"ascension_level":0}