{"gold_per_floor":[118,118,137,137,152,177,194,194,194,194,194],"floor_reached":11,"playtime":246,"items_purged":[],"score":146,"play_id":"f8127d51-75ea-4a96-bc9d-470bc1ea08d6","local_time":"20190119230142","is_ascension_mode":true,"campfire_choices":[{"data":"Creative AI","floor":8,"key":"SMITH"},{"data":"Dualcast","floor":10,"key":"SMITH"}],"neow_cost":"NONE","seed_source_timestamp":38461193993675,"circlet_count":0,"master_deck":["AscendersBane","Strike_B","Strike_B","Strike_B","Strike_B","Defend_B","Defend_B","Defend_B","Defend_B","Zap","Dualcast+1","Blizzard","Cold Snap","Ball Lightning","Creative AI+1","Undo"],"relics":["Cracked Core","NeowsBlessing","Pear","Omamori"],"potions_floor_usage":[6,6],"damage_taken":[{"damage":0,"enemies":"Jaw Worm","floor":1,"turns":1},{"damage":0,"enemies":"Cultist","floor":3,"turns":1},{"damage":0,"enemies":"Small Slimes","floor":5,"turns":1},{"damage":8,"enemies":"Gremlin Nob","floor":6,"turns":3},{"damage":22,"enemies":"Exordium Wildlife","floor":7,"turns":4},{"damage":0,"enemies":"Lagavulin","floor":11,"turns":4}],"seed_played":"4749695478921639060","potions_obtained":[{"floor":1,"key":"FearPotion"},{"floor":2,"key":"SteroidPotion"}],"is_trial":false,"path_per_floor":["M","?","M","?","M","E","M","R","T","R","E"],"character_chosen":"DEFECT","items_purchased":[],"campfire_rested":0,"item_purchase_floors":[],"current_hp_per_floor":[64,64,64,56,56,48,26,26,26,26,26],"gold":194,"neow_bonus":"THREE_ENEMY_KILL","is_prod":false,"is_daily":false,"chose_seed":false,"campfire_upgraded":2,"win_rate":0,"timestamp":1547910102,"path_taken":["M","?","?","?","M","E","M","R","T","R","E"],"build_version":"2019-01-17v2","purchased_purges":0,"victory":false,"max_hp_per_floor":[71,71,71,81,81,81,81,81,81,81,81],"card_choices":[{"not_picked":["BootSequence","Cold Snap"],"picked":"Blizzard","floor":1},{"not_picked":["FTL","Go for the Eyes"],"picked":"Cold Snap","floor":3},{"not_picked":["Sweeping Beam","Loop"],"picked":"Ball Lightning","floor":5},{"not_picked":["Capacitor","Static Discharge"],"picked":"Creative AI","floor":6},{"not_picked":["Redo","White Noise"],"picked":"Undo","floor":7}],"player_experience":2047437,"relics_obtained":[{"floor":6,"key":"Omamori"}],"event_choices":[{"damage_healed":0,"gold_gain":0,"player_choice":"Got Potions","damage_taken":0,"max_hp_gain":0,"max_hp_loss":0,"event_name":"Lab","floor":2,"gold_loss":0},{"damage_healed":0,"gold_gain":0,"player_choice":"Success","damage_taken":18,"relics_obtained":["Pear"],"max_hp_gain":0,"max_hp_loss":0,"event_name":"Scrap Ooze","floor":4,"gold_loss":0}],"is_beta":false,"boss_relics":[],"items_purged_floors":[],"is_endless":false,"potions_floor_spawned":[1,5],"killed_by":"Lagavulin","ascension_level":20}