{"gold_per_floor":[110,125,125,143,66,66,98,60,114,39,39,53,53,65,65,170,170,189,189,203,214,313,342,352,352],"floor_reached":25,"playtime":1120,"items_purged":["Doubt"],"score":223,"play_id":"d4d7af06-fafe-46d3-a136-d26309aadb7f","local_time":"20180624203013","is_ascension_mode":false,"campfire_choices":[{"data":"Blizzard","floor":6,"key":"SMITH"},{"data":"Fusion","floor":11,"key":"SMITH"},{"data":"Reboot","floor":15,"key":"SMITH"}],"neow_cost":"NONE","seed_source_timestamp":19901667265249,"circlet_count":0,"master_deck":["Strike_B","Strike_B","Strike_B","Strike_B","Defend_B","Defend_B","Defend_B","Defend_B","Zap+1","Dualcast","Ball Lightning","Glacier","Hologram","Blizzard+1","Fusion+1","Chill","Barrage","Reboot+1","Creative AI","Static Discharge+1","Creative AI","Force Field"],"relics":["Cursed Key","Bronze Scales","Bird Faced Urn","Vajra","Philosopher\u0027s Stone","Omamori"],"potions_floor_usage":[23,23,24],"damage_taken":[{"damage":6,"enemies":"2 Louse","floor":1,"turns":3},{"damage":0,"enemies":"Cultist","floor":2,"turns":3},{"damage":0,"enemies":"Jaw Worm","floor":4,"turns":3},{"damage":8,"enemies":"3 Sentries","floor":7,"turns":6},{"damage":10,"enemies":"Red Slaver","floor":12,"turns":3},{"damage":0,"enemies":"Looter","floor":14,"turns":2},{"damage":21,"enemies":"Slime Boss","floor":16,"turns":10},{"damage":2,"enemies":"Spheric Guardian","floor":18,"turns":3},{"damage":12,"enemies":"2 Thieves","floor":20,"turns":4},{"damage":18,"enemies":"Cultist and Chosen","floor":21,"turns":5},{"damage":56,"enemies":"Slavers","floor":23,"turns":6},{"damage":15,"enemies":"Snake Plant","floor":24,"turns":5},{"damage":25,"enemies":"Slaver and Parasite","floor":25,"turns":4}],"seed_played":"-2678572848259739048","potions_obtained":[{"floor":1,"key":"Strength Potion"},{"floor":7,"key":"AttackPotion"},{"floor":16,"key":"Ancient Potion"},{"floor":23,"key":"Weak Potion"}],"is_trial":false,"path_per_floor":["M","M","?","M","$","R","E","$","T","$","R","M","?","M","R","B",null,"M","$","M","M","?","E","M"],"character_chosen":"DEFECT","items_purchased":["Blizzard","Chill"],"campfire_rested":0,"item_purchase_floors":[5,8],"current_hp_per_floor":[69,69,69,69,69,69,61,61,61,61,61,51,51,51,51,30,75,75,75,63,55,55,9,14,0],"gold":352,"neow_bonus":"BOSS_RELIC","is_prod":false,"is_daily":false,"chose_seed":false,"campfire_upgraded":3,"win_rate":0,"timestamp":1529865013,"path_taken":["M","M","?","?","$","R","E","$","T","$","R","M","?","M","R","BOSS","M","$","?","?","?","E","M","M"],"build_version":"2018-06-21v2","purchased_purges":1,"victory":false,"max_hp_per_floor":[75,75,75,75,75,75,75,75,75,75,75,75,75,75,75,75,75,75,75,75,75,75,75,75,75],"card_choices":[{"not_picked":["Force Field","Leap"],"picked":"Ball Lightning","floor":1},{"not_picked":["Undo","Go for the Eyes"],"picked":"Glacier","floor":2},{"not_picked":["Stack","Beam Cell"],"picked":"Hologram","floor":4},{"not_picked":["Beam Cell","Go for the Eyes"],"picked":"Fusion","floor":7},{"not_picked":["Doom and Gloom","Streamline"],"picked":"Barrage","floor":12},{"not_picked":["Sweeping Beam","Doom and Gloom"],"picked":"Reboot","floor":14},{"not_picked":["Seek","Core Surge"],"picked":"Creative AI","floor":16},{"not_picked":["Steam","Auto Shields","Reprogram"],"picked":"SKIP","floor":18},{"not_picked":["Sunder","Cold Snap"],"picked":"Static Discharge+1","floor":20},{"not_picked":["Steam","Cold Snap","Gash"],"picked":"SKIP","floor":21},{"not_picked":["Ball Lightning+1","Streamline"],"picked":"Creative AI","floor":23},{"not_picked":["Compile Driver","Gash"],"picked":"Force Field","floor":24}],"player_experience":278699,"relics_obtained":[{"floor":7,"key":"Bird Faced Urn"},{"floor":9,"key":"Vajra"},{"floor":23,"key":"Omamori"}],"event_choices":[{"event_name":"Accursed Blacksmith","player_choice":"Rummage","floor":3,"damage_taken":0},{"event_name":"Upgrade Shrine","player_choice":"Upgraded","floor":13,"damage_taken":0},{"event_name":"Nest","player_choice":"Stole From Cult","floor":22,"damage_taken":0}],"boss_relics":[{"not_picked":["Fusion Hammer","Calling Bell"],"picked":"Philosopher\u0027s Stone"}],"items_purged_floors":[10],"is_endless":false,"potions_floor_spawned":[1,7,16,23],"killed_by":"Slaver and Parasite","ascension_level":0}