{"gold_per_floor":[214,214,60,78,153,153,173,188,188,188,205,219,237,254,254,358,358,369,385,484,394,406,406,437,437,437,437,284,284,295,305,305,407,407,422,422,422,422,422,422,433,433,433,433,448,466,480,104,104,104],"floor_reached":51,"playtime":2747,"items_purged":["Strike_G","Strike_G"],"score":914,"play_id":"f37e31de-f147-4459-9015-fe449d1b2060","local_time":"20181009145205","is_ascension_mode":true,"campfire_choices":[{"data":"Footwork","floor":6,"key":"SMITH"},{"floor":15,"key":"REST"},{"data":"Malaise","floor":23,"key":"SMITH"},{"data":"Malaise","floor":25,"key":"SMITH"},{"data":"Footwork","floor":27,"key":"SMITH"},{"data":"Well Laid Plans","floor":29,"key":"SMITH"},{"data":"Burst","floor":32,"key":"SMITH"},{"data":"Corpse Explosion","floor":40,"key":"SMITH"},{"data":"Corpse Explosion","floor":42,"key":"SMITH"},{"data":"Survivor","floor":44,"key":"SMITH"},{"data":"Footwork","floor":49,"key":"SMITH"}],"neow_cost":"NONE","seed_source_timestamp":12855798672456,"circlet_count":0,"master_deck":["Defend_G","Defend_G","Defend_G","Defend_G+1","Defend_G","Strike_G","Survivor+1","Burst+1","Footwork+1","Escape Plan","Backflip","Malaise+1","Cloak And Dagger","Malaise+1","Predator","Footwork+1","Corpse Explosion+1","Well Laid Plans+1","Dodge and Roll+1","Predator","Corpse Explosion+1","Noxious Fumes+1","Dash","Cloak And Dagger+1","Dash","Footwork+1"],"relics":["Ring of the Snake","Kunai","Sozu","Dodecahedron","Pear","Philosopher\u0027s Stone","Mercury Hourglass","Lee\u0027s Waffle"],"potions_floor_usage":[14,16,19],"damage_taken":[{"damage":4,"enemies":"Small Slimes","floor":1,"turns":5},{"damage":0,"enemies":"Cultist","floor":4,"turns":6},{"damage":0,"enemies":"2 Louse","floor":7,"turns":5},{"damage":21,"enemies":"Lots of Slimes","floor":8,"turns":8},{"damage":0,"enemies":"Large Slime","floor":11,"turns":10},{"damage":0,"enemies":"Red Slaver","floor":12,"turns":7},{"damage":18,"enemies":"Exordium Thugs","floor":13,"turns":9},{"damage":2,"enemies":"3 Louse","floor":14,"turns":3},{"damage":35,"enemies":"Slime Boss","floor":16,"turns":23},{"damage":0,"enemies":"Shell Parasite","floor":18,"turns":11},{"damage":0,"enemies":"3 Byrds","floor":19,"turns":2},{"damage":3,"enemies":"Snake Plant","floor":22,"turns":10},{"damage":0,"enemies":"Book of Stabbing","floor":24,"turns":10},{"damage":0,"enemies":"Cultist and Chosen","floor":30,"turns":6},{"damage":3,"enemies":"Snecko","floor":31,"turns":8},{"damage":10,"enemies":"Collector","floor":33,"turns":11},{"damage":0,"enemies":"Orb Walker","floor":35,"turns":9},{"damage":0,"enemies":"3 Shapes","floor":41,"turns":3},{"damage":5,"enemies":"3 Darklings","floor":45,"turns":3},{"damage":4,"enemies":"Spire Growth","floor":46,"turns":7},{"damage":4,"enemies":"4 Shapes","floor":47,"turns":2},{"damage":0,"enemies":"Time Eater","floor":50,"turns":23}],"seed_played":"-4700442841976487302","potions_obtained":[{"floor":1,"key":"GamblersBrew"},{"floor":8,"key":"Explosive Potion"},{"floor":12,"key":"LiquidBronze"}],"is_trial":false,"path_per_floor":["M","?","$","M","?","R","M","M","T","?","M","M","M","M","R","B",null,"M","M","?","?","M","R","E","R","T","R","$","R","M","M","R","B",null,"M","?","?","?","?","R","M","R","T","R","M","M","M","$","R","B"],"character_chosen":"THE_SILENT","items_purchased":["Burst","Footwork","Well Laid Plans","Footwork","Lee\u0027s Waffle"],"campfire_rested":1,"item_purchase_floors":[3,3,28,48,48],"current_hp_per_floor":[66,70,70,70,63,63,63,42,42,42,42,42,24,22,43,8,55,55,55,55,55,52,52,52,52,62,62,62,62,62,59,59,49,72,72,72,80,76,76,76,76,76,76,76,71,67,63,83,83,83],"gold":104,"neow_bonus":"HUNDRED_GOLD","is_prod":false,"is_daily":false,"chose_seed":false,"campfire_upgraded":10,"win_rate":1,"timestamp":1539067925,"path_taken":["M","?","$","?","?","R","M","M","T","?","?","?","M","M","R","BOSS","M","M","?","?","M","R","E","R","T","R","$","R","M","M","R","BOSS","M","?","?","?","?","R","M","R","T","R","M","M","M","$","R","BOSS"],"build_version":"2018-10-04v2","purchased_purges":2,"victory":true,"max_hp_per_floor":[70,70,70,70,70,70,70,70,70,70,70,70,70,70,70,70,70,70,70,70,70,70,70,70,70,80,80,80,80,80,80,80,80,80,80,80,80,76,76,76,76,76,76,76,76,76,76,83,83,83],"card_choices":[{"not_picked":["Outmaneuver","Dagger Throw","Dagger Spray"],"picked":"SKIP","floor":1},{"not_picked":["Flying Knee","Dagger Spray","Deflect"],"picked":"SKIP","floor":4},{"not_picked":["Reflex","Dagger Throw","Flying Knee"],"picked":"SKIP","floor":7},{"not_picked":["Poisoned Stab","Quick Slash"],"picked":"Escape Plan","floor":8},{"not_picked":["Dagger Spray","Outmaneuver"],"picked":"Backflip","floor":11},{"not_picked":["Poisoned Stab","Choke"],"picked":"Malaise","floor":12},{"not_picked":["Deflect","Quick Slash"],"picked":"Infinite Blades","floor":13},{"not_picked":["Heel Hook","Dagger Throw"],"picked":"Cloak And Dagger","floor":14},{"not_picked":["Phantasmal Killer","Tools of the Trade"],"picked":"Malaise","floor":16},{"not_picked":["Underhanded Strike","Acrobatics"],"picked":"Predator","floor":18},{"not_picked":["Slice","Tactician","Dagger Throw+1"],"picked":"SKIP","floor":19},{"not_picked":["Flying Knee","Terror"],"picked":"Footwork","floor":22},{"not_picked":["Die Die Die","Noxious Fumes+1"],"picked":"Corpse Explosion","floor":24},{"not_picked":["Outmaneuver","Underhanded Strike"],"picked":"Dodge and Roll+1","floor":30},{"not_picked":["Caltrops","Distraction+1"],"picked":"Predator","floor":31},{"not_picked":["Adrenaline","Envenom"],"picked":"Corpse Explosion","floor":33},{"not_picked":["Sucker Punch","Deflect+1"],"picked":"Noxious Fumes+1","floor":35},{"not_picked":["Outmaneuver","Terror+1","Slice+1"],"picked":"SKIP","floor":41},{"not_picked":["Accuracy","Cloak And Dagger"],"picked":"Dash","floor":45},{"not_picked":["Dagger Throw+1","Endless Agony"],"picked":"Cloak And Dagger+1","floor":46},{"not_picked":["Skewer","Quick Slash+1"],"picked":"Dash","floor":47}],"player_experience":35916,"relics_obtained":[{"floor":9,"key":"Kunai"},{"floor":24,"key":"Dodecahedron"},{"floor":26,"key":"Pear"},{"floor":43,"key":"Mercury Hourglass"}],"event_choices":[{"event_name":"Wheel of Change","player_choice":"Full Heal","floor":2,"damage_taken":0},{"event_name":"FaceTrader","player_choice":"Touch","floor":5,"damage_taken":0},{"event_name":"Living Wall","player_choice":"Forget","floor":10,"damage_taken":0},{"event_name":"Nest","player_choice":"Stole From Cult","floor":20,"damage_taken":0},{"event_name":"Designer","player_choice":"Full Service","floor":21,"damage_taken":0},{"event_name":"Falling","player_choice":"Removed Attack","floor":36,"damage_taken":0},{"event_name":"Bonfire Elementals","player_choice":"UNCOMMON","floor":37,"damage_taken":0},{"event_name":"Winding Halls","player_choice":"Max HP","floor":38,"damage_taken":0},{"event_name":"Mysterious Sphere","player_choice":"Ignore","floor":39,"damage_taken":0}],"is_beta":false,"boss_relics":[{"not_picked":["Snecko Eye","Astrolabe"],"picked":"Sozu"},{"not_picked":["Eternal Feather","Ring of the Serpent"],"picked":"Philosopher\u0027s Stone"}],"items_purged_floors":[28,48],"is_endless":false,"potions_floor_spawned":[1,8,12,22,30,31,45],"ascension_level":5}