{"gold_per_floor":[115,126,141,42,42,60,60,78,152,164,164,180,197,197,197,197],"floor_reached":16,"playtime":746,"items_purged":["Strike_R"],"score":192,"play_id":"f38f5a62-0b0d-4d0d-92a3-bcf1ea1d584c","local_time":"20190528015621","is_ascension_mode":true,"campfire_choices":[{"data":"Body Slam","floor":7,"key":"SMITH"},{"data":"Flex","floor":11,"key":"SMITH"},{"data":"Shockwave","floor":15,"key":"SMITH"}],"neow_cost":"NONE","seed_source_timestamp":130974675342835,"circlet_count":0,"master_deck":["AscendersBane","Strike_R","Strike_R+1","Strike_R","Strike_R","Defend_R","Defend_R","Defend_R","Defend_R","Bash","Shockwave+1","Body Slam+1","Impervious","Burning Pact","Flex+1","Inflame+1"],"relics":["Burning Blood","NeowsBlessing","FaceOfCleric","Shuriken"],"potions_floor_usage":[16,16],"damage_taken":[{"damage":0,"enemies":"Cultist","floor":1,"turns":1},{"damage":0,"enemies":"Jaw Worm","floor":2,"turns":1},{"damage":0,"enemies":"Small Slimes","floor":3,"turns":1},{"damage":14,"enemies":"3 Louse","floor":6,"turns":6},{"damage":8,"enemies":"Blue Slaver","floor":8,"turns":4},{"damage":5,"enemies":"2 Fungi Beasts","floor":10,"turns":3},{"damage":11,"enemies":"Looter","floor":12,"turns":2},{"damage":16,"enemies":"Large Slime","floor":13,"turns":7},{"damage":28,"enemies":"Slime Boss","floor":16,"turns":7}],"seed_played":"3600063302806779275","potions_obtained":[{"floor":2,"key":"AttackPotion"},{"floor":8,"key":"Strength Potion"}],"is_trial":false,"path_per_floor":["M","M","M","$","?","M","R","M","T","M","R","M","M","?","R","B"],"character_chosen":"IRONCLAD","items_purchased":["Body Slam"],"campfire_rested":0,"item_purchase_floors":[4],"current_hp_per_floor":[74,75,75,75,75,68,68,67,67,69,69,65,56,32,32,4],"gold":197,"neow_bonus":"THREE_ENEMY_KILL","is_prod":false,"is_daily":false,"chose_seed":false,"campfire_upgraded":3,"win_rate":0,"timestamp":1558979781,"path_taken":["M","M","?","$","?","?","R","M","T","M","R","M","?","?","R","BOSS"],"build_version":"2019-01-23","purchased_purges":1,"victory":false,"max_hp_per_floor":[75,75,75,75,75,76,76,77,77,78,78,79,80,80,80,80],"card_choices":[{"not_picked":["Clash","Blood for Blood","Pommel Strike"],"picked":"SKIP","floor":1},{"not_picked":["Rage","Sword Boomerang","Perfected Strike"],"picked":"SKIP","floor":2},{"not_picked":["Iron Wave","Flex"],"picked":"Shockwave","floor":3},{"not_picked":["Twin Strike","Battle Trance"],"picked":"Impervious","floor":6},{"not_picked":["Flex","Armaments"],"picked":"Burning Pact","floor":8},{"not_picked":["Hemokinesis","Combust"],"picked":"Flex","floor":10},{"not_picked":["Twin Strike","Cleave","Blood for Blood"],"picked":"SKIP","floor":12},{"not_picked":["Clash","Anger"],"picked":"Inflame","floor":13}],"player_experience":4888963,"relics_obtained":[{"floor":9,"key":"Shuriken"}],"event_choices":[{"damage_healed":0,"gold_gain":0,"player_choice":"Trade","damage_taken":0,"relics_obtained":["FaceOfCleric"],"max_hp_gain":0,"max_hp_loss":0,"event_name":"FaceTrader","floor":5,"gold_loss":0},{"damage_healed":0,"gold_gain":0,"player_choice":"Entered Light","damage_taken":24,"max_hp_gain":0,"max_hp_loss":0,"event_name":"Shining Light","floor":14,"gold_loss":0,"cards_upgraded":["Strike_R","Inflame"]}],"is_beta":false,"boss_relics":[],"items_purged_floors":[4],"is_endless":false,"potions_floor_spawned":[2,8,10],"killed_by":"Slime Boss","ascension_level":20}