{"gold_per_floor":[362,362,362,412,431,471,483,11,11,29,29,29,53,77,77,167,167,190,73,73,73,91,91,109,109],"floor_reached":25,"playtime":646,"items_purged":["Defend_B"],"score":402,"play_id":"992b4a1f-e74f-4b1f-841f-d86dc918b352","local_time":"20190224164251","is_ascension_mode":true,"campfire_choices":[{"data":"Darkness","floor":7.0,"key":"SMITH"},{"data":"Hologram","floor":11.0,"key":"SMITH"},{"data":"Dualcast","floor":15.0,"key":"SMITH"},{"data":"Defragment","floor":23,"key":"SMITH"}],"neow_cost":"PERCENT_DAMAGE","seed_source_timestamp":592922026370102,"circlet_count":0,"master_deck":["AscendersBane","Defend_B","Defend_B","Defend_B","Zap","Dualcast+1","Leap","Glacier","Darkness+1","BootSequence","Hologram+1","Loop","Undo","Gash+1","Loop+1","Darkness+1","Recycle","Defragment+1","Reinforced Body","Turbo","Turbo"],"special_seed":0,"relics":["Cracked Core","Golden Idol","MawBank","Meat on the Bone","ClockworkSouvenir","Pantograph","Astrolabe"],"potions_floor_usage":[25],"damage_taken":[{"damage":0.0,"enemies":"2 Louse","floor":1.0,"turns":2.0},{"damage":1.0,"enemies":"Small Slimes","floor":5.0,"turns":4.0},{"damage":7.0,"enemies":"Lagavulin","floor":6.0,"turns":10.0},{"damage":0.0,"enemies":"Cultist","floor":10.0,"turns":4.0},{"damage":19.0,"enemies":"Exordium Thugs","floor":13.0,"turns":3.0},{"damage":13.0,"enemies":"Gremlin Gang","floor":14.0,"turns":6.0},{"damage":20.0,"enemies":"The Guardian","floor":16.0,"turns":10.0},{"damage":14.0,"enemies":"3 Byrds","floor":18.0,"turns":4.0},{"damage":0,"enemies":"Chosen","floor":22,"turns":4},{"damage":30,"enemies":"Snake Plant","floor":24,"turns":5},{"damage":0,"enemies":"Gremlin Leader","floor":25,"turns":3}],"seed_played":"-3723949796102447069","potions_obtained":[{"floor":1.0,"key":"GamblersBrew"},{"floor":6.0,"key":"LiquidBronze"},{"floor":13.0,"key":"PowerPotion"},{"floor":14.0,"key":"Poison Potion"},{"floor":16.0,"key":"Ancient Potion"}],"is_trial":false,"path_per_floor":["M","?","?","?","M","E","R","$","T","M","R","$","M","M","R","B",null,"M","$","?","$","M","R","M","E"],"character_chosen":"DEFECT","items_purchased":["Meat on the Bone","ClockworkSouvenir","Defragment"],"campfire_rested":0,"item_purchase_floors":[8,8,19],"current_hp_per_floor":[46,46,46,46,45,38,38,38,38,38,38,38,31,30,30,35,57,43,43,43,43,43,43,25,25],"gold":109,"neow_bonus":"TWO_FIFTY_GOLD","is_prod":false,"is_daily":false,"chose_seed":false,"campfire_upgraded":4,"win_rate":0,"timestamp":1550997771,"path_taken":["M","?","?","?","?","E","R","?","T","M","R","$","M","M","R","BOSS","M","$","?","?","M","R","?","E"],"build_version":"2019-01-23","purchased_purges":1,"victory":false,"max_hp_per_floor":[71,71,64,64,64,64,64,64,64,64,64,64,64,64,64,64,64,64,64,64,64,64,64,64,64],"card_choices":[{"not_picked":["Storm","Gash"],"picked":"Leap","floor":1.0},{"not_picked":["Steam Power","Static Discharge"],"picked":"Darkness","floor":5.0},{"not_picked":["Darkness","Static Discharge"],"picked":"BootSequence","floor":6.0},{"not_picked":["Rebound","Ball Lightning"],"picked":"Hologram","floor":10.0},{"not_picked":["Core Surge","Turbo"],"picked":"Loop","floor":13.0},{"not_picked":["Leap","Ball Lightning"],"picked":"Undo","floor":14.0},{"not_picked":["Stack","Compile Driver"],"picked":"Recycle","floor":18.0},{"not_picked":["Undo","Cold Snap","Auto Shields"],"picked":"SKIP","floor":22},{"not_picked":["Compile Driver","Cold Snap","Turbo"],"picked":"SKIP","floor":24},{"not_picked":["Compile Driver","Cold Snap"],"picked":"Turbo","floor":24}],"player_experience":971375,"relics_obtained":[{"floor":6.0,"key":"MawBank"},{"floor":9.0,"key":"Pantograph"}],"event_choices":[{"damage_healed":0.0,"max_hp_gain":0.0,"max_hp_loss":0.0,"gold_gain":0.0,"cards_transformed":["Strike_B"],"event_name":"Living Wall","player_choice":"Change","floor":2.0,"gold_loss":0.0,"damage_taken":0.0,"cards_obtained":["Glacier"]},{"damage_healed":0.0,"max_hp_gain":0.0,"max_hp_loss":7.0,"gold_gain":0.0,"event_name":"Golden Idol","player_choice":"Lose Max HP","floor":3.0,"gold_loss":0.0,"damage_taken":0.0,"relics_obtained":["Golden Idol"]},{"damage_healed":0.0,"max_hp_gain":0.0,"max_hp_loss":0.0,"gold_gain":50.0,"event_name":"Golden Shrine","player_choice":"Pray","floor":4.0,"gold_loss":0.0,"damage_taken":0.0},{"damage_healed":0,"gold_gain":0,"player_choice":"2 cards matched","damage_taken":0,"max_hp_gain":0,"max_hp_loss":0,"event_name":"Match and Keep!","floor":20,"gold_loss":0,"cards_obtained":["Reinforced Body","Turbo"]}],"is_beta":false,"boss_relics":[{"not_picked":["Empty Cage","Coffee Dripper"],"picked":"Astrolabe"}],"items_purged_floors":[19],"is_endless":false,"potions_floor_spawned":[1,6,13,14,16,18,22],"killed_by":"Gremlin Leader","ascension_level":20}