{"gold_per_floor":[114,264,106,121,21,39,114,114,137,137,137,137,153,166,166,240,240,255,32,0,0,17,17,41,41],"floor_reached":25,"playtime":1345,"items_purged":["Doubt","Strike_G"],"score":478,"play_id":"e704491a-2d49-4b1a-a1a0-854945cb72ef","local_time":"20190124150850","is_ascension_mode":true,"campfire_choices":[{"data":"Flechettes","floor":8.0,"key":"SMITH"},{"data":"Well Laid Plans","floor":10.0,"key":"SMITH"},{"data":"Well Laid Plans","floor":12.0,"key":"SMITH"},{"data":"Neutralize","floor":15,"key":"SMITH"},{"data":"Terror","floor":23,"key":"SMITH"}],"neow_cost":"NONE","seed_source_timestamp":8265910660840,"circlet_count":0,"master_deck":["AscendersBane","Defend_G","Defend_G","Defend_G","Defend_G","Defend_G","Strike_G","Strike_G","Survivor","Neutralize+1","Well Laid Plans+1","Well Laid Plans+1","Flechettes+1","Terror+1","After Image","Prepared+1"],"special_seed":0,"relics":["Ring of the Snake","Unceasing Top","Runic Pyramid","Membership Card","Snake Skull"],"potions_floor_usage":[16],"damage_taken":[{"damage":4.0,"enemies":"Jaw Worm","floor":1.0,"turns":7.0},{"damage":0.0,"enemies":"2 Louse","floor":4.0,"turns":5.0},{"damage":2.0,"enemies":"Cultist","floor":6.0,"turns":4.0},{"damage":10,"enemies":"Exordium Thugs","floor":13,"turns":6},{"damage":0,"enemies":"Blue Slaver","floor":14,"turns":3},{"damage":0,"enemies":"The Guardian","floor":16,"turns":12},{"damage":16,"enemies":"3 Byrds","floor":18,"turns":9},{"damage":10,"enemies":"Spheric Guardian","floor":22,"turns":4},{"damage":0,"enemies":"Slavers","floor":25,"turns":1}],"seed_played":"-5480218725593446029","potions_obtained":[{"floor":4.0,"key":"EssenceOfSteel"},{"floor":6.0,"key":"LiquidBronze"},{"floor":13,"key":"Swift Potion"}],"is_trial":false,"path_per_floor":["M","?","$","M","$","M","?","R","T","R","?","R","M","M","R","B",null,"M","$","?","?","M","R","T","E"],"character_chosen":"THE_SILENT","items_purchased":["Well Laid Plans","Membership Card"],"campfire_rested":0,"item_purchase_floors":[3,19],"current_hp_per_floor":[55,55,55,55,55,53,42,42,42,42,37,37,27,27,27,27,56,40,40,40,40,30,30,30,30],"gold":41,"neow_bonus":"REMOVE_CARD","is_prod":false,"is_daily":false,"chose_seed":false,"campfire_upgraded":5,"win_rate":0,"timestamp":1548313730,"path_taken":["M","?","$","M","$","M","?","R","T","R","?","R","M","M","R","BOSS","M","$","?","?","?","R","?","E"],"build_version":"2019-01-23","purchased_purges":2,"victory":false,"max_hp_per_floor":[66,66,66,66,66,66,66,66,66,66,66,66,66,66,66,66,66,66,66,66,66,66,66,66,66],"card_choices":[{"not_picked":["Deflect","Quick Slash"],"picked":"Well Laid Plans","floor":1.0},{"not_picked":["Flying Knee","Reflex"],"picked":"Flechettes","floor":4.0},{"not_picked":["Prepared","Outmaneuver","Slice"],"picked":"SKIP","floor":6.0},{"not_picked":["Dodge and Roll","Dash"],"picked":"Terror","floor":13},{"not_picked":["Eviscerate","Noxious Fumes","Dagger Throw"],"picked":"SKIP","floor":14},{"not_picked":["Envenom","Bullet Time"],"picked":"After Image","floor":16},{"not_picked":["Blade Dance","Dagger Throw","Cloak And Dagger"],"picked":"SKIP","floor":18},{"not_picked":["PiercingWail","Outmaneuver"],"picked":"Prepared+1","floor":22}],"player_experience":2195544,"relics_obtained":[{"floor":24,"key":"Snake Skull"}],"event_choices":[{"damage_healed":0.0,"max_hp_gain":0.0,"max_hp_loss":0.0,"gold_gain":150.0,"event_name":"Liars Game","player_choice":"AGREE","floor":2.0,"gold_loss":0.0,"damage_taken":0.0,"cards_obtained":["Doubt"]},{"damage_healed":0.0,"max_hp_gain":0.0,"max_hp_loss":0.0,"gold_gain":75.0,"event_name":"World of Goop","player_choice":"Gather Gold","floor":7.0,"gold_loss":0.0,"damage_taken":11.0},{"damage_healed":0.0,"max_hp_gain":0.0,"max_hp_loss":0.0,"gold_gain":0.0,"event_name":"Scrap Ooze","player_choice":"Success","floor":11.0,"gold_loss":0.0,"damage_taken":5.0,"relics_obtained":["Unceasing Top"]},{"damage_healed":0,"gold_gain":0,"player_choice":"Paid Fearfully","damage_taken":0,"max_hp_gain":0,"max_hp_loss":0,"event_name":"Masked Bandits","floor":20,"gold_loss":32},{"cards_removed":["Strike_G"],"damage_healed":0,"gold_gain":0,"player_choice":"Offered Basic","damage_taken":0,"max_hp_gain":0,"max_hp_loss":0,"event_name":"Bonfire Elementals","floor":21,"gold_loss":0}],"is_beta":false,"boss_relics":[{"not_picked":["Ring of the Serpent","WristBlade"],"picked":"Runic Pyramid"}],"items_purged_floors":[3,5],"is_endless":false,"potions_floor_spawned":[4,6,13],"killed_by":"Slavers","ascension_level":20}