{"path_per_floor":["M","M","M","?","?","E","R","E","T","M","M","M","?","M","R","B",null,"M","$","?","?","M","R"],"character_chosen":"IRONCLAD","items_purchased":["Bottled Flame","Blood Vial"],"gold_per_floor":[119,129,145,145,145,188,188,229,229,243,263,281,281,296,296,416,416,437,32,32,32,48,48],"floor_reached":24,"campfire_rested":1,"playtime":1453,"current_hp_per_floor":[79,80,77,77,70,53,80,32,32,34,36,39,31,37,37,14,80,75,75,75,75,86,86],"items_purged":[],"gold":48,"score":234,"play_id":"ebbfd4f5-8898-42d1-bfdf-881e5e0f63f3","local_time":"20180306121433","is_prod":false,"is_daily":false,"is_ascension_mode":false,"campfire_upgraded":2,"timestamp":1520334873,"path_taken":["M","M","M","?","?","E","R","E","T","M","M","M","?","M","R","BOSS","M","$","?","?","M","R","E"],"build_version":"2018-03-01-PROD1","purchased_purges":0,"victory":false,"master_deck":["Defend_R","Defend_R","Defend_R","Bash","Entrench","Disarm","Infernal Blade+1","Havoc","Offering+1","Pommel Strike","True Grit","Sever Soul","Dropkick","True Grit","Feed","Combust+1","Juggernaut+1","Pommel Strike+1","Thunderclap","Bite","Bite","Bite","Bite","Bite","Rampage"],"max_hp_per_floor":[80,80,80,80,80,80,80,80,80,80,80,80,80,80,80,80,80,83,83,83,83,86,86],"relics":["Burning Blood","Golden Idol","Regal Pillow","Bag of Marbles","Charon\u0027s Ashes","Astrolabe","Bottled Flame"],"card_choices":[{"not_picked":["Wild Strike","Anger"],"picked":"Entrench"},{"not_picked":["Power Through","Carnage"],"picked":"Disarm"},{"not_picked":["Anger","Corruption"],"picked":"Infernal Blade"},{"not_picked":["Body Slam","Warcry"],"picked":"Havoc"},{"not_picked":["Heavy Blade","Cleave"],"picked":"Offering"},{"not_picked":["Headbutt","Reckless Charge"],"picked":"Pommel Strike"},{"not_picked":["Flex","Shrug It Off"],"picked":"True Grit"},{"not_picked":["Feel No Pain","Combust"],"picked":"Sever Soul"},{"not_picked":["Uppercut","Disarm"],"picked":"Dropkick"},{"not_picked":["Clothesline","Twin Strike"],"picked":"True Grit"},{"not_picked":["Bludgeon","Berserk"],"picked":"Feed"},{"not_picked":["Carnage","Body Slam"],"picked":"Thunderclap"},{"not_picked":["Sword Boomerang","Warcry"],"picked":"Rampage"}],"player_experience":110090,"potions_floor_usage":[6,16,16,16,22,22],"damage_taken":[{"damage":7,"enemies":"2 Louse","floor":1,"turns":2},{"damage":0,"enemies":"Small Slimes","floor":2,"turns":4},{"damage":9,"enemies":"Jaw Worm","floor":3,"turns":2},{"damage":23,"enemies":"Gremlin Nob","floor":6,"turns":4},{"damage":54,"enemies":"Lagavulin","floor":8,"turns":7},{"damage":4,"enemies":"2 Fungi Beasts","floor":10,"turns":1},{"damage":4,"enemies":"Looter","floor":11,"turns":1},{"damage":9,"enemies":"Red Slaver","floor":12,"turns":3},{"damage":0,"enemies":"3 Louse","floor":14,"turns":2},{"damage":29,"enemies":"Slime Boss","floor":16,"turns":6},{"damage":14,"enemies":"Shell Parasite","floor":18,"turns":3},{"damage":0,"enemies":"3 Byrds","floor":22,"turns":2},{"damage":89,"enemies":"Slavers","floor":24,"turns":6}],"event_choices":[{"event_name":"Golden Idol","player_choice":"Take Wound","floor":4,"damage_taken":0},{"event_name":"Golden Wing","player_choice":"Card Removal","floor":5,"damage_taken":0},{"event_name":"Wheel of Change","player_choice":"Damage","floor":13,"damage_taken":0},{"event_name":"Vampires","player_choice":"Became a vampire (Vial)","floor":20,"damage_taken":0},{"event_name":"Addict","player_choice":"Ignored","floor":21,"damage_taken":0}],"boss_relics":[{"not_picked":["Runic Cube","Runic Pyramid"],"picked":"Astrolabe"}],"potions_floor_spawned":[3,6,8,14,16,18],"seed_played":"-6191484654089695469","killed_by":"Slavers","ascension_level":0,"is_trial":false}