{"gold_per_floor":[117,42,42,2,2,2,36,66,78,90,116,160,172,200,212,295,307,329,341,353,365,390,402,440,452,464,476,503,529,559,250,250,324,324,344,344,364,378,174,174,200,200,200,200,230,277,296,309,309,309,309,309,80,108,108],"floor_reached":56,"playtime":5249,"items_purged":["Strike_G","Strike_G","Finisher+1","Defend_G+1"],"score":2274,"play_id":"dcebf7e4-fdfe-440b-8449-a4bebc6cea84","local_time":"20190316164036","is_ascension_mode":true,"campfire_choices":[{"data":"Noxious Fumes","floor":6.0,"key":"SMITH"},{"data":"Well Laid Plans","floor":13.0,"key":"SMITH"},{"data":"Neutralize","floor":15.0,"key":"SMITH"},{"data":"Acrobatics","floor":23.0,"key":"SMITH"},{"data":"Flechettes","floor":25.0,"key":"SMITH"},{"data":"Backflip","floor":27.0,"key":"SMITH"},{"data":"Night Terror","floor":32.0,"key":"SMITH"},{"data":"Calculated Gamble","floor":42.0,"key":"SMITH"},{"data":"Reflex","floor":44.0,"key":"SMITH"},{"floor":49.0,"key":"RECALL"},{"floor":52,"key":"DIG"}],"neow_cost":"NONE","seed_source_timestamp":0,"circlet_count":0,"master_deck":["AscendersBane","Defend_G+1","Defend_G+1","Defend_G+1","Defend_G+1","Survivor+1","Neutralize+1","Footwork+1","Noxious Fumes+1","Well Laid Plans+1","Acrobatics+1","Adrenaline+1","Flechettes+1","Concentrate+1","Blur+1","Backflip+1","PiercingWail+1","Ghostly+1","Ghostly+1","Ghostly+1","Prepared+1","Night Terror+1","Reflex+1","Calculated Gamble+1","Tactician+1"],"special_seed":0,"relics":["Ring of the Snake","NeowsBlessing","FaceOfCleric","MawBank","Strawberry","Ninja Scroll","Paper Crane","Orrery","Pen Nib","Gremlin Horn","Lee\u0027s Waffle","Empty Cage","Mark of the Bloom","PreservedInsect","Darkstone Periapt","Shovel","Dodecahedron","Lantern"],"potions_floor_usage":[55,55],"damage_taken":[{"damage":0.0,"enemies":"Cultist","floor":1.0,"turns":1.0},{"damage":0.0,"enemies":"3 Sentries","floor":7.0,"turns":1.0},{"damage":0.0,"enemies":"Small Slimes","floor":8.0,"turns":1.0},{"damage":9.0,"enemies":"2 Louse","floor":11.0,"turns":5.0},{"damage":40.0,"enemies":"Gremlin Nob","floor":12.0,"turns":5.0},{"damage":2.0,"enemies":"2 Fungi Beasts","floor":14.0,"turns":4.0},{"damage":14.0,"enemies":"The Guardian","floor":16.0,"turns":12.0},{"damage":25.0,"enemies":"Shell Parasite","floor":18.0,"turns":9.0},{"damage":3.0,"enemies":"Colosseum Slavers","floor":20.0,"turns":7.0},{"damage":21.0,"enemies":"Chosen","floor":22.0,"turns":7.0},{"damage":12.0,"enemies":"3 Cultists","floor":28.0,"turns":7.0},{"damage":3.0,"enemies":"Snake Plant","floor":29.0,"turns":7.0},{"damage":0.0,"enemies":"Snecko","floor":30.0,"turns":2.0},{"damage":21.0,"enemies":"Collector","floor":33.0,"turns":13.0},{"damage":1.0,"enemies":"Orb Walker","floor":35.0,"turns":5.0},{"damage":0.0,"enemies":"3 Darklings","floor":37.0,"turns":5.0},{"damage":5.0,"enemies":"Maw","floor":38.0,"turns":10.0},{"damage":1.0,"enemies":"Giant Head","floor":41.0,"turns":11.0},{"damage":0.0,"enemies":"Nemesis","floor":45.0,"turns":7.0},{"damage":0.0,"enemies":"2 Orb Walkers","floor":46.0,"turns":9.0},{"damage":0.0,"enemies":"4 Shapes","floor":47.0,"turns":8.0},{"damage":0.0,"enemies":"3 Darklings","floor":48.0,"turns":5.0},{"damage":0,"enemies":"Time Eater","floor":50,"turns":19},{"damage":0,"enemies":"Shield and Spear","floor":54,"turns":9},{"damage":7,"enemies":"The Heart","floor":55,"turns":18}],"seed_played":"-1242179813310829076","potions_obtained":[{"floor":8.0,"key":"Regen Potion"},{"floor":11.0,"key":"Block Potion"},{"floor":14.0,"key":"Dexterity Potion"},{"floor":16.0,"key":"SpeedPotion"},{"floor":29.0,"key":"Energy Potion"},{"floor":37.0,"key":"SpeedPotion"},{"floor":47.0,"key":"Swift Potion"},{"floor":54,"key":"GhostInAJar"}],"is_trial":false,"path_per_floor":["M","$","?","$","?","R","E","M","T","T","M","E","R","M","R","B",null,"M","?","?","?","M","R","T","R","T","R","M","M","M","$","R","B",null,"M","?","M","M","$","?","E","R","T","R","E","?","M","M","R","B",null,"R","$","E","B",null],"character_chosen":"THE_SILENT","items_purchased":["Noxious Fumes","Lee\u0027s Waffle","Calculated Gamble","GhostInAJar"],"campfire_rested":0,"item_purchase_floors":[4,31,39,53],"current_hp_per_floor":[59,59,59,59,59,59,60,61,68,68,60,33,33,32,32,19,64,40,40,38,38,18,18,18,18,18,18,7,5,6,52,52,32,48,48,48,48,43,43,43,42,42,42,42,42,42,42,42,42,42,42,42,42,42,35],"gold":108,"neow_bonus":"THREE_ENEMY_KILL","is_prod":false,"is_daily":false,"chose_seed":false,"campfire_upgraded":9,"win_rate":0,"timestamp":1552722036,"path_taken":["M","$","?","?","?","R","E","M","T","?","M","E","R","M","R","BOSS","M","?","?","?","?","R","?","R","T","R","M","M","M","$","R","BOSS","M","?","M","M","$","?","E","R","T","R","E","?","M","M","R","BOSS","R","$","E","BOSS"],"build_version":"2019-01-23","purchased_purges":4,"victory":true,"max_hp_per_floor":[66,66,66,66,66,66,67,68,75,75,76,77,77,78,78,79,79,80,40,41,41,42,42,42,42,42,42,43,44,45,52,52,53,53,54,54,55,56,56,56,57,57,57,57,58,59,60,61,61,62,62,62,62,63,64],"card_choices":[{"not_picked":["Flying Knee","Slice"],"picked":"Footwork","floor":1.0},{"not_picked":["Sucker Punch","Outmaneuver"],"picked":"Well Laid Plans","floor":7.0},{"not_picked":["Flechettes","Riddle With Holes","Cloak And Dagger"],"picked":"SKIP","floor":8.0},{"not_picked":["Dodge and Roll","Expertise","Quick Slash"],"picked":"SKIP","floor":11.0},{"not_picked":["Setup","Dodge and Roll"],"picked":"Finisher","floor":12.0},{"not_picked":["Setup","Quick Slash"],"picked":"Acrobatics","floor":14.0},{"not_picked":["After Image","Night Terror"],"picked":"Adrenaline","floor":16.0},{"not_picked":["Dagger Spray","Quick Slash"],"picked":"Flechettes","floor":17.0},{"not_picked":["Catalyst","Bane"],"picked":"Concentrate","floor":17.0},{"not_picked":["Deadly Poison","Dash"],"picked":"Blur","floor":17.0},{"not_picked":["Unload","Slice"],"picked":"Backflip","floor":17.0},{"not_picked":["Slice","Quick Slash"],"picked":"PiercingWail","floor":17.0},{"not_picked":["Skewer","Quick Slash","Outmaneuver+1"],"picked":"SKIP","floor":18.0},{"not_picked":["Bouncing Flask+1","Cloak And Dagger"],"picked":"Prepared+1","floor":22.0},{"not_picked":["Outmaneuver","Eviscerate+1","PiercingWail"],"picked":"SKIP","floor":28.0},{"not_picked":["Prepared","Flying Knee"],"picked":"Night Terror","floor":29.0},{"not_picked":["Blur","Quick Slash","Eviscerate"],"picked":"SKIP","floor":30.0},{"not_picked":["Deflect","Expertise+1","PiercingWail"],"picked":"SKIP","floor":35.0},{"not_picked":["Infinite Blades","Expertise","Quick Slash+1"],"picked":"SKIP","floor":37.0},{"not_picked":["Infinite Blades","Expertise","Quick Slash+1"],"picked":"SKIP","floor":37.0},{"not_picked":["Backflip+1","Outmaneuver"],"picked":"Reflex","floor":38.0},{"not_picked":["Storm of Steel","A Thousand Cuts"],"picked":"Tactician+1","floor":41.0},{"not_picked":["Dodge and Roll","Underhanded Strike","Dagger Spray"],"picked":"SKIP","floor":45.0},{"not_picked":["Sucker Punch","Finisher","Slice+1"],"picked":"SKIP","floor":47.0},{"not_picked":["Backstab+1","Bane+1","Dagger Spray"],"picked":"SKIP","floor":48.0},{"not_picked":["Underhanded Strike+1","Die Die Die","Riddle With Holes+1"],"picked":"SKIP","floor":54}],"player_experience":115519,"relics_obtained":[{"floor":7.0,"key":"MawBank"},{"floor":9.0,"key":"Strawberry"},{"floor":10.0,"key":"Ninja Scroll"},{"floor":12.0,"key":"Paper Crane"},{"floor":24.0,"key":"Pen Nib"},{"floor":26.0,"key":"Gremlin Horn"},{"floor":41.0,"key":"PreservedInsect"},{"floor":45.0,"key":"Darkstone Periapt"},{"floor":46.0,"key":"Shovel"},{"floor":52,"key":"Dodecahedron"},{"floor":54,"key":"Lantern"}],"event_choices":[{"damage_healed":0.0,"max_hp_gain":0.0,"max_hp_loss":0.0,"gold_gain":0.0,"event_name":"FaceTrader","player_choice":"Trade","floor":3.0,"gold_loss":0.0,"damage_taken":0.0,"relics_obtained":["FaceOfCleric"]},{"damage_healed":0.0,"max_hp_gain":0.0,"max_hp_loss":0.0,"gold_gain":0.0,"event_name":"The Cleric","player_choice":"Leave","floor":5.0,"gold_loss":0.0,"damage_taken":0.0},{"damage_healed":0.0,"max_hp_gain":0.0,"max_hp_loss":40.0,"gold_gain":0.0,"event_name":"Ghosts","player_choice":"Became a Ghost","floor":19.0,"gold_loss":0.0,"damage_taken":0.0,"cards_obtained":["Ghostly","Ghostly","Ghostly"]},{"damage_healed":0.0,"max_hp_gain":0.0,"max_hp_loss":0.0,"gold_gain":0.0,"event_name":"Colosseum","player_choice":"Fight","floor":20.0,"gold_loss":0.0,"damage_taken":0.0},{"damage_healed":0.0,"max_hp_gain":0.0,"max_hp_loss":0.0,"gold_gain":0.0,"event_name":"Colosseum","player_choice":"Fled From Nobs","floor":20.0,"gold_loss":0.0,"damage_taken":0.0},{"damage_healed":0.0,"max_hp_gain":0.0,"max_hp_loss":0.0,"gold_gain":0.0,"event_name":"Accursed Blacksmith","player_choice":"Forge","floor":21.0,"gold_loss":0.0,"damage_taken":0.0,"cards_upgraded":["Concentrate"]},{"damage_healed":0.0,"max_hp_gain":0.0,"max_hp_loss":0.0,"gold_gain":0.0,"event_name":"MindBloom","player_choice":"Upgrade","floor":36.0,"gold_loss":0.0,"damage_taken":0.0,"cards_upgraded":["Defend_G","Defend_G","Defend_G","Defend_G","Defend_G","Strike_G","Survivor","Footwork","Finisher","Adrenaline","Blur","PiercingWail","Ghostly","Ghostly","Ghostly"],"relics_obtained":["Mark of the Bloom"]},{"cards_removed":["Strike_G"],"damage_healed":0.0,"max_hp_gain":0.0,"max_hp_loss":0.0,"gold_gain":0.0,"event_name":"Falling","player_choice":"Removed Attack","floor":40.0,"gold_loss":0.0,"damage_taken":0.0},{"damage_healed":0.0,"max_hp_gain":0.0,"max_hp_loss":0.0,"gold_gain":0.0,"event_name":"Mysterious Sphere","player_choice":"Fight","floor":46.0,"gold_loss":0.0,"damage_taken":0.0}],"is_beta":false,"boss_relics":[{"not_picked":["Fusion Hammer","White Beast Statue"],"picked":"Orrery"},{"not_picked":["Black Star","Ring of the Serpent"],"picked":"Empty Cage"}],"items_purged_floors":[2,31,39,53],"is_endless":false,"potions_floor_spawned":[8,11,14,16,20,29,30,37,45,47,48,54],"ascension_level":19}