{"gold_per_floor":[113,113,128,73,73,100,100,114,114,114,133,58,58,69,69,141,141,153,153,40,58,58,58,90,15,15,15],"floor_reached":27,"playtime":526,"items_purged":[],"score":508,"play_id":"054e2859-4826-4c1d-afef-f55e30c200ae","local_time":"20190301230436","is_ascension_mode":true,"campfire_choices":[{"data":"Zap","floor":7,"key":"SMITH"},{"data":"Coolheaded","floor":10,"key":"SMITH"},{"data":"Dualcast","floor":13,"key":"SMITH"},{"data":"Sunder","floor":15,"key":"SMITH"},{"floor":23,"key":"REST"}],"neow_cost":"NONE","seed_source_timestamp":113433250251125,"circlet_count":0,"master_deck":["AscendersBane","Defend_B","Defend_B","Defend_B","Zap+1","Dualcast+1","White Noise","Coolheaded+1","Conserve Battery","Glacier","Coolheaded","Sunder+1","Electrodynamics","Coolheaded+1","Leap+1","Recycle+1","Cold Snap","Hologram","Impatience","Turbo+1","Loop"],"relics":["Cracked Core","NeowsBlessing","Symbiotic Virus","Girya","Astrolabe","Bottled Tornado","Matryoshka"],"potions_floor_usage":[16,27,27],"damage_taken":[{"damage":0,"enemies":"2 Louse","floor":1,"turns":1},{"damage":0,"enemies":"Cultist","floor":3,"turns":1},{"damage":0,"enemies":"Gremlin Nob","floor":6,"turns":1},{"damage":1,"enemies":"Jaw Worm","floor":8,"turns":5},{"damage":12,"enemies":"Large Slime","floor":11,"turns":3},{"damage":3,"enemies":"3 Louse","floor":14,"turns":3},{"damage":17,"enemies":"Slime Boss","floor":16,"turns":6},{"damage":7,"enemies":"3 Byrds","floor":18,"turns":3},{"damage":34,"enemies":"Colosseum Slavers","floor":19,"turns":5},{"damage":14,"enemies":"2 Thieves","floor":21,"turns":4},{"damage":22,"enemies":"Book of Stabbing","floor":24,"turns":7},{"damage":4,"enemies":"Centurion and Healer","floor":27,"turns":1}],"seed_played":"8931358575619795937","potions_obtained":[{"floor":1,"key":"FocusPotion"},{"floor":5,"key":"Dexterity Potion"},{"floor":18,"key":"SpeedPotion"}],"is_trial":false,"path_per_floor":["M","?","M","$","?","E","R","M","T","R","M","?","R","M","R","B",null,"M","?","$","M","?","R","E","?","T","M"],"character_chosen":"DEFECT","items_purchased":["Conserve Battery","Hologram","Impatience"],"campfire_rested":1,"item_purchase_floors":[4,20,20],"current_hp_per_floor":[64,59,59,59,59,59,59,58,58,58,46,46,46,43,43,26,60,53,19,19,5,5,26,4,4,4,0],"gold":15,"neow_bonus":"THREE_ENEMY_KILL","is_prod":false,"is_daily":false,"chose_seed":false,"campfire_upgraded":4,"win_rate":0,"timestamp":1551452676,"path_taken":["M","?","M","$","?","E","R","M","T","R","?","?","R","M","R","BOSS","M","?","$","M","?","R","E","?","T","M"],"build_version":"2019-01-23","purchased_purges":0,"victory":false,"max_hp_per_floor":[71,71,71,71,71,71,71,71,71,71,71,71,71,71,71,71,71,71,71,71,71,71,71,71,71,71,71],"card_choices":[{"not_picked":["Redo","Reprogram"],"picked":"White Noise","floor":1},{"not_picked":["Beam Cell","Steam Power"],"picked":"Coolheaded","floor":3},{"not_picked":["Melter","Reinforced Body"],"picked":"Glacier","floor":6},{"not_picked":["Steam","Barrage"],"picked":"Coolheaded","floor":8},{"not_picked":["Meteor Strike","Scrape","Sweeping Beam"],"picked":"SKIP","floor":11},{"not_picked":["Rebound","FTL"],"picked":"Sunder","floor":14},{"not_picked":["Fission","Thunder Strike"],"picked":"Electrodynamics","floor":16},{"not_picked":["Lockon","Go for the Eyes"],"picked":"Cold Snap","floor":18},{"not_picked":["Rebound+1","Doom and Gloom"],"picked":"Turbo+1","floor":21},{"not_picked":["Conserve Battery","Coolheaded"],"picked":"Loop","floor":24}],"player_experience":1063330,"relics_obtained":[{"floor":6,"key":"Girya"},{"floor":24,"key":"Bottled Tornado"},{"floor":26,"key":"Matryoshka"}],"event_choices":[{"damage_healed":0,"gold_gain":0,"player_choice":"Success","damage_taken":5,"relics_obtained":["Symbiotic Virus"],"max_hp_gain":0,"max_hp_loss":0,"event_name":"Scrap Ooze","floor":2,"gold_loss":0},{"damage_healed":0,"gold_gain":0,"player_choice":"Got Potions","damage_taken":0,"max_hp_gain":0,"max_hp_loss":0,"event_name":"Lab","floor":5,"gold_loss":0},{"cards_removed":["Strike_B"],"damage_healed":0,"gold_gain":0,"player_choice":"Card Removal","damage_taken":0,"max_hp_gain":0,"max_hp_loss":0,"event_name":"The Cleric","floor":12,"gold_loss":75},{"damage_healed":0,"gold_gain":0,"player_choice":"Fight","damage_taken":0,"max_hp_gain":0,"max_hp_loss":0,"event_name":"Colosseum","floor":19,"gold_loss":0},{"damage_healed":0,"gold_gain":0,"player_choice":"Fled From Nobs","damage_taken":0,"max_hp_gain":0,"max_hp_loss":0,"event_name":"Colosseum","floor":19,"gold_loss":0},{"damage_healed":0,"gold_gain":0,"player_choice":"Ignored","damage_taken":0,"max_hp_gain":0,"max_hp_loss":0,"event_name":"The Mausoleum","floor":22,"gold_loss":0},{"cards_removed":["Defend_B"],"damage_healed":0,"gold_gain":0,"player_choice":"Gave Gold","damage_taken":0,"max_hp_gain":0,"max_hp_loss":0,"event_name":"Beggar","floor":25,"gold_loss":75}],"is_beta":false,"boss_relics":[{"not_picked":["Busted Crown","Inserter"],"picked":"Astrolabe"}],"items_purged_floors":[],"is_endless":false,"potions_floor_spawned":[1,6,8,18,19,21],"killed_by":"Centurion and Healer","ascension_level":20}