{"gold_per_floor":[115,135,152,169,18,48,48,48,48,48,63,74,74,102,102,205,205,216,216,229,229,229,229,240,240,240,240,270,287,137,150,150,248,248,260,260,260,283,294,322,342,375,375,375,391,408,408,408,408,408],"floor_reached":51,"playtime":3725,"items_purged":[],"score":712,"play_id":"704a9fbc-d303-4638-828c-29004e348962","local_time":"20180720153716","daily_mods":["Draft"],"is_ascension_mode":false,"campfire_choices":[{"data":"Darkness","floor":10,"key":"SMITH"},{"data":"Hologram","floor":13,"key":"SMITH"},{"data":"Machine Learning","floor":15,"key":"SMITH"},{"data":"Streamline","floor":23,"key":"SMITH"},{"data":"Conserve Battery","floor":25,"key":"SMITH"},{"data":"Creative AI","floor":32,"key":"SMITH"},{"data":"Defragment","floor":44,"key":"SMITH"},{"data":"Genetic Algorithm","floor":47,"key":"SMITH"},{"floor":49,"key":"REST"}],"neow_cost":"","seed_source_timestamp":0,"circlet_count":0,"master_deck":["Go for the Eyes+1","Barrage+1","Leap+1","Fusion+1","Ball Lightning+1","Fusion+1","Streamline+1","Self Repair+1","Turbo+1","Coolheaded+1","Genetic Algorithm+1","BootSequence+1","Darkness+1","Conserve Battery+1","Beam Cell+1","Genetic Algorithm+1","Glacier+1","Skim+1","Blizzard+1","Hologram+1","Machine Learning+1","Meteor Strike+1","Rebound+1","Writhe","Compile Driver+1","Loop+1","Creative AI+1","Madness+1","Madness+1","White Noise+1","Sweeping Beam+1","Amplify+1","Defragment+1","Capacitor+1"],"relics":["Cracked Core","War Paint","Oddly Smooth Stone","Bag of Marbles","Kunai","Philosopher\u0027s Stone","Anchor","Bird Faced Urn","Enchiridion","Meat on the Bone","Lantern","Nuclear Battery","Art of War","Shuriken","DataDisk","Centennial Puzzle","Mark of the Bloom"],"potions_floor_usage":[6,14,50],"damage_taken":[{"damage":0,"enemies":"Jaw Worm","floor":1,"turns":2},{"damage":7,"enemies":"Small Slimes","floor":2,"turns":4},{"damage":0,"enemies":"Cultist","floor":3,"turns":3},{"damage":0,"enemies":"Blue Slaver","floor":4,"turns":5},{"damage":20,"enemies":"Gremlin Nob","floor":6,"turns":5},{"damage":2,"enemies":"Exordium Wildlife","floor":11,"turns":4},{"damage":1,"enemies":"3 Louse","floor":12,"turns":3},{"damage":0,"enemies":"Lagavulin","floor":14,"turns":7},{"damage":41,"enemies":"Hexaghost","floor":16,"turns":11},{"damage":0,"enemies":"Chosen","floor":18,"turns":4},{"damage":6,"enemies":"Spheric Guardian","floor":20,"turns":4},{"damage":7,"enemies":"Centurion and Healer","floor":24,"turns":5},{"damage":5,"enemies":"Gremlin Leader","floor":28,"turns":6},{"damage":10,"enemies":"Snecko","floor":29,"turns":5},{"damage":16,"enemies":"3 Cultists","floor":31,"turns":5},{"damage":62,"enemies":"Automaton","floor":33,"turns":11},{"damage":0,"enemies":"3 Darklings","floor":35,"turns":7},{"damage":9,"enemies":"Flame Bruiser 1 Orb","floor":39,"turns":5},{"damage":34,"enemies":"Giant Head","floor":40,"turns":9},{"damage":0,"enemies":"Spire Growth","floor":41,"turns":5},{"damage":68,"enemies":"2 Orb Walkers","floor":42,"turns":6},{"damage":19,"enemies":"Sphere and 2 Shapes","floor":45,"turns":5},{"damage":0,"enemies":"Maw","floor":46,"turns":9},{"damage":18,"enemies":"Donu and Deca","floor":50,"turns":7}],"seed_played":"-2582661010053755849","potions_obtained":[{"floor":2,"key":"Strength Potion"},{"floor":4,"key":"EssenceOfSteel"},{"floor":11,"key":"Fire Potion"},{"floor":18,"key":"SteroidPotion"},{"floor":28,"key":"SmokeBomb"},{"floor":35,"key":"LiquidBronze"},{"floor":46,"key":"SkillPotion"}],"is_trial":true,"path_per_floor":["M","M","M","M","$","E","?","?","T","R","M","M","R","E","R","B",null,"M","?","M","?","?","R","M","R","T","?","E","M","$","M","R","B",null,"M","?","?","T","M","E","M","E","T","R","M","M","R","?","R","B"],"character_chosen":"DEFECT","items_purchased":["War Paint","Lantern"],"campfire_rested":1,"item_purchase_floors":[5,30],"current_hp_per_floor":[75,75,75,75,75,62,62,62,62,62,70,75,75,75,75,44,75,75,75,75,61,61,61,64,64,64,48,75,80,80,76,76,48,80,80,70,70,70,80,62,80,48,48,48,57,80,80,80,80,62],"gold":408,"neow_bonus":"","is_prod":false,"is_daily":false,"chose_seed":false,"campfire_upgraded":8,"win_rate":0,"timestamp":1532093836,"path_taken":["M","M","M","M","$","E","?","?","T","R","M","?","R","E","R","BOSS","M","?","M","?","?","R","?","R","T","?","E","M","$","M","R","BOSS","M","?","?","?","?","E","M","E","T","R","M","M","R","?","R","BOSS"],"build_version":"2018-07-19v2","purchased_purges":0,"victory":true,"max_hp_per_floor":[75,75,75,75,75,75,75,75,75,75,75,75,75,75,75,75,75,75,75,75,80,80,80,80,80,80,80,80,80,80,80,80,80,80,80,80,80,80,80,80,80,80,80,80,80,80,80,80,80,80],"card_choices":[{"not_picked":["Reprogram","Aggregate"],"picked":"Go for the Eyes","floor":0},{"not_picked":["Rebound","Heatsinks"],"picked":"Barrage","floor":0},{"not_picked":["Barrage","Hello World"],"picked":"Leap","floor":0},{"not_picked":["Rebound","Turbo"],"picked":"Fusion","floor":0},{"not_picked":["Rebound","Steam"],"picked":"Ball Lightning","floor":0},{"not_picked":["Sweeping Beam","Steam Power"],"picked":"Fusion","floor":0},{"not_picked":["Steam","Stack"],"picked":"Streamline","floor":0},{"not_picked":["Hologram","Conserve Battery"],"picked":"Self Repair","floor":0},{"not_picked":["Go for the Eyes","Gash"],"picked":"Turbo","floor":0},{"not_picked":["Turbo","Gash"],"picked":"Coolheaded","floor":0},{"not_picked":["Ball Lightning","Capacitor"],"picked":"Genetic Algorithm","floor":0},{"not_picked":["Ball Lightning","Rebound"],"picked":"BootSequence","floor":0},{"not_picked":["Go for the Eyes","Compile Driver"],"picked":"Darkness","floor":0},{"not_picked":["Leap","Ball Lightning"],"picked":"Conserve Battery","floor":0},{"not_picked":["Gash","Undo"],"picked":"Beam Cell","floor":0},{"not_picked":["Darkness","Conserve Battery"],"picked":"Genetic Algorithm","floor":1},{"not_picked":["Leap","Sunder"],"picked":"Glacier","floor":2},{"not_picked":["Steam Power","Leap","Conserve Battery"],"picked":"SKIP","floor":3},{"not_picked":["Recycle","Coolheaded","Streamline"],"picked":"SKIP","floor":4},{"not_picked":["Lockon","Turbo"],"picked":"Skim","floor":6},{"not_picked":["Rip and Tear","Coolheaded"],"picked":"Blizzard","floor":11},{"not_picked":["Melter","Ball Lightning"],"picked":"Hologram","floor":12},{"not_picked":["Reinforced Body","Lockon"],"picked":"Machine Learning","floor":14},{"not_picked":["Multi-Cast","Rainbow"],"picked":"Meteor Strike","floor":16},{"not_picked":["Sweeping Beam","Steam"],"picked":"Rebound","floor":18},{"not_picked":["Cold Snap+1","Barrage+1"],"picked":"Compile Driver","floor":20},{"not_picked":["FTL","Hologram"],"picked":"Loop+1","floor":24},{"not_picked":["Compile Driver","BootSequence","Glacier"],"picked":"SKIP","floor":28},{"not_picked":["Barrage+1","Blizzard"],"picked":"Reinforced Body","floor":29},{"not_picked":["Heatsinks+1","Rebound+1"],"picked":"Creative AI","floor":31},{"not_picked":["Stack","Compile Driver","Streamline+1"],"picked":"SKIP","floor":35},{"not_picked":["Undo+1","Melter+1"],"picked":"White Noise+1","floor":39},{"not_picked":["Steam Power","Lockon+1"],"picked":"Sweeping Beam+1","floor":40},{"not_picked":["Lockon+1","Melter+1"],"picked":"Amplify","floor":41},{"not_picked":["Conserve Battery+1","Hologram"],"picked":"Defragment","floor":42},{"not_picked":["Sweeping Beam","Hologram"],"picked":"Capacitor","floor":45},{"not_picked":["Go for the Eyes+1","Stack+1","Cold Snap"],"picked":"SKIP","floor":46}],"player_experience":339318,"relics_obtained":[{"floor":6,"key":"Oddly Smooth Stone"},{"floor":9,"key":"Bag of Marbles"},{"floor":14,"key":"Kunai"},{"floor":26,"key":"Bird Faced Urn"},{"floor":27,"key":"Enchiridion"},{"floor":28,"key":"Meat on the Bone"},{"floor":38,"key":"Art of War"},{"floor":40,"key":"Shuriken"},{"floor":42,"key":"DataDisk"},{"floor":43,"key":"Centennial Puzzle"}],"event_choices":[{"event_name":"Living Wall","player_choice":"Grow","floor":7,"damage_taken":0},{"event_name":"Accursed Blacksmith","player_choice":"Forge","floor":8,"damage_taken":0},{"event_name":"The Mausoleum","player_choice":"Yes","floor":19,"damage_taken":0},{"event_name":"Forgotten Altar","player_choice":"Shed Blood","floor":21,"damage_taken":0},{"event_name":"Beggar","player_choice":"Ignored","floor":22,"damage_taken":0},{"event_name":"Cursed Tome","player_choice":"Obtained Book","floor":27,"damage_taken":0},{"event_name":"Winding Halls","player_choice":"Embrace Madness","floor":36,"damage_taken":0},{"event_name":"Falling","player_choice":"Removed Skill","floor":37,"damage_taken":0},{"event_name":"MindBloom","player_choice":"Upgrade","floor":48,"damage_taken":0}],"is_beta":false,"boss_relics":[{"not_picked":["Sozu","Fusion Hammer"],"picked":"Philosopher\u0027s Stone"},{"not_picked":["Runic Pyramid","Velvet Choker"],"picked":"Nuclear Battery"}],"items_purged_floors":[],"is_endless":false,"potions_floor_spawned":[2,4,11,18,28,33,35,40,46],"ascension_level":0}