{"gold_per_floor":[109,109,26,26,49,92,104,157,245,300,325,118,139,157,157,157],"floor_reached":16,"playtime":373,"items_purged":["Strike_G"],"score":336,"play_id":"a4e2d75a-1e70-4fd8-8c5c-52439165b6fb","local_time":"20181225232754","is_ascension_mode":true,"campfire_choices":[{"data":"Flechettes","floor":7,"key":"SMITH"},{"data":"Well Laid Plans","floor":15,"key":"SMITH"}],"neow_cost":"NONE","seed_source_timestamp":48796610022605,"circlet_count":0,"master_deck":["AscendersBane","Defend_G","Defend_G","Defend_G","Defend_G","Defend_G","Strike_G","Strike_G","Strike_G","Strike_G","Survivor","Neutralize","Flechettes+1","Tactician","Well Laid Plans+1","Impatience","Concentrate"],"relics":["Ring of the Snake","NeowsBlessing","Golden Idol","MawBank","Lantern","Mango","Molten Egg 2","Smiling Mask"],"potions_floor_usage":[16],"damage_taken":[{"damage":0,"enemies":"2 Louse","floor":1,"turns":1},{"damage":0,"enemies":"Gremlin Nob","floor":6,"turns":1},{"damage":0,"enemies":"3 Sentries","floor":8,"turns":1},{"damage":52,"enemies":"Gremlin Nob","floor":10,"turns":5},{"damage":2,"enemies":"Jaw Worm","floor":11,"turns":4},{"damage":1,"enemies":"Cultist","floor":13,"turns":3},{"damage":21,"enemies":"Exordium Thugs","floor":14,"turns":6},{"damage":0,"enemies":"Hexaghost","floor":16,"turns":9}],"seed_played":"1039749113944288893","potions_obtained":[{"floor":6,"key":"Energy Potion"},{"floor":13,"key":"Regen Potion"}],"is_trial":false,"path_per_floor":["M","?","$","?","T","E","R","E","T","E","M","$","M","M","R","B"],"character_chosen":"THE_SILENT","items_purchased":["Flechettes","Well Laid Plans","Impatience"],"campfire_rested":0,"item_purchase_floors":[3,12,12],"current_hp_per_floor":[59,59,59,64,64,64,64,78,78,26,24,24,23,2,2,17],"gold":157,"neow_bonus":"THREE_ENEMY_KILL","is_prod":false,"is_daily":false,"chose_seed":false,"campfire_upgraded":2,"win_rate":0,"timestamp":1545751674,"path_taken":["M","?","$","?","?","E","R","E","T","E","?","$","M","M","R","BOSS"],"build_version":"2018-12-20","purchased_purges":1,"victory":false,"max_hp_per_floor":[66,60,60,65,65,65,65,79,79,79,79,79,79,79,79,79],"card_choices":[{"not_picked":["Dodge and Roll","Quick Slash","Blade Dance"],"picked":"SKIP","floor":1},{"not_picked":["Distraction","Setup","Bane"],"picked":"SKIP","floor":6},{"not_picked":["Corpse Explosion","Finisher","PiercingWail"],"picked":"SKIP","floor":8},{"not_picked":["Backstab+1","Expertise","Outmaneuver"],"picked":"SKIP","floor":10},{"not_picked":["Flying Knee+1","Sucker Punch+1"],"picked":"Tactician","floor":11},{"not_picked":["Deflect","Underhanded Strike+1","Dagger Throw+1"],"picked":"SKIP","floor":13},{"not_picked":["Outmaneuver","Expertise"],"picked":"Concentrate","floor":14}],"player_experience":1240157,"relics_obtained":[{"floor":5,"key":"MawBank"},{"floor":6,"key":"Lantern"},{"floor":8,"key":"Mango"},{"floor":9,"key":"Molten Egg 2"},{"floor":10,"key":"Smiling Mask"}],"event_choices":[{"damage_healed":0,"gold_gain":0,"player_choice":"Lose Max HP","damage_taken":0,"relics_obtained":["Golden Idol"],"max_hp_gain":0,"max_hp_loss":6,"event_name":"Golden Idol","floor":2,"gold_loss":0},{"damage_healed":0,"gold_gain":0,"player_choice":"Donut","damage_taken":0,"max_hp_gain":5,"max_hp_loss":0,"event_name":"Big Fish","floor":4,"gold_loss":0}],"is_beta":true,"boss_relics":[],"items_purged_floors":[12],"is_endless":false,"potions_floor_spawned":[6,13,14],"killed_by":"Hexaghost","ascension_level":20}