{"gold_per_floor":[109,109,129,10,24,49,5,31,31,31,64,64,64],"floor_reached":13,"playtime":312,"items_purged":["Defend_R"],"score":182,"play_id":"585b711d-50cd-42ab-8fe2-30af0ff7e1df","local_time":"20180924150112","is_ascension_mode":true,"campfire_choices":[{"floor":10,"key":"REST"},{"floor":12,"key":"REST"}],"neow_cost":"NONE","seed_source_timestamp":268239012345453,"circlet_count":0,"master_deck":["Strike_R","Strike_R","Strike_R","Strike_R","Strike_R","Defend_R","Defend_R","Defend_R","Bash+1","AscendersBane","Shrug It Off","Flex","Metallicize","Second Wind","Whirlwind","True Grit"],"special_seed":0,"relics":["Burning Blood","NeowsBlessing","Darkstone Periapt","Odd Mushroom","Art of War","PreservedInsect"],"potions_floor_usage":[6],"damage_taken":[{"damage":0.0,"enemies":"2 Louse","floor":1.0,"turns":1.0},{"damage":0.0,"enemies":"Cultist","floor":3.0,"turns":1.0},{"damage":0.0,"enemies":"Jaw Worm","floor":5.0,"turns":1.0},{"damage":26,"enemies":"Gremlin Nob","floor":6,"turns":4},{"damage":51,"enemies":"The Mushroom Lair","floor":8,"turns":6},{"damage":30,"enemies":"3 Sentries","floor":11,"turns":9},{"damage":19,"enemies":"Lagavulin","floor":13,"turns":5}],"seed_played":"3282142258927744855","potions_obtained":[{"floor":1.0,"key":"Poison Potion"},{"floor":6,"key":"Poison Potion"}],"is_trial":false,"path_per_floor":["M","?","M","$","M","E","$","?","T","R","E","R"],"character_chosen":"IRONCLAD","items_purchased":["Metallicize","Whirlwind"],"campfire_rested":2,"item_purchase_floors":[4,7],"current_hp_per_floor":[74,74,75,75,75,55,55,10,10,32,8,30,11],"gold":64,"neow_bonus":"THREE_ENEMY_KILL","is_prod":false,"is_daily":false,"chose_seed":false,"campfire_upgraded":0,"win_rate":0,"timestamp":1537772472,"path_taken":["M","?","?","$","M","E","$","?","T","R","E","R","E"],"build_version":"2018-09-20","purchased_purges":1,"victory":false,"max_hp_per_floor":[75,75,75,75,75,75,75,75,75,75,75,75,75],"card_choices":[{"not_picked":["Blood for Blood","Rage"],"picked":"Shrug It Off","floor":1.0},{"not_picked":["Carnage","Shockwave"],"picked":"Flex","floor":3.0},{"not_picked":["Havoc","Clothesline","Headbutt"],"picked":"SKIP","floor":5.0},{"not_picked":["Spot Weakness","Armaments"],"picked":"Second Wind","floor":6},{"not_picked":["Clash","Metallicize"],"picked":"True Grit","floor":11}],"player_experience":126943,"relics_obtained":[{"floor":6,"key":"Darkstone Periapt"},{"floor":8,"key":"Odd Mushroom"},{"floor":9,"key":"Art of War"},{"floor":11,"key":"PreservedInsect"}],"event_choices":[{"event_name":"Upgrade Shrine","player_choice":"Upgraded","floor":2.0,"damage_taken":0.0},{"event_name":"Mushrooms","player_choice":"Fought Mushrooms","floor":8,"damage_taken":0}],"is_beta":false,"boss_relics":[],"items_purged_floors":[4],"is_endless":false,"potions_floor_spawned":[1,6],"killed_by":"Lagavulin","ascension_level":20}