{"gold_per_floor":[118,43,43,43,43,43,72,84,84,84,99,174,174,246,246,317,317,317,242,252,269,184,184,184,196,196,223,223,4,4,18,18,89,89,102,113,113,113,129,164,164,176,202,230,230,259,71,83,83,83,83,83,83,27,58,58],"floor_reached":57,"playtime":2159,"items_purged":["Strike_G","Defend_G+1"],"score":3112,"play_id":"d06dfa89-712d-4e48-8e9a-98372e4c3c59","local_time":"20190428171815","is_ascension_mode":true,"campfire_choices":[{"data":"Noxious Fumes","floor":6.0,"key":"SMITH"},{"data":"Deadly Poison","floor":10.0,"key":"SMITH"},{"data":"Neutralize","floor":13.0,"key":"SMITH"},{"data":"Survivor","floor":15.0,"key":"SMITH"},{"floor":23.0,"key":"RECALL"},{"data":"Defend_G","floor":28.0,"key":"SMITH"},{"data":"Defend_G","floor":32.0,"key":"SMITH"},{"data":"Defend_G","floor":41.0,"key":"SMITH"},{"floor":49.0,"key":"REST"},{"floor":53.0,"key":"REST"}],"neow_cost":"NONE","seed_source_timestamp":16328868722500,"circlet_count":0,"master_deck":["AscendersBane","Defend_G+1","Defend_G+1","Defend_G+1","Defend_G+1","Survivor+1","Neutralize+1","Deadly Poison+1","Noxious Fumes+1","Expertise+1","Burst+1","Poisoned Stab+1","Catalyst+1","Venomology+1","Acrobatics+1","Venomology+1","Corpse Explosion+1","Prepared+1","Reflex+1","Backflip+1","Night Terror+1","Concentrate+1","Concentrate+1","Setup+1"],"special_seed":0,"relics":["Ring of the Snake","NeowsBlessing","Toxic Egg 2","Incense Burner","Mango","Astrolabe","War Paint","Nunchaku","Vajra","Pen Nib","Medical Kit","Nilry\u0027s Codex","Runic Pyramid","Anchor","Juzu Bracelet","Omamori","Gremlin Horn"],"potions_floor_usage":[55,55,56,56,56,56],"damage_taken":[{"damage":0.0,"enemies":"Jaw Worm","floor":1.0,"turns":1.0},{"damage":0.0,"enemies":"3 Sentries","floor":7.0,"turns":2.0},{"damage":0.0,"enemies":"2 Louse","floor":8.0,"turns":1.0},{"damage":0.0,"enemies":"Cultist","floor":11.0,"turns":3.0},{"damage":2.0,"enemies":"The Guardian","floor":16.0,"turns":10.0},{"damage":0.0,"enemies":"2 Thieves","floor":18.0,"turns":1.0},{"damage":2.0,"enemies":"Shell Parasite","floor":20.0,"turns":4.0},{"damage":2.0,"enemies":"Shelled Parasite and Fungi","floor":21.0,"turns":4.0},{"damage":0.0,"enemies":"Centurion and Healer","floor":25.0,"turns":6.0},{"damage":0.0,"enemies":"Gremlin Leader","floor":27.0,"turns":3.0},{"damage":6.0,"enemies":"3 Cultists","floor":31.0,"turns":6.0},{"damage":0.0,"enemies":"Champ","floor":33.0,"turns":5.0},{"damage":2.0,"enemies":"3 Darklings","floor":35.0,"turns":6.0},{"damage":0.0,"enemies":"3 Shapes","floor":36.0,"turns":4.0},{"damage":0.0,"enemies":"Writhing Mass","floor":39.0,"turns":5.0},{"damage":0.0,"enemies":"Giant Head","floor":40.0,"turns":4.0},{"damage":0.0,"enemies":"Transient","floor":42.0,"turns":3.0},{"damage":0.0,"enemies":"Reptomancer","floor":44.0,"turns":3.0},{"damage":0.0,"enemies":"Nemesis","floor":46.0,"turns":3.0},{"damage":0.0,"enemies":"3 Darklings","floor":48.0,"turns":3.0},{"damage":3.0,"enemies":"Donu and Deca","floor":50.0,"turns":6.0},{"damage":6.0,"enemies":"Awakened One","floor":51.0,"turns":11.0},{"damage":0,"enemies":"Shield and Spear","floor":55,"turns":3},{"damage":36,"enemies":"The Heart","floor":56,"turns":6}],"seed_played":"7996898752902866049","potions_obtained":[{"floor":1.0,"key":"SmokeBomb"},{"floor":11.0,"key":"GhostInAJar"},{"floor":21.0,"key":"Regen Potion"},{"floor":33.0,"key":"SpeedPotion"},{"floor":36.0,"key":"PowerPotion"},{"floor":44.0,"key":"Block Potion"}],"is_trial":false,"path_per_floor":["M","?","$","?","?","R","E","M","T","R","M","?","R","T","R","B",null,"M","$","M","M","?","R","T","M","T","E","R","$","?","M","R","B",null,"M","M","?","?","M","E","R","M","T","E","?","E","$","M","R","B","B",null,"R","$","E","B",null],"character_chosen":"THE_SILENT","items_purchased":["Medical Kit","Concentrate+1","PowerPotion"],"campfire_rested":2,"item_purchase_floors":[29,47,54],"current_hp_per_floor":[59,59,59,41,41,41,41,41,55,55,55,44,44,44,44,42,71,71,71,69,67,67,67,67,80,80,80,80,80,59,53,53,53,73,71,71,66,66,66,66,66,66,66,78,78,78,78,78,80,77,71,78,80,80,80,44],"gold":58,"neow_bonus":"THREE_ENEMY_KILL","is_prod":false,"is_daily":false,"chose_seed":false,"campfire_upgraded":7,"win_rate":0,"timestamp":1556443095,"path_taken":["M","?","$","?","?","R","E","M","T","R","?","?","R","?","R","BOSS","M","$","?","M","?","R","?","M","T","E","R","$","?","M","R","BOSS","M","M","?","?","M","E","R","M","T","E","?","E","$","M","R","BOSS","BOSS","R","$","E","BOSS"],"build_version":"2019-01-23","purchased_purges":2,"victory":true,"max_hp_per_floor":[66,66,66,66,66,66,66,66,80,80,80,80,80,80,80,80,80,80,80,80,80,80,80,80,80,80,80,80,80,80,80,80,80,80,80,80,80,80,80,80,80,80,80,80,80,80,80,80,80,80,80,80,80,80,80,80],"card_choices":[{"not_picked":["Flechettes","Dodge and Roll"],"picked":"Deadly Poison","floor":1.0},{"not_picked":["Sucker Punch","Terror+1","Dagger Throw"],"picked":"SKIP","floor":7.0},{"not_picked":["Outmaneuver+1","Bane"],"picked":"Expertise+1","floor":8.0},{"not_picked":["Deflect+1","Cloak And Dagger+1"],"picked":"Acrobatics+1","floor":11.0},{"not_picked":["Storm of Steel+1","Unload"],"picked":"Burst+1","floor":16.0},{"not_picked":["Underhanded Strike","Cloak And Dagger+1"],"picked":"Acrobatics+1","floor":20.0},{"not_picked":["Blade Dance+1","Predator","Masterful Stab"],"picked":"SKIP","floor":21.0},{"not_picked":["Acrobatics+1","Blade Dance+1","Sucker Punch"],"picked":"SKIP","floor":25.0},{"not_picked":["Bane+1","Dagger Spray"],"picked":"Venomology+1","floor":27.0},{"not_picked":["Deadly Poison+1","Masterful Stab","Eviscerate"],"picked":"SKIP","floor":31.0},{"not_picked":["Die Die Die","Doppelganger+1"],"picked":"Corpse Explosion+1","floor":33.0},{"not_picked":["Endless Agony","Slice","Dagger Throw"],"picked":"SKIP","floor":35.0},{"not_picked":["Eviscerate","Dodge and Roll+1"],"picked":"Prepared+1","floor":36.0},{"not_picked":["Trip+1","Mind Blast"],"picked":"Discovery+1","floor":37.0},{"not_picked":["Poisoned Stab","Blade Dance+1","Dagger Spray"],"picked":"SKIP","floor":39.0},{"not_picked":["PiercingWail+1","Prepared+1"],"picked":"Reflex+1","floor":40.0},{"not_picked":["Terror+1","Expertise+1"],"picked":"Backflip+1","floor":42.0},{"not_picked":["Crippling Poison+1","Dagger Spray"],"picked":"Night Terror+1","floor":44.0},{"not_picked":["Footwork","Prepared+1","Sucker Punch"],"picked":"SKIP","floor":46.0},{"not_picked":["PiercingWail+1","Deadly Poison+1"],"picked":"Concentrate+1","floor":48.0},{"not_picked":["Setup+1","Deadly Poison+1","Footwork"],"picked":"SKIP","floor":55},{"not_picked":["Deadly Poison+1","Footwork"],"picked":"Setup+1","floor":55}],"player_experience":4552241,"relics_obtained":[{"floor":7.0,"key":"Incense Burner"},{"floor":9.0,"key":"Mango"},{"floor":24.0,"key":"Nunchaku"},{"floor":26.0,"key":"Vajra"},{"floor":27.0,"key":"Pen Nib"},{"floor":30.0,"key":"Nilry\u0027s Codex"},{"floor":43.0,"key":"Anchor"},{"floor":44.0,"key":"Juzu Bracelet"},{"floor":46.0,"key":"Omamori"},{"floor":55,"key":"Gremlin Horn"}],"event_choices":[{"cards_removed":["Strike_G"],"damage_healed":0.0,"max_hp_gain":0.0,"max_hp_loss":0.0,"gold_gain":0.0,"event_name":"The Cleric","player_choice":"Card Removal","floor":2.0,"gold_loss":75.0,"damage_taken":0.0},{"damage_healed":0.0,"max_hp_gain":0.0,"max_hp_loss":0.0,"gold_gain":0.0,"event_name":"Scrap Ooze","player_choice":"Success","floor":4.0,"gold_loss":0.0,"damage_taken":18.0,"relics_obtained":["Toxic Egg 2"]},{"damage_healed":0.0,"max_hp_gain":0.0,"max_hp_loss":0.0,"gold_gain":0.0,"cards_transformed":["Strike_G"],"event_name":"Transmorgrifier","player_choice":"Transformed","floor":5.0,"gold_loss":0.0,"damage_taken":0.0,"cards_obtained":["Noxious Fumes"]},{"damage_healed":0.0,"max_hp_gain":0.0,"max_hp_loss":0.0,"gold_gain":75.0,"event_name":"World of Goop","player_choice":"Gather Gold","floor":12.0,"gold_loss":0.0,"damage_taken":11.0},{"damage_healed":0.0,"max_hp_gain":0.0,"max_hp_loss":0.0,"gold_gain":0.0,"event_name":"Addict","player_choice":"Obtained Relic","floor":22.0,"gold_loss":85.0,"damage_taken":0.0,"relics_obtained":["War Paint"]},{"damage_healed":0.0,"max_hp_gain":0.0,"max_hp_loss":0.0,"gold_gain":0.0,"event_name":"Cursed Tome","player_choice":"Obtained Book","floor":30.0,"gold_loss":0.0,"damage_taken":21.0},{"damage_healed":0.0,"max_hp_gain":0.0,"max_hp_loss":0.0,"gold_gain":0.0,"event_name":"SensoryStone","player_choice":"Memory 2","floor":37.0,"gold_loss":0.0,"damage_taken":5.0},{"cards_removed":["Discovery"],"damage_healed":0.0,"max_hp_gain":0.0,"max_hp_loss":0.0,"gold_gain":0.0,"event_name":"Falling","player_choice":"Removed Skill","floor":38.0,"gold_loss":0.0,"damage_taken":0.0},{"damage_healed":0.0,"max_hp_gain":0.0,"max_hp_loss":0.0,"gold_gain":0.0,"event_name":"Tomb of Lord Red Mask","player_choice":"Ignored","floor":45.0,"gold_loss":0.0,"damage_taken":0.0}],"is_beta":false,"boss_relics":[{"not_picked":["Cursed Key","Calling Bell"],"picked":"Astrolabe"},{"not_picked":["White Beast Statue","Sozu"],"picked":"Runic Pyramid"}],"items_purged_floors":[19,47],"is_endless":false,"potions_floor_spawned":[1,11,21,25,33,36,40,42,44],"ascension_level":20}