{"gold_per_floor":[110,110,123,140,42,42,71,71,152,22,22,34,51,75,75,180,180,195,195,185,185,185,204,217,217,217,217,36,66,66,91,91,194,194,208,208,17,34,34,34,34,49,74,74,91,102,102,402,402,402],"floor_reached":51,"playtime":2292,"items_purged":["Strike_B","Strike_B"],"score":858,"play_id":"b9ed28aa-256b-4d9b-8c83-6a4f11c61d9c","local_time":"20190617183343","is_ascension_mode":false,"campfire_choices":[{"data":"Loop","floor":6.0,"key":"SMITH"},{"data":"Dualcast","floor":8.0,"key":"SMITH"},{"data":"Recycle","floor":15.0,"key":"SMITH"},{"data":"Impatience","floor":25.0,"key":"SMITH"},{"data":"Biased Cognition","floor":27.0,"key":"SMITH"},{"data":"Coolheaded","floor":30.0,"key":"SMITH"},{"data":"Coolheaded","floor":32.0,"key":"SMITH"},{"data":"Coolheaded","floor":40.0,"key":"SMITH"},{"data":"Blizzard","floor":44.0,"key":"SMITH"},{"data":"Skim","floor":47,"key":"SMITH"},{"data":"Heatsinks","floor":49,"key":"SMITH"}],"neow_cost":"NONE","seed_source_timestamp":21552499555090,"circlet_count":0,"master_deck":["Strike_B","Strike_B","Defend_B","Defend_B","Defend_B","Defend_B","Zap+1","Dualcast+1","Loop+1","Blizzard+1","Genetic Algorithm","Recycle+1","Impatience+1","Coolheaded+1","Ball Lightning","Biased Cognition+1","Ball Lightning","Ghostly","Ghostly","Ghostly","Ghostly","Ghostly","Skim+1","Coolheaded+1","Electrodynamics","Heatsinks+1","Panacea","BootSequence+1","Coolheaded+1"],"special_seed":0,"relics":["FrozenCore","Ancient Tea Set","Pear","Anchor","PreservedInsect","Dream Catcher","Lantern","Busted Crown","Medical Kit","Omamori","Blood Vial"],"potions_floor_usage":[50],"damage_taken":[{"damage":1.0,"enemies":"Jaw Worm","floor":1.0,"turns":3.0},{"damage":1.0,"enemies":"Cultist","floor":3.0,"turns":3.0},{"damage":0.0,"enemies":"2 Louse","floor":4.0,"turns":2.0},{"damage":22.0,"enemies":"3 Sentries","floor":7.0,"turns":8.0},{"damage":21.0,"enemies":"Exordium Wildlife","floor":12.0,"turns":5.0},{"damage":4.0,"enemies":"Exordium Thugs","floor":13.0,"turns":6.0},{"damage":17.0,"enemies":"The Guardian","floor":16.0,"turns":10.0},{"damage":0.0,"enemies":"Chosen","floor":18.0,"turns":5.0},{"damage":6.0,"enemies":"2 Thieves","floor":20.0,"turns":5.0},{"damage":0.0,"enemies":"Cultist and Chosen","floor":23.0,"turns":8.0},{"damage":1.0,"enemies":"Snake Plant","floor":24.0,"turns":6.0},{"damage":0.0,"enemies":"Slavers","floor":29.0,"turns":4.0},{"damage":0.0,"enemies":"Book of Stabbing","floor":31.0,"turns":6.0},{"damage":0.0,"enemies":"Champ","floor":33.0,"turns":13.0},{"damage":0.0,"enemies":"3 Darklings","floor":35.0,"turns":6.0},{"damage":0.0,"enemies":"3 Shapes","floor":38.0,"turns":4.0},{"damage":0.0,"enemies":"3 Darklings","floor":42.0,"turns":4.0},{"damage":0.0,"enemies":"Maw","floor":45.0,"turns":9.0},{"damage":10,"enemies":"Writhing Mass","floor":46,"turns":5},{"damage":0,"enemies":"Donu and Deca","floor":50,"turns":7}],"seed_played":"5073391569990298486","potions_obtained":[{"floor":1.0,"key":"Weak Potion"},{"floor":2.0,"key":"Fruit Juice"},{"floor":2.0,"key":"Ancient Potion"},{"floor":2.0,"key":"PowerPotion"},{"floor":16.0,"key":"Fruit Juice"},{"floor":18.0,"key":"EssenceOfSteel"},{"floor":29.0,"key":"Weak Potion"}],"is_trial":false,"path_per_floor":["M","?","M","M","$","R","E","R","T","$","?","M","M","T","R","B",null,"M","?","M","?","?","M","M","R","T","R","$","E","R","E","R","B",null,"M","?","$","M","?","R","T","M","T","R","M","M","R","?","R","B",null],"character_chosen":"DEFECT","items_purchased":["Cold Snap","Recycle","Impatience","Panacea","Medical Kit"],"campfire_rested":0,"item_purchase_floors":[5,10,10,28,37],"current_hp_per_floor":[74,79,78,78,78,78,56,56,66,66,66,45,41,41,41,29,95,95,47,41,41,41,41,40,40,40,40,40,40,40,40,40,40,47,47,47,47,47,45,45,45,45,45,45,45,35,35,35,35,37],"gold":402,"neow_bonus":"UPGRADE_CARD","is_prod":false,"is_daily":false,"chose_seed":false,"campfire_upgraded":11,"win_rate":0,"timestamp":1560767623,"path_taken":["M","?","M","M","?","R","E","R","T","$","?","?","M","?","R","BOSS","M","?","M","?","?","M","M","R","T","R","$","E","R","E","R","BOSS","M","?","$","M","?","R","?","M","T","R","?","M","R","?","R","BOSS"],"build_version":"2019-01-23","purchased_purges":2,"victory":true,"max_hp_per_floor":[75,80,80,80,80,80,80,80,90,90,90,90,90,90,90,95,95,95,47,47,47,47,47,47,47,47,47,47,47,47,47,47,47,47,47,47,47,47,45,45,45,45,45,45,45,45,45,45,45,45],"card_choices":[{"not_picked":["Self Repair","Coolheaded"],"picked":"Loop","floor":1.0},{"not_picked":["Self Repair","Loop"],"picked":"Blizzard","floor":3.0},{"not_picked":["Aggregate","Barrage"],"picked":"Genetic Algorithm","floor":4.0},{"not_picked":["Hello World","Force Field","Aggregate"],"picked":"SKIP","floor":7.0},{"not_picked":["Barrage","Go for the Eyes"],"picked":"Coolheaded","floor":12.0},{"not_picked":["Hologram","Beam Cell"],"picked":"Ball Lightning","floor":13.0},{"not_picked":["Hyperbeam","Creative AI"],"picked":"Biased Cognition","floor":16.0},{"not_picked":["Conserve Battery","Rebound"],"picked":"Ball Lightning","floor":18.0},{"not_picked":["Hologram","Ball Lightning"],"picked":"Skim","floor":20.0},{"not_picked":["Reprogram","Hologram"],"picked":"Electrodynamics","floor":23.0},{"not_picked":["Cold Snap","Barrage"],"picked":"Heatsinks","floor":24.0},{"not_picked":["Cold Snap","Rebound+1"],"picked":"BootSequence+1","floor":29.0},{"not_picked":["Gash+1","Reinforced Body+1","Beam Cell"],"picked":"SKIP","floor":31.0},{"not_picked":["Sweeping Beam"],"picked":"SKIP","floor":35.0},{"not_picked":[],"picked":"Coolheaded","floor":38.0},{"not_picked":["Barrage"],"picked":"SKIP","floor":42.0},{"not_picked":["Force Field+1"],"picked":"SKIP","floor":45.0},{"not_picked":["Genetic Algorithm"],"picked":"SKIP","floor":46}],"player_experience":5356146,"relics_obtained":[{"floor":7.0,"key":"Ancient Tea Set"},{"floor":9.0,"key":"Pear"},{"floor":14.0,"key":"Anchor"},{"floor":26.0,"key":"PreservedInsect"},{"floor":29.0,"key":"Dream Catcher"},{"floor":31.0,"key":"Lantern"},{"floor":41.0,"key":"Omamori"},{"floor":43.0,"key":"Blood Vial"}],"event_choices":[{"damage_healed":0.0,"max_hp_gain":0.0,"max_hp_loss":0.0,"gold_gain":0.0,"event_name":"Lab","player_choice":"Got Potions","floor":2.0,"gold_loss":0.0,"damage_taken":0.0},{"damage_healed":0.0,"max_hp_gain":0.0,"max_hp_loss":0.0,"gold_gain":0.0,"event_name":"The Cleric","player_choice":"Leave","floor":11.0,"gold_loss":0.0,"damage_taken":0.0},{"damage_healed":0.0,"max_hp_gain":0.0,"max_hp_loss":48.0,"gold_gain":0.0,"event_name":"Ghosts","player_choice":"Became a Ghost","floor":19.0,"gold_loss":0.0,"damage_taken":0.0,"cards_obtained":["Ghostly","Ghostly","Ghostly","Ghostly","Ghostly"]},{"damage_healed":0.0,"max_hp_gain":0.0,"max_hp_loss":0.0,"gold_gain":0.0,"event_name":"Cursed Tome","player_choice":"Ignored","floor":21.0,"gold_loss":0.0,"damage_taken":0.0},{"damage_healed":0.0,"max_hp_gain":0.0,"max_hp_loss":0.0,"gold_gain":0.0,"event_name":"The Library","player_choice":"Read","floor":22.0,"gold_loss":0.0,"damage_taken":0.0,"cards_obtained":["Coolheaded"]},{"cards_removed":["Cold Snap"],"damage_healed":0.0,"max_hp_gain":0.0,"max_hp_loss":0.0,"gold_gain":0.0,"event_name":"Falling","player_choice":"Removed Attack","floor":36.0,"gold_loss":0.0,"damage_taken":0.0},{"damage_healed":0.0,"max_hp_gain":0.0,"max_hp_loss":2.0,"gold_gain":0.0,"event_name":"Winding Halls","player_choice":"Max HP","floor":39.0,"gold_loss":0.0,"damage_taken":0.0},{"damage_healed":0,"gold_gain":300,"player_choice":"Gold","damage_taken":0,"max_hp_gain":0,"max_hp_loss":0,"event_name":"Wheel of Change","floor":48,"gold_loss":0}],"is_beta":false,"boss_relics":[{"not_picked":["Velvet Choker","Lizard Tail"],"picked":"FrozenCore"},{"not_picked":["Tiny House","Inserter"],"picked":"Busted Crown"}],"items_purged_floors":[5,28],"is_endless":false,"potions_floor_spawned":[1,7,16,18,20,29,31,38],"ascension_level":0}