{"gold_per_floor":[112,112,187,205,205,205,232,232,232,247,260,270,282,292,292,364,364,374,16,36,36,49,49,49,69,69,69,17,42,42,73,73,150,150,164,178,198,198],"floor_reached":38,"playtime":1796,"items_purged":["Regret"],"score":1086,"play_id":"944f9018-6e99-4830-a024-4cb188fa6721","local_time":"20190214004304","is_ascension_mode":true,"campfire_choices":[{"data":"Neutralize","floor":6.0,"key":"SMITH"},{"data":"Dash","floor":8.0,"key":"SMITH"},{"data":"Catalyst","floor":15.0,"key":"SMITH"},{"data":"Deadly Poison","floor":23.0,"key":"SMITH"},{"data":"Catalyst","floor":27.0,"key":"SMITH"},{"floor":30.0,"key":"RECALL"},{"floor":32.0,"key":"REST"}],"neow_cost":"NONE","seed_source_timestamp":58095121308056,"circlet_count":0,"master_deck":["AscendersBane","Defend_G","Defend_G","Defend_G","Defend_G","Defend_G","Strike_G+1","Strike_G+1","Survivor","Neutralize+1","Well Laid Plans+1","Dash+1","Catalyst+1","Deadly Poison+1","Catalyst+1","After Image","Slice+1","Night Terror+1","Backflip+1","Blur+1"],"special_seed":0,"relics":["Ring of the Snake","NeowsBlessing","Omamori","Singing Bowl","Matryoshka","Astrolabe","Toxic Egg 2","Regal Pillow","Whetstone","Happy Flower","Sozu"],"potions_floor_usage":[],"damage_taken":[{"damage":0.0,"enemies":"Small Slimes","floor":1.0,"turns":1.0},{"damage":0.0,"enemies":"2 Louse","floor":4.0,"turns":1.0},{"damage":0.0,"enemies":"3 Sentries","floor":7.0,"turns":1.0},{"damage":5.0,"enemies":"Jaw Worm","floor":10.0,"turns":4.0},{"damage":8.0,"enemies":"Lots of Slimes","floor":11.0,"turns":7.0},{"damage":0.0,"enemies":"Looter","floor":12.0,"turns":3.0},{"damage":13.0,"enemies":"Large Slime","floor":13.0,"turns":8.0},{"damage":0.0,"enemies":"Lots of Slimes","floor":14.0,"turns":4.0},{"damage":0.0,"enemies":"Hexaghost","floor":16.0,"turns":7.0},{"damage":0.0,"enemies":"3 Byrds","floor":18.0,"turns":3.0},{"damage":0.0,"enemies":"Chosen","floor":20.0,"turns":6.0},{"damage":13.0,"enemies":"3 Cultists","floor":22.0,"turns":6.0},{"damage":14.0,"enemies":"Snake Plant","floor":25.0,"turns":4.0},{"damage":30.0,"enemies":"Gremlin Leader","floor":29.0,"turns":6.0},{"damage":42.0,"enemies":"Book of Stabbing","floor":31.0,"turns":6.0},{"damage":29.0,"enemies":"Collector","floor":33.0,"turns":4.0},{"damage":9.0,"enemies":"3 Shapes","floor":35.0,"turns":6.0},{"damage":0,"enemies":"Orb Walker","floor":36,"turns":5},{"damage":12,"enemies":"Sphere and 2 Shapes","floor":37,"turns":11},{"damage":60,"enemies":"Jaw Worm Horde","floor":38,"turns":8}],"seed_played":"4019182940960136708","potions_obtained":[{"floor":1.0,"key":"Poison Potion"},{"floor":4.0,"key":"GamblersBrew"},{"floor":14.0,"key":"Fire Potion"},{"floor":16.0,"key":"Swift Potion"},{"floor":18.0,"key":"Dexterity Potion"},{"floor":25.0,"key":"Ancient Potion"},{"floor":29.0,"key":"Dexterity Potion"}],"is_trial":false,"path_per_floor":["M","?","?","M","?","R","E","R","T","M","M","M","M","M","R","B",null,"M","$","M","?","M","R","?","M","T","R","$","E","R","E","R","B",null,"M","M","M","M"],"character_chosen":"THE_SILENT","items_purchased":["Toxic Egg 2","Backflip+1"],"campfire_rested":1,"item_purchase_floors":[19,28],"current_hp_per_floor":[59,59,48,48,28,28,28,28,28,25,19,21,8,8,8,8,56,58,58,60,60,49,49,88,76,76,76,76,48,48,8,51,24,78,69,71,61,1],"gold":198,"neow_bonus":"THREE_ENEMY_KILL","is_prod":false,"is_daily":false,"chose_seed":false,"campfire_upgraded":5,"win_rate":0,"timestamp":1550076184,"path_taken":["M","?","?","M","?","R","E","R","T","M","M","M","?","?","R","BOSS","M","$","M","?","M","R","?","?","T","R","?","E","R","E","R","BOSS","M","M","M","?"],"build_version":"2019-01-23","purchased_purges":1,"victory":false,"max_hp_per_floor":[66,66,66,66,66,66,66,66,66,68,70,72,72,72,72,72,72,74,74,76,76,78,78,88,90,90,90,90,92,92,94,94,96,96,96,98,100,100],"card_choices":[{"not_picked":["Distraction","Bane"],"picked":"Well Laid Plans","floor":1.0},{"not_picked":["PiercingWail","Riddle With Holes"],"picked":"Dash","floor":4.0},{"not_picked":["Flechettes","Burst"],"picked":"Catalyst","floor":7.0},{"not_picked":["Underhanded Strike","Sucker Punch","Crippling Poison"],"picked":"Singing Bowl","floor":10.0},{"not_picked":["Outmaneuver","Underhanded Strike","Setup"],"picked":"Singing Bowl","floor":11.0},{"not_picked":["Dodge and Roll","Dagger Throw","Quick Slash"],"picked":"Singing Bowl","floor":12.0},{"not_picked":["Sucker Punch","Cloak And Dagger"],"picked":"Deadly Poison","floor":13.0},{"not_picked":["Flechettes","Slice"],"picked":"Catalyst","floor":14.0},{"not_picked":["Unload","Phantasmal Killer"],"picked":"After Image","floor":16.0},{"not_picked":["Poisoned Stab","Cloak And Dagger","Deadly Poison"],"picked":"Singing Bowl","floor":18.0},{"not_picked":["Acrobatics+1","Poisoned Stab+1","Deadly Poison+1"],"picked":"Singing Bowl","floor":20.0},{"not_picked":["Dash+1","Prepared+1","Dodge and Roll+1"],"picked":"Singing Bowl","floor":22.0},{"not_picked":["Slice","Deadly Poison+1","Dagger Throw"],"picked":"Singing Bowl","floor":25.0},{"not_picked":["Reflex+1","A Thousand Cuts","Dash"],"picked":"Singing Bowl","floor":29.0},{"not_picked":["Dagger Spray","Unload","Blade Dance+1"],"picked":"Singing Bowl","floor":31.0},{"not_picked":["Tools of the Trade","Unload","Die Die Die"],"picked":"Singing Bowl","floor":33.0},{"not_picked":["PiercingWail+1","Concentrate+1"],"picked":"Blur+1","floor":35.0},{"not_picked":["Backstab","Flying Knee","Dodge and Roll+1"],"picked":"Singing Bowl","floor":36},{"not_picked":["Riddle With Holes","Underhanded Strike+1","Backstab"],"picked":"Singing Bowl","floor":37}],"player_experience":2704247,"relics_obtained":[{"floor":7.0,"key":"Singing Bowl"},{"floor":9.0,"key":"Matryoshka"},{"floor":26.0,"key":"Regal Pillow"},{"floor":29.0,"key":"Whetstone"},{"floor":31.0,"key":"Happy Flower"}],"event_choices":[{"damage_healed":0.0,"max_hp_gain":0.0,"max_hp_loss":0.0,"gold_gain":0.0,"event_name":"Big Fish","player_choice":"Box","floor":2.0,"gold_loss":0.0,"damage_taken":0.0,"relics_obtained":["Omamori"],"cards_obtained":["Regret"]},{"damage_healed":0.0,"max_hp_gain":0.0,"max_hp_loss":0.0,"gold_gain":75.0,"event_name":"World of Goop","player_choice":"Gather Gold","floor":3.0,"gold_loss":0.0,"damage_taken":11.0},{"damage_healed":0.0,"max_hp_gain":0.0,"max_hp_loss":0.0,"gold_gain":0.0,"event_name":"Shining Light","player_choice":"Entered Light","floor":5.0,"gold_loss":0.0,"damage_taken":20.0,"cards_upgraded":["Strike_G","Well Laid Plans"]},{"damage_healed":0.0,"max_hp_gain":0.0,"max_hp_loss":0.0,"gold_gain":0.0,"event_name":"Forgotten Altar","player_choice":"Smashed Altar","floor":21.0,"gold_loss":0.0,"damage_taken":0.0,"cards_obtained":["Decay"]},{"cards_removed":["A Thousand Cuts"],"damage_healed":29.0,"max_hp_gain":10.0,"max_hp_loss":0.0,"gold_gain":0.0,"event_name":"Bonfire Elementals","player_choice":"Offered Rare","floor":24.0,"gold_loss":0.0,"damage_taken":0.0}],"is_beta":false,"boss_relics":[{"not_picked":["Fusion Hammer","Eternal Feather"],"picked":"Astrolabe"},{"not_picked":["Empty Cage","WristBlade"],"picked":"Sozu"}],"items_purged_floors":[19],"is_endless":false,"potions_floor_spawned":[1,4,13,14,16,18,25,29,35,36],"killed_by":"Jaw Worm Horde","ascension_level":20}