{"gold_per_floor":[12,28,40,57,22,22,22,22,49,49,65,95,19,19,19,19],"floor_reached":16,"playtime":324,"items_purged":[],"score":200,"play_id":"46c7e350-9cfa-42ee-aeed-05175f0bdbea","local_time":"20190110144203","is_ascension_mode":true,"campfire_choices":[{"data":"Noxious Fumes","floor":6,"key":"SMITH"},{"data":"Deadly Poison","floor":8,"key":"SMITH"},{"data":"Neutralize","floor":10,"key":"SMITH"},{"data":"Noxious Fumes","floor":15,"key":"SMITH"}],"neow_cost":"NO_GOLD","seed_source_timestamp":10182867499636,"circlet_count":0,"master_deck":["AscendersBane","Defend_G","Defend_G","Defend_G","Defend_G","Strike_G","Strike_G","Strike_G","Survivor","Neutralize+1","Deadly Poison+1","Noxious Fumes+1","Noxious Fumes+1"],"relics":["Ring of the Snake","Centennial Puzzle","Orichalcum"],"potions_floor_usage":[16],"damage_taken":[{"damage":0,"enemies":"2 Louse","floor":1,"turns":4},{"damage":4,"enemies":"Cultist","floor":2,"turns":5},{"damage":2,"enemies":"Small Slimes","floor":3,"turns":6},{"damage":1,"enemies":"Looter","floor":4,"turns":4},{"damage":5,"enemies":"2 Fungi Beasts","floor":11,"turns":3},{"damage":27,"enemies":"Gremlin Nob","floor":12,"turns":4},{"damage":34,"enemies":"Slime Boss","floor":16,"turns":6}],"seed_played":"1665204967134001287","potions_obtained":[{"floor":2,"key":"LiquidBronze"},{"floor":11,"key":"EssenceOfSteel"}],"is_trial":false,"path_per_floor":["M","M","M","M","?","R","$","R","T","R","M","E","$","?","R","B"],"character_chosen":"THE_SILENT","items_purchased":["Noxious Fumes"],"campfire_rested":0,"item_purchase_floors":[13],"current_hp_per_floor":[59,55,53,52,66,66,66,66,66,66,61,34,34,34,34,0],"gold":19,"neow_bonus":"REMOVE_TWO","is_prod":false,"is_daily":false,"chose_seed":false,"campfire_upgraded":4,"win_rate":0,"timestamp":1547102523,"path_taken":["M","M","M","M","?","R","$","R","T","R","M","E","$","?","R","BOSS"],"build_version":"2019-01-03v4","purchased_purges":0,"victory":false,"max_hp_per_floor":[66,66,66,66,66,66,66,66,66,66,66,66,66,66,66,66],"card_choices":[{"not_picked":["Dagger Spray","Bane","Underhanded Strike"],"picked":"SKIP","floor":1},{"not_picked":["Prepared","Underhanded Strike","Quick Slash"],"picked":"SKIP","floor":2},{"not_picked":["Quick Slash","Leg Sweep"],"picked":"Deadly Poison","floor":3},{"not_picked":["Prepared","Cloak And Dagger"],"picked":"Noxious Fumes","floor":4},{"not_picked":["Flying Knee","All Out Attack","Underhanded Strike"],"picked":"SKIP","floor":11},{"not_picked":["Outmaneuver","Heel Hook","Expertise"],"picked":"SKIP","floor":12}],"player_experience":1907969,"relics_obtained":[{"floor":9,"key":"Centennial Puzzle"},{"floor":12,"key":"Orichalcum"}],"event_choices":[{"damage_healed":16,"gold_gain":0,"player_choice":"Healed","damage_taken":0,"max_hp_gain":0,"max_hp_loss":0,"event_name":"The Cleric","floor":5,"gold_loss":35},{"cards_removed":["Strike_G"],"damage_healed":0,"gold_gain":0,"player_choice":"Offered Basic","damage_taken":0,"max_hp_gain":0,"max_hp_loss":0,"event_name":"Bonfire Elementals","floor":14,"gold_loss":0}],"is_beta":false,"boss_relics":[],"items_purged_floors":[],"is_endless":false,"potions_floor_spawned":[2,11,12],"killed_by":"Slime Boss","ascension_level":20}