{"gold_per_floor":[114,124,124,274,349,349,383,403,403,175,194,194,218,238,238,238],"floor_reached":16,"playtime":418,"items_purged":["Doubt"],"score":222,"play_id":"0fe5961b-d27d-4e01-8fc2-b69c1e5d1ea3","local_time":"20190221122500","is_ascension_mode":true,"campfire_choices":[{"data":"Neutralize","floor":6,"key":"SMITH"},{"floor":15,"key":"RECALL"}],"neow_cost":"NONE","seed_source_timestamp":982937238355,"circlet_count":0,"master_deck":["AscendersBane","Defend_G","Defend_G","Defend_G","Defend_G","Defend_G","Strike_G","Strike_G","Strike_G","Strike_G","Strike_G","Survivor","Neutralize+1","Backflip","Backflip","After Image","Malaise","Predator"],"relics":["Ring of the Snake","NeowsBlessing","Golden Idol","Matryoshka","Bag of Preparation","Question Card"],"potions_floor_usage":[13],"damage_taken":[{"damage":0,"enemies":"Jaw Worm","floor":1,"turns":1},{"damage":0,"enemies":"2 Louse","floor":2,"turns":1},{"damage":0,"enemies":"Gremlin Nob","floor":7,"turns":1},{"damage":2,"enemies":"Cultist","floor":8,"turns":6},{"damage":1,"enemies":"Blue Slaver","floor":11,"turns":6},{"damage":1,"enemies":"Looter","floor":13,"turns":4},{"damage":3,"enemies":"2 Fungi Beasts","floor":14,"turns":4},{"damage":0,"enemies":"Slime Boss","floor":16,"turns":1}],"seed_played":"3395419785379291683","potions_obtained":[{"floor":1,"key":"SmokeBomb"},{"floor":8,"key":"FearPotion"},{"floor":13,"key":"Fire Potion"}],"is_trial":false,"path_per_floor":["M","M","?","?","?","R","E","M","T","$","M","?","M","M","R","B"],"character_chosen":"THE_SILENT","items_purchased":["After Image"],"campfire_rested":0,"item_purchase_floors":[10],"current_hp_per_floor":[59,59,59,59,48,48,48,46,46,46,45,60,59,56,56,56],"gold":238,"neow_bonus":"THREE_ENEMY_KILL","is_prod":false,"is_daily":false,"chose_seed":false,"campfire_upgraded":1,"win_rate":0,"timestamp":1550723100,"path_taken":["M","M","?","?","?","R","E","M","T","$","?","?","?","M","R","BOSS"],"build_version":"2019-01-23","purchased_purges":1,"victory":false,"max_hp_per_floor":[66,66,60,60,60,60,60,60,60,60,60,60,60,60,60,60],"card_choices":[{"not_picked":["Skewer","Underhanded Strike"],"picked":"Backflip","floor":1},{"not_picked":["Acrobatics","Skewer"],"picked":"Backflip","floor":2},{"not_picked":["Terror","Dash","Choke"],"picked":"SKIP","floor":7},{"not_picked":["Blade Dance","PiercingWail","Underhanded Strike"],"picked":"SKIP","floor":8},{"not_picked":["Blade Dance","Bane","Deflect"],"picked":"Malaise","floor":11},{"not_picked":["Backstab","Prepared","Flechettes"],"picked":"Predator","floor":13},{"not_picked":["Outmaneuver","Backflip","Prepared","Acrobatics"],"picked":"SKIP","floor":14}],"player_experience":3002635,"relics_obtained":[{"floor":7,"key":"Matryoshka"},{"floor":9,"key":"Bag of Preparation"},{"floor":9,"key":"Question Card"}],"event_choices":[{"damage_healed":0,"gold_gain":0,"player_choice":"Lose Max HP","damage_taken":0,"relics_obtained":["Golden Idol"],"max_hp_gain":0,"max_hp_loss":6,"event_name":"Golden Idol","floor":3,"gold_loss":0},{"damage_healed":0,"gold_gain":150,"player_choice":"AGREE","damage_taken":0,"max_hp_gain":0,"max_hp_loss":0,"event_name":"Liars Game","floor":4,"gold_loss":0,"cards_obtained":["Doubt"]},{"damage_healed":0,"gold_gain":75,"player_choice":"Gather Gold","damage_taken":11,"max_hp_gain":0,"max_hp_loss":0,"event_name":"World of Goop","floor":5,"gold_loss":0},{"damage_healed":15,"gold_gain":0,"player_choice":"Full Heal","damage_taken":0,"max_hp_gain":0,"max_hp_loss":0,"event_name":"Wheel of Change","floor":12,"gold_loss":0}],"is_beta":false,"boss_relics":[],"items_purged_floors":[10],"is_endless":false,"potions_floor_spawned":[1,8,13,14],"killed_by":"Slime Boss","ascension_level":15}