{"gold_per_floor":[118,193,193,9,30,30,5,24,24,24,63,63,63,79,79,79],"floor_reached":16,"playtime":402,"items_purged":["Strike_R"],"score":181,"play_id":"e5ed0102-d7e5-4e03-af4b-087d21ce977d","local_time":"20180923155329","is_ascension_mode":true,"campfire_choices":[{"data":"Feed","floor":6.0,"key":"SMITH"},{"data":"Discovery","floor":13,"key":"SMITH"},{"data":"Inflame","floor":15,"key":"SMITH"}],"neow_cost":"TEN_PERCENT_HP_LOSS","seed_source_timestamp":184900682000940,"circlet_count":0,"master_deck":["Strike_R","Strike_R","Strike_R","Strike_R","Defend_R","Defend_R","Defend_R","Defend_R","Bash","AscendersBane","Feed+1","Warcry","Discovery+1","Dual Wield","Headbutt","Cleave","Inflame+1"],"special_seed":0,"relics":["Burning Blood","Golden Idol","Boot","Dodecahedron"],"potions_floor_usage":[14,16],"damage_taken":[{"damage":11.0,"enemies":"Small Slimes","floor":1.0,"turns":5.0},{"damage":0.0,"enemies":"2 Louse","floor":5.0,"turns":2.0},{"damage":7.0,"enemies":"Jaw Worm","floor":8.0,"turns":3.0},{"damage":58,"enemies":"Lagavulin","floor":11,"turns":8},{"damage":0,"enemies":"Exordium Wildlife","floor":14,"turns":2},{"damage":29,"enemies":"Hexaghost","floor":16,"turns":8}],"seed_played":"5283796728949192697","potions_obtained":[{"floor":11,"key":"Swift Potion"},{"floor":14,"key":"SpeedPotion"}],"is_trial":false,"path_per_floor":["M","?","?","$","M","R","$","M","T","$","E","?","R","M","R"],"character_chosen":"IRONCLAD","items_purchased":["Discovery","Headbutt"],"campfire_rested":0,"item_purchase_floors":[4,7],"current_hp_per_floor":[66,55,55,55,64,64,64,67,67,67,15,15,15,25,25,0],"gold":79,"neow_bonus":"THREE_RARE_CARDS","is_prod":false,"is_daily":false,"chose_seed":false,"campfire_upgraded":3,"win_rate":0,"timestamp":1537689209,"path_taken":["M","?","?","?","M","R","$","?","T","?","E","?","R","M","R","BOSS"],"build_version":"2018-09-20","purchased_purges":1,"victory":false,"max_hp_per_floor":[71,71,64,64,67,67,67,71,71,71,71,71,71,75,75,75],"card_choices":[{"not_picked":["Limit Break","Berserk"],"picked":"Feed","floor":0.0},{"not_picked":["Heavy Blade","Havoc"],"picked":"Warcry","floor":1.0},{"not_picked":["Twin Strike","Fiend Fire"],"picked":"Dual Wield","floor":5.0},{"not_picked":["Sword Boomerang","Rampage"],"picked":"Cleave","floor":8.0},{"not_picked":["Searing Blow","Second Wind","Rage"],"picked":"SKIP","floor":11},{"not_picked":["Pommel Strike","Headbutt"],"picked":"Inflame","floor":14}],"player_experience":105510,"relics_obtained":[{"floor":9.0,"key":"Boot"},{"floor":11,"key":"Dodecahedron"}],"event_choices":[{"event_name":"World of Goop","player_choice":"Gather Gold","floor":2.0,"damage_taken":0.0},{"event_name":"Golden Idol","player_choice":"Lose Max HP","floor":3.0,"damage_taken":0.0},{"event_name":"Liars Game","player_choice":"disagreed","floor":12,"damage_taken":0}],"is_beta":false,"boss_relics":[],"items_purged_floors":[4],"is_endless":false,"potions_floor_spawned":[11,14],"killed_by":"Hexaghost","ascension_level":17}