{"gold_per_floor":[112,112,133,56,56,56,72,347,394,406,432,457,487,68,68,163,163,183,157,157,157],"floor_reached":21,"playtime":566,"items_purged":["Regret"],"score":342,"play_id":"2b506c9c-f837-403d-9932-a3fc45560b7a","local_time":"20190805034106","is_ascension_mode":true,"campfire_choices":[{"data":"Tactician","floor":6.0,"key":"SMITH"},{"data":"Cloak And Dagger","floor":10.0,"key":"SMITH"},{"data":"A Thousand Cuts","floor":15.0,"key":"SMITH"}],"neow_cost":"TEN_PERCENT_HP_LOSS","seed_source_timestamp":638465411467436,"circlet_count":0,"master_deck":["AscendersBane","Strike_G+1","Defend_G","Defend_G","Defend_G","Defend_G","Defend_G","Survivor","Neutralize","Cloak And Dagger+1","Dash+1","Reflex","Tactician+1","Terror","Prepared","Acrobatics","A Thousand Cuts+1","Well Laid Plans+1","Blur+1","Envenom+1","Prepared+1","Decay"],"special_seed":0,"relics":["Ring of the Snake","Golden Idol","MawBank","Ancient Tea Set","Astrolabe"],"potions_floor_usage":[21],"damage_taken":[{"damage":3.0,"enemies":"Jaw Worm","floor":1.0,"turns":5.0},{"damage":0.0,"enemies":"2 Louse","floor":3.0,"turns":4.0},{"damage":0.0,"enemies":"Cultist","floor":7.0,"turns":4.0},{"damage":9.0,"enemies":"Looter","floor":11.0,"turns":5.0},{"damage":1.0,"enemies":"Exordium Thugs","floor":12.0,"turns":4.0},{"damage":6.0,"enemies":"Red Slaver","floor":13.0,"turns":4.0},{"damage":28.0,"enemies":"Slime Boss","floor":16.0,"turns":10.0},{"damage":10.0,"enemies":"3 Byrds","floor":18.0,"turns":6.0},{"damage":10.0,"enemies":"2 Thieves","floor":19.0,"turns":4.0},{"damage":28,"enemies":"Snecko","floor":21,"turns":6}],"seed_played":"-1737891992198729766","potions_obtained":[{"floor":3.0,"key":"Weak Potion"},{"floor":11.0,"key":"Strength Potion"},{"floor":12.0,"key":"Regen Potion"},{"floor":19.0,"key":"SpeedPotion"}],"is_trial":false,"path_per_floor":["M","?","M","$","?","R","M","?","T","R","M","M","M","$","R","B",null,"M","M","?","M"],"character_chosen":"THE_SILENT","items_purchased":["Tactician","Acrobatics","A Thousand Cuts","Ancient Tea Set","Fire Potion"],"campfire_rested":0,"item_purchase_floors":[4,14,14,14,14],"current_hp_per_floor":[56,54,54,54,38,38,38,38,38,38,29,28,34,34,34,6,42,32,22,22,0],"gold":157,"neow_bonus":"TRANSFORM_TWO_CARDS","is_prod":false,"is_daily":false,"chose_seed":false,"campfire_upgraded":3,"win_rate":0,"timestamp":1564944066,"path_taken":["M","?","M","$","?","R","M","?","T","R","?","M","M","$","R","BOSS","M","M","?","M"],"build_version":"2019-07-17","purchased_purges":1,"victory":false,"max_hp_per_floor":[60,54,54,54,54,54,54,54,54,54,54,54,54,54,54,54,54,54,54,54,54],"card_choices":[{"not_picked":["Deflect","Choke"],"picked":"Reflex","floor":1.0},{"not_picked":["Leg Sweep","Reflex","Eviscerate"],"picked":"SKIP","floor":3.0},{"not_picked":["Slice","Distraction","Backstab"],"picked":"SKIP","floor":7.0},{"not_picked":["Setup","Sucker Punch"],"picked":"All Out Attack","floor":11.0},{"not_picked":["Deflect","Outmaneuver"],"picked":"Terror","floor":12.0},{"not_picked":["Deadly Poison","Heel Hook"],"picked":"Prepared","floor":13.0},{"not_picked":["Choke","Sucker Punch"],"picked":"Prepared+1","floor":18.0},{"not_picked":["Flying Knee","Backflip","Heel Hook+1"],"picked":"SKIP","floor":19.0}],"player_experience":765854,"relics_obtained":[{"floor":9.0,"key":"MawBank"}],"event_choices":[{"damage_healed":0.0,"max_hp_gain":0.0,"max_hp_loss":6.0,"gold_gain":0.0,"event_name":"Golden Idol","player_choice":"Lose Max HP","floor":2.0,"gold_loss":0.0,"damage_taken":0.0,"relics_obtained":["Golden Idol"]},{"damage_healed":0.0,"max_hp_gain":0.0,"max_hp_loss":0.0,"gold_gain":0.0,"event_name":"Shining Light","player_choice":"Entered Light","floor":5.0,"gold_loss":0.0,"damage_taken":16.0,"cards_upgraded":["Dash","Strike_G"]},{"damage_healed":0.0,"max_hp_gain":0.0,"max_hp_loss":0.0,"gold_gain":275.0,"event_name":"Golden Shrine","player_choice":"Desecrate","floor":8.0,"gold_loss":0.0,"damage_taken":0.0,"cards_obtained":["Regret"]},{"damage_healed":0.0,"max_hp_gain":0.0,"max_hp_loss":0.0,"gold_gain":0.0,"event_name":"Wheel of Change","player_choice":"Cursed","floor":20.0,"gold_loss":0.0,"damage_taken":0.0,"cards_obtained":["Decay"]}],"is_beta":false,"boss_relics":[{"not_picked":["Ectoplasm","Cursed Key"],"picked":"Astrolabe"}],"items_purged_floors":[14],"is_endless":false,"potions_floor_spawned":[3,11,12,19],"killed_by":"Snecko","ascension_level":20}