{"gold_per_floor":[114,114,127,127,147,147,157,168,191,76,76,76,76,25,25,121,121,139,139,39,53,65,65,95,95,95,107,107,107,120,135,135,230,230,247,266,278,278,294,294,313,313,313,313,324,334,86,86,86,86],"floor_reached":51,"playtime":3433,"items_purged":["Defend_G","Strike_G","Strike_G"],"score":666,"play_id":"971efed2-7c47-4ab0-8a7e-a765d7e275dd","local_time":"20181101182328","is_ascension_mode":false,"campfire_choices":[{"data":"Neutralize","floor":6.0,"key":"SMITH"},{"data":"Well Laid Plans","floor":11.0,"key":"SMITH"},{"data":"Wraith Form v2","floor":13.0,"key":"SMITH"},{"data":"Leg Sweep","floor":15.0,"key":"SMITH"},{"data":"Heel Hook","floor":23.0,"key":"SMITH"},{"data":"Survivor","floor":25.0,"key":"SMITH"},{"data":"Bouncing Flask","floor":28.0,"key":"SMITH"},{"data":"Heel Hook","floor":32.0,"key":"SMITH"},{"data":"Grand Finale","floor":40.0,"key":"SMITH"},{"data":"Well Laid Plans","floor":42.0,"key":"SMITH"},{"floor":49,"key":"REST"}],"neow_cost":"NONE","seed_source_timestamp":28187347654445,"circlet_count":0,"master_deck":["Defend_G+1","Defend_G+1","Defend_G+1","Defend_G+1","Strike_G+1","Survivor+1","Neutralize+1","Heel Hook+1","Backstab+1","Well Laid Plans+1","Wraith Form v2+1","Leg Sweep+1","Die Die Die+1","Well Laid Plans+1","Heel Hook+1","Grand Finale+1","Well Laid Plans+1","Terror+1"],"special_seed":0,"relics":["Ring of the Snake","Bronze Scales","Orichalcum","Cursed Key","Red Mask","Busted Crown","Mark of the Bloom"],"potions_floor_usage":[50,50,50],"damage_taken":[{"damage":1.0,"enemies":"Small Slimes","floor":1.0,"turns":4.0},{"damage":0.0,"enemies":"Jaw Worm","floor":3.0,"turns":8.0},{"damage":0.0,"enemies":"2 Louse","floor":5.0,"turns":2.0},{"damage":5.0,"enemies":"Large Slime","floor":7.0,"turns":5.0},{"damage":5.0,"enemies":"Lots of Slimes","floor":8.0,"turns":3.0},{"damage":0.0,"enemies":"Slime Boss","floor":16.0,"turns":8.0},{"damage":0.0,"enemies":"3 Byrds","floor":18.0,"turns":3.0},{"damage":4.0,"enemies":"2 Thieves","floor":21.0,"turns":4.0},{"damage":3.0,"enemies":"Cultist and Chosen","floor":22.0,"turns":9.0},{"damage":0.0,"enemies":"Masked Bandits","floor":24.0,"turns":4.0},{"damage":1.0,"enemies":"Snecko","floor":27.0,"turns":6.0},{"damage":0.0,"enemies":"Centurion and Healer","floor":30.0,"turns":7.0},{"damage":0.0,"enemies":"3 Cultists","floor":31.0,"turns":6.0},{"damage":51.0,"enemies":"Collector","floor":33.0,"turns":13.0},{"damage":0.0,"enemies":"3 Darklings","floor":35.0,"turns":4.0},{"damage":0.0,"enemies":"3 Shapes","floor":36.0,"turns":6.0},{"damage":0.0,"enemies":"Writhing Mass","floor":37.0,"turns":6.0},{"damage":0.0,"enemies":"4 Shapes","floor":39.0,"turns":5.0},{"damage":0.0,"enemies":"Sphere and 2 Shapes","floor":41.0,"turns":3.0},{"damage":0.0,"enemies":"Maw","floor":45.0,"turns":11.0},{"damage":0.0,"enemies":"4 Shapes","floor":46.0,"turns":5.0},{"damage":25,"enemies":"Time Eater","floor":50,"turns":12}],"seed_played":"799329424193339043","potions_obtained":[{"floor":1.0,"key":"SkillPotion"},{"floor":7.0,"key":"AttackPotion"},{"floor":21.0,"key":"LiquidBronze"},{"floor":24.0,"key":"Swift Potion"},{"floor":33.0,"key":"Block Potion"},{"floor":35.0,"key":"Swift Potion"}],"is_trial":false,"path_per_floor":["M","?","M","?","M","R","M","M","T","$","R","$","R","$","R","B",null,"M","?","$","M","M","R","?","R","T","M","R","?","M","M","R","B",null,"M","M","M","?","M","R","M","R","T","?","M","M","$","?","R","B"],"character_chosen":"THE_SILENT","items_purchased":["Leg Sweep","FearPotion","Terror","Swift Potion"],"campfire_rested":1,"item_purchase_floors":[10,14,47,47],"current_hp_per_floor":[69,62,62,48,48,48,43,38,38,38,38,38,38,38,38,38,70,70,70,70,66,63,63,63,63,63,62,62,62,62,62,62,11,70,70,70,70,70,70,70,70,70,70,70,70,70,70,70,70,45],"gold":86,"neow_bonus":"RANDOM_COMMON_RELIC","is_prod":false,"is_daily":false,"chose_seed":false,"campfire_upgraded":10,"win_rate":0,"timestamp":1541067808,"path_taken":["M","?","M","?","?","R","M","M","T","?","R","$","R","$","R","BOSS","M","?","$","M","M","R","?","R","T","M","R","?","?","M","R","BOSS","M","M","M","?","?","R","M","R","T","?","M","M","$","?","R","BOSS"],"build_version":"2018-10-25v2","purchased_purges":3,"victory":true,"max_hp_per_floor":[70,70,70,70,70,70,70,70,70,70,70,70,70,70,70,70,70,70,70,70,70,70,70,70,70,70,70,70,70,70,70,70,70,70,70,70,70,70,70,70,70,70,70,70,70,70,70,70,70,70],"card_choices":[{"not_picked":["Tactician","Slice","Sucker Punch"],"picked":"SKIP","floor":1.0},{"not_picked":["Cloak And Dagger","Prepared"],"picked":"Heel Hook","floor":3.0},{"not_picked":["Flying Knee","Deflect"],"picked":"Backstab","floor":5.0},{"not_picked":["Dagger Spray","Acrobatics"],"picked":"Well Laid Plans","floor":7.0},{"not_picked":["Dodge and Roll","Cloak And Dagger"],"picked":"Wraith Form v2","floor":8.0},{"not_picked":["Phantasmal Killer","Unload"],"picked":"Die Die Die","floor":16.0},{"not_picked":["Blur","Flying Knee","PiercingWail"],"picked":"SKIP","floor":18.0},{"not_picked":["Flying Knee","Masterful Stab","Cloak And Dagger"],"picked":"SKIP","floor":21.0},{"not_picked":["Blade Dance","Finisher","Riddle With Holes"],"picked":"SKIP","floor":22.0},{"not_picked":["Quick Slash","Setup"],"picked":"Bouncing Flask","floor":27.0},{"not_picked":["Setup+1","Quick Slash"],"picked":"Heel Hook","floor":30.0},{"not_picked":["Deflect","Concentrate","Dagger Throw"],"picked":"SKIP","floor":31.0},{"not_picked":["Die Die Die","Night Terror"],"picked":"Grand Finale","floor":33.0},{"not_picked":["Flying Knee"],"picked":"SKIP","floor":35.0},{"not_picked":["Masterful Stab"],"picked":"SKIP","floor":36.0},{"not_picked":["Deadly Poison+1"],"picked":"SKIP","floor":37.0},{"not_picked":["All Out Attack+1"],"picked":"SKIP","floor":39.0},{"not_picked":[],"picked":"Well Laid Plans","floor":41.0},{"not_picked":["Sucker Punch"],"picked":"SKIP","floor":45.0},{"not_picked":["Bouncing Flask"],"picked":"SKIP","floor":46.0}],"player_experience":814812,"relics_obtained":[{"floor":9.0,"key":"Orichalcum"},{"floor":24.0,"key":"Red Mask"}],"event_choices":[{"cards_removed":["Strike_G"],"damage_healed":0.0,"max_hp_gain":0.0,"max_hp_loss":0.0,"gold_gain":0.0,"event_name":"Golden Wing","player_choice":"Card Removal","floor":2.0,"gold_loss":0.0,"damage_taken":7.0},{"damage_healed":0.0,"max_hp_gain":0.0,"max_hp_loss":0.0,"gold_gain":0.0,"event_name":"Shining Light","player_choice":"Entered Light","floor":4.0,"gold_loss":0.0,"damage_taken":14.0,"cards_upgraded":["Strike_G","Defend_G"]},{"damage_healed":0.0,"max_hp_gain":0.0,"max_hp_loss":0.0,"gold_gain":0.0,"event_name":"Duplicator","player_choice":"Copied","floor":19.0,"gold_loss":0.0,"damage_taken":0.0,"cards_obtained":["Well Laid Plans"]},{"damage_healed":0.0,"max_hp_gain":0.0,"max_hp_loss":0.0,"gold_gain":0.0,"event_name":"Masked Bandits","player_choice":"Fought Bandits","floor":24.0,"gold_loss":0.0,"damage_taken":0.0},{"cards_removed":["Strike_G"],"damage_healed":0.0,"max_hp_gain":0.0,"max_hp_loss":0.0,"gold_gain":0.0,"event_name":"Back to Basics","player_choice":"Elegance","floor":29.0,"gold_loss":0.0,"damage_taken":0.0},{"cards_removed":["Bouncing Flask"],"damage_healed":0.0,"max_hp_gain":0.0,"max_hp_loss":0.0,"gold_gain":0.0,"event_name":"Falling","player_choice":"Removed Skill","floor":38.0,"gold_loss":0.0,"damage_taken":0.0},{"damage_healed":0.0,"max_hp_gain":0.0,"max_hp_loss":0.0,"gold_gain":0.0,"event_name":"Mysterious Sphere","player_choice":"Ignored","floor":44.0,"gold_loss":0.0,"damage_taken":0.0},{"damage_healed":0,"gold_gain":0,"player_choice":"Upgrade","damage_taken":0,"relics_obtained":["Mark of the Bloom"],"max_hp_gain":0,"max_hp_loss":0,"event_name":"MindBloom","floor":48,"gold_loss":0,"cards_upgraded":["Defend_G","Defend_G","Defend_G","Backstab","Die Die Die","Terror"]}],"is_beta":false,"boss_relics":[{"not_picked":["Ectoplasm","White Beast Statue"],"picked":"Cursed Key"},{"not_picked":["Runic Dome","Fusion Hammer"],"picked":"Busted Crown"}],"items_purged_floors":[10,20,47],"is_endless":false,"potions_floor_spawned":[1,7,21,24,33,35,37],"ascension_level":0}