{"gold_per_floor":[218,232,232,77,95,95,155,155,182,214,214,233,233,251,251,325,325,338,338,338,387,404,404,417,417,417,417,46,46],"floor_reached":29,"playtime":609,"items_purged":["Strike_B"],"score":450,"play_id":"32c87ee5-eb5a-4bc4-b3a4-bee3d70ded45","local_time":"20181219202703","is_ascension_mode":true,"campfire_choices":[{"data":"Streamline","floor":6.0,"key":"SMITH"},{"data":"Loop","floor":8.0,"key":"SMITH"},{"data":"Zap","floor":13.0,"key":"SMITH"},{"data":"Dualcast","floor":15.0,"key":"SMITH"},{"data":"Biased Cognition","floor":23,"key":"SMITH"},{"data":"Consume","floor":25,"key":"SMITH"},{"data":"Self Repair","floor":27,"key":"SMITH"}],"neow_cost":"NONE","seed_source_timestamp":0,"circlet_count":0,"master_deck":["AscendersBane","Strike_B","Strike_B","Defend_B","Defend_B","Defend_B","Zap+1","Dualcast+1","Leap","Self Repair+1","Streamline+1","Loop+1","Reboot","Ball Lightning","Biased Cognition+1","Auto Shields","Reboot","Consume+1","Fission"],"special_seed":0,"relics":["Cracked Core","Tiny Chest","Lantern","Meat on the Bone","Inserter","Darkstone Periapt","Runic Capacitor"],"potions_floor_usage":[],"damage_taken":[{"damage":4.0,"enemies":"Jaw Worm","floor":1.0,"turns":4.0},{"damage":0.0,"enemies":"Small Slimes","floor":2.0,"turns":3.0},{"damage":0.0,"enemies":"2 Louse","floor":5.0,"turns":2.0},{"damage":44.0,"enemies":"Gremlin Nob","floor":7.0,"turns":4.0},{"damage":17.0,"enemies":"Lagavulin","floor":10.0,"turns":8.0},{"damage":4.0,"enemies":"Blue Slaver","floor":12.0,"turns":3.0},{"damage":25.0,"enemies":"Lots of Slimes","floor":14.0,"turns":4.0},{"damage":27.0,"enemies":"Hexaghost","floor":16.0,"turns":7.0},{"damage":19.0,"enemies":"Chosen","floor":18.0,"turns":5.0},{"damage":29,"enemies":"2 Thieves","floor":22,"turns":3},{"damage":30,"enemies":"Cultist and Chosen","floor":24,"turns":5},{"damage":24,"enemies":"Snake Plant","floor":29,"turns":1}],"seed_played":"5476843133871506350","potions_obtained":[{"floor":1.0,"key":"PowerPotion"},{"floor":2.0,"key":"Explosive Potion"},{"floor":22,"key":"Energy Potion"}],"is_trial":false,"path_per_floor":["M","M","?","$","M","R","E","R","T","E","?","M","R","M","R","B",null,"M","?","?","T","M","R","M","R","T","R","$","M"],"character_chosen":"DEFECT","items_purchased":["Self Repair","Fission","Runic Capacitor"],"campfire_rested":0,"item_purchase_floors":[4,28,28],"current_hp_per_floor":[60,60,65,65,72,72,35,35,35,25,25,40,40,34,34,26,64,52,52,52,52,35,35,24,24,24,24,24,0],"gold":46,"neow_bonus":"HUNDRED_GOLD","is_prod":false,"is_daily":false,"chose_seed":false,"campfire_upgraded":7,"win_rate":0,"timestamp":1545222423,"path_taken":["M","M","?","$","M","R","E","R","T","E","?","M","R","M","R","BOSS","M","?","?","?","M","R","M","R","T","R","$","M"],"build_version":"2018-12-13","purchased_purges":1,"victory":false,"max_hp_per_floor":[71,71,76,76,76,76,76,76,76,76,76,76,76,76,76,76,76,76,76,76,76,76,76,76,76,76,76,76,76],"card_choices":[{"not_picked":["Force Field","Lockon"],"picked":"Leap","floor":1.0},{"not_picked":["Rebound","Stack","Cold Snap"],"picked":"SKIP","floor":2.0},{"not_picked":["Turbo","Barrage"],"picked":"Streamline","floor":5.0},{"not_picked":["Conserve Battery","Compile Driver"],"picked":"Loop","floor":7.0},{"not_picked":["Steam","Conserve Battery"],"picked":"Reboot","floor":10.0},{"not_picked":["Stack","Steam","Storm"],"picked":"SKIP","floor":12.0},{"not_picked":["Steam","Rebound"],"picked":"Ball Lightning","floor":14.0},{"not_picked":["All For One","Creative AI"],"picked":"Biased Cognition","floor":16.0},{"not_picked":["Rip and Tear","Steam","Leap"],"picked":"SKIP","floor":18.0},{"not_picked":["Stack","Heatsinks","Storm"],"picked":"SKIP","floor":22},{"not_picked":["Sweeping Beam+1","Gash"],"picked":"Consume","floor":24}],"player_experience":1385834,"relics_obtained":[{"floor":7.0,"key":"Tiny Chest"},{"floor":9.0,"key":"Lantern"},{"floor":10.0,"key":"Meat on the Bone"},{"floor":26,"key":"Darkstone Periapt"}],"event_choices":[{"damage_healed":0.0,"max_hp_gain":5.0,"max_hp_loss":0.0,"gold_gain":0.0,"event_name":"Big Fish","player_choice":"Donut","floor":3.0,"gold_loss":0.0,"damage_taken":0.0},{"damage_healed":0.0,"max_hp_gain":0.0,"max_hp_loss":0.0,"gold_gain":0.0,"event_name":"Liars Game","player_choice":"Ignored","floor":11.0,"gold_loss":0.0,"damage_taken":0.0},{"damage_healed":0.0,"max_hp_gain":0.0,"max_hp_loss":0.0,"gold_gain":0.0,"cards_transformed":["Strike_B","Defend_B"],"event_name":"Drug Dealer","player_choice":"Became Test Subject","floor":19.0,"gold_loss":0.0,"damage_taken":0.0,"cards_obtained":["Auto Shields","Reboot"]},{"damage_healed":0,"gold_gain":0,"player_choice":"Ignored","damage_taken":0,"max_hp_gain":0,"max_hp_loss":0,"event_name":"Cursed Tome","floor":20,"gold_loss":0}],"is_beta":false,"boss_relics":[{"not_picked":["Velvet Choker","Empty Cage"],"picked":"Inserter"}],"items_purged_floors":[4],"is_endless":false,"potions_floor_spawned":[1,2,12,22],"killed_by":"Snake Plant","ascension_level":19}