{"gold_per_floor":[116,116,116,130,55,55,67,142,168,196,212,212,232,132,132,207,207,167,167,0,13,13,13],"floor_reached":23,"playtime":600,"items_purged":["Strike_G","Strike_G"],"score":377,"play_id":"7c1237cc-4931-4bea-80e7-0573a7732972","local_time":"20190213232834","is_ascension_mode":true,"campfire_choices":[{"data":"Bouncing Flask","floor":6.0,"key":"SMITH"},{"data":"Catalyst","floor":12.0,"key":"SMITH"},{"data":"Deadly Poison","floor":15.0,"key":"SMITH"}],"neow_cost":"NONE","seed_source_timestamp":55137192846639,"circlet_count":0,"master_deck":["AscendersBane","Defend_G","Defend_G+1","Defend_G","Defend_G","Defend_G+1","Strike_G","Strike_G","Strike_G","Survivor","Neutralize","Bouncing Flask+1","Deadly Poison+1","Catalyst+1","Wraith Form v2","Burst","Pain","Writhe"],"special_seed":0,"relics":["Ring of the Snake","NeowsBlessing","War Paint","Spirit Poop","Omamori","Calling Bell","Ancient Tea Set","Matryoshka","Mango","Ornamental Fan"],"potions_floor_usage":[23],"damage_taken":[{"damage":0.0,"enemies":"Small Slimes","floor":1.0,"turns":1.0},{"damage":0.0,"enemies":"2 Louse","floor":4.0,"turns":1.0},{"damage":0.0,"enemies":"Cultist","floor":7.0,"turns":1.0},{"damage":3.0,"enemies":"3 Sentries","floor":10.0,"turns":8.0},{"damage":4.0,"enemies":"Large Slime","floor":11.0,"turns":8.0},{"damage":0.0,"enemies":"2 Fungi Beasts","floor":13.0,"turns":3.0},{"damage":3.0,"enemies":"Hexaghost","floor":16.0,"turns":6.0},{"damage":6.0,"enemies":"2 Thieves","floor":18.0,"turns":5.0},{"damage":19,"enemies":"Shell Parasite","floor":21,"turns":4},{"damage":62,"enemies":"Gremlin Leader","floor":23,"turns":5}],"seed_played":"-5273852302545776012","potions_obtained":[{"floor":7.0,"key":"Dexterity Potion"},{"floor":16.0,"key":"GhostInAJar"},{"floor":21,"key":"Swift Potion"}],"is_trial":false,"path_per_floor":["M","?","?","M","$","R","M","?","T","E","M","R","M","$","R","B",null,"M","?","?","M","$","E"],"character_chosen":"THE_SILENT","items_purchased":[],"campfire_rested":0,"item_purchase_floors":[],"current_hp_per_floor":[59,59,59,59,59,59,59,48,48,45,41,41,41,41,41,38,73,67,67,67,48,48,0],"gold":13,"neow_bonus":"THREE_ENEMY_KILL","is_prod":false,"is_daily":false,"chose_seed":false,"campfire_upgraded":3,"win_rate":0,"timestamp":1550071714,"path_taken":["M","?","?","M","$","R","?","?","T","E","M","R","M","$","R","BOSS","M","?","?","M","$","E"],"build_version":"2019-01-23","purchased_purges":2,"victory":false,"max_hp_per_floor":[66,66,66,66,66,66,66,66,66,66,66,66,66,66,66,66,80,80,80,80,80,80,80],"card_choices":[{"not_picked":["Slice","Accuracy"],"picked":"Bouncing Flask","floor":1.0},{"not_picked":["Backflip","Dodge and Roll"],"picked":"Deadly Poison","floor":4.0},{"not_picked":["Blur","Blade Dance"],"picked":"Catalyst","floor":7.0},{"not_picked":["Slice","Sucker Punch","Underhanded Strike"],"picked":"SKIP","floor":10.0},{"not_picked":["Crippling Poison","Dodge and Roll"],"picked":"Wraith Form v2","floor":11.0},{"not_picked":["PiercingWail","Quick Slash","Dagger Spray"],"picked":"SKIP","floor":13.0},{"not_picked":["Envenom","Malaise"],"picked":"Burst","floor":16.0},{"not_picked":["Dagger Throw","Underhanded Strike","Bane"],"picked":"SKIP","floor":18.0},{"not_picked":["Masterful Stab","Dodge and Roll","Flechettes"],"picked":"SKIP","floor":21}],"player_experience":2703627,"relics_obtained":[{"floor":10.0,"key":"Omamori"},{"floor":17.0,"key":"Ancient Tea Set"},{"floor":17.0,"key":"Matryoshka"},{"floor":17.0,"key":"Mango"}],"event_choices":[{"damage_healed":0.0,"max_hp_gain":0.0,"max_hp_loss":0.0,"gold_gain":0.0,"event_name":"Big Fish","player_choice":"Box","floor":2.0,"gold_loss":0.0,"damage_taken":0.0,"relics_obtained":["War Paint"],"cards_obtained":["Regret"]},{"cards_removed":["Regret"],"damage_healed":0.0,"max_hp_gain":0.0,"max_hp_loss":0.0,"gold_gain":0.0,"event_name":"Bonfire Elementals","player_choice":"Offered Curse","floor":3.0,"gold_loss":0.0,"damage_taken":0.0,"relics_obtained":["Spirit Poop"]},{"damage_healed":0.0,"max_hp_gain":0.0,"max_hp_loss":0.0,"gold_gain":75.0,"event_name":"World of Goop","player_choice":"Gather Gold","floor":8.0,"gold_loss":0.0,"damage_taken":11.0},{"damage_healed":0.0,"max_hp_gain":0.0,"max_hp_loss":0.0,"gold_gain":0.0,"event_name":"The Mausoleum","player_choice":"Opened","floor":19.0,"gold_loss":0.0,"damage_taken":0.0,"relics_obtained":["Ornamental Fan"],"cards_obtained":["Writhe"]},{"damage_healed":0,"gold_gain":0,"player_choice":"Paid Fearfully","damage_taken":0,"max_hp_gain":0,"max_hp_loss":0,"event_name":"Masked Bandits","floor":20,"gold_loss":167}],"is_beta":false,"boss_relics":[{"not_picked":["Ectoplasm","Astrolabe"],"picked":"Calling Bell"}],"items_purged_floors":[5,14],"is_endless":false,"potions_floor_spawned":[7,16,21],"killed_by":"Gremlin Leader","ascension_level":20}