{"gold_per_floor":[114,264,264,105,180,211,136,136,160,173,206,206,206,222,222,222],"floor_reached":16,"playtime":275,"items_purged":["Strike_G"],"score":262,"play_id":"2dc75ac4-3ca9-4eb7-bafd-13f13e49c38a","local_time":"20181126224208","is_ascension_mode":true,"campfire_choices":[{"data":"Catalyst","floor":8,"key":"SMITH"},{"data":"Noxious Fumes","floor":13,"key":"SMITH"},{"data":"Neutralize","floor":15,"key":"SMITH"}],"neow_cost":"NONE","seed_source_timestamp":10243320254394,"circlet_count":0,"master_deck":["AscendersBane","Defend_G+1","Defend_G","Defend_G","Defend_G","Defend_G","Strike_G","Strike_G+1","Strike_G+1","Strike_G","Survivor","Neutralize+1","Dash","Doubt","Injury","Catalyst+1","Noxious Fumes+1","Prepared","Bouncing Flask+1"],"relics":["Ring of the Snake","NeowsBlessing","Golden Idol","Whetstone","Snake Skull","Anchor"],"potions_floor_usage":[16],"damage_taken":[{"damage":0,"enemies":"Jaw Worm","floor":1,"turns":1},{"damage":0,"enemies":"Gremlin Nob","floor":6,"turns":1},{"damage":0,"enemies":"2 Louse","floor":10,"turns":2},{"damage":15,"enemies":"Lagavulin","floor":11,"turns":5},{"damage":2,"enemies":"Small Slimes","floor":14,"turns":4},{"damage":18,"enemies":"Slime Boss","floor":16,"turns":5}],"seed_played":"-4049112692497858791","potions_obtained":[{"floor":1,"key":"Energy Potion"}],"is_trial":false,"path_per_floor":["M","?","?","$","?","E","$","R","T","M","E","?","R","M","R","B"],"character_chosen":"THE_SILENT","items_purchased":["Catalyst","Noxious Fumes"],"campfire_rested":0,"item_purchase_floors":[4,4],"current_hp_per_floor":[59,59,59,59,48,48,48,48,48,48,33,13,13,11,11,0],"gold":222,"neow_bonus":"THREE_ENEMY_KILL","is_prod":false,"is_daily":false,"chose_seed":false,"campfire_upgraded":3,"win_rate":0,"timestamp":1543243328,"path_taken":["M","?","?","$","?","E","?","R","T","?","E","?","R","M","R","BOSS"],"build_version":"2018-11-15","purchased_purges":1,"victory":false,"max_hp_per_floor":[66,66,66,66,66,66,66,66,66,66,66,66,66,66,66,66],"card_choices":[{"not_picked":["Skewer","Outmaneuver"],"picked":"Dash","floor":1},{"not_picked":["Backstab","Escape Plan"],"picked":"Prepared","floor":6},{"not_picked":["Backflip","Dodge and Roll"],"picked":"Bouncing Flask","floor":10},{"not_picked":["Dodge and Roll","Backstab","Heel Hook"],"picked":"SKIP","floor":11},{"not_picked":["Predator","Tactician","Bane"],"picked":"SKIP","floor":14}],"player_experience":1164663,"relics_obtained":[{"floor":6,"key":"Whetstone"},{"floor":9,"key":"Snake Skull"},{"floor":11,"key":"Anchor"}],"event_choices":[{"damage_healed":0,"gold_gain":150,"player_choice":"AGREE","damage_taken":0,"max_hp_gain":0,"max_hp_loss":0,"event_name":"Liars Game","floor":2,"gold_loss":0,"cards_obtained":["Doubt"]},{"damage_healed":0,"gold_gain":0,"player_choice":"Take Wound","damage_taken":0,"relics_obtained":["Golden Idol"],"max_hp_gain":0,"max_hp_loss":0,"event_name":"Golden Idol","floor":3,"gold_loss":0,"cards_obtained":["Injury"]},{"damage_healed":0,"gold_gain":75,"player_choice":"Gather Gold","damage_taken":11,"max_hp_gain":0,"max_hp_loss":0,"event_name":"World of Goop","floor":5,"gold_loss":0},{"damage_healed":0,"gold_gain":0,"player_choice":"Entered Light","damage_taken":20,"max_hp_gain":0,"max_hp_loss":0,"event_name":"Shining Light","floor":12,"gold_loss":0,"cards_upgraded":["Defend_G","Bouncing Flask"]}],"is_beta":true,"boss_relics":[],"items_purged_floors":[7],"is_endless":false,"potions_floor_spawned":[1],"killed_by":"Slime Boss","ascension_level":20}