{"gold_per_floor":[117,192,192,204,223,223,234,262,315,315,326,4,4,16,16,93,93,111,15,15,15,15,15,31,31,80,43,43,43,43,56,56,133,133,151,4,4,4,17,49,49,65,65,90,90,120,70,84,84,84,84,84,34,66,66],"floor_reached":56,"playtime":3332,"items_purged":["Strike_B","Pain","Steam Power"],"score":2036,"play_id":"df4239b1-7275-45fd-8c11-091fbeb38d38","local_time":"20190316234735","is_ascension_mode":true,"campfire_choices":[{"data":"Zap","floor":6.0,"key":"SMITH"},{"data":"Creative AI","floor":10.0,"key":"SMITH"},{"data":"Coolheaded","floor":13.0,"key":"SMITH"},{"floor":15.0,"key":"REST"},{"data":"Buffer","floor":23.0,"key":"SMITH"},{"data":"Discovery","floor":28.0,"key":"SMITH"},{"data":"Chaos","floor":30.0,"key":"SMITH"},{"data":"Dualcast","floor":32.0,"key":"SMITH"},{"data":"Biased Cognition","floor":41.0,"key":"SMITH"},{"floor":45.0,"key":"REST"},{"floor":49.0,"key":"RECALL"},{"floor":52,"key":"REST"}],"neow_cost":"NONE","seed_source_timestamp":43630658778929,"circlet_count":0,"master_deck":["AscendersBane","Zap+1","Dualcast+1","Coolheaded+1","Capacitor","Creative AI+1","White Noise","Buffer+1","Chaos+1","Force Field","Conserve Battery","Chill","Discovery+1","Machine Learning","Reprogram","Undo","Self Repair","Hologram","Biased Cognition+1","Loop+1","Heatsinks","White Noise","Magnetism","Dark Shackles","Glacier+1","Skim+1","Chill+1","Hologram+1"],"special_seed":0,"relics":["Cracked Core","NeowsBlessing","Bottled Lightning","Bag of Marbles","Question Card","Pandora\u0027s Box","Busted Crown","WarpedTongs","Smiling Mask","Toxic Egg 2","Art of War","Mercury Hourglass","Whetstone"],"potions_floor_usage":[54,55],"damage_taken":[{"damage":0.0,"enemies":"Small Slimes","floor":1.0,"turns":1.0},{"damage":0.0,"enemies":"Cultist","floor":4.0,"turns":1.0},{"damage":0.0,"enemies":"2 Louse","floor":5.0,"turns":1.0},{"damage":15.0,"enemies":"Large Slime","floor":7.0,"turns":6.0},{"damage":35.0,"enemies":"3 Sentries","floor":8.0,"turns":9.0},{"damage":11.0,"enemies":"Exordium Wildlife","floor":11.0,"turns":4.0},{"damage":16.0,"enemies":"3 Louse","floor":14.0,"turns":3.0},{"damage":22.0,"enemies":"The Guardian","floor":16.0,"turns":14.0},{"damage":10.0,"enemies":"Chosen","floor":18.0,"turns":5.0},{"damage":26.0,"enemies":"Colosseum Slavers","floor":20.0,"turns":5.0},{"damage":10.0,"enemies":"Shell Parasite","floor":24.0,"turns":7.0},{"damage":5.0,"enemies":"Sentry and Sphere","floor":31.0,"turns":9.0},{"damage":0.0,"enemies":"Champ","floor":33.0,"turns":9.0},{"damage":1.0,"enemies":"Orb Walker","floor":35.0,"turns":6.0},{"damage":11.0,"enemies":"3 Shapes","floor":39.0,"turns":9.0},{"damage":22.0,"enemies":"Nemesis","floor":40.0,"turns":7.0},{"damage":7.0,"enemies":"Spire Growth","floor":42.0,"turns":5.0},{"damage":13.0,"enemies":"Giant Head","floor":44.0,"turns":6.0},{"damage":15.0,"enemies":"Nemesis","floor":46.0,"turns":9.0},{"damage":0.0,"enemies":"Maw","floor":48.0,"turns":6.0},{"damage":45,"enemies":"Awakened One","floor":50,"turns":14},{"damage":25,"enemies":"Shield and Spear","floor":54,"turns":9},{"damage":33,"enemies":"The Heart","floor":55,"turns":11}],"seed_played":"2839349334839385020","potions_obtained":[{"floor":3.0,"key":"Regen Potion"},{"floor":3.0,"key":"Block Potion"},{"floor":7.0,"key":"Regen Potion"},{"floor":8.0,"key":"Poison Potion"},{"floor":24.0,"key":"Energy Potion"},{"floor":31.0,"key":"Explosive Potion"},{"floor":39.0,"key":"PowerPotion"},{"floor":42.0,"key":"FearPotion"},{"floor":48.0,"key":"Swift Potion"}],"is_trial":false,"path_per_floor":["M","?","?","M","M","R","M","E","T","R","M","$","R","M","R","B",null,"M","$","?","?","$","R","M","?","T","$","R","?","R","M","R","B",null,"M","$","?","?","M","E","R","M","T","E","R","E","$","M","R","B",null,"R","$","E","B",null],"character_chosen":"DEFECT","items_purchased":["Question Card","Discovery","Self Repair","Heatsinks","White Noise"],"campfire_rested":3,"item_purchase_floors":[12,19,27,36,36],"current_hp_per_floor":[64,53,53,53,53,53,53,33,33,33,22,22,22,6,27,5,55,45,45,19,19,19,19,9,9,9,9,9,9,9,11,11,18,58,64,64,54,54,50,35,35,35,35,29,50,45,45,55,55,20,58,71,71,53,27],"gold":66,"neow_bonus":"THREE_ENEMY_KILL","is_prod":false,"is_daily":false,"chose_seed":false,"campfire_upgraded":8,"win_rate":0,"timestamp":1552751255,"path_taken":["M","?","?","M","?","R","M","E","T","R","M","$","R","M","R","BOSS","M","$","?","?","?","R","M","?","T","$","R","?","R","?","R","BOSS","M","$","?","?","M","E","R","?","T","E","R","E","$","M","R","BOSS","R","$","E","BOSS"],"build_version":"2019-01-23","purchased_purges":3,"victory":true,"max_hp_per_floor":[71,71,71,71,71,71,71,71,71,71,71,71,71,71,71,71,71,71,71,71,71,71,71,71,71,71,71,71,71,71,71,71,71,71,71,71,71,71,71,71,71,71,71,71,71,71,71,71,71,71,71,71,71,71,71],"card_choices":[{"not_picked":["Conserve Battery","Force Field"],"picked":"Coolheaded","floor":1.0},{"not_picked":["Stack","Blizzard"],"picked":"Capacitor","floor":4.0},{"not_picked":["Capacitor","Redo","Beam Cell"],"picked":"SKIP","floor":5.0},{"not_picked":["Conserve Battery","Barrage"],"picked":"Rebound","floor":7.0},{"not_picked":["Redo","Stack"],"picked":"Creative AI","floor":8.0},{"not_picked":["Compile Driver","Capacitor","Sweeping Beam"],"picked":"SKIP","floor":11.0},{"not_picked":["Capacitor","Turbo","Go for the Eyes"],"picked":"White Noise","floor":14.0},{"not_picked":["Creative AI","All For One","Meteor Strike"],"picked":"Buffer","floor":16.0},{"not_picked":["Tempest","Barrage","Rebound","Stack"],"picked":"SKIP","floor":18.0},{"not_picked":["Gash+1","Redo","Static Discharge"],"picked":"Undo","floor":24.0},{"not_picked":["Loop","Coolheaded","Sweeping Beam+1"],"picked":"Hologram","floor":31.0},{"not_picked":["Echo Form","Core Surge","Electrodynamics"],"picked":"Biased Cognition","floor":33.0},{"not_picked":["Beam Cell"],"picked":"Loop+1","floor":35.0},{"not_picked":["HandOfGreed"],"picked":"Magnetism","floor":37.0},{"not_picked":["PanicButton"],"picked":"Dark Shackles","floor":37.0},{"not_picked":["Melter","Hello World"],"picked":"SKIP","floor":39.0},{"not_picked":["Cold Snap","Steam+1"],"picked":"SKIP","floor":40.0},{"not_picked":["Force Field","Tempest"],"picked":"SKIP","floor":42.0},{"not_picked":["Chill+1"],"picked":"Glacier+1","floor":44.0},{"not_picked":["Conserve Battery+1"],"picked":"Skim+1","floor":46.0},{"not_picked":["Streamline"],"picked":"Chill+1","floor":48.0},{"not_picked":["Force Field+1"],"picked":"Hologram+1","floor":54}],"player_experience":3639529,"relics_obtained":[{"floor":8.0,"key":"Bottled Lightning"},{"floor":9.0,"key":"Bag of Marbles"},{"floor":40.0,"key":"Smiling Mask"},{"floor":43.0,"key":"Toxic Egg 2"},{"floor":44.0,"key":"Art of War"},{"floor":46.0,"key":"Mercury Hourglass"},{"floor":54,"key":"Whetstone"}],"event_choices":[{"damage_healed":0.0,"max_hp_gain":0.0,"max_hp_loss":0.0,"gold_gain":75.0,"event_name":"World of Goop","player_choice":"Gather Gold","floor":2.0,"gold_loss":0.0,"damage_taken":11.0},{"damage_healed":0.0,"max_hp_gain":0.0,"max_hp_loss":0.0,"gold_gain":0.0,"event_name":"Lab","player_choice":"Got Potions","floor":3.0,"gold_loss":0.0,"damage_taken":0.0},{"damage_healed":0.0,"max_hp_gain":0.0,"max_hp_loss":0.0,"gold_gain":0.0,"event_name":"Colosseum","player_choice":"Fight","floor":20.0,"gold_loss":0.0,"damage_taken":0.0},{"damage_healed":0.0,"max_hp_gain":0.0,"max_hp_loss":0.0,"gold_gain":0.0,"event_name":"Colosseum","player_choice":"Fled From Nobs","floor":20.0,"gold_loss":0.0,"damage_taken":0.0},{"damage_healed":0.0,"max_hp_gain":0.0,"max_hp_loss":0.0,"gold_gain":0.0,"cards_transformed":["Barrage","Barrage"],"event_name":"Drug Dealer","player_choice":"Became Test Subject","floor":21.0,"gold_loss":0.0,"damage_taken":0.0,"cards_obtained":["Machine Learning","Reprogram"]},{"cards_removed":["Rebound"],"damage_healed":0.0,"max_hp_gain":0.0,"max_hp_loss":0.0,"gold_gain":0.0,"event_name":"Back to Basics","player_choice":"Elegance","floor":25.0,"gold_loss":0.0,"damage_taken":0.0},{"damage_healed":0.0,"max_hp_gain":0.0,"max_hp_loss":0.0,"gold_gain":0.0,"event_name":"Cursed Tome","player_choice":"Ignored","floor":29.0,"gold_loss":0.0,"damage_taken":0.0},{"damage_healed":0.0,"max_hp_gain":0.0,"max_hp_loss":0.0,"gold_gain":0.0,"event_name":"SensoryStone","player_choice":"Memory 3","floor":37.0,"gold_loss":0.0,"damage_taken":10.0},{"damage_healed":0.0,"max_hp_gain":0.0,"max_hp_loss":0.0,"gold_gain":0.0,"event_name":"Accursed Blacksmith","player_choice":"Rummage","floor":38.0,"gold_loss":0.0,"damage_taken":0.0,"relics_obtained":["WarpedTongs"],"cards_obtained":["Pain"]}],"is_beta":false,"boss_relics":[{"not_picked":["Eternal Feather","Sozu"],"picked":"Pandora\u0027s Box"},{"not_picked":["Snecko Eye","Calling Bell"],"picked":"Busted Crown"}],"items_purged_floors":[12,47,53],"is_endless":false,"potions_floor_spawned":[4,5,7,8,20,24,31,39,42,48],"ascension_level":15}