{"gold_per_floor":[118,118,135,135,10,38,55,55,55,55,71,91,104,72,72,171,171,185,185,204,32,52,52,79,89,112,140,140,158,29,42,42,147,147,159,159,159,169,49,49,109,109,157,169,187,187,199,55,55,55],"floor_reached":51,"playtime":1855,"items_purged":["Strike_B","Writhe","Strike_B","Defend_B","Doubt"],"score":1231,"play_id":"3a0a8c1a-2d7c-40e6-8e87-65348f07d409","local_time":"20181009202514","is_ascension_mode":true,"campfire_choices":[{"data":"Zap","floor":8.0,"key":"SMITH"},{"data":"Redo","floor":15,"key":"SMITH"},{"data":"FTL","floor":23,"key":"SMITH"},{"data":"Streamline","floor":28,"key":"SMITH"},{"floor":32,"key":"REST"},{"data":"Buffer","floor":40,"key":"SMITH"},{"data":"FTL","floor":42,"key":"SMITH"},{"data":"Hologram","floor":49,"key":"SMITH"}],"neow_cost":"PERCENT_DAMAGE","seed_source_timestamp":627164247378069,"circlet_count":0,"master_deck":["Defend_B","Defend_B","Zap+1","AscendersBane","Go for the Eyes","All For One","Streamline+1","Redo+1","Turbo","Gash","Steam","FTL+1","Rebound","Gash","Scrape","Gash","Buffer+1","Hologram+1","FTL+1","Hologram+1","Conserve Battery+1","Flash of Steel"],"special_seed":0,"relics":["Cracked Core","Nunchaku","Mercury Hourglass","Thread and Needle","Black Star","Dodecahedron","Calipers","Unceasing Top","Regal Pillow","Oddly Smooth Stone","Smiling Mask","Runic Dome","Tiny Chest","Bag of Preparation","Boot"],"potions_floor_usage":[16,22,22,24,29,50],"damage_taken":[{"damage":5.0,"enemies":"2 Louse","floor":1.0,"turns":4.0},{"damage":2.0,"enemies":"Jaw Worm","floor":3.0,"turns":3.0},{"damage":15.0,"enemies":"Lagavulin","floor":6.0,"turns":5.0},{"damage":0.0,"enemies":"Small Slimes","floor":7.0,"turns":2.0},{"damage":0.0,"enemies":"Blue Slaver","floor":11.0,"turns":3.0},{"damage":3.0,"enemies":"3 Louse","floor":12.0,"turns":2.0},{"damage":0.0,"enemies":"Gremlin Gang","floor":13.0,"turns":3.0},{"damage":0.0,"enemies":"Exordium Thugs","floor":14.0,"turns":3.0},{"damage":0,"enemies":"Hexaghost","floor":16,"turns":7},{"damage":7,"enemies":"Spheric Guardian","floor":18,"turns":3},{"damage":0,"enemies":"Chosen","floor":20,"turns":4},{"damage":11,"enemies":"Centurion and Healer","floor":22,"turns":6},{"damage":25,"enemies":"Book of Stabbing","floor":24,"turns":5},{"damage":15,"enemies":"Cultist and Chosen","floor":25,"turns":5},{"damage":25,"enemies":"Gremlin Leader","floor":27,"turns":4},{"damage":8,"enemies":"Snake Plant","floor":29,"turns":3},{"damage":0,"enemies":"Chosen and Byrds","floor":31,"turns":4},{"damage":41,"enemies":"Champ","floor":33,"turns":7},{"damage":23,"enemies":"3 Shapes","floor":35,"turns":5},{"damage":27,"enemies":"Orb Walker","floor":38,"turns":4},{"damage":17,"enemies":"Nemesis","floor":41,"turns":5},{"damage":7,"enemies":"4 Shapes","floor":44,"turns":3},{"damage":17,"enemies":"Maw","floor":45,"turns":6},{"damage":0,"enemies":"Sphere and 2 Shapes","floor":47,"turns":3},{"damage":24,"enemies":"Awakened One","floor":50,"turns":8}],"seed_played":"507296517806339920","potions_obtained":[{"floor":6.0,"key":"Strength Potion"},{"floor":7.0,"key":"FearPotion"},{"floor":20,"key":"EntropicBrew"},{"floor":27,"key":"Weak Potion"},{"floor":31,"key":"SneckoOil"},{"floor":33,"key":"FearPotion"},{"floor":35,"key":"FearPotion"},{"floor":38,"key":"FocusPotion"},{"floor":45,"key":"SteroidPotion"},{"floor":47,"key":"FairyPotion"}],"is_trial":false,"path_per_floor":["M","?","M","?","$","E","M","R","T","$","M","M","M","?","R","B",null,"M","?","M","$","M","R","E","M","T","E","R","M","$","M","R","B",null,"M","?","?","M","$","R","E","R","T","M","M","?","M","$","R","B"],"character_chosen":"DEFECT","items_purchased":["Streamline","FTL","Scrape","FTL","Flash of Steel"],"campfire_rested":1,"item_purchase_floors":[5,21,30,39,48],"current_hp_per_floor":[45,38,36,29,29,14,14,14,14,14,14,11,11,11,11,18,61,61,61,68,68,64,64,46,38,38,20,20,12,12,19,56,22,62,39,39,85,58,58,58,41,41,41,34,17,85,85,85,85,61],"gold":55,"neow_bonus":"REMOVE_TWO","is_prod":false,"is_daily":false,"chose_seed":false,"campfire_upgraded":7,"win_rate":0,"timestamp":1539087914,"path_taken":["M","?","M","?","$","E","?","R","T","?","M","?","M","?","R","BOSS","M","?","?","$","M","R","E","?","T","E","R","M","$","?","R","BOSS","M","?","?","M","$","R","E","R","T","?","M","?","?","$","R","BOSS"],"build_version":"2018-10-04v2","purchased_purges":5,"victory":true,"max_hp_per_floor":[75,75,75,75,75,75,75,75,75,75,75,75,75,75,75,75,75,75,75,75,75,75,75,75,75,75,75,75,75,75,75,75,75,75,75,75,85,85,85,85,85,85,85,85,85,85,85,85,85,85],"card_choices":[{"not_picked":["Stack","Hologram"],"picked":"Go for the Eyes","floor":1.0},{"not_picked":["Heatsinks","Compile Driver"],"picked":"All For One","floor":3.0},{"not_picked":["Conserve Battery","Darkness"],"picked":"Redo","floor":6.0},{"not_picked":["Reinforced Body","Static Discharge","Rip and Tear"],"picked":"SKIP","floor":7.0},{"not_picked":["Go for the Eyes","Conserve Battery","Compile Driver"],"picked":"SKIP","floor":11.0},{"not_picked":["Static Discharge","Coolheaded"],"picked":"Turbo","floor":12.0},{"not_picked":["Cold Snap","Force Field"],"picked":"Self Repair","floor":13.0},{"not_picked":["FTL","Stack"],"picked":"Gash","floor":14},{"not_picked":["Machine Learning","Rainbow"],"picked":"Core Surge","floor":16},{"not_picked":["Barrage","Sweeping Beam","Coolheaded"],"picked":"SKIP","floor":18},{"not_picked":["Static Discharge","Double Energy"],"picked":"Steam","floor":20},{"not_picked":["Tempest+1","Self Repair","Melter"],"picked":"SKIP","floor":22},{"not_picked":["Coolheaded","Compile Driver","Blizzard+1"],"picked":"SKIP","floor":24},{"not_picked":["Barrage+1","Turbo+1"],"picked":"Rebound","floor":25},{"not_picked":["Tempest","Auto Shields","Cold Snap"],"picked":"SKIP","floor":27},{"not_picked":["Core Surge","Consume"],"picked":"Gash","floor":29},{"not_picked":["Conserve Battery","Glacier"],"picked":"Gash","floor":31},{"not_picked":["Amplify","Fission"],"picked":"Buffer","floor":33},{"not_picked":["Sweeping Beam","Go for the Eyes"],"picked":"Hologram","floor":35},{"not_picked":["Undo+1","Streamline+1","Recycle+1"],"picked":"SKIP","floor":38},{"not_picked":["Fusion+1","Heatsinks+1"],"picked":"Hologram+1","floor":41},{"not_picked":["Hologram","Streamline","Meteor Strike"],"picked":"SKIP","floor":44},{"not_picked":["Doom and Gloom","Recycle"],"picked":"Conserve Battery+1","floor":45},{"not_picked":["Capacitor+1","Fusion+1","Go for the Eyes"],"picked":"SKIP","floor":47}],"player_experience":259744,"relics_obtained":[{"floor":6.0,"key":"Mercury Hourglass"},{"floor":9.0,"key":"Thread and Needle"},{"floor":24,"key":"Calipers"},{"floor":24,"key":"Unceasing Top"},{"floor":26,"key":"Regal Pillow"},{"floor":27,"key":"Oddly Smooth Stone"},{"floor":27,"key":"Smiling Mask"},{"floor":41,"key":"Tiny Chest"},{"floor":41,"key":"Bag of Preparation"},{"floor":43,"key":"Boot"}],"event_choices":[{"event_name":"Scrap Ooze","player_choice":"success","floor":2.0,"damage_taken":7.0},{"event_name":"Golden Wing","player_choice":"Card Removal","floor":4.0,"damage_taken":0.0},{"event_name":"The Cleric","player_choice":"Card Removal","floor":14,"damage_taken":0},{"event_name":"The Mausoleum","player_choice":"Yes","floor":19,"damage_taken":0},{"event_name":"Falling","player_choice":"Removed Power","floor":36,"damage_taken":0},{"event_name":"Bonfire Elementals","player_choice":"RARE","floor":37,"damage_taken":0},{"event_name":"MindBloom","player_choice":"Heal","floor":46,"damage_taken":0}],"is_beta":false,"boss_relics":[{"not_picked":["FrozenCore","Lizard Tail"],"picked":"Black Star"},{"not_picked":["Calling Bell","Orrery"],"picked":"Runic Dome"}],"items_purged_floors":[5,21,30,39,48],"is_endless":false,"potions_floor_spawned":[6,7,12,20,27,31,33,35,38,45,47],"ascension_level":11}