{"gold_per_floor":[117,132,151,76,76,76,76,88,100,146,233,264,276],"floor_reached":13,"playtime":336,"items_purged":["Strike_G"],"score":166,"play_id":"1c2b2577-e756-4fcb-af37-37f62a7e6827","local_time":"20190205041851","is_ascension_mode":true,"campfire_choices":[{"data":"All Out Attack","floor":6.0,"key":"SMITH"},{"data":"Neutralize","floor":8,"key":"SMITH"}],"neow_cost":"NONE","seed_source_timestamp":2116866733141,"circlet_count":0,"master_deck":["AscendersBane","Defend_G","Defend_G","Defend_G","Defend_G","Defend_G","Strike_G","Strike_G+1","Strike_G+1","Survivor","Neutralize+1","All Out Attack+1","Tactician","Dagger Throw","Terror","Leg Sweep"],"special_seed":0,"relics":["Black Star","MawBank","Sundial","Matryoshka","Whetstone"],"potions_floor_usage":[10],"damage_taken":[{"damage":1.0,"enemies":"Small Slimes","floor":1.0,"turns":3.0},{"damage":0.0,"enemies":"2 Louse","floor":2.0,"turns":2.0},{"damage":2.0,"enemies":"Jaw Worm","floor":3.0,"turns":6.0},{"damage":34,"enemies":"Lagavulin","floor":10,"turns":7},{"damage":3,"enemies":"Blue Slaver","floor":12,"turns":5},{"damage":0,"enemies":"3 Sentries","floor":13,"turns":2}],"seed_played":"-4291806393878810266","potions_obtained":[{"floor":3.0,"key":"PowerPotion"},{"floor":10,"key":"Fire Potion"}],"is_trial":false,"path_per_floor":["M","M","M","$","?","R","?","R","T","E","?","M","E"],"character_chosen":"THE_SILENT","items_purchased":[],"campfire_rested":0,"item_purchase_floors":[],"current_hp_per_floor":[58,58,56,56,56,56,56,56,56,22,11,8,8],"gold":276,"neow_bonus":"BOSS_RELIC","is_prod":false,"is_daily":false,"chose_seed":false,"campfire_upgraded":2,"win_rate":0,"timestamp":1549311531,"path_taken":["M","M","M","$","?","R","?","R","T","E","?","M","E"],"build_version":"2019-01-23","purchased_purges":1,"victory":false,"max_hp_per_floor":[66,66,66,66,66,66,66,66,66,66,66,66,66],"card_choices":[{"not_picked":["Underhanded Strike","Flying Knee"],"picked":"All Out Attack","floor":1.0},{"not_picked":["Underhanded Strike","Blur"],"picked":"Tactician","floor":2.0},{"not_picked":["Deflect","PiercingWail"],"picked":"Dagger Throw","floor":3.0},{"not_picked":["Dagger Throw","Eviscerate"],"picked":"Leg Sweep","floor":10},{"not_picked":["Blade Dance","Setup","Crippling Poison"],"picked":"SKIP","floor":12}],"player_experience":2532151,"relics_obtained":[{"floor":9,"key":"Sundial"},{"floor":10,"key":"Matryoshka"},{"floor":10,"key":"Whetstone"}],"event_choices":[{"damage_healed":0.0,"max_hp_gain":0.0,"max_hp_loss":0.0,"gold_gain":0.0,"cards_transformed":["Strike_G"],"event_name":"Living Wall","player_choice":"Change","floor":5.0,"gold_loss":0.0,"damage_taken":0.0,"cards_obtained":["Terror"]},{"damage_healed":0,"gold_gain":0,"player_choice":"Searched \u00271\u0027 times","damage_taken":0,"relics_obtained":["MawBank"],"max_hp_gain":0,"max_hp_loss":0,"event_name":"Dead Adventurer","floor":7,"gold_loss":0},{"damage_healed":0,"gold_gain":75,"player_choice":"Gather Gold","damage_taken":11,"max_hp_gain":0,"max_hp_loss":0,"event_name":"World of Goop","floor":11,"gold_loss":0}],"is_beta":false,"boss_relics":[],"items_purged_floors":[4],"is_endless":false,"potions_floor_spawned":[3,10],"killed_by":"3 Sentries","ascension_level":20}