{"gold_per_floor":[367,16,30,41,57,57,7,7,54,84,112,123,137,150,150,247,247,262,276,201,211,211,211,311,326,326,326,326,326,337,353,353,451,451,470,370,387,0,100,100,112,129,179,179,179,179,179,195,195,195],"floor_reached":51,"playtime":1413,"items_purged":["Strike_B","Beam Cell","Scrape"],"score":691,"play_id":"56810a9c-de52-4c00-b949-3c3751cde8b9","local_time":"20190613222004","is_ascension_mode":false,"campfire_choices":[{"data":"Static Discharge","floor":6.0,"key":"SMITH"},{"data":"Zap","floor":8.0,"key":"SMITH"},{"data":"Dualcast","floor":15.0,"key":"SMITH"},{"data":"Thunder Strike","floor":23.0,"key":"SMITH"},{"data":"Electrodynamics","floor":27.0,"key":"SMITH"},{"data":"Tempest","floor":32.0,"key":"SMITH"},{"data":"Static Discharge","floor":40.0,"key":"SMITH"},{"data":"Thunder Strike","floor":47,"key":"SMITH"},{"data":"Tempest","floor":49,"key":"SMITH"}],"neow_cost":"CURSE","seed_source_timestamp":37978557072625,"circlet_count":0,"master_deck":["Zap+1","Dualcast+1","White Noise","Thunder Strike+1","Static Discharge+1","Conserve Battery","Tempest+1","White Noise+1","Glacier","Glacier","Auto Shields","Electrodynamics+1","Tempest+1","Glacier+1","Thunder Strike+1","Cold Snap","Double Energy","Recycle","Fission","Blizzard","Static Discharge+1","Glacier","Recycle"],"special_seed":0,"relics":["Cracked Core","ClockworkSouvenir","Regal Pillow","Anchor","Odd Mushroom","Snecko Eye","Pandora\u0027s Box","Runic Capacitor","Ginger","War Paint","GremlinMask"],"potions_floor_usage":[50,50,50],"damage_taken":[{"damage":6.0,"enemies":"Jaw Worm","floor":1.0,"turns":3.0},{"damage":0.0,"enemies":"Small Slimes","floor":3.0,"turns":3.0},{"damage":0.0,"enemies":"2 Louse","floor":4.0,"turns":3.0},{"damage":12.0,"enemies":"Exordium Wildlife","floor":5.0,"turns":5.0},{"damage":17.0,"enemies":"The Mushroom Lair","floor":11.0,"turns":3.0},{"damage":1.0,"enemies":"3 Louse","floor":12.0,"turns":3.0},{"damage":0.0,"enemies":"Blue Slaver","floor":13.0,"turns":3.0},{"damage":11.0,"enemies":"Red Slaver","floor":14.0,"turns":3.0},{"damage":23.0,"enemies":"The Guardian","floor":16.0,"turns":6.0},{"damage":0.0,"enemies":"Shell Parasite","floor":18.0,"turns":2.0},{"damage":0.0,"enemies":"Spheric Guardian","floor":19.0,"turns":3.0},{"damage":1.0,"enemies":"Shelled Parasite and Fungi","floor":21.0,"turns":4.0},{"damage":0.0,"enemies":"Snake Plant","floor":25.0,"turns":5.0},{"damage":3.0,"enemies":"Centurion and Healer","floor":30.0,"turns":2.0},{"damage":0.0,"enemies":"Sentry and Sphere","floor":31.0,"turns":2.0},{"damage":17.0,"enemies":"Automaton","floor":33.0,"turns":6.0},{"damage":0.0,"enemies":"3 Shapes","floor":35.0,"turns":3.0},{"damage":4.0,"enemies":"Orb Walker","floor":37.0,"turns":4.0},{"damage":0.0,"enemies":"Mind Bloom Boss Battle","floor":39.0,"turns":3.0},{"damage":2.0,"enemies":"Transient","floor":41.0,"turns":5.0},{"damage":0.0,"enemies":"4 Shapes","floor":42.0,"turns":2.0},{"damage":0,"enemies":"3 Darklings","floor":48,"turns":2},{"damage":27,"enemies":"Time Eater","floor":50,"turns":3}],"seed_played":"3045411567493062700","potions_obtained":[{"floor":1.0,"key":"FocusPotion"},{"floor":3.0,"key":"Dexterity Potion"},{"floor":11.0,"key":"FairyPotion"},{"floor":18.0,"key":"Block Potion"},{"floor":33.0,"key":"FocusPotion"},{"floor":39.0,"key":"SteroidPotion"},{"floor":48,"key":"Ancient Potion"}],"is_trial":false,"path_per_floor":["M","$","M","M","M","R","?","R","T","?","?","M","M","M","R","B",null,"M","M","$","M","?","R","?","M","T","R","?","?","M","M","R","B",null,"M","$","M","$","?","R","M","M","T","?","?","?","R","M","R","B",null],"character_chosen":"DEFECT","items_purchased":["Thunder Strike","Static Discharge","ClockworkSouvenir","Static Discharge","Runic Capacitor"],"campfire_rested":0,"item_purchase_floors":[2,2,2,38,38],"current_hp_per_floor":[69,69,69,69,57,57,57,57,57,57,40,39,39,28,28,5,72,72,72,72,71,58,58,58,58,58,58,58,58,55,55,55,38,77,77,77,73,73,73,73,71,71,71,71,71,71,71,71,71,44],"gold":195,"neow_bonus":"TWO_FIFTY_GOLD","is_prod":false,"is_daily":false,"chose_seed":false,"campfire_upgraded":9,"win_rate":0,"timestamp":1560435604,"path_taken":["M","$","M","M","M","R","?","R","T","?","?","?","M","M","R","BOSS","M","M","$","M","?","R","?","?","T","R","?","?","?","M","R","BOSS","M","$","M","$","?","R","M","M","T","?","?","?","R","M","R","BOSS"],"build_version":"2019-01-23","purchased_purges":3,"victory":true,"max_hp_per_floor":[75,75,75,75,75,75,72,72,72,72,72,72,72,72,72,72,72,72,72,72,72,77,77,77,77,77,77,77,77,77,77,77,77,77,77,77,77,77,77,77,77,77,77,73,73,73,73,73,73,73],"card_choices":[{"not_picked":["Streamline","Stack"],"picked":"White Noise","floor":1.0},{"not_picked":["Gash","Chaos"],"picked":"Conserve Battery","floor":3.0},{"not_picked":["Stack","Reprogram","Leap"],"picked":"SKIP","floor":4.0},{"not_picked":["Gash","Melter"],"picked":"Tempest","floor":5.0},{"not_picked":["Melter","Coolheaded"],"picked":"White Noise","floor":11.0},{"not_picked":["Hologram","Reinforced Body"],"picked":"Glacier","floor":12.0},{"not_picked":["Conserve Battery","Beam Cell"],"picked":"Glacier","floor":13.0},{"not_picked":["Genetic Algorithm","Chaos"],"picked":"Auto Shields","floor":14.0},{"not_picked":["Meteor Strike","All For One"],"picked":"Electrodynamics","floor":16.0},{"not_picked":["Conserve Battery","Sunder"],"picked":"Tempest","floor":18.0},{"not_picked":["Conserve Battery","Loop"],"picked":"Glacier","floor":19.0},{"not_picked":["Reprogram","Consume","Coolheaded"],"picked":"SKIP","floor":21.0},{"not_picked":["Streamline","Genetic Algorithm","Melter"],"picked":"SKIP","floor":25.0},{"not_picked":["Fusion","Chaos","Capacitor+1"],"picked":"SKIP","floor":30.0},{"not_picked":["Beam Cell","Ball Lightning","Streamline+1"],"picked":"SKIP","floor":31.0},{"not_picked":["Fission","Rainbow"],"picked":"Thunder Strike","floor":33.0},{"not_picked":["Aggregate+1","Sweeping Beam","Streamline"],"picked":"SKIP","floor":35.0},{"not_picked":["Steam+1","Leap","Chill"],"picked":"SKIP","floor":37.0},{"not_picked":["Sunder","Sweeping Beam"],"picked":"Glacier","floor":41.0},{"not_picked":["Cold Snap+1","Loop","Sweeping Beam"],"picked":"SKIP","floor":42.0},{"not_picked":["Rip and Tear+1","Beam Cell"],"picked":"Recycle","floor":48}],"player_experience":5167224,"relics_obtained":[{"floor":9.0,"key":"Regal Pillow"},{"floor":11.0,"key":"Odd Mushroom"},{"floor":39.0,"key":"Ginger"},{"floor":43.0,"key":"War Paint"}],"event_choices":[{"cards_removed":["Parasite"],"damage_healed":0.0,"max_hp_gain":0.0,"max_hp_loss":0.0,"gold_gain":0.0,"event_name":"The Cleric","player_choice":"Card Removal","floor":7.0,"gold_loss":50.0,"damage_taken":0.0},{"damage_healed":0.0,"max_hp_gain":0.0,"max_hp_loss":0.0,"gold_gain":30.0,"event_name":"Dead Adventurer","player_choice":"Searched \u00272\u0027 times","floor":10.0,"gold_loss":0.0,"damage_taken":0.0,"relics_obtained":["Anchor"]},{"damage_healed":0.0,"max_hp_gain":0.0,"max_hp_loss":0.0,"gold_gain":0.0,"event_name":"Mushrooms","player_choice":"Fought Mushrooms","floor":11.0,"gold_loss":0.0,"damage_taken":0.0},{"damage_healed":0.0,"max_hp_gain":5.0,"max_hp_loss":0.0,"gold_gain":0.0,"event_name":"Forgotten Altar","player_choice":"Shed Blood","floor":22.0,"gold_loss":0.0,"damage_taken":18.0},{"damage_healed":0.0,"max_hp_gain":0.0,"max_hp_loss":0.0,"gold_gain":100.0,"event_name":"Golden Shrine","player_choice":"Pray","floor":24.0,"gold_loss":0.0,"damage_taken":0.0},{"damage_healed":0.0,"max_hp_gain":0.0,"max_hp_loss":0.0,"gold_gain":0.0,"event_name":"Vampires","player_choice":"Ignored","floor":28.0,"gold_loss":0.0,"damage_taken":0.0},{"damage_healed":0.0,"max_hp_gain":0.0,"max_hp_loss":0.0,"gold_gain":0.0,"cards_transformed":["Strike_B","Strike_B"],"event_name":"Drug Dealer","player_choice":"Became Test Subject","floor":29.0,"gold_loss":0.0,"damage_taken":0.0,"cards_obtained":["Scrape","Beam Cell"]},{"damage_healed":0.0,"max_hp_gain":0.0,"max_hp_loss":0.0,"gold_gain":0.0,"event_name":"MindBloom","player_choice":"Fight","floor":39.0,"gold_loss":0.0,"damage_taken":0.0},{"damage_healed":0.0,"max_hp_gain":0.0,"max_hp_loss":4.0,"gold_gain":0.0,"event_name":"Winding Halls","player_choice":"Max HP","floor":44.0,"gold_loss":0.0,"damage_taken":0.0},{"damage_healed":0.0,"max_hp_gain":0.0,"max_hp_loss":0.0,"gold_gain":0.0,"event_name":"SensoryStone","player_choice":"Memory 1","floor":45.0,"gold_loss":0.0,"damage_taken":0.0},{"damage_healed":0,"gold_gain":0,"player_choice":"Trade","damage_taken":0,"relics_obtained":["GremlinMask"],"max_hp_gain":0,"max_hp_loss":0,"event_name":"FaceTrader","floor":46,"gold_loss":0}],"is_beta":false,"boss_relics":[{"not_picked":["Tiny House","Sozu"],"picked":"Snecko Eye"},{"not_picked":["Runic Pyramid","Eternal Feather"],"picked":"Pandora\u0027s Box"}],"items_purged_floors":[20,36,38],"is_endless":false,"potions_floor_spawned":[1,3,11,14,18,19,21,33,39,48],"ascension_level":0}