{"gold_per_floor":[17,28,45,65,65,65,95,95,120,120,132,142,142,155,155,232,232,250,250,175,164,179,179,208,208,286,286,0,0,10,10,10,10],"floor_reached":33,"playtime":959,"items_purged":[],"score":481,"play_id":"0420d25b-96dc-43dc-8f8f-440ddbe08b31","local_time":"20190129232002","is_ascension_mode":true,"campfire_choices":[{"data":"Neutralize","floor":6,"key":"SMITH"},{"data":"Bouncing Flask","floor":8,"key":"SMITH"},{"data":"Footwork","floor":10,"key":"SMITH"},{"data":"Acrobatics","floor":15,"key":"SMITH"},{"data":"Tactician","floor":23,"key":"SMITH"},{"data":"Backflip","floor":27,"key":"SMITH"},{"data":"Backflip","floor":29,"key":"SMITH"},{"data":"Escape Plan","floor":32,"key":"SMITH"}],"neow_cost":"NO_GOLD","seed_source_timestamp":0,"circlet_count":0,"master_deck":["AscendersBane","Defend_G","Defend_G","Defend_G","Defend_G","Strike_G","Strike_G","Strike_G","Survivor","Neutralize+1","Footwork+1","Tactician+1","Backstab","Bouncing Flask+1","Acrobatics+1","Backflip+1","Backflip+1","Escape Plan+1"],"relics":["Ring of the Snake","Strawberry","Omamori","Coffee Dripper","Bronze Scales","Shuriken","StoneCalendar"],"potions_floor_usage":[7,7,11,16,33],"damage_taken":[{"damage":1,"enemies":"Cultist","floor":1,"turns":5},{"damage":0,"enemies":"Small Slimes","floor":2,"turns":4},{"damage":0,"enemies":"Jaw Worm","floor":3,"turns":7},{"damage":4,"enemies":"3 Louse","floor":4,"turns":6},{"damage":28,"enemies":"3 Sentries","floor":7,"turns":13},{"damage":0,"enemies":"Exordium Thugs","floor":11,"turns":3},{"damage":1,"enemies":"Large Slime","floor":12,"turns":6},{"damage":9,"enemies":"Blue Slaver","floor":14,"turns":3},{"damage":14,"enemies":"The Guardian","floor":16,"turns":11},{"damage":0,"enemies":"Spheric Guardian","floor":18,"turns":3},{"damage":4,"enemies":"2 Thieves","floor":21,"turns":4},{"damage":16,"enemies":"Sentry and Sphere","floor":22,"turns":7},{"damage":12,"enemies":"Book of Stabbing","floor":24,"turns":6},{"damage":0,"enemies":"Snake Plant","floor":30,"turns":4},{"damage":13,"enemies":"Automaton","floor":33,"turns":6}],"seed_played":"3838731158","potions_obtained":[{"floor":1,"key":"GamblersBrew"},{"floor":2,"key":"Block Potion"},{"floor":7,"key":"Fire Potion"},{"floor":12,"key":"SpeedPotion"},{"floor":22,"key":"EntropicBrew"}],"is_trial":false,"path_per_floor":["M","M","M","M","?","R","E","R","T","R","M","M","?","M","R","B",null,"M","?","?","M","M","R","E","?","T","R","?","R","M","T","R","B"],"character_chosen":"THE_SILENT","items_purchased":[],"campfire_rested":0,"item_purchase_floors":[],"current_hp_per_floor":[58,58,58,54,59,59,38,38,38,38,38,37,32,23,23,9,61,61,39,39,35,19,19,7,7,7,7,7,7,7,7,7,0],"gold":10,"neow_bonus":"REMOVE_TWO","is_prod":false,"is_daily":false,"chose_seed":true,"campfire_upgraded":8,"win_rate":0,"timestamp":1548775202,"path_taken":["M","M","M","M","?","R","E","R","T","R","M","M","?","M","R","BOSS","M","?","?","?","M","R","E","?","T","R","?","R","M","?","R","BOSS"],"build_version":"2019-01-23","purchased_purges":0,"victory":false,"max_hp_per_floor":[66,66,66,66,71,71,78,78,78,78,78,78,78,78,78,78,78,78,83,83,83,83,83,83,83,83,83,83,83,83,83,83,83],"card_choices":[{"not_picked":["Calculated Gamble","Eviscerate"],"picked":"Footwork","floor":1},{"not_picked":["Dagger Spray","Expertise"],"picked":"Tactician","floor":2},{"not_picked":["Setup","Flying Knee","Bane"],"picked":"SKIP","floor":3},{"not_picked":["Bane","PiercingWail"],"picked":"Backstab","floor":4},{"not_picked":["Eviscerate","Deadly Poison"],"picked":"Bouncing Flask","floor":7},{"not_picked":["Underhanded Strike","Dash"],"picked":"Acrobatics","floor":11},{"not_picked":["Masterful Stab","Deflect","PiercingWail"],"picked":"SKIP","floor":12},{"not_picked":["Tactician","Poisoned Stab"],"picked":"Backflip","floor":14},{"not_picked":["Blade Dance","Bane"],"picked":"Backflip","floor":18},{"not_picked":["Reflex","Dagger Spray","Caltrops+1"],"picked":"SKIP","floor":21},{"not_picked":["Flechettes","All Out Attack","Dodge and Roll"],"picked":"SKIP","floor":22},{"not_picked":["All Out Attack","Glass Knife"],"picked":"Escape Plan","floor":24},{"not_picked":["Masterful Stab+1","Slice","Prepared"],"picked":"SKIP","floor":30}],"player_experience":2392543,"relics_obtained":[{"floor":7,"key":"Strawberry"},{"floor":24,"key":"Bronze Scales"},{"floor":26,"key":"Shuriken"},{"floor":31,"key":"StoneCalendar"}],"event_choices":[{"damage_healed":0,"gold_gain":0,"player_choice":"Donut","damage_taken":0,"max_hp_gain":5,"max_hp_loss":0,"event_name":"Big Fish","floor":5,"gold_loss":0},{"damage_healed":0,"gold_gain":0,"player_choice":"Success","damage_taken":5,"relics_obtained":["Omamori"],"max_hp_gain":0,"max_hp_loss":0,"event_name":"Scrap Ooze","floor":13,"gold_loss":0},{"damage_healed":0,"gold_gain":0,"player_choice":"Shed Blood","damage_taken":27,"max_hp_gain":5,"max_hp_loss":0,"event_name":"Forgotten Altar","floor":19,"gold_loss":0},{"cards_removed":["Strike_G"],"damage_healed":0,"gold_gain":0,"player_choice":"Gave Gold","damage_taken":0,"max_hp_gain":0,"max_hp_loss":0,"event_name":"Beggar","floor":20,"gold_loss":75},{"damage_healed":0,"gold_gain":0,"player_choice":"Ignored","damage_taken":0,"max_hp_gain":0,"max_hp_loss":0,"event_name":"Cursed Tome","floor":25,"gold_loss":0},{"damage_healed":0,"gold_gain":0,"player_choice":"Paid Fearfully","damage_taken":0,"max_hp_gain":0,"max_hp_loss":0,"event_name":"Masked Bandits","floor":28,"gold_loss":286}],"is_beta":false,"boss_relics":[{"not_picked":["Runic Dome","Cursed Key"],"picked":"Coffee Dripper"}],"items_purged_floors":[],"is_endless":false,"potions_floor_spawned":[1,2,7,12,22],"killed_by":"Automaton","ascension_level":16}