{"gold_per_floor":[117,117,136,61,74,74,90,118,199,199,212,212,224,53,53,127,127,137,137,154,204,129,129,129],"floor_reached":24,"playtime":552,"items_purged":["Pain"],"score":392,"play_id":"8f602441-656a-4de5-afea-b6f6bfcb3eca","local_time":"20181231172856","is_ascension_mode":true,"campfire_choices":[{"data":"Defragment","floor":6,"key":"SMITH"},{"data":"Loop","floor":10,"key":"SMITH"},{"data":"Strike_B","floor":15,"key":"PURGE"},{"data":"Fission","floor":23,"key":"SMITH"}],"neow_cost":"NONE","seed_source_timestamp":22858279593740,"circlet_count":0,"master_deck":["AscendersBane","Strike_B","Defend_B","Zap","Dualcast","Loop+1","Defragment+1","Conserve Battery","Core Surge","Streamline","Echo Form","Beam Cell+1","Fusion+1","Glacier+1","Fission+1"],"relics":["Cracked Core","NeowsBlessing","WarpedTongs","Peace Pipe","DataDisk","Astrolabe"],"potions_floor_usage":[16,18,20],"damage_taken":[{"damage":0,"enemies":"2 Louse","floor":1,"turns":1},{"damage":0,"enemies":"Cultist","floor":3,"turns":1},{"damage":0,"enemies":"Jaw Worm","floor":5,"turns":1},{"damage":12,"enemies":"Large Slime","floor":7,"turns":4},{"damage":10,"enemies":"Lagavulin","floor":8,"turns":7},{"damage":5,"enemies":"2 Fungi Beasts","floor":11,"turns":3},{"damage":1,"enemies":"3 Louse","floor":13,"turns":3},{"damage":8,"enemies":"Slime Boss","floor":16,"turns":8},{"damage":10,"enemies":"2 Thieves","floor":18,"turns":4},{"damage":18,"enemies":"3 Byrds","floor":20,"turns":2},{"damage":32,"enemies":"Book of Stabbing","floor":24,"turns":3}],"seed_played":"303693841338060919","potions_obtained":[{"floor":1,"key":"LiquidBronze"},{"floor":7,"key":"Block Potion"},{"floor":16,"key":"Block Potion"},{"floor":18,"key":"EssenceOfSteel"},{"floor":20,"key":"Explosive Potion"}],"is_trial":false,"path_per_floor":["M","?","M","$","M","R","M","E","T","R","M","?","M","$","R","B",null,"M","?","M","?","?","R","E"],"character_chosen":"DEFECT","items_purchased":["DataDisk"],"campfire_rested":0,"item_purchase_floors":[14],"current_hp_per_floor":[64,64,64,64,64,64,52,42,42,42,37,30,29,29,29,21,59,49,49,31,31,31,31,0],"gold":129,"neow_bonus":"THREE_ENEMY_KILL","is_prod":false,"is_daily":false,"chose_seed":false,"campfire_upgraded":3,"win_rate":0,"timestamp":1546248536,"path_taken":["M","?","M","?","?","R","M","E","T","R","?","?","M","$","R","BOSS","M","?","M","?","?","R","E"],"build_version":"2018-12-20","purchased_purges":1,"victory":false,"max_hp_per_floor":[71,71,71,71,71,71,71,71,71,71,71,71,71,71,71,71,71,71,71,71,71,71,71,71],"card_choices":[{"not_picked":["Barrage","Coolheaded"],"picked":"Loop","floor":1},{"not_picked":["Heatsinks","Sweeping Beam","Compile Driver"],"picked":"SKIP","floor":3},{"not_picked":["Ball Lightning","Chill"],"picked":"Defragment","floor":5},{"not_picked":["Leap","Redo"],"picked":"Conserve Battery","floor":7},{"not_picked":["BootSequence","Force Field","Blizzard"],"picked":"SKIP","floor":8},{"not_picked":["Melter","Coolheaded"],"picked":"Core Surge","floor":11},{"not_picked":["Turbo","Sweeping Beam"],"picked":"Streamline","floor":13},{"not_picked":["Multi-Cast","Meteor Strike"],"picked":"Echo Form","floor":16},{"not_picked":["Go for the Eyes","Beam Cell","Turbo"],"picked":"SKIP","floor":18},{"not_picked":["Steam Power","Ball Lightning"],"picked":"Fission","floor":20}],"player_experience":1627667,"relics_obtained":[{"floor":8,"key":"Peace Pipe"}],"event_choices":[{"damage_healed":0,"gold_gain":0,"player_choice":"Rummage","damage_taken":0,"relics_obtained":["WarpedTongs"],"max_hp_gain":0,"max_hp_loss":0,"event_name":"Accursed Blacksmith","floor":2,"gold_loss":0,"cards_obtained":["Pain"]},{"cards_removed":["Strike_B"],"damage_healed":0,"gold_gain":0,"player_choice":"Card Removal","damage_taken":7,"max_hp_gain":0,"max_hp_loss":0,"event_name":"Golden Wing","floor":12,"gold_loss":0},{"damage_healed":0,"gold_gain":0,"player_choice":"Ignored","damage_taken":0,"max_hp_gain":0,"max_hp_loss":0,"event_name":"The Mausoleum","floor":19,"gold_loss":0},{"damage_healed":0,"gold_gain":50,"player_choice":"Stole From Cult","damage_taken":0,"max_hp_gain":0,"max_hp_loss":0,"event_name":"Nest","floor":21,"gold_loss":0},{"cards_removed":["Defend_B"],"damage_healed":0,"gold_gain":0,"player_choice":"Gave Gold","damage_taken":0,"max_hp_gain":0,"max_hp_loss":0,"event_name":"Beggar","floor":22,"gold_loss":75}],"is_beta":false,"boss_relics":[{"not_picked":["Busted Crown","Snecko Eye"],"picked":"Astrolabe"}],"items_purged_floors":[4],"is_endless":false,"potions_floor_spawned":[1,7,11,16,18,20],"killed_by":"Book of Stabbing","ascension_level":20}