{"gold_per_floor":[14,33,33,54,54,67,81,117,170,170,195,228,228,243,243,338,338,356,356,27,27,27,27,40,40,92,111,140,156,156,5,5,84,84,99,154,168,181,181,216,216,231,231,131,149,178,178,178,178,178,178,178,178,53,83,83],"floor_reached":57,"playtime":3271,"items_purged":["Streamline","Pain","Streamline"],"score":3009,"play_id":"ebd018aa-3dc4-4135-afe3-24f60f1b0024","local_time":"20190221200956","is_ascension_mode":true,"campfire_choices":[{"floor":10.0,"key":"REST"},{"data":"Coolheaded","floor":13.0,"key":"SMITH"},{"data":"Hologram","floor":15.0,"key":"SMITH"},{"data":"Dualcast","floor":23.0,"key":"SMITH"},{"data":"Zap","floor":25.0,"key":"SMITH"},{"data":"Consume","floor":32.0,"key":"SMITH"},{"data":"Seek","floor":41.0,"key":"SMITH"},{"floor":47.0,"key":"RECALL"},{"data":"Recycle","floor":49.0,"key":"SMITH"},{"data":"Loop","floor":53.0,"key":"SMITH"}],"neow_cost":"NO_GOLD","seed_source_timestamp":343215213219278,"circlet_count":0,"master_deck":["AscendersBane","Zap+1","Dualcast+1","Ball Lightning","Coolheaded+1","Hologram+1","FTL","FTL","Glacier","Coolheaded","Cold Snap","Buffer","Glacier","Coolheaded","Loop+1","Self Repair","Meteor Strike","Electrodynamics","Turbo+1","Defragment+1","Blizzard","Consume+1","Seek+1","Double Energy","Recycle+1","Skim","Hologram+1","BootSequence"],"special_seed":0,"relics":["Cracked Core","Gambling Chip","Bloody Idol","Art of War","PreservedInsect","Symbiotic Virus","Pandora\u0027s Box","Runic Capacitor","Bronze Scales","Bag of Preparation","Inserter","Turnip","WarpedTongs","Bag of Marbles","Ice Cream","Lantern"],"potions_floor_usage":[56],"damage_taken":[{"damage":0.0,"enemies":"2 Louse","floor":1.0,"turns":2.0},{"damage":0.0,"enemies":"Small Slimes","floor":2.0,"turns":3.0},{"damage":0.0,"enemies":"Cultist","floor":4.0,"turns":4.0},{"damage":17.0,"enemies":"Large Slime","floor":6.0,"turns":6.0},{"damage":23.0,"enemies":"Exordium Wildlife","floor":7.0,"turns":5.0},{"damage":11.0,"enemies":"3 Sentries","floor":8.0,"turns":6.0},{"damage":6.0,"enemies":"3 Louse","floor":11.0,"turns":3.0},{"damage":6.0,"enemies":"Gremlin Nob","floor":12.0,"turns":3.0},{"damage":0.0,"enemies":"Red Slaver","floor":14.0,"turns":3.0},{"damage":4.0,"enemies":"Hexaghost","floor":16.0,"turns":8.0},{"damage":0.0,"enemies":"Chosen","floor":18.0,"turns":4.0},{"damage":8.0,"enemies":"Shell Parasite","floor":24.0,"turns":7.0},{"damage":0.0,"enemies":"Snecko","floor":27.0,"turns":4.0},{"damage":18.0,"enemies":"Book of Stabbing","floor":28.0,"turns":4.0},{"damage":0.0,"enemies":"3 Cultists","floor":29.0,"turns":5.0},{"damage":16.0,"enemies":"Collector","floor":33.0,"turns":10.0},{"damage":9.0,"enemies":"Orb Walker","floor":35.0,"turns":2.0},{"damage":12.0,"enemies":"2 Orb Walkers","floor":36.0,"turns":5.0},{"damage":0.0,"enemies":"3 Shapes","floor":37.0,"turns":3.0},{"damage":13.0,"enemies":"Transient","floor":38.0,"turns":6.0},{"damage":5.0,"enemies":"Reptomancer","floor":40.0,"turns":4.0},{"damage":3.0,"enemies":"Maw","floor":42.0,"turns":6.0},{"damage":0.0,"enemies":"Sphere and 2 Shapes","floor":45.0,"turns":2.0},{"damage":0.0,"enemies":"Giant Head","floor":46.0,"turns":9.0},{"damage":0.0,"enemies":"Awakened One","floor":50.0,"turns":13.0},{"damage":0.0,"enemies":"Donu and Deca","floor":51.0,"turns":8.0},{"damage":35.0,"enemies":"Shield and Spear","floor":55.0,"turns":6.0},{"damage":40,"enemies":"The Heart","floor":56,"turns":12}],"seed_played":"-4638284422837634919","potions_obtained":[{"floor":1.0,"key":"Fire Potion"},{"floor":2.0,"key":"Strength Potion"},{"floor":8.0,"key":"LiquidBronze"},{"floor":22.0,"key":"Swift Potion"},{"floor":22.0,"key":"FairyPotion"},{"floor":28.0,"key":"SkillPotion"},{"floor":35.0,"key":"SkillPotion"},{"floor":36.0,"key":"SkillPotion"},{"floor":46.0,"key":"GamblersBrew"},{"floor":55.0,"key":"PowerPotion"}],"is_trial":false,"path_per_floor":["M","M","?","M","?","M","M","E","T","R","M","E","R","M","R","B",null,"M","?","$","?","?","R","M","R","T","M","E","M","?","$","R","B",null,"M","?","M","M","?","E","R","M","T","$","M","E","R","?","R","B","B",null,"R","$","E","B",null],"character_chosen":"DEFECT","items_purchased":["Runic Capacitor","Self Repair","Blizzard","Consume"],"campfire_rested":1,"item_purchase_floors":[20,20,31,31],"current_hp_per_floor":[64,64,64,64,64,47,24,13,13,32,26,20,20,20,20,16,52,52,52,52,52,52,52,56,56,61,64,58,64,64,64,64,60,63,59,59,64,63,63,64,64,64,64,64,64,64,64,64,64,64,64,64,64,64,41,11],"gold":83,"neow_bonus":"ONE_RARE_RELIC","is_prod":false,"is_daily":false,"chose_seed":false,"campfire_upgraded":8,"win_rate":0,"timestamp":1550750996,"path_taken":["M","M","?","M","?","M","M","E","T","R","M","E","R","?","R","BOSS","M","?","$","?","?","R","M","R","T","M","E","?","?","$","R","BOSS","M","?","M","M","?","E","R","M","T","$","?","E","R","?","R","BOSS","BOSS","R","$","E","BOSS"],"build_version":"2019-01-23","purchased_purges":3,"victory":true,"max_hp_per_floor":[71,71,64,64,64,64,64,64,64,64,64,64,64,64,64,64,64,64,64,64,64,64,64,64,64,64,64,64,64,64,64,64,64,64,64,64,64,64,64,64,64,64,64,64,64,64,64,64,64,64,64,64,64,64,64,64],"card_choices":[{"not_picked":["Scrape","Go for the Eyes"],"picked":"Ball Lightning","floor":1.0},{"not_picked":["Streamline","Ball Lightning"],"picked":"Coolheaded","floor":2.0},{"not_picked":["Sweeping Beam","Tempest"],"picked":"Hologram","floor":4.0},{"not_picked":["Streamline","Rebound"],"picked":"FTL","floor":6.0},{"not_picked":["Rebound","Rip and Tear"],"picked":"FTL","floor":7.0},{"not_picked":["Core Surge","Consume"],"picked":"Glacier","floor":8.0},{"not_picked":["Hologram","Genetic Algorithm"],"picked":"Coolheaded","floor":11.0},{"not_picked":["FTL","Sweeping Beam","Leap"],"picked":"SKIP","floor":12.0},{"not_picked":["Leap","Hello World"],"picked":"Cold Snap","floor":14.0},{"not_picked":["Creative AI","Rainbow"],"picked":"Buffer","floor":16.0},{"not_picked":["Static Discharge","Storm","Hello World"],"picked":"SKIP","floor":18.0},{"not_picked":["Capacitor","Leap","Gash"],"picked":"SKIP","floor":24.0},{"not_picked":["Hologram","Conserve Battery"],"picked":"Turbo+1","floor":27.0},{"not_picked":["Compile Driver","Amplify"],"picked":"Defragment+1","floor":28.0},{"not_picked":["Steam","Sweeping Beam","Rebound"],"picked":"SKIP","floor":29.0},{"not_picked":["Thunder Strike","Fission"],"picked":"Seek","floor":33.0},{"not_picked":["Cold Snap+1","Go for the Eyes","Hologram"],"picked":"SKIP","floor":35.0},{"not_picked":["Sunder","Coolheaded"],"picked":"Double Energy","floor":37.0},{"not_picked":["Turbo","Stack+1"],"picked":"Recycle","floor":38.0},{"not_picked":["Leap","Steam+1","White Noise"],"picked":"SKIP","floor":40.0},{"not_picked":["Compile Driver","Gash+1"],"picked":"Skim","floor":42.0},{"not_picked":["Amplify","FTL"],"picked":"Hologram+1","floor":45.0},{"not_picked":["Storm","Sweeping Beam","Beam Cell"],"picked":"SKIP","floor":46.0},{"not_picked":["Gash","Hologram"],"picked":"BootSequence","floor":55.0}],"player_experience":885489,"relics_obtained":[{"floor":8.0,"key":"Art of War"},{"floor":9.0,"key":"PreservedInsect"},{"floor":12.0,"key":"Symbiotic Virus"},{"floor":26.0,"key":"Bronze Scales"},{"floor":28.0,"key":"Bag of Preparation"},{"floor":36.0,"key":"Turnip"},{"floor":40.0,"key":"Bag of Marbles"},{"floor":46.0,"key":"Ice Cream"},{"floor":55.0,"key":"Lantern"}],"event_choices":[{"damage_healed":0.0,"max_hp_gain":0.0,"max_hp_loss":7.0,"gold_gain":0.0,"event_name":"Golden Idol","player_choice":"Lose Max HP","floor":3.0,"gold_loss":0.0,"damage_taken":0.0,"relics_obtained":["Golden Idol"]},{"cards_removed":["Strike_B"],"damage_healed":0.0,"max_hp_gain":0.0,"max_hp_loss":0.0,"gold_gain":0.0,"event_name":"Bonfire Elementals","player_choice":"Offered Basic","floor":5.0,"gold_loss":0.0,"damage_taken":0.0},{"damage_healed":0.0,"max_hp_gain":0.0,"max_hp_loss":0.0,"gold_gain":0.0,"event_name":"Forgotten Altar","player_choice":"Gave Idol","floor":19.0,"relics_lost":["Golden Idol"],"gold_loss":0.0,"damage_taken":0.0,"relics_obtained":["Bloody Idol"]},{"damage_healed":0.0,"max_hp_gain":0.0,"max_hp_loss":0.0,"gold_gain":0.0,"cards_transformed":["Streamline","FTL"],"event_name":"Drug Dealer","player_choice":"Became Test Subject","floor":21.0,"gold_loss":0.0,"damage_taken":0.0,"cards_obtained":["Meteor Strike","Electrodynamics"]},{"damage_healed":0.0,"max_hp_gain":0.0,"max_hp_loss":0.0,"gold_gain":0.0,"event_name":"Lab","player_choice":"Got Potions","floor":22.0,"gold_loss":0.0,"damage_taken":0.0},{"damage_healed":0.0,"max_hp_gain":0.0,"max_hp_loss":0.0,"gold_gain":0.0,"event_name":"Vampires","player_choice":"Ignored","floor":30.0,"gold_loss":0.0,"damage_taken":0.0},{"damage_healed":0.0,"max_hp_gain":0.0,"max_hp_loss":0.0,"gold_gain":0.0,"event_name":"Mysterious Sphere","player_choice":"Fight","floor":36.0,"gold_loss":0.0,"damage_taken":0.0},{"damage_healed":0.0,"max_hp_gain":0.0,"max_hp_loss":0.0,"gold_gain":0.0,"event_name":"Accursed Blacksmith","player_choice":"Rummage","floor":39.0,"gold_loss":0.0,"damage_taken":0.0,"relics_obtained":["WarpedTongs"],"cards_obtained":["Pain"]},{"damage_healed":0.0,"max_hp_gain":0.0,"max_hp_loss":0.0,"gold_gain":0.0,"event_name":"Tomb of Lord Red Mask","player_choice":"Ignored","floor":48.0,"gold_loss":0.0,"damage_taken":0.0}],"is_beta":false,"boss_relics":[{"not_picked":["Runic Dome","Cursed Key"],"picked":"Pandora\u0027s Box"},{"not_picked":["Astrolabe","Velvet Choker"],"picked":"Inserter"}],"items_purged_floors":[20,44,54],"is_endless":false,"potions_floor_spawned":[1,2,6,8,14,28,33,35,36,40,46,55],"ascension_level":20}