{"gold_per_floor":[360,380,1,13,33,33,33,33,33,50,83,100,100],"floor_reached":13,"playtime":417,"items_purged":[],"score":174,"play_id":"aaabceef-2ecc-4ba5-8025-6180a8c4d632","local_time":"20190218231945","is_ascension_mode":true,"campfire_choices":[{"data":"Neutralize","floor":6.0,"key":"SMITH"},{"data":"Masterful Stab","floor":8.0,"key":"SMITH"}],"neow_cost":"PERCENT_DAMAGE","seed_source_timestamp":54654229672036,"circlet_count":0,"master_deck":["AscendersBane","Defend_G","Defend_G","Defend_G","Defend_G","Defend_G","Strike_G","Strike_G","Strike_G","Strike_G","Survivor","Neutralize+1","Endless Agony","Dagger Throw","Masterful Stab+1","Footwork","Backstab","Catalyst","Grand Finale"],"special_seed":0,"relics":["Ring of the Snake","Pantograph","Singing Bowl"],"potions_floor_usage":[],"damage_taken":[{"damage":2.0,"enemies":"Jaw Worm","floor":1.0,"turns":7.0},{"damage":0.0,"enemies":"Cultist","floor":2.0,"turns":4.0},{"damage":0.0,"enemies":"Small Slimes","floor":4.0,"turns":2.0},{"damage":0.0,"enemies":"Blue Slaver","floor":5.0,"turns":4.0},{"damage":2.0,"enemies":"Red Slaver","floor":10.0,"turns":4.0},{"damage":19.0,"enemies":"Lagavulin","floor":11.0,"turns":7.0},{"damage":18,"enemies":"Exordium Thugs","floor":12,"turns":6},{"damage":28,"enemies":"Gremlin Nob","floor":13,"turns":3}],"seed_played":"-260331423779122799","potions_obtained":[{"floor":1.0,"key":"Poison Potion"},{"floor":5.0,"key":"LiquidBronze"},{"floor":12,"key":"Explosive Potion"}],"is_trial":false,"path_per_floor":["M","M","$","M","M","R","?","R","T","M","E","M","E"],"character_chosen":"THE_SILENT","items_purchased":["Masterful Stab","Footwork","Pantograph"],"campfire_rested":0,"item_purchase_floors":[3,3,3],"current_hp_per_floor":[42,42,42,42,42,42,42,42,42,40,23,7,0],"gold":100,"neow_bonus":"TWO_FIFTY_GOLD","is_prod":false,"is_daily":false,"chose_seed":false,"campfire_upgraded":2,"win_rate":0,"timestamp":1550503185,"path_taken":["M","M","$","M","M","R","?","R","T","M","E","M","E"],"build_version":"2019-01-23","purchased_purges":0,"victory":false,"max_hp_per_floor":[66,66,66,66,66,66,66,66,66,66,68,70,70],"card_choices":[{"not_picked":["Eviscerate","Blade Dance"],"picked":"Endless Agony","floor":1.0},{"not_picked":["Heel Hook","PiercingWail"],"picked":"Dagger Throw","floor":2.0},{"not_picked":["Sucker Punch","Quick Slash","Eviscerate"],"picked":"SKIP","floor":4.0},{"not_picked":["Masterful Stab","Bane"],"picked":"Backstab","floor":5.0},{"not_picked":["Bane","Dagger Throw"],"picked":"Grand Finale","floor":10.0},{"not_picked":["Choke","Prepared","Dash"],"picked":"Singing Bowl","floor":11.0},{"not_picked":["Sucker Punch","Deflect","Quick Slash"],"picked":"Singing Bowl","floor":12}],"player_experience":2928371,"relics_obtained":[{"floor":11.0,"key":"Singing Bowl"}],"event_choices":[{"damage_healed":0.0,"max_hp_gain":0.0,"max_hp_loss":0.0,"gold_gain":0.0,"cards_transformed":["Strike_G"],"event_name":"Transmorgrifier","player_choice":"Transformed","floor":7.0,"gold_loss":0.0,"damage_taken":0.0,"cards_obtained":["Catalyst"]}],"is_beta":false,"boss_relics":[],"items_purged_floors":[],"is_endless":false,"potions_floor_spawned":[1,5,12],"killed_by":"Gremlin Nob","ascension_level":20}