{"gold_per_floor":[109,109,109,27,127,161,161,174,256,256,279,279,204,227,227,355,355,380,305,325,74,74,74,92,92,116,215,253,253,296,311,311,439,439,460,138,438,454,454,489,557,118,118,143,143,143,143,167,167,167],"floor_reached":51,"playtime":1120,"items_purged":["Strike_G","Strike_G","Strike_G+1","Defend_G"],"score":889,"play_id":"7d7266f1-2ca3-4975-a43d-e78d4756dc9d","local_time":"20190717030308","is_ascension_mode":false,"campfire_choices":[{"data":"Noxious Fumes","floor":7.0,"key":"SMITH"},{"data":"Bouncing Flask","floor":10.0,"key":"SMITH"},{"data":"Crippling Poison","floor":12.0,"key":"SMITH"},{"data":"Neutralize","floor":15.0,"key":"SMITH"},{"floor":23,"key":"REST"},{"floor":25,"key":"REST"},{"floor":29,"key":"REST"},{"floor":32,"key":"REST"},{"data":"Defend_G","floor":45,"key":"PURGE"},{"data":"Survivor","floor":49,"key":"PURGE"}],"neow_cost":"TEN_PERCENT_HP_LOSS","seed_source_timestamp":30920295073513,"circlet_count":0,"master_deck":["Defend_G","Neutralize+1","Bouncing Flask+1","Noxious Fumes+1","Crippling Poison+1","Corpse Explosion","Backflip","Footwork","Deadly Poison+1","Night Terror","PiercingWail+1"],"special_seed":0,"relics":["Ring of the Snake","Golden Idol","Anchor","Sundial","Fusion Hammer","Snake Skull","Boot","Strawberry","Red Mask","Runic Pyramid","TwistedFunnel","Ancient Tea Set","Ginger","Peace Pipe","Blood Vial"],"potions_floor_usage":[41,50],"damage_taken":[{"damage":0.0,"enemies":"2 Louse","floor":1.0,"turns":3.0},{"damage":13.0,"enemies":"Lagavulin","floor":6.0,"turns":7.0},{"damage":0.0,"enemies":"Jaw Worm","floor":8.0,"turns":3.0},{"damage":0.0,"enemies":"Cultist","floor":11.0,"turns":3.0},{"damage":0.0,"enemies":"2 Fungi Beasts","floor":14.0,"turns":3.0},{"damage":10.0,"enemies":"Hexaghost","floor":16.0,"turns":6.0},{"damage":0,"enemies":"Spheric Guardian","floor":18,"turns":2},{"damage":0,"enemies":"3 Byrds","floor":20,"turns":2},{"damage":0,"enemies":"Centurion and Healer","floor":24,"turns":3},{"damage":16,"enemies":"Slavers","floor":28,"turns":3},{"damage":0,"enemies":"Masked Bandits","floor":30,"turns":2},{"damage":0,"enemies":"Cultist and Chosen","floor":31,"turns":3},{"damage":0,"enemies":"Champ","floor":33,"turns":10},{"damage":0,"enemies":"3 Shapes","floor":35,"turns":3},{"damage":1,"enemies":"Orb Walker","floor":38,"turns":3},{"damage":2,"enemies":"Reptomancer","floor":40,"turns":5},{"damage":13,"enemies":"2 Orb Walkers","floor":41,"turns":4},{"damage":0,"enemies":"4 Shapes","floor":44,"turns":2},{"damage":0,"enemies":"3 Darklings","floor":48,"turns":2},{"damage":38,"enemies":"Donu and Deca","floor":50,"turns":6}],"seed_played":"8909640336203074024","potions_obtained":[{"floor":1.0,"key":"FearPotion"},{"floor":14.0,"key":"Energy Potion"},{"floor":24,"key":"Block Potion"},{"floor":33,"key":"GhostInAJar"},{"floor":44,"key":"Weak Potion"}],"is_trial":false,"path_per_floor":["M","?","?","$","?","E","R","M","T","R","M","R","$","M","R","B",null,"M","?","M","$","?","R","M","R","T","?","E","R","?","M","R","B",null,"M","$","?","M","?","E","?","$","T","M","R","?","?","M","R","B",null],"character_chosen":"THE_SILENT","items_purchased":["Noxious Fumes","Snake Skull","TwistedFunnel","Peace Pipe"],"campfire_rested":4,"item_purchase_floors":[4,21,36,42],"current_hp_per_floor":[63,50,50,50,50,37,37,37,37,37,37,37,37,37,37,27,58,58,58,58,58,58,58,58,58,58,58,49,65,65,65,65,65,65,65,65,65,64,64,62,49,49,49,51,51,51,51,53,53,17],"gold":167,"neow_bonus":"REMOVE_TWO","is_prod":false,"is_daily":false,"chose_seed":false,"campfire_upgraded":4,"win_rate":0,"timestamp":1563303788,"path_taken":["M","?","?","$","?","E","R","M","T","R","M","R","$","M","R","BOSS","M","?","M","$","?","R","M","R","T","?","E","R","?","M","R","BOSS","M","$","?","?","?","E","?","$","T","M","R","?","?","M","R","BOSS"],"build_version":"2019-07-05","purchased_purges":4,"victory":true,"max_hp_per_floor":[63,63,58,58,58,58,58,58,58,58,58,58,58,58,58,58,58,58,58,58,58,58,58,58,58,58,58,65,65,65,65,65,65,65,65,65,65,65,65,65,65,65,65,65,65,62,62,62,62,62],"card_choices":[{"not_picked":["Slice","Reflex"],"picked":"Bouncing Flask","floor":1.0},{"not_picked":["Reflex","Dash","Deflect"],"picked":"SKIP","floor":6.0},{"not_picked":["Flying Knee","Slice","Blade Dance"],"picked":"SKIP","floor":8.0},{"not_picked":["All Out Attack","Prepared"],"picked":"Crippling Poison","floor":11.0},{"not_picked":["Dodge and Roll","Setup","Poisoned Stab"],"picked":"SKIP","floor":14.0},{"not_picked":["After Image","Wraith Form v2"],"picked":"Corpse Explosion","floor":16.0},{"not_picked":["Bouncing Flask","Setup+1","Terror"],"picked":"SKIP","floor":18},{"not_picked":["Finisher","Skewer","Deflect"],"picked":"SKIP","floor":20},{"not_picked":["Slice","Sucker Punch"],"picked":"Footwork","floor":24},{"not_picked":["Footwork","Masterful Stab+1","Blur+1"],"picked":"SKIP","floor":28},{"not_picked":["Skewer","Sucker Punch+1","All Out Attack"],"picked":"SKIP","floor":31},{"not_picked":["Cloak And Dagger+1","Riddle With Holes","Slice+1"],"picked":"SKIP","floor":35},{"not_picked":["Dagger Throw","Heel Hook"],"picked":"Deadly Poison+1","floor":38},{"not_picked":["Prepared","Distraction+1"],"picked":"Night Terror","floor":40},{"not_picked":["Acrobatics+1","Flying Knee+1","Tactician+1"],"picked":"SKIP","floor":44},{"not_picked":["Outmaneuver","Flying Knee+1"],"picked":"PiercingWail+1","floor":48}],"player_experience":5739969,"relics_obtained":[{"floor":6.0,"key":"Anchor"},{"floor":9.0,"key":"Sundial"},{"floor":26,"key":"Boot"},{"floor":28,"key":"Strawberry"},{"floor":30,"key":"Red Mask"},{"floor":40,"key":"Ancient Tea Set"},{"floor":41,"key":"Ginger"},{"floor":43,"key":"Blood Vial"}],"event_choices":[{"damage_healed":0.0,"max_hp_gain":0.0,"max_hp_loss":0.0,"gold_gain":0.0,"event_name":"Shining Light","player_choice":"Entered Light","floor":2.0,"gold_loss":0.0,"damage_taken":13.0,"cards_upgraded":["Strike_G","Defend_G"]},{"damage_healed":0.0,"max_hp_gain":0.0,"max_hp_loss":5.0,"gold_gain":0.0,"event_name":"Golden Idol","player_choice":"Lose Max HP","floor":3.0,"gold_loss":0.0,"damage_taken":0.0,"relics_obtained":["Golden Idol"]},{"damage_healed":0.0,"max_hp_gain":0.0,"max_hp_loss":0.0,"gold_gain":100.0,"event_name":"Golden Shrine","player_choice":"Pray","floor":5.0,"gold_loss":0.0,"damage_taken":0.0},{"cards_removed":["Strike_G"],"damage_healed":0,"gold_gain":0,"player_choice":"Gave Gold","damage_taken":0,"max_hp_gain":0,"max_hp_loss":0,"event_name":"Beggar","floor":19,"gold_loss":75},{"damage_healed":0,"gold_gain":0,"player_choice":"Read","damage_taken":0,"max_hp_gain":0,"max_hp_loss":0,"event_name":"The Library","floor":22,"gold_loss":0,"cards_obtained":["Backflip"]},{"damage_healed":0,"gold_gain":99,"player_choice":"Stole From Cult","damage_taken":0,"max_hp_gain":0,"max_hp_loss":0,"event_name":"Nest","floor":27,"gold_loss":0},{"damage_healed":0,"gold_gain":0,"player_choice":"Fought Bandits","damage_taken":0,"max_hp_gain":0,"max_hp_loss":0,"event_name":"Masked Bandits","floor":30,"gold_loss":0},{"damage_healed":0,"gold_gain":300,"player_choice":"Gold","damage_taken":0,"max_hp_gain":0,"max_hp_loss":0,"event_name":"Wheel of Change","floor":37,"gold_loss":0},{"cards_removed":["Defend_G"],"damage_healed":0,"gold_gain":0,"player_choice":"Removed Skill","damage_taken":0,"max_hp_gain":0,"max_hp_loss":0,"event_name":"Falling","floor":39,"gold_loss":0},{"damage_healed":0,"gold_gain":0,"player_choice":"Fight","damage_taken":0,"max_hp_gain":0,"max_hp_loss":0,"event_name":"Mysterious Sphere","floor":41,"gold_loss":0},{"damage_healed":0,"gold_gain":0,"player_choice":"Max HP","damage_taken":0,"max_hp_gain":0,"max_hp_loss":3,"event_name":"Winding Halls","floor":46,"gold_loss":0},{"damage_healed":0,"gold_gain":0,"player_choice":"Memory 1","damage_taken":0,"max_hp_gain":0,"max_hp_loss":0,"event_name":"SensoryStone","floor":47,"gold_loss":0}],"is_beta":false,"boss_relics":[{"not_picked":["Tiny House","Pandora\u0027s Box"],"picked":"Fusion Hammer"},{"not_picked":["Calling Bell","HoveringKite"],"picked":"Runic Pyramid"}],"items_purged_floors":[13,21,36,42],"is_endless":false,"potions_floor_spawned":[1,14,24,28,33,38,44],"ascension_level":0}