{"gold_per_floor":[115,115,40,40,56,89,89,103,103,133,133,147,166,177,177,250,250,250,230,116,76,76,76,76,76,76,76,76,76,76,76,76,76,76,76,76,76,76,76,76,76,76,76,76,1,1,1,1,1,1,1,1,1,1,1,1],"floor_reached":56,"playtime":2241,"items_purged":["Strike_G"],"score":2061,"play_id":"d7a22230-2ee8-4291-a675-575b412ecfa7","local_time":"20190216195758","is_ascension_mode":true,"campfire_choices":[{"data":"Well Laid Plans","floor":7.0,"key":"SMITH"},{"data":"Poisoned Stab","floor":11.0,"key":"SMITH"},{"data":"Catalyst","floor":15.0,"key":"SMITH"},{"data":"Catalyst","floor":23.0,"key":"SMITH"},{"data":"Noxious Fumes","floor":25.0,"key":"SMITH"},{"data":"Deadly Poison","floor":29.0,"key":"SMITH"},{"data":"Burst","floor":32.0,"key":"SMITH"},{"data":"Catalyst","floor":40.0,"key":"SMITH"},{"data":"Acrobatics","floor":42.0,"key":"SMITH"},{"floor":49.0,"key":"RECALL"},{"data":"Catalyst","floor":53.0,"key":"SMITH"}],"neow_cost":"NONE","seed_source_timestamp":37074863685193,"circlet_count":0,"master_deck":["AscendersBane","Defend_G+1","Defend_G","Defend_G","Defend_G","Defend_G","Survivor","Neutralize+1","Well Laid Plans+1","Acrobatics+1","Poisoned Stab+1","Catalyst+1","Malaise","Catalyst+1","Burst+1","Noxious Fumes+1","Backflip","Deadly Poison+1","Corpse Explosion","Catalyst+1","Calculated Gamble+1","Catalyst+1","Catalyst+1","Writhe","Backstab","Dagger Spray","Well Laid Plans","Backflip+1"],"special_seed":0,"relics":["Ring of the Snake","NeowsBlessing","Letter Opener","Orichalcum","Bag of Preparation","Ectoplasm","Darkstone Periapt","Nunchaku","Empty Cage","Pocketwatch","Singing Bowl","Gremlin Horn"],"potions_floor_usage":[56],"damage_taken":[{"damage":0.0,"enemies":"Small Slimes","floor":1.0,"turns":1.0},{"damage":0.0,"enemies":"2 Louse","floor":5.0,"turns":1.0},{"damage":0.0,"enemies":"Lagavulin","floor":6.0,"turns":1.0},{"damage":0.0,"enemies":"Jaw Worm","floor":8.0,"turns":4.0},{"damage":2.0,"enemies":"3 Sentries","floor":10.0,"turns":7.0},{"damage":12.0,"enemies":"Exordium Thugs","floor":12.0,"turns":5.0},{"damage":3.0,"enemies":"Blue Slaver","floor":13.0,"turns":3.0},{"damage":4.0,"enemies":"Red Slaver","floor":14.0,"turns":3.0},{"damage":0.0,"enemies":"Hexaghost","floor":16.0,"turns":9.0},{"damage":2.0,"enemies":"3 Byrds","floor":18.0,"turns":6.0},{"damage":3.0,"enemies":"2 Thieves","floor":21.0,"turns":4.0},{"damage":0.0,"enemies":"Snecko","floor":22.0,"turns":4.0},{"damage":0.0,"enemies":"Snake Plant","floor":24.0,"turns":3.0},{"damage":0.0,"enemies":"Centurion and Healer","floor":27.0,"turns":4.0},{"damage":0.0,"enemies":"Sentry and Sphere","floor":28.0,"turns":4.0},{"damage":15.0,"enemies":"Shelled Parasite and Fungi","floor":30.0,"turns":4.0},{"damage":13.0,"enemies":"Colosseum Slavers","floor":31.0,"turns":4.0},{"damage":3.0,"enemies":"Colosseum Nobs","floor":31.0,"turns":4.0},{"damage":0.0,"enemies":"Champ","floor":33.0,"turns":5.0},{"damage":0.0,"enemies":"3 Darklings","floor":35.0,"turns":2.0},{"damage":0.0,"enemies":"3 Shapes","floor":37.0,"turns":4.0},{"damage":7.0,"enemies":"Sphere and 2 Shapes","floor":38.0,"turns":4.0},{"damage":0.0,"enemies":"Writhing Mass","floor":39.0,"turns":4.0},{"damage":0.0,"enemies":"Maw","floor":46.0,"turns":3.0},{"damage":12.0,"enemies":"Reptomancer","floor":47.0,"turns":2.0},{"damage":0.0,"enemies":"Spire Growth","floor":48.0,"turns":2.0},{"damage":9.0,"enemies":"Donu and Deca","floor":50.0,"turns":6.0},{"damage":3.0,"enemies":"Time Eater","floor":51.0,"turns":4.0},{"damage":37.0,"enemies":"Shield and Spear","floor":55.0,"turns":4.0},{"damage":0,"enemies":"The Heart","floor":56,"turns":2}],"seed_played":"-2413125659362531207","potions_obtained":[{"floor":5.0,"key":"PowerPotion"},{"floor":6.0,"key":"Regen Potion"},{"floor":13.0,"key":"SteroidPotion"},{"floor":19.0,"key":"Fire Potion"},{"floor":24.0,"key":"Strength Potion"},{"floor":30.0,"key":"GamblersBrew"},{"floor":31.0,"key":"Poison Potion"},{"floor":37.0,"key":"PowerPotion"},{"floor":46.0,"key":"SkillPotion"},{"floor":48.0,"key":"Dexterity Potion"}],"is_trial":false,"path_per_floor":["M","?","?","?","M","E","R","M","T","E","R","M","M","M","R","B",null,"M","?","$","M","M","R","M","R","T","M","M","R","M","?","R","B",null,"M","?","M","M","M","R","?","R","T","$","?","M","E","M","R","B","B",null,"R","$","E","B"],"character_chosen":"THE_SILENT","items_purchased":["Noxious Fumes"],"campfire_rested":0,"item_purchase_floors":[20],"current_hp_per_floor":[59,48,48,28,28,28,28,28,28,41,41,29,26,22,22,22,55,53,53,53,50,50,50,50,50,50,50,50,50,35,19,19,19,54,54,54,54,47,47,47,66,66,66,66,66,66,54,56,56,47,44,67,67,67,32,32],"gold":1,"neow_bonus":"THREE_ENEMY_KILL","is_prod":false,"is_daily":false,"chose_seed":false,"campfire_upgraded":10,"win_rate":0,"timestamp":1550318278,"path_taken":["M","?","?","?","M","E","R","M","T","E","R","M","M","M","R","BOSS","M","?","?","?","M","R","M","R","T","M","M","R","M","?","R","BOSS","M","?","M","?","M","R","?","R","T","$","?","?","E","M","R","BOSS","BOSS","R","$","E","BOSS"],"build_version":"2019-01-23","purchased_purges":1,"victory":false,"max_hp_per_floor":[66,66,66,66,66,66,66,66,66,66,66,66,66,66,66,66,66,66,66,66,66,66,66,66,66,66,66,66,66,66,66,66,66,66,66,66,66,66,66,66,72,72,72,72,72,72,72,74,74,74,74,74,74,74,76,76],"card_choices":[{"not_picked":["Flying Knee","Calculated Gamble"],"picked":"Well Laid Plans","floor":1.0},{"not_picked":["Dagger Throw","Expertise"],"picked":"Acrobatics","floor":5.0},{"not_picked":["Prepared","Slice","Sucker Punch"],"picked":"SKIP","floor":6.0},{"not_picked":["Underhanded Strike","Prepared"],"picked":"Sucker Punch","floor":8.0},{"not_picked":["Blade Dance","Bane"],"picked":"Poisoned Stab","floor":10.0},{"not_picked":["Riddle With Holes","Dagger Throw"],"picked":"Catalyst","floor":12.0},{"not_picked":["Dagger Throw","Dodge and Roll"],"picked":"Malaise","floor":13.0},{"not_picked":["Acrobatics","Outmaneuver"],"picked":"Catalyst","floor":14.0},{"not_picked":["Corpse Explosion","Bullet Time"],"picked":"Burst","floor":16.0},{"not_picked":["Deflect+1","Dagger Throw+1","Dash"],"picked":"SKIP","floor":18.0},{"not_picked":["Blade Dance","Outmaneuver","Skewer"],"picked":"SKIP","floor":21.0},{"not_picked":["Blur","Die Die Die"],"picked":"Backflip","floor":22.0},{"not_picked":["Deflect","Underhanded Strike"],"picked":"Deadly Poison","floor":24.0},{"not_picked":["Dagger Throw","Quick Slash","Finisher"],"picked":"SKIP","floor":27.0},{"not_picked":["Setup+1","Deflect","Poisoned Stab"],"picked":"SKIP","floor":28.0},{"not_picked":["Riddle With Holes","Predator+1","Prepared"],"picked":"SKIP","floor":30.0},{"not_picked":["Adrenaline","Phantasmal Killer"],"picked":"Corpse Explosion","floor":33.0},{"not_picked":["Dagger Throw","Concentrate","Deflect"],"picked":"SKIP","floor":35.0},{"not_picked":["Slice","Underhanded Strike"],"picked":"Calculated Gamble+1","floor":37.0},{"not_picked":["Flying Knee","Sucker Punch"],"picked":"Catalyst","floor":38.0},{"not_picked":["Dodge and Roll","Backflip+1"],"picked":"Catalyst","floor":39.0},{"not_picked":["Backflip","Prepared"],"picked":"Well Laid Plans","floor":46.0},{"not_picked":["Deflect","Choke"],"picked":"Backflip+1","floor":47.0},{"not_picked":["Crippling Poison","Quick Slash+1","Storm of Steel"],"picked":"Singing Bowl","floor":48.0},{"not_picked":["Underhanded Strike","Deflect","Poisoned Stab"],"picked":"Singing Bowl","floor":55.0}],"player_experience":2832962,"relics_obtained":[{"floor":6.0,"key":"Orichalcum"},{"floor":10.0,"key":"Bag of Preparation"},{"floor":26.0,"key":"Darkstone Periapt"},{"floor":31.0,"key":"Nunchaku"},{"floor":43.0,"key":"Pocketwatch"},{"floor":47.0,"key":"Singing Bowl"},{"floor":55.0,"key":"Gremlin Horn"}],"event_choices":[{"damage_healed":0.0,"max_hp_gain":0.0,"max_hp_loss":0.0,"gold_gain":0.0,"event_name":"Scrap Ooze","player_choice":"Success","floor":2.0,"gold_loss":0.0,"damage_taken":11.0,"relics_obtained":["Letter Opener"]},{"cards_removed":["Strike_G"],"damage_healed":0.0,"max_hp_gain":0.0,"max_hp_loss":0.0,"gold_gain":0.0,"event_name":"The Cleric","player_choice":"Card Removal","floor":3.0,"gold_loss":75.0,"damage_taken":0.0},{"damage_healed":0.0,"max_hp_gain":0.0,"max_hp_loss":0.0,"gold_gain":0.0,"event_name":"Shining Light","player_choice":"Entered Light","floor":4.0,"gold_loss":0.0,"damage_taken":20.0,"cards_upgraded":["Neutralize","Defend_G"]},{"damage_healed":0.0,"max_hp_gain":0.0,"max_hp_loss":0.0,"gold_gain":0.0,"event_name":"The Woman in Blue","player_choice":"Bought 1 Potion","floor":19.0,"gold_loss":0.0,"damage_taken":0.0},{"damage_healed":0.0,"max_hp_gain":0.0,"max_hp_loss":0.0,"gold_gain":0.0,"event_name":"Colosseum","player_choice":"Fight","floor":31.0,"gold_loss":0.0,"damage_taken":0.0},{"damage_healed":0.0,"max_hp_gain":0.0,"max_hp_loss":0.0,"gold_gain":0.0,"event_name":"Colosseum","player_choice":"Fought Nobs","floor":31.0,"gold_loss":0.0,"damage_taken":0.0},{"damage_healed":0.0,"max_hp_gain":0.0,"max_hp_loss":0.0,"gold_gain":0.0,"event_name":"Duplicator","player_choice":"Copied","floor":36.0,"gold_loss":0.0,"damage_taken":0.0,"cards_obtained":["Catalyst"]},{"damage_healed":13.0,"max_hp_gain":0.0,"max_hp_loss":0.0,"gold_gain":0.0,"event_name":"Winding Halls","player_choice":"Writhe","floor":41.0,"gold_loss":0.0,"damage_taken":0.0,"cards_obtained":["Writhe"]},{"damage_healed":0.0,"max_hp_gain":0.0,"max_hp_loss":0.0,"gold_gain":0.0,"cards_transformed":["Strike_G","Sucker Punch"],"event_name":"Designer","player_choice":"Transformed Cards","floor":45.0,"gold_loss":75.0,"damage_taken":0.0,"cards_obtained":["Backstab","Dagger Spray"]}],"is_beta":false,"boss_relics":[{"not_picked":["Eternal Feather","HoveringKite"],"picked":"Ectoplasm"},{"not_picked":["Sozu","Calling Bell"],"picked":"Empty Cage"}],"items_purged_floors":[20],"is_endless":false,"potions_floor_spawned":[5,6,8,13,24,30,31,31,33,37,46,48],"killed_by":"The Heart","ascension_level":20}