{"gold_per_floor":[117,192,205,218,218,218,248,275,287,299],"floor_reached":10,"playtime":298,"items_purged":[],"score":68,"play_id":"3cad0b9a-b25a-43cc-8039-0ab2ccf866c3","local_time":"20181106185524","is_ascension_mode":false,"campfire_choices":[{"data":"Neutralize","floor":6.0,"key":"SMITH"}],"neow_cost":"NONE","seed_source_timestamp":5793169948990,"circlet_count":0,"master_deck":["Defend_G","Defend_G","Defend_G","Defend_G","Defend_G","Strike_G","Strike_G","Strike_G","Strike_G","Strike_G","Survivor","Neutralize+1","Infinite Blades","Decay","Blade Dance","Distraction"],"special_seed":0,"relics":["Ring of the Snake","NeowsBlessing","MawBank","Toxic Egg 2"],"potions_floor_usage":[],"damage_taken":[{"damage":0.0,"enemies":"Cultist","floor":1.0,"turns":1.0},{"damage":0.0,"enemies":"Small Slimes","floor":3.0,"turns":1.0},{"damage":0.0,"enemies":"Jaw Worm","floor":4.0,"turns":1.0},{"damage":31.0,"enemies":"3 Sentries","floor":7.0,"turns":11.0},{"damage":10.0,"enemies":"2 Fungi Beasts","floor":8.0,"turns":4.0},{"damage":46,"enemies":"Gremlin Nob","floor":10,"turns":5}],"seed_played":"345994135471036349","potions_obtained":[{"floor":3.0,"key":"SkillPotion"},{"floor":8.0,"key":"FairyPotion"}],"is_trial":false,"path_per_floor":["M","?","M","M","?","R","E","M","T","E"],"character_chosen":"THE_SILENT","items_purchased":[],"campfire_rested":0,"item_purchase_floors":[],"current_hp_per_floor":[70,63,63,63,63,63,32,22,22,0],"gold":299,"neow_bonus":"THREE_ENEMY_KILL","is_prod":false,"is_daily":false,"chose_seed":false,"campfire_upgraded":1,"win_rate":0,"timestamp":1541501724,"path_taken":["M","?","M","?","?","R","E","?","T","E"],"build_version":"2018-11-01","purchased_purges":0,"victory":false,"max_hp_per_floor":[70,70,70,70,70,70,70,70,70,70],"card_choices":[{"not_picked":["Flying Knee","Quick Slash","Outmaneuver"],"picked":"SKIP","floor":1.0},{"not_picked":["Dash","Blade Dance"],"picked":"Infinite Blades","floor":3.0},{"not_picked":["Dagger Throw","Sucker Punch","Riddle With Holes"],"picked":"SKIP","floor":4.0},{"not_picked":["Prepared","Blade Dance","Expertise"],"picked":"SKIP","floor":7.0},{"not_picked":["Prepared","Expertise"],"picked":"Blade Dance","floor":7.0},{"not_picked":["PiercingWail","Endless Agony"],"picked":"Distraction","floor":8.0}],"player_experience":916093,"relics_obtained":[{"floor":7.0,"key":"MawBank"},{"floor":9.0,"key":"Toxic Egg 2"}],"event_choices":[{"damage_healed":0.0,"max_hp_gain":0.0,"max_hp_loss":0.0,"gold_gain":75.0,"event_name":"FaceTrader","player_choice":"Touch","floor":2.0,"gold_loss":0.0,"damage_taken":7.0},{"damage_healed":0.0,"max_hp_gain":0.0,"max_hp_loss":0.0,"gold_gain":0.0,"event_name":"Wheel of Change","player_choice":"Cursed","floor":5.0,"gold_loss":0.0,"damage_taken":0.0,"cards_obtained":["Decay"]}],"is_beta":false,"boss_relics":[],"items_purged_floors":[],"is_endless":false,"potions_floor_spawned":[3,8],"killed_by":"Gremlin Nob","ascension_level":0}