{"path_per_floor":["M","M","M","?","M","R","$","?","T","M","M","M","?","M","R","B",null,"M","?","M","?","M"],"character_chosen":"THE_SILENT","items_purchased":["Omamori"],"gold_per_floor":[114,129,144,144,159,159,9,9,84,99,114,129,129,144,144,244,244,259,259,274,274,289],"floor_reached":23,"campfire_rested":0,"playtime":1135,"current_hp_per_floor":[70,70,70,70,70,70,70,70,70,70,59,55,55,55,55,45,70,67,67,57,57,37],"items_purged":[],"gold":289,"score":237,"play_id":"b4b97862-8cc7-4e5b-a411-8520c8787f12","local_time":"20180313131450","daily_mods":["Diverse","Insanity","Binary"],"is_prod":false,"is_daily":true,"is_ascension_mode":false,"campfire_upgraded":2,"timestamp":1520918090,"path_taken":["M","M","M","?","M","R","$","?","T","M","M","M","?","?","R","BOSS","M","?","M","?","M","E"],"build_version":"2018-03-09","purchased_purges":0,"victory":false,"master_deck":["Neutralize","Heel Hook","Slice","Backstab","Footwork","Tools of the Trade","Prepared+1","Infinite Blades","Corpse Explosion","Catalyst","Eviscerate","Eviscerate","Finisher","Catalyst","Burst","Doppelganger","Heel Hook","Sucker Punch","Glass Knife","Expertise","All Out Attack","Defend_G","Eviscerate","Quick Slash","Blade Dance","Glass Knife","Dodge and Roll","Flechettes","Storm of Steel","Expertise+1","Blade Dance","Masterful Stab","Distraction","Dagger Spray","Reflex","Tools of the Trade","A Thousand Cuts","Cloak And Dagger","Flechettes","PiercingWail","Choke","Acrobatics","Backstab","Phantasmal Killer","Escape Plan","Survivor","Outmaneuver","Terror","Glass Knife","Fire Breathing","Havoc","Reflex","Envenom","Burst","Infinite Blades","Choke","Backflip","Calculated Gamble"],"max_hp_per_floor":[70,70,70,70,70,70,70,70,70,70,70,70,70,70,70,70,70,70,70,70,70,70],"relics":["Ring of the Snake","Omamori","Tough Bandages","Snecko Eye"],"card_choices":[{"not_picked":["Dagger Spray"],"picked":"Reflex"},{"not_picked":["Poisoned Stab"],"picked":"Envenom"},{"not_picked":["Corpse Explosion"],"picked":"Burst"},{"not_picked":["Dodge and Roll"],"picked":"Infinite Blades"},{"not_picked":["Quick Slash"],"picked":"Backflip"}],"player_experience":249249,"potions_floor_usage":[10,16,16,16,22],"damage_taken":[{"damage":0,"enemies":"Jaw Worm","floor":1,"turns":1},{"damage":0,"enemies":"Cultist","floor":2,"turns":2},{"damage":0,"enemies":"2 Louse","floor":3,"turns":1},{"damage":0,"enemies":"2 Fungi Beasts","floor":5,"turns":2},{"damage":0,"enemies":"Gremlin Gang","floor":10,"turns":2},{"damage":11,"enemies":"Large Slime","floor":11,"turns":5},{"damage":4,"enemies":"Looter","floor":12,"turns":2},{"damage":0,"enemies":"Lots of Slimes","floor":14,"turns":1},{"damage":10,"enemies":"Hexaghost","floor":16,"turns":7},{"damage":3,"enemies":"2 Thieves","floor":18,"turns":4},{"damage":10,"enemies":"Spheric Guardian","floor":20,"turns":3},{"damage":20,"enemies":"Centurion and Healer","floor":22,"turns":5},{"damage":41,"enemies":"Slavers","floor":23,"turns":2}],"event_choices":[{"event_name":"The Lab","player_choice":"Got Potions","floor":4,"damage_taken":0},{"event_name":"Purifier","player_choice":"One Purge","floor":8,"damage_taken":0},{"event_name":"The Woman in Blue","player_choice":"Bought 0 Potions","floor":13,"damage_taken":0},{"event_name":"Duplicator","player_choice":"One dupe","floor":19,"damage_taken":0},{"event_name":"The Library","player_choice":"Read","floor":21,"damage_taken":0}],"boss_relics":[{"not_picked":["Black Star","The Specimen"],"picked":"Snecko Eye"}],"potions_floor_spawned":[2,5,12,18],"seed_played":"5990498444709922547","killed_by":"Slavers","ascension_level":0,"is_trial":false}