{"gold_per_floor":[113,113,133,143,74,74,90,106,106,106,121,121,136,152,152,152],"floor_reached":16,"playtime":1172,"items_purged":[],"score":131,"play_id":"77d4db57-ac02-46ec-8273-f8a63b17a223","local_time":"20190805185912","is_ascension_mode":true,"campfire_choices":[{"data":"Body Slam","floor":15,"key":"SMITH"}],"neow_cost":"NONE","seed_source_timestamp":1313212978742025,"circlet_count":0,"master_deck":["Strike_R","Strike_R","Strike_R","Strike_R","Defend_R","Defend_R","Defend_R","Bash","Shrug It Off","Shrug It Off","Battle Trance","Metallicize","Body Slam+1"],"relics":["Burning Blood","NeowsBlessing","Pear","Ancient Tea Set"],"potions_floor_usage":[8,8,8,16],"damage_taken":[{"damage":0,"enemies":"2 Louse","floor":1,"turns":1},{"damage":0,"enemies":"Cultist","floor":3,"turns":1},{"damage":0,"enemies":"Jaw Worm","floor":4,"turns":1},{"damage":55,"enemies":"Exordium Thugs","floor":7,"turns":8},{"damage":35,"enemies":"Lots of Slimes","floor":8,"turns":6},{"damage":4,"enemies":"Large Slime","floor":11,"turns":6},{"damage":12,"enemies":"3 Louse","floor":13,"turns":7},{"damage":0,"enemies":"2 Fungi Beasts","floor":14,"turns":4},{"damage":59,"enemies":"Slime Boss","floor":16,"turns":11}],"seed_played":"-2156719651416910251","potions_obtained":[{"floor":3,"key":"BloodPotion"},{"floor":4,"key":"Regen Potion"},{"floor":8,"key":"Fruit Juice"},{"floor":14,"key":"Fire Potion"}],"is_trial":false,"path_per_floor":["M","?","M","M","$","?","M","M","T","?","M","T","M","M","R","B"],"character_chosen":"IRONCLAD","items_purchased":["Battle Trance"],"campfire_rested":0,"item_purchase_floors":[5],"current_hp_per_floor":[80,80,80,80,80,73,24,35,45,50,52,52,46,52,52,0],"gold":152,"neow_bonus":"THREE_ENEMY_KILL","is_prod":false,"is_daily":false,"chose_seed":false,"campfire_upgraded":1,"win_rate":0,"timestamp":1565024352,"path_taken":["M","?","M","M","$","?","M","M","T","?","?","?","M","M","R","BOSS"],"build_version":"2019-07-17","purchased_purges":0,"victory":false,"max_hp_per_floor":[80,80,80,80,80,80,80,85,95,95,95,95,95,95,95,95],"card_choices":[{"not_picked":["Flex","Heavy Blade"],"picked":"Shrug It Off","floor":1},{"not_picked":["Twin Strike","Perfected Strike","Wild Strike"],"picked":"SKIP","floor":3},{"not_picked":["Wild Strike","Pummel"],"picked":"Shrug It Off","floor":4},{"not_picked":["Sentinel","True Grit"],"picked":"Headbutt","floor":7},{"not_picked":["Headbutt","Anger","Havoc"],"picked":"SKIP","floor":8},{"not_picked":["Sever Soul","Thunderclap"],"picked":"Metallicize","floor":11},{"not_picked":["Perfected Strike","Sever Soul"],"picked":"Body Slam","floor":13},{"not_picked":["Berserk","Havoc","Combust"],"picked":"SKIP","floor":14}],"player_experience":151740,"relics_obtained":[{"floor":9,"key":"Pear"},{"floor":12,"key":"Ancient Tea Set"}],"event_choices":[{"cards_removed":["Defend_R"],"damage_healed":0,"gold_gain":0,"player_choice":"Forget","damage_taken":0,"max_hp_gain":0,"max_hp_loss":0,"event_name":"Living Wall","floor":2,"gold_loss":0},{"cards_removed":["Strike_R"],"damage_healed":0,"gold_gain":0,"player_choice":"Card Removal","damage_taken":7,"max_hp_gain":0,"max_hp_loss":0,"event_name":"Golden Wing","floor":6,"gold_loss":0},{"cards_removed":["Headbutt"],"damage_healed":5,"gold_gain":0,"player_choice":"Offered Common","damage_taken":0,"max_hp_gain":0,"max_hp_loss":0,"event_name":"Bonfire Elementals","floor":10,"gold_loss":0},{"cards_removed":["Headbutt"],"damage_healed":5,"gold_gain":0,"player_choice":"Offered Special","damage_taken":0,"max_hp_gain":0,"max_hp_loss":0,"event_name":"Bonfire Elementals","floor":10,"gold_loss":0}],"is_beta":false,"boss_relics":[],"items_purged_floors":[],"is_endless":false,"potions_floor_spawned":[3,4,8,14],"killed_by":"Slime Boss","ascension_level":2}