{"gold_per_floor":[112,112,37,37,57,57,83,83,83,83,112,112,124,24,24,95,95,115,126,143,35,53,53,153,153,153,153,153],"floor_reached":28,"playtime":512,"items_purged":["Strike_B","Strike_B"],"score":478,"play_id":"babb07d8-0fa6-427d-8804-e5708a6147e0","local_time":"20190222221633","is_ascension_mode":true,"campfire_choices":[{"data":"Sunder","floor":6.0,"key":"SMITH"},{"data":"Capacitor","floor":8.0,"key":"SMITH"},{"data":"Zap","floor":10.0,"key":"SMITH"},{"data":"Biased Cognition","floor":15.0,"key":"SMITH"},{"data":"Coolheaded","floor":23.0,"key":"SMITH"},{"data":"Defragment","floor":27.0,"key":"SMITH"}],"neow_cost":"NONE","seed_source_timestamp":42805052477510,"circlet_count":0,"master_deck":["AscendersBane","Strike_B+1","Defend_B+1","Defend_B","Defend_B","Defend_B","Zap+1","Dualcast","Sunder+1","Capacitor+1","Coolheaded+1","Biased Cognition+1","Electrodynamics","Capacitor","Self Repair","Reinforced Body","Panacea","Defragment+1"],"special_seed":0,"relics":["Cracked Core","NeowsBlessing","Mercury Hourglass","Gambling Chip","Question Card","Odd Mushroom","Coffee Dripper","Unceasing Top","Singing Bowl"],"potions_floor_usage":[],"damage_taken":[{"damage":0.0,"enemies":"Small Slimes","floor":1.0,"turns":1.0},{"damage":0.0,"enemies":"2 Louse","floor":5.0,"turns":1.0},{"damage":0.0,"enemies":"Lagavulin","floor":7.0,"turns":1.0},{"damage":4.0,"enemies":"The Mushroom Lair","floor":11.0,"turns":3.0},{"damage":0.0,"enemies":"Cultist","floor":13.0,"turns":2.0},{"damage":4.0,"enemies":"The Guardian","floor":16.0,"turns":8.0},{"damage":0.0,"enemies":"3 Byrds","floor":18.0,"turns":1.0},{"damage":9.0,"enemies":"2 Thieves","floor":19.0,"turns":2.0},{"damage":24.0,"enemies":"Snecko","floor":20.0,"turns":4.0},{"damage":26.0,"enemies":"Shelled Parasite and Fungi","floor":22.0,"turns":3.0},{"damage":7.0,"enemies":"Colosseum Slavers","floor":24.0,"turns":3.0},{"damage":17.0,"enemies":"Colosseum Nobs","floor":24.0,"turns":4.0},{"damage":15,"enemies":"Snake Plant","floor":28,"turns":2}],"seed_played":"3714830848848040781","potions_obtained":[{"floor":1.0,"key":"Regen Potion"},{"floor":5.0,"key":"Dexterity Potion"},{"floor":13.0,"key":"Ancient Potion"},{"floor":20.0,"key":"Regen Potion"}],"is_trial":false,"path_per_floor":["M","?","$","?","M","R","E","R","T","R","?","?","M","$","R","B",null,"M","M","M","$","M","R","?","?","T","R","M"],"character_chosen":"DEFECT","items_purchased":["Panacea"],"campfire_rested":0,"item_purchase_floors":[21],"current_hp_per_floor":[64,53,53,32,32,32,32,32,32,32,28,28,28,28,28,24,59,59,55,38,38,21,21,11,11,11,11,0],"gold":153,"neow_bonus":"THREE_ENEMY_KILL","is_prod":false,"is_daily":false,"chose_seed":false,"campfire_upgraded":6,"win_rate":0,"timestamp":1550844993,"path_taken":["M","?","$","?","M","R","E","R","T","R","?","?","M","$","R","BOSS","M","?","M","$","?","R","?","?","T","R","M"],"build_version":"2019-01-23","purchased_purges":2,"victory":false,"max_hp_per_floor":[71,71,71,71,71,71,71,71,71,71,71,71,71,71,71,71,71,71,71,71,71,71,71,71,71,71,71,71],"card_choices":[{"not_picked":["Steam","Beam Cell"],"picked":"Sunder","floor":1.0},{"not_picked":["Conserve Battery","Gash"],"picked":"Capacitor","floor":5.0},{"not_picked":["Blizzard","Double Energy","FTL"],"picked":"SKIP","floor":7.0},{"not_picked":["Leap","Gash","Steam"],"picked":"Coolheaded","floor":11.0},{"not_picked":["Static Discharge","Steam Power","Sweeping Beam","Storm"],"picked":"SKIP","floor":13.0},{"not_picked":["Biased Cognition","Buffer","Thunder Strike"],"picked":"Electrodynamics","floor":16.0},{"not_picked":["Chaos","Streamline","Lockon"],"picked":"Capacitor","floor":18.0},{"not_picked":["Darkness","Rebound","Melter"],"picked":"Self Repair","floor":19.0},{"not_picked":["Double Energy","Steam","Blizzard"],"picked":"Reinforced Body","floor":20.0},{"not_picked":["Ball Lightning","Storm","Static Discharge","Streamline"],"picked":"SKIP","floor":22.0},{"not_picked":["Compile Driver","White Noise","Skim"],"picked":"Defragment","floor":24.0}],"player_experience":3059241,"relics_obtained":[{"floor":7.0,"key":"Gambling Chip"},{"floor":9.0,"key":"Question Card"},{"floor":11.0,"key":"Odd Mushroom"},{"floor":24.0,"key":"Unceasing Top"},{"floor":24.0,"key":"Singing Bowl"}],"event_choices":[{"damage_healed":0.0,"max_hp_gain":0.0,"max_hp_loss":0.0,"gold_gain":0.0,"event_name":"Scrap Ooze","player_choice":"Success","floor":2.0,"gold_loss":0.0,"damage_taken":11.0,"relics_obtained":["Mercury Hourglass"]},{"damage_healed":0.0,"max_hp_gain":0.0,"max_hp_loss":0.0,"gold_gain":0.0,"event_name":"Shining Light","player_choice":"Entered Light","floor":4.0,"gold_loss":0.0,"damage_taken":21.0,"cards_upgraded":["Defend_B","Strike_B"]},{"damage_healed":0.0,"max_hp_gain":0.0,"max_hp_loss":0.0,"gold_gain":0.0,"event_name":"Mushrooms","player_choice":"Fought Mushrooms","floor":11.0,"gold_loss":0.0,"damage_taken":0.0},{"damage_healed":0.0,"max_hp_gain":0.0,"max_hp_loss":0.0,"gold_gain":0.0,"cards_transformed":["Strike_B"],"event_name":"Transmorgrifier","player_choice":"Transformed","floor":12.0,"gold_loss":0.0,"damage_taken":0.0,"cards_obtained":["Biased Cognition"]},{"damage_healed":0.0,"max_hp_gain":0.0,"max_hp_loss":0.0,"gold_gain":0.0,"event_name":"Colosseum","player_choice":"Fight","floor":24.0,"gold_loss":0.0,"damage_taken":0.0},{"damage_healed":0.0,"max_hp_gain":0.0,"max_hp_loss":0.0,"gold_gain":0.0,"event_name":"Colosseum","player_choice":"Fought Nobs","floor":24.0,"gold_loss":0.0,"damage_taken":0.0},{"damage_healed":0.0,"max_hp_gain":0.0,"max_hp_loss":0.0,"gold_gain":0.0,"event_name":"Cursed Tome","player_choice":"Ignored","floor":25.0,"gold_loss":0.0,"damage_taken":0.0}],"is_beta":false,"boss_relics":[{"not_picked":["Velvet Choker","Philosopher\u0027s Stone"],"picked":"Coffee Dripper"}],"items_purged_floors":[3,14],"is_endless":false,"potions_floor_spawned":[1,5,11,13,18,20],"killed_by":"Snake Plant","ascension_level":20}