{"gold_per_floor":[117,42,42,42,53,53,80,92,118,133,133],"floor_reached":11,"playtime":221,"items_purged":[],"score":146,"play_id":"496c9488-57e6-4855-bddf-f2a4046bbb73","local_time":"20181119153134","is_ascension_mode":true,"campfire_choices":[{"data":"Zap","floor":6,"key":"SMITH"}],"neow_cost":"PERCENT_DAMAGE","seed_source_timestamp":1658444347084170,"circlet_count":0,"master_deck":["AscendersBane","Strike_B","Defend_B","Defend_B","Defend_B","Zap+1","Dualcast","Glacier","Reinforced Body","Rip and Tear","Conserve Battery","Consume"],"relics":["Cracked Core","Bag of Preparation","Juzu Bracelet"],"potions_floor_usage":[7,7],"damage_taken":[{"damage":4,"enemies":"2 Louse","floor":1,"turns":4},{"damage":0,"enemies":"Small Slimes","floor":5,"turns":4},{"damage":30,"enemies":"Gremlin Nob","floor":7,"turns":4},{"damage":1,"enemies":"Cultist","floor":8,"turns":3},{"damage":0,"enemies":"3 Louse","floor":10,"turns":4},{"damage":11,"enemies":"Large Slime","floor":11,"turns":1}],"seed_played":"1316778176207869305","potions_obtained":[{"floor":1,"key":"PowerPotion"},{"floor":5,"key":"Strength Potion"},{"floor":10,"key":"SteroidPotion"}],"is_trial":false,"path_per_floor":["M","?","?","?","M","R","E","M","T","M","M"],"character_chosen":"DEFECT","items_purchased":[],"campfire_rested":0,"item_purchase_floors":[],"current_hp_per_floor":[42,42,42,42,42,42,12,11,11,11,0],"gold":133,"neow_bonus":"TRANSFORM_TWO_CARDS","is_prod":false,"is_daily":false,"chose_seed":false,"campfire_upgraded":1,"win_rate":0,"timestamp":1542612694,"path_taken":["M","?","?","?","?","R","E","M","T","M","M"],"build_version":"2018-11-15","purchased_purges":0,"victory":false,"max_hp_per_floor":[71,71,71,71,71,71,71,71,71,71,71],"card_choices":[{"not_picked":["Hologram","Recycle"],"picked":"Reinforced Body","floor":1},{"not_picked":["Cold Snap","Leap","Stack"],"picked":"SKIP","floor":5},{"not_picked":["White Noise","Rebound","Steam"],"picked":"SKIP","floor":7},{"not_picked":["Storm","Compile Driver"],"picked":"Conserve Battery","floor":8},{"not_picked":["Reprogram","Biased Cognition"],"picked":"Consume","floor":10}],"player_experience":551062,"relics_obtained":[{"floor":7,"key":"Bag of Preparation"},{"floor":9,"key":"Juzu Bracelet"}],"event_choices":[{"cards_removed":["Scrape"],"damage_healed":0,"gold_gain":0,"player_choice":"Card Removal","damage_taken":0,"max_hp_gain":0,"max_hp_loss":0,"event_name":"The Cleric","floor":2,"gold_loss":75},{"damage_healed":0,"gold_gain":0,"cards_transformed":["Defend_B"],"player_choice":"Change","damage_taken":0,"max_hp_gain":0,"max_hp_loss":0,"event_name":"Living Wall","floor":3,"gold_loss":0,"cards_obtained":["Rip and Tear"]},{"cards_removed":["Strike_B"],"damage_healed":0,"gold_gain":0,"player_choice":"Purged","damage_taken":0,"max_hp_gain":0,"max_hp_loss":0,"event_name":"Purifier","floor":4,"gold_loss":0}],"is_beta":true,"boss_relics":[],"items_purged_floors":[],"is_endless":false,"potions_floor_spawned":[1,5,10],"killed_by":"Large Slime","ascension_level":20}