{"gold_per_floor":[112,126,51,62,62,62,87,87,87,112,129,129,129,152,152,224,224,235,4,31,47,64,64,89,89,115,40,40,51,64,78,78,157,157,177,177,197,297,297,330,330,355,430,430,446,143,143,36,36,36,36,36,36,36,67,67],"floor_reached":57,"playtime":2630,"items_purged":["Strike_G"],"score":2977,"play_id":"b2c4d76f-7a37-4362-9059-9dcd7c4d780c","local_time":"20190205053518","is_ascension_mode":true,"campfire_choices":[{"data":"Well Laid Plans","floor":6.0,"key":"SMITH"},{"data":"Neutralize","floor":8.0,"key":"SMITH"},{"data":"Noxious Fumes","floor":12.0,"key":"SMITH"},{"data":"Flechettes","floor":15.0,"key":"SMITH"},{"floor":23.0,"key":"REST"},{"data":"Footwork","floor":25.0,"key":"SMITH"},{"floor":32.0,"key":"RECALL"},{"data":"Defend_G","floor":41.0,"key":"SMITH"},{"data":"Defend_G","floor":44.0,"key":"SMITH"},{"data":"Defend_G","floor":49.0,"key":"SMITH"},{"floor":53,"key":"REST"}],"neow_cost":"NONE","seed_source_timestamp":4070393946933,"circlet_count":0,"master_deck":["AscendersBane","Defend_G+1","Defend_G+1","Defend_G+1","Defend_G+1","Defend_G+1","Strike_G+1","Survivor+1","Neutralize+1","Flechettes+1","Well Laid Plans+1","Catalyst+1","Distraction+1","Noxious Fumes+1","Burst+1","Acrobatics+1","Escape Plan+1","Deadly Poison+1","Catalyst+1","Outmaneuver+1","Reflex+1","Footwork+1","Purity+1","Prepared+1","Malaise+1","Storm of Steel+1","Catalyst+1","Acrobatics+1","Calculated Gamble+1","Purity+1"],"special_seed":0,"relics":["Ring of the Snake","NeowsBlessing","Toxic Egg 2","Bag of Marbles","Odd Mushroom","Whetstone","Orrery","Snake Skull","Tough Bandages","Runic Pyramid","Gambling Chip","Ancient Tea Set","Art of War","Pear","Medical Kit","Tingsha"],"potions_floor_usage":[56],"damage_taken":[{"damage":0.0,"enemies":"Jaw Worm","floor":1.0,"turns":1.0},{"damage":0.0,"enemies":"2 Louse","floor":2.0,"turns":2.0},{"damage":0.0,"enemies":"Cultist","floor":4.0,"turns":1.0},{"damage":3.0,"enemies":"3 Sentries","floor":7.0,"turns":3.0},{"damage":7.0,"enemies":"The Mushroom Lair","floor":10.0,"turns":6.0},{"damage":13.0,"enemies":"Lots of Slimes","floor":11.0,"turns":7.0},{"damage":11.0,"enemies":"The Guardian","floor":16.0,"turns":9.0},{"damage":15.0,"enemies":"Shell Parasite","floor":18.0,"turns":2.0},{"damage":0.0,"enemies":"Chosen","floor":21.0,"turns":3.0},{"damage":5.0,"enemies":"Centurion and Healer","floor":22.0,"turns":4.0},{"damage":0.0,"enemies":"Gremlin Leader","floor":24.0,"turns":2.0},{"damage":0.0,"enemies":"Snecko","floor":29.0,"turns":3.0},{"damage":2.0,"enemies":"Shelled Parasite and Fungi","floor":30.0,"turns":3.0},{"damage":0.0,"enemies":"Centurion and Healer","floor":31.0,"turns":5.0},{"damage":0.0,"enemies":"Collector","floor":33.0,"turns":3.0},{"damage":0.0,"enemies":"Orb Walker","floor":35.0,"turns":4.0},{"damage":16.0,"enemies":"3 Shapes","floor":37.0,"turns":4.0},{"damage":0.0,"enemies":"Mind Bloom Boss Battle","floor":38.0,"turns":3.0},{"damage":0.0,"enemies":"Giant Head","floor":40.0,"turns":3.0},{"damage":0.0,"enemies":"Nemesis","floor":42.0,"turns":1.0},{"damage":0.0,"enemies":"Maw","floor":45.0,"turns":3.0},{"damage":7,"enemies":"Donu and Deca","floor":50,"turns":11},{"damage":37,"enemies":"Awakened One","floor":51,"turns":10},{"damage":1,"enemies":"Shield and Spear","floor":55,"turns":4},{"damage":23,"enemies":"The Heart","floor":56,"turns":8}],"seed_played":"9087962181655729073","potions_obtained":[{"floor":1.0,"key":"Block Potion"},{"floor":2.0,"key":"SkillPotion"},{"floor":7.0,"key":"Dexterity Potion"},{"floor":16.0,"key":"SkillPotion"},{"floor":18.0,"key":"Poison Potion"},{"floor":22.0,"key":"Strength Potion"},{"floor":33.0,"key":"Dexterity Potion"},{"floor":45.0,"key":"GamblersBrew"}],"is_trial":false,"path_per_floor":["M","M","?","M","?","R","E","R","T","?","M","R","?","T","R","B",null,"M","$","T","M","M","R","E","R","T","?","$","M","M","M","R","B",null,"M","?","M","?","?","E","R","E","T","R","M","$","?","$","R","B","B",null,"R","$","E","B",null],"character_chosen":"THE_SILENT","items_purchased":["Footwork","Purity+1","Prepared+1","Medical Kit","Purity+1"],"campfire_rested":2,"item_purchase_floors":[19,19,19,46,48],"current_hp_per_floor":[59,59,59,59,39,39,36,36,36,29,16,16,16,16,16,5,51,36,36,36,36,31,50,50,50,50,50,50,50,48,48,48,48,62,62,62,46,46,46,46,46,46,56,56,56,56,56,56,56,49,12,60,76,76,75,52],"gold":67,"neow_bonus":"THREE_ENEMY_KILL","is_prod":false,"is_daily":false,"chose_seed":false,"campfire_upgraded":8,"win_rate":0,"timestamp":1549316118,"path_taken":["M","M","?","M","?","R","E","R","T","?","M","R","?","?","R","BOSS","M","$","?","?","M","R","E","R","T","?","?","M","M","?","R","BOSS","M","?","?","?","?","E","R","E","T","R","M","$","?","?","R","BOSS","BOSS","R","$","E","BOSS"],"build_version":"2019-01-23","purchased_purges":1,"victory":true,"max_hp_per_floor":[66,66,66,66,66,66,66,66,66,66,66,66,66,66,66,66,66,66,66,66,66,66,66,66,66,66,66,66,66,66,66,66,66,66,66,66,66,66,66,66,66,66,76,76,76,76,76,76,76,76,76,76,76,76,76,76],"card_choices":[{"not_picked":["Crippling Poison","Riddle With Holes"],"picked":"Flechettes","floor":1.0},{"not_picked":["Backflip","Dagger Spray","Bane"],"picked":"SKIP","floor":2.0},{"not_picked":["Tactician","Cloak And Dagger"],"picked":"Well Laid Plans","floor":4.0},{"not_picked":["Deadly Poison","Deflect"],"picked":"Catalyst","floor":7.0},{"not_picked":["Deflect+1","Infinite Blades"],"picked":"Distraction+1","floor":10.0},{"not_picked":["Backflip+1","Backstab"],"picked":"Noxious Fumes","floor":11.0},{"not_picked":["Storm of Steel+1","Venomology+1"],"picked":"Burst+1","floor":16.0},{"not_picked":["Outmaneuver+1","Predator"],"picked":"Acrobatics+1","floor":17.0},{"not_picked":["Dodge and Roll+1","Finisher"],"picked":"Escape Plan+1","floor":17.0},{"not_picked":["Masterful Stab","Skewer"],"picked":"Deadly Poison+1","floor":17.0},{"not_picked":["Outmaneuver+1","Expertise+1"],"picked":"Catalyst+1","floor":17.0},{"not_picked":["Bane","Choke"],"picked":"Outmaneuver+1","floor":17.0},{"not_picked":["Dodge and Roll+1","Crippling Poison+1"],"picked":"Reflex+1","floor":18.0},{"not_picked":["Slice","Poisoned Stab","Terror+1"],"picked":"SKIP","floor":21.0},{"not_picked":["Dagger Throw","Deadly Poison+1","Setup+1"],"picked":"SKIP","floor":22.0},{"not_picked":["Accuracy","Quick Slash"],"picked":"Malaise+1","floor":24.0},{"not_picked":["Deadly Poison+1","Cloak And Dagger+1","Outmaneuver+1"],"picked":"SKIP","floor":29.0},{"not_picked":["Flying Knee","Envenom","Noxious Fumes"],"picked":"SKIP","floor":30.0},{"not_picked":["Underhanded Strike","Deadly Poison+1","Dodge and Roll+1"],"picked":"SKIP","floor":31.0},{"not_picked":["Die Die Die","Burst+1"],"picked":"Storm of Steel+1","floor":33.0},{"not_picked":["Dagger Throw","Outmaneuver+1"],"picked":"Catalyst+1","floor":35.0},{"not_picked":["Eviscerate","Backstab+1"],"picked":"Acrobatics+1","floor":37.0},{"not_picked":["Footwork+1","Cloak And Dagger+1","Backflip+1"],"picked":"SKIP","floor":40.0},{"not_picked":["Expertise+1","Dash","Dagger Spray+1"],"picked":"SKIP","floor":42.0},{"not_picked":["Dagger Throw","Well Laid Plans"],"picked":"Calculated Gamble+1","floor":45.0},{"not_picked":["Eviscerate","Deflect+1","Escape Plan+1"],"picked":"SKIP","floor":55}],"player_experience":2533812,"relics_obtained":[{"floor":7.0,"key":"Toxic Egg 2"},{"floor":9.0,"key":"Bag of Marbles"},{"floor":10.0,"key":"Odd Mushroom"},{"floor":14.0,"key":"Whetstone"},{"floor":20.0,"key":"Snake Skull"},{"floor":24.0,"key":"Tough Bandages"},{"floor":38.0,"key":"Gambling Chip"},{"floor":40.0,"key":"Ancient Tea Set"},{"floor":42.0,"key":"Art of War"},{"floor":43.0,"key":"Pear"},{"floor":55,"key":"Tingsha"}],"event_choices":[{"cards_removed":["Strike_G"],"damage_healed":0.0,"max_hp_gain":0.0,"max_hp_loss":0.0,"gold_gain":0.0,"event_name":"The Cleric","player_choice":"Card Removal","floor":3.0,"gold_loss":75.0,"damage_taken":0.0},{"damage_healed":0.0,"max_hp_gain":0.0,"max_hp_loss":0.0,"gold_gain":0.0,"event_name":"Shining Light","player_choice":"Entered Light","floor":5.0,"gold_loss":0.0,"damage_taken":20.0,"cards_upgraded":["Defend_G","Defend_G"]},{"damage_healed":0.0,"max_hp_gain":0.0,"max_hp_loss":0.0,"gold_gain":0.0,"event_name":"Mushrooms","player_choice":"Fought Mushrooms","floor":10.0,"gold_loss":0.0,"damage_taken":0.0},{"damage_healed":0.0,"max_hp_gain":0.0,"max_hp_loss":0.0,"gold_gain":0.0,"event_name":"Liars Game","player_choice":"Ignored","floor":13.0,"gold_loss":0.0,"damage_taken":0.0},{"cards_removed":["Strike_G"],"damage_healed":0.0,"max_hp_gain":0.0,"max_hp_loss":0.0,"gold_gain":0.0,"event_name":"Beggar","player_choice":"Gave Gold","floor":27.0,"gold_loss":75.0,"damage_taken":0.0},{"damage_healed":0.0,"max_hp_gain":0.0,"max_hp_loss":0.0,"gold_gain":0.0,"event_name":"Accursed Blacksmith","player_choice":"Forge","floor":36.0,"gold_loss":0.0,"damage_taken":0.0,"cards_upgraded":["Survivor"]},{"damage_healed":0.0,"max_hp_gain":0.0,"max_hp_loss":0.0,"gold_gain":0.0,"event_name":"MindBloom","player_choice":"Fight","floor":38.0,"gold_loss":0.0,"damage_taken":0.0},{"cards_removed":["Strike_G"],"damage_healed":0.0,"max_hp_gain":0.0,"max_hp_loss":0.0,"gold_gain":0.0,"event_name":"Falling","player_choice":"Removed Attack","floor":39.0,"gold_loss":0.0,"damage_taken":0.0},{"damage_healed":0.0,"max_hp_gain":0.0,"max_hp_loss":0.0,"gold_gain":0.0,"event_name":"Tomb of Lord Red Mask","player_choice":"Ignored","floor":47.0,"gold_loss":0.0,"damage_taken":0.0}],"is_beta":false,"boss_relics":[{"not_picked":["Black Star","Eternal Feather"],"picked":"Orrery"},{"not_picked":["HoveringKite","Cursed Key"],"picked":"Runic Pyramid"}],"items_purged_floors":[46],"is_endless":false,"potions_floor_spawned":[1,2,7,16,18,22,30,33,35,45,55],"ascension_level":20}