{"gold_per_floor":[118,118,131,131,131,150,150,150,150,150,173,173,173,98,98,187,187,200,214,214,30,46,46,90,102,114,126,157,187,73,73,73,166,166,187,187,212,212,212,212,246,246,269,303,303,328,328,366,366,366,366,366,21,57,57],"floor_reached":56,"playtime":2197,"items_purged":["Pain","Strike_R","Strike_R"],"score":2336,"play_id":"4d35f071-bb9b-4e24-b1d2-1e88ce20eaf5","local_time":"20181219161959","is_ascension_mode":true,"campfire_choices":[{"data":"Searing Blow","floor":7.0,"key":"SMITH"},{"data":"Searing Blow+2","floor":10.0,"key":"SMITH"},{"data":"Searing Blow+3","floor":13.0,"key":"SMITH"},{"data":"Searing Blow+4","floor":15.0,"key":"SMITH"},{"data":"Searing Blow+5","floor":23.0,"key":"SMITH"},{"data":"Searing Blow+6","floor":25.0,"key":"SMITH"},{"data":"Searing Blow+7","floor":32.0,"key":"SMITH"},{"data":"Searing Blow+8","floor":40.0,"key":"SMITH"},{"data":"Searing Blow+9","floor":42.0,"key":"SMITH"},{"floor":45.0,"key":"RECALL"},{"data":"Searing Blow+10","floor":47.0,"key":"SMITH"},{"data":"Searing Blow+11","floor":49.0,"key":"SMITH"},{"data":"Searing Blow+12","floor":52.0,"key":"SMITH"}],"neow_cost":"TEN_PERCENT_HP_LOSS","seed_source_timestamp":22903436380680,"circlet_count":0,"master_deck":["AscendersBane","Strike_R+1","Defend_R","Defend_R","Defend_R","Bash","Panacea","Impatience+1","Searing Blow+13","Armaments","Second Wind","Feed","Dropkick","Bloodletting+1","Dropkick","Ghostly+1","Ghostly+1","Ghostly+1","Rage+1","Finesse+1","True Grit+1","Armaments+1","Disarm+1"],"special_seed":0,"relics":["Burning Blood","Golden Idol","Toxic Egg 2","WarpedTongs","Runic Pyramid","MawBank","Ancient Tea Set","Lizard Tail","Orichalcum","Singing Bowl","Bag of Marbles","Blood Vial","Kunai"],"potions_floor_usage":[55,55],"damage_taken":[{"damage":7.0,"enemies":"Small Slimes","floor":1.0,"turns":3.0},{"damage":13.0,"enemies":"Jaw Worm","floor":3.0,"turns":7.0},{"damage":9.0,"enemies":"2 Louse","floor":6.0,"turns":3.0},{"damage":1.0,"enemies":"2 Fungi Beasts","floor":11.0,"turns":4.0},{"damage":9.0,"enemies":"Hexaghost","floor":16.0,"turns":7.0},{"damage":0.0,"enemies":"Spheric Guardian","floor":18.0,"turns":3.0},{"damage":23.0,"enemies":"3 Byrds","floor":19.0,"turns":5.0},{"damage":7.0,"enemies":"Sentry and Sphere","floor":22.0,"turns":6.0},{"damage":19.0,"enemies":"Gremlin Leader","floor":24.0,"turns":5.0},{"damage":9.0,"enemies":"Snake Plant","floor":28.0,"turns":3.0},{"damage":26.0,"enemies":"Shelled Parasite and Fungi","floor":29.0,"turns":6.0},{"damage":5.0,"enemies":"Automaton","floor":33.0,"turns":9.0},{"damage":8.0,"enemies":"3 Darklings","floor":35.0,"turns":10.0},{"damage":2.0,"enemies":"Orb Walker","floor":37.0,"turns":4.0},{"damage":2.0,"enemies":"Reptomancer","floor":41.0,"turns":5.0},{"damage":12.0,"enemies":"Giant Head","floor":44.0,"turns":7.0},{"damage":5.0,"enemies":"Sphere and 2 Shapes","floor":46.0,"turns":6.0},{"damage":1.0,"enemies":"Nemesis","floor":48.0,"turns":7.0},{"damage":30.0,"enemies":"Awakened One","floor":50.0,"turns":9.0},{"damage":0.0,"enemies":"Shield and Spear","floor":54.0,"turns":6.0},{"damage":59,"enemies":"The Heart","floor":55,"turns":9}],"seed_played":"1738748663085108353","potions_obtained":[{"floor":6.0,"key":"Dexterity Potion"},{"floor":11.0,"key":"SteroidPotion"},{"floor":28.0,"key":"SteroidPotion"},{"floor":29.0,"key":"EntropicBrew"},{"floor":35.0,"key":"Swift Potion"}],"is_trial":false,"path_per_floor":["M","?","M","?","?","M","R","?","T","R","M","?","R","$","R","B",null,"M","M","?","$","M","R","E","R","T","?","M","M","$","?","R","B",null,"M","?","M","?","?","R","E","R","T","E","R","M","R","E","R","B",null,"R","$","E","B",null],"character_chosen":"IRONCLAD","items_purchased":["Dropkick","Finesse+1","True Grit+1","Weak Potion","Blood Vial"],"campfire_rested":0,"item_purchase_floors":[21,30,30,53,53],"current_hp_per_floor":[67,47,40,33,33,30,30,30,30,30,35,35,35,35,35,32,55,61,47,47,47,46,46,37,37,37,34,31,15,15,15,15,16,33,35,35,43,43,43,43,50,50,50,50,50,53,53,62,62,42,60,60,60,68,15],"gold":57,"neow_bonus":"RANDOM_COLORLESS_2","is_prod":false,"is_daily":false,"chose_seed":false,"campfire_upgraded":12,"win_rate":0,"timestamp":1545207599,"path_taken":["M","?","M","?","?","M","R","?","T","R","M","?","R","$","R","BOSS","M","M","?","$","M","R","E","R","T","?","M","M","$","?","R","BOSS","M","?","M","?","?","R","E","R","T","E","R","M","R","E","R","BOSS","R","$","E","BOSS"],"build_version":"2018-12-13","purchased_purges":3,"victory":true,"max_hp_per_floor":[68,68,68,68,62,62,62,62,62,62,62,62,62,62,62,62,62,62,65,65,65,65,65,69,69,69,34,34,38,38,38,38,38,38,42,42,46,46,46,46,50,50,50,56,56,58,58,62,62,66,66,66,66,68,68],"card_choices":[{"not_picked":["Armaments","Sentinel"],"picked":"Searing Blow","floor":1.0},{"not_picked":["Headbutt","Flex","Armaments"],"picked":"SKIP","floor":3.0},{"not_picked":["Headbutt","Flex"],"picked":"Armaments","floor":3.0},{"not_picked":["Thunderclap","Iron Wave"],"picked":"Second Wind","floor":6.0},{"not_picked":["Inflame","Cleave","Heavy Blade"],"picked":"SKIP","floor":11.0},{"not_picked":["Demon Form","Limit Break+1"],"picked":"Feed","floor":16.0},{"not_picked":["Clash","Armaments+1"],"picked":"Dropkick","floor":18.0},{"not_picked":["Entrench+1","Infernal Blade+1"],"picked":"Bloodletting+1","floor":19.0},{"not_picked":["Cleave+1","Heavy Blade","Iron Wave"],"picked":"SKIP","floor":22.0},{"not_picked":["Metallicize","Sword Boomerang+1","Iron Wave"],"picked":"SKIP","floor":24.0},{"not_picked":["Perfected Strike","Intimidate+1","Power Through+1"],"picked":"SKIP","floor":28.0},{"not_picked":["Perfected Strike+1","Pommel Strike"],"picked":"Rage+1","floor":29.0},{"not_picked":["Thunderclap","Dual Wield+1","Intimidate+1"],"picked":"SKIP","floor":35.0},{"not_picked":["Anger","Battle Trance+1","Rage+1"],"picked":"SKIP","floor":37.0},{"not_picked":["Inflame","Blood for Blood"],"picked":"Armaments+1","floor":41.0},{"not_picked":["Power Through+1","Battle Trance+1","Thunderclap"],"picked":"Singing Bowl","floor":44.0},{"not_picked":["Armaments+1","Dropkick","Clash"],"picked":"Singing Bowl","floor":46.0},{"not_picked":["Thunderclap","Pommel Strike"],"picked":"Disarm+1","floor":48.0},{"not_picked":["Fiend Fire","Sentinel+1","Armaments+1"],"picked":"Singing Bowl","floor":54.0}],"player_experience":1379663,"relics_obtained":[{"floor":9.0,"key":"Toxic Egg 2"},{"floor":24.0,"key":"MawBank"},{"floor":26.0,"key":"Ancient Tea Set"},{"floor":41.0,"key":"Orichalcum"},{"floor":44.0,"key":"Singing Bowl"},{"floor":48.0,"key":"Bag of Marbles"},{"floor":54.0,"key":"Kunai"}],"event_choices":[{"damage_healed":0.0,"max_hp_gain":0.0,"max_hp_loss":0.0,"gold_gain":0.0,"event_name":"Shining Light","player_choice":"Entered Light","floor":2.0,"gold_loss":0.0,"damage_taken":20.0,"cards_upgraded":["Strike_R","Impatience"]},{"cards_removed":["Strike_R"],"damage_healed":0.0,"max_hp_gain":0.0,"max_hp_loss":0.0,"gold_gain":0.0,"event_name":"Golden Wing","player_choice":"Card Removal","floor":4.0,"gold_loss":0.0,"damage_taken":7.0},{"damage_healed":0.0,"max_hp_gain":0.0,"max_hp_loss":6.0,"gold_gain":0.0,"event_name":"Golden Idol","player_choice":"Lose Max HP","floor":5.0,"gold_loss":0.0,"damage_taken":0.0,"relics_obtained":["Golden Idol"]},{"damage_healed":0.0,"max_hp_gain":0.0,"max_hp_loss":0.0,"gold_gain":0.0,"event_name":"Living Wall","player_choice":"Grow","floor":8.0,"gold_loss":0.0,"damage_taken":0.0,"cards_upgraded":["Searing Blow"]},{"damage_healed":0.0,"max_hp_gain":0.0,"max_hp_loss":0.0,"gold_gain":0.0,"event_name":"Accursed Blacksmith","player_choice":"Rummage","floor":12.0,"gold_loss":0.0,"damage_taken":0.0,"relics_obtained":["WarpedTongs"],"cards_obtained":["Pain"]},{"cards_removed":["Strike_R"],"damage_healed":0.0,"max_hp_gain":0.0,"max_hp_loss":0.0,"gold_gain":0.0,"event_name":"Back to Basics","player_choice":"Elegance","floor":20.0,"gold_loss":0.0,"damage_taken":0.0},{"damage_healed":0.0,"max_hp_gain":0.0,"max_hp_loss":35.0,"gold_gain":0.0,"event_name":"Ghosts","player_choice":"Became a Ghost","floor":27.0,"gold_loss":0.0,"damage_taken":0.0,"cards_obtained":["Ghostly","Ghostly","Ghostly"]},{"damage_healed":0.0,"max_hp_gain":0.0,"max_hp_loss":0.0,"gold_gain":0.0,"event_name":"Vampires","player_choice":"Ignored","floor":31.0,"gold_loss":0.0,"damage_taken":0.0},{"damage_healed":0.0,"max_hp_gain":0.0,"max_hp_loss":0.0,"gold_gain":0.0,"event_name":"Mysterious Sphere","player_choice":"Ignored","floor":36.0,"gold_loss":0.0,"damage_taken":0.0},{"cards_removed":["Defend_R"],"damage_healed":0.0,"max_hp_gain":0.0,"max_hp_loss":0.0,"gold_gain":0.0,"event_name":"Falling","player_choice":"Removed Skill","floor":38.0,"gold_loss":0.0,"damage_taken":0.0},{"damage_healed":0.0,"max_hp_gain":0.0,"max_hp_loss":0.0,"gold_gain":0.0,"event_name":"Tomb of Lord Red Mask","player_choice":"Ignored","floor":39.0,"gold_loss":0.0,"damage_taken":0.0}],"is_beta":false,"boss_relics":[{"not_picked":["Sozu","Black Star"],"picked":"Runic Pyramid"},{"not_picked":["Calling Bell","Orrery"],"picked":"Lizard Tail"}],"items_purged_floors":[14,21,53],"is_endless":false,"potions_floor_spawned":[6,11,16,18,28,29,35,37,44],"ascension_level":19}