{"path_per_floor":["M","M","?","M","M","R","E","R","T","?","R","?","E","$","R","B",null,"M","M","$","M","$","E"],"character_chosen":"THE_SILENT","items_purchased":["Ornamental Fan"],"gold_per_floor":[114,129,204,219,234,234,264,264,339,339,339,339,369,369,369,469,469,484,499,499,514,314,344,344],"floor_reached":24,"campfire_rested":0,"playtime":806,"current_hp_per_floor":[70,70,59,48,47,47,47,47,47,47,47,42,42,42,42,42,77,62,58,58,45,45,17,0],"items_purged":[],"gold":344,"score":424,"play_id":"441c6fc0-b960-415a-84b7-e3fa545cebee","local_time":"20180423110430","daily_mods":["Draft","Vintage","Hoarder"],"is_prod":false,"is_daily":true,"chose_seed":false,"is_ascension_mode":false,"campfire_upgraded":4,"timestamp":1524452670,"path_taken":["M","M","?","M","M","R","E","R","T","?","R","?","E","$","R","BOSS","M","M","$","M","$","E","M"],"build_version":"2018-04-19","seed_source_timestamp":0,"purchased_purges":0,"victory":false,"master_deck":["Predator+1","Predator+1","Predator","Flying Knee","Flying Knee","Flying Knee","All Out Attack+1","All Out Attack+1","All Out Attack","Dagger Throw","Dagger Throw","Dagger Throw","Flechettes","Flechettes","Flechettes","Backflip","Backflip+1","Backflip","Acrobatics","Acrobatics","Acrobatics+1","Grand Finale","Grand Finale","Grand Finale","Decay","Decay","Decay","Pain","Pain","Pain","Injury","Injury","Injury"],"max_hp_per_floor":[70,70,70,70,70,70,70,70,70,70,70,77,77,77,77,77,77,77,77,77,77,77,77,77],"relics":["Ring of the Snake","Shuriken","Bag of Marbles","Vajra","Bag of Preparation","Anchor","Smiling Mask","Strawberry","Prayer Wheel","Calipers","Calling Bell","Regal Pillow","The Courier","Tingsha","Orichalcum","War Paint","Lantern","Ornamental Fan","Blood Vial"],"card_choices":[{"not_picked":["Prepared","Bane"],"picked":"Predator","floor":0},{"not_picked":["Acrobatics","Deadly Poison"],"picked":"Flying Knee","floor":0},{"not_picked":["Outmaneuver","Dash"],"picked":"All Out Attack","floor":0},{"not_picked":["Sucker Punch","Blade Dance"],"picked":"Dagger Throw","floor":0},{"not_picked":["Prepared","Bouncing Flask"],"picked":"Flechettes","floor":0},{"not_picked":["Flying Knee","Deadly Poison"],"picked":"Backflip","floor":0},{"not_picked":["Deadly Poison","Concentrate"],"picked":"Acrobatics","floor":13},{"not_picked":["Venomology","Storm of Steel"],"picked":"Grand Finale","floor":16}],"player_experience":427205,"potions_floor_usage":[19,23],"damage_taken":[{"damage":0,"enemies":"Cultist","floor":1,"turns":2},{"damage":0,"enemies":"2 Louse","floor":2,"turns":1},{"damage":11,"enemies":"Jaw Worm","floor":4,"turns":2},{"damage":1,"enemies":"Large Slime","floor":5,"turns":3},{"damage":0,"enemies":"Gremlin Nob","floor":7,"turns":2},{"damage":0,"enemies":"3 Sentries","floor":13,"turns":2},{"damage":0,"enemies":"Slime Boss","floor":16,"turns":4},{"damage":15,"enemies":"Shell Parasite","floor":18,"turns":3},{"damage":4,"enemies":"2 Thieves","floor":19,"turns":2},{"damage":13,"enemies":"3 Cultists","floor":21,"turns":4},{"damage":37,"enemies":"Gremlin Leader","floor":23,"turns":5},{"damage":21,"enemies":"Cultist and Chosen","floor":24,"turns":3}],"event_choices":[{"event_name":"World of Goop","player_choice":"Gather Gold","floor":3,"damage_taken":0},{"event_name":"Liars Game","player_choice":"disagreed","floor":10,"damage_taken":0},{"event_name":"Scrap Ooze","player_choice":"success","floor":12,"damage_taken":12}],"boss_relics":[{"not_picked":["Runic Dome","White Beast Statue"],"picked":"Calling Bell"}],"potions_floor_spawned":[2,13,16,18,21],"seed_played":"2192268310771929411","killed_by":"Cultist and Chosen","ascension_level":0,"is_trial":false}