{"gold_per_floor":[111,111,61,61,77,121,46,46,46,85,104,118,118,162,174,277,289,322,357,369,381,408,420,455,467,479,510,31,50,50],"floor_reached":30,"playtime":768,"items_purged":["Strike_B","Strike_B"],"score":550,"play_id":"10662c8d-2fc4-49d6-9137-906df6b4b693","local_time":"20181119155631","is_ascension_mode":true,"campfire_choices":[{"data":"Streamline","floor":8.0,"key":"SMITH"},{"data":"Zap","floor":13.0,"key":"SMITH"},{"data":"Blizzard","floor":15.0,"key":"SMITH"},{"data":"Coolheaded","floor":23.0,"key":"SMITH"}],"neow_cost":"NONE","seed_source_timestamp":1659368709974001,"circlet_count":0,"master_deck":["AscendersBane","Defend_B","Defend_B","Zap+1","Dualcast","Coolheaded+1","Streamline+1","Blizzard+1","Seek","Beam Cell+1","Chill+1","Steam+1","Recycle","Coolheaded+1","Flash of Steel","Conserve Battery+1"],"special_seed":0,"relics":["Cracked Core","NeowsBlessing","Golden Idol","Potion Belt","Mercury Hourglass","Happy Flower","MawBank","Empty Cage","Regal Pillow","Toxic Egg 2","ClockworkSouvenir"],"potions_floor_usage":[27,27,29],"damage_taken":[{"damage":0.0,"enemies":"2 Louse","floor":1.0,"turns":1.0},{"damage":0.0,"enemies":"Jaw Worm","floor":5.0,"turns":1.0},{"damage":0.0,"enemies":"3 Sentries","floor":6.0,"turns":1.0},{"damage":11.0,"enemies":"Gremlin Nob","floor":10.0,"turns":3.0},{"damage":1.0,"enemies":"Cultist","floor":11.0,"turns":3.0},{"damage":9.0,"enemies":"Red Slaver","floor":12.0,"turns":2.0},{"damage":9.0,"enemies":"3 Sentries","floor":14.0,"turns":6.0},{"damage":29.0,"enemies":"The Guardian","floor":16.0,"turns":11.0},{"damage":14.0,"enemies":"Spheric Guardian","floor":18.0,"turns":4.0},{"damage":4.0,"enemies":"3 Byrds","floor":19.0,"turns":3.0},{"damage":11.0,"enemies":"Centurion and Healer","floor":22.0,"turns":5.0},{"damage":8.0,"enemies":"3 Cultists","floor":24.0,"turns":4.0},{"damage":13,"enemies":"Snake Plant","floor":27,"turns":3},{"damage":5,"enemies":"Chosen and Byrds","floor":29,"turns":4},{"damage":10,"enemies":"Slavers","floor":30,"turns":1}],"seed_played":"-7998509531813536768","potions_obtained":[{"floor":5.0,"key":"Swift Potion"},{"floor":10.0,"key":"SteroidPotion"},{"floor":11.0,"key":"Regen Potion"},{"floor":12.0,"key":"Dexterity Potion"},{"floor":18.0,"key":"Fire Potion"},{"floor":19.0,"key":"PowerPotion"},{"floor":22.0,"key":"AttackPotion"}],"is_trial":false,"path_per_floor":["M","?","$","?","M","E","$","R","T","E","M","M","R","E","R","B",null,"M","M","?","?","M","R","M","T","T","M","$","M","E"],"character_chosen":"DEFECT","items_purchased":["Coolheaded","Regen Potion","Flash of Steel","ClockworkSouvenir"],"campfire_rested":0,"item_purchase_floors":[3,28,28,28],"current_hp_per_floor":[64,57,57,57,57,57,57,57,57,46,45,36,36,42,42,13,51,37,33,33,33,22,22,14,14,14,1,1,8,0],"gold":50,"neow_bonus":"THREE_ENEMY_KILL","is_prod":false,"is_daily":false,"chose_seed":false,"campfire_upgraded":4,"win_rate":0,"timestamp":1542614191,"path_taken":["M","?","$","?","M","E","?","R","T","E","M","?","R","E","R","BOSS","M","M","?","?","M","R","?","?","T","M","$","M","E"],"build_version":"2018-11-15","purchased_purges":2,"victory":false,"max_hp_per_floor":[71,71,71,64,64,64,64,64,64,64,64,64,64,64,64,64,64,64,64,64,64,64,64,64,64,64,64,64,64,64],"card_choices":[{"not_picked":["Steam","Gash","Leap"],"picked":"SKIP","floor":1.0},{"not_picked":["Beam Cell","Go for the Eyes"],"picked":"Streamline","floor":5.0},{"not_picked":["Sweeping Beam","Steam","Streamline"],"picked":"SKIP","floor":6.0},{"not_picked":["Doom and Gloom","Multi-Cast","Steam"],"picked":"SKIP","floor":10.0},{"not_picked":["Sweeping Beam","Coolheaded","Stack"],"picked":"SKIP","floor":11.0},{"not_picked":["Coolheaded","Aggregate","Streamline"],"picked":"SKIP","floor":12.0},{"not_picked":["Auto Shields","Hologram"],"picked":"Blizzard","floor":14.0},{"not_picked":["Meteor Strike","Multi-Cast"],"picked":"Seek","floor":16.0},{"not_picked":["Leap","Doom and Gloom"],"picked":"Beam Cell+1","floor":18.0},{"not_picked":["Redo+1","Sweeping Beam"],"picked":"Chill+1","floor":19.0},{"not_picked":["Conserve Battery","Gash+1"],"picked":"Steam+1","floor":22.0},{"not_picked":["Skim","Rebound"],"picked":"Recycle","floor":24.0},{"not_picked":["Redo+1","Sweeping Beam"],"picked":"Coolheaded+1","floor":27},{"not_picked":["Aggregate+1","Sunder"],"picked":"Conserve Battery+1","floor":29}],"player_experience":551787,"relics_obtained":[{"floor":6.0,"key":"Potion Belt"},{"floor":9.0,"key":"Mercury Hourglass"},{"floor":10.0,"key":"Happy Flower"},{"floor":14.0,"key":"MawBank"},{"floor":25.0,"key":"Regal Pillow"},{"floor":26.0,"key":"Toxic Egg 2"}],"event_choices":[{"cards_removed":["Strike_B"],"damage_healed":0.0,"max_hp_gain":0.0,"max_hp_loss":0.0,"gold_gain":0.0,"event_name":"Golden Wing","player_choice":"Card Removal","floor":2.0,"gold_loss":0.0,"damage_taken":7.0},{"damage_healed":0.0,"max_hp_gain":0.0,"max_hp_loss":7.0,"gold_gain":0.0,"event_name":"Golden Idol","player_choice":"Lose Max HP","floor":4.0,"gold_loss":0.0,"damage_taken":0.0,"relics_obtained":["Golden Idol"]},{"damage_healed":0.0,"max_hp_gain":0.0,"max_hp_loss":0.0,"gold_gain":0.0,"event_name":"Cursed Tome","player_choice":"Ignored","floor":20.0,"gold_loss":0.0,"damage_taken":0.0},{"cards_removed":["Defend_B"],"damage_healed":0.0,"max_hp_gain":0.0,"max_hp_loss":0.0,"gold_gain":0.0,"event_name":"Purifier","player_choice":"Purged","floor":21.0,"gold_loss":0.0,"damage_taken":0.0}],"is_beta":true,"boss_relics":[{"not_picked":["Snecko Eye","Runic Pyramid"],"picked":"Empty Cage"}],"items_purged_floors":[7,28],"is_endless":false,"potions_floor_spawned":[5,10,11,12,18,19,22],"killed_by":"Slavers","ascension_level":20}