{"gold_per_floor":[109,109,121,136,136,136,168,168,168,195,209,209,221,241,241,316,316,327,527,537,537,8,8,34,34,34,69,12,25,37,47,47,122,122,141,0,11,31,45,78,78,78,78,96,96,128,28,42,42,42,42,42,42,13,45,45],"floor_reached":57,"playtime":3573,"items_purged":["Strike_B","Strike_B"],"score":3128,"play_id":"c448ed9b-616b-4592-bb43-684a7b14d0e9","local_time":"20190711034057","is_ascension_mode":true,"campfire_choices":[{"data":"Beam Cell","floor":6.0,"key":"SMITH"},{"data":"Recycle","floor":8.0,"key":"SMITH"},{"data":"Dualcast","floor":12.0,"key":"SMITH"},{"data":"Zap","floor":15.0,"key":"SMITH"},{"data":"Apotheosis","floor":23.0,"key":"SMITH"},{"data":"Hologram","floor":25.0,"key":"SMITH"},{"floor":32.0,"key":"RECALL"},{"data":"Skim","floor":41.0,"key":"SMITH"},{"data":"Turbo","floor":49.0,"key":"SMITH"},{"data":"Creative AI","floor":53.0,"key":"SMITH"}],"neow_cost":"NONE","seed_source_timestamp":181686915220009,"circlet_count":0,"master_deck":["AscendersBane","Strike_B+1","Strike_B","Defend_B","Defend_B","Defend_B","Defend_B+1","Zap+1","Dualcast+1","White Noise","Glacier","Beam Cell+1","Recycle+1","Meteor Strike+1","Auto Shields","Undo","Electrodynamics","Hologram+1","Turbo+1","Apotheosis+1","Sunder+1","White Noise","White Noise","Leap","Steam Power","Creative AI+1","Skim+1","Turbo+1","Reprogram+1","White Noise","Hologram"],"special_seed":0,"relics":["Cracked Core","NeowsBlessing","FaceOfCleric","Molten Egg 2","Kunai","Vajra","Coffee Dripper","Shuriken","Medical Kit","Oddly Smooth Stone","Singing Bowl","Bird Faced Urn","Black Star","Red Mask","Centennial Puzzle","Cables","Happy Flower","Mercury Hourglass","Gremlin Horn","Art of War"],"potions_floor_usage":[56,56],"damage_taken":[{"damage":0.0,"enemies":"Jaw Worm","floor":1.0,"turns":1.0},{"damage":0.0,"enemies":"Cultist","floor":3.0,"turns":1.0},{"damage":0.0,"enemies":"2 Louse","floor":4.0,"turns":1.0},{"damage":0.0,"enemies":"Gremlin Nob","floor":7.0,"turns":3.0},{"damage":0.0,"enemies":"Lagavulin","floor":10.0,"turns":7.0},{"damage":0.0,"enemies":"Looter","floor":11.0,"turns":3.0},{"damage":5.0,"enemies":"Gremlin Gang","floor":13.0,"turns":5.0},{"damage":7.0,"enemies":"3 Louse","floor":14.0,"turns":4.0},{"damage":0.0,"enemies":"The Guardian","floor":16.0,"turns":11.0},{"damage":12.0,"enemies":"Spheric Guardian","floor":18.0,"turns":8.0},{"damage":2.0,"enemies":"Chosen","floor":20.0,"turns":5.0},{"damage":27.0,"enemies":"Slavers","floor":24.0,"turns":5.0},{"damage":9.0,"enemies":"Book of Stabbing","floor":27.0,"turns":4.0},{"damage":17.0,"enemies":"Snake Plant","floor":29.0,"turns":6.0},{"damage":0.0,"enemies":"Cultist and Chosen","floor":30.0,"turns":5.0},{"damage":0.0,"enemies":"Centurion and Healer","floor":31.0,"turns":6.0},{"damage":0.0,"enemies":"Champ","floor":33.0,"turns":21.0},{"damage":20.0,"enemies":"3 Shapes","floor":35.0,"turns":5.0},{"damage":0.0,"enemies":"Orb Walker","floor":37.0,"turns":4.0},{"damage":0.0,"enemies":"4 Shapes","floor":38.0,"turns":2.0},{"damage":25.0,"enemies":"Transient","floor":39.0,"turns":6.0},{"damage":50.0,"enemies":"Reptomancer","floor":40.0,"turns":13.0},{"damage":24.0,"enemies":"Spire Growth","floor":44.0,"turns":6.0},{"damage":0.0,"enemies":"Giant Head","floor":46.0,"turns":8.0},{"damage":15.0,"enemies":"3 Darklings","floor":48.0,"turns":3.0},{"damage":53.0,"enemies":"Time Eater","floor":50.0,"turns":9.0},{"damage":91.0,"enemies":"Awakened One","floor":51.0,"turns":13.0},{"damage":79.0,"enemies":"Shield and Spear","floor":55.0,"turns":9.0},{"damage":77,"enemies":"The Heart","floor":56,"turns":12}],"seed_played":"5034341762408119778","potions_obtained":[{"floor":4.0,"key":"Block Potion"},{"floor":10.0,"key":"SkillPotion"},{"floor":11.0,"key":"EssenceOfSteel"},{"floor":20.0,"key":"Block Potion"},{"floor":24.0,"key":"Energy Potion"},{"floor":27.0,"key":"Strength Potion"},{"floor":31.0,"key":"Fire Potion"},{"floor":39.0,"key":"AttackPotion"},{"floor":44.0,"key":"Ancient Potion"},{"floor":55.0,"key":"FocusPotion"}],"is_trial":false,"path_per_floor":["M","?","M","M","?","R","E","R","T","E","M","R","M","M","R","B",null,"M","?","M","T","$","R","E","R","T","E","$","M","M","M","R","B",null,"M","?","M","M","M","E","R","?","T","M","?","E","$","M","R","B","B",null,"R","$","E","B",null],"character_chosen":"DEFECT","items_purchased":["Apotheosis","Medical Kit","Sunder+1","Leap","Hologram"],"campfire_rested":0,"item_purchase_floors":[22,22,22,28,54],"current_hp_per_floor":[64,43,43,43,43,43,44,44,44,45,46,46,42,36,36,37,67,56,56,55,55,55,55,29,29,29,21,21,15,26,37,37,89,89,84,84,93,94,82,63,63,63,63,76,76,99,99,95,95,88,8,79,79,79,31,31],"gold":45,"neow_bonus":"THREE_ENEMY_KILL","is_prod":false,"is_daily":false,"chose_seed":false,"campfire_upgraded":9,"win_rate":0,"timestamp":1562784057,"path_taken":["M","?","M","M","?","R","E","R","T","E","M","R","?","?","R","BOSS","M","?","?","?","$","R","E","R","T","E","?","M","?","M","R","BOSS","M","?","M","M","M","E","R","?","T","?","?","E","?","M","R","BOSS","BOSS","R","$","E","BOSS"],"build_version":"2019-07-05","purchased_purges":2,"victory":true,"max_hp_per_floor":[71,71,71,71,71,71,72,72,72,73,74,74,75,76,76,77,77,78,78,79,79,79,79,80,80,80,81,81,82,85,88,88,89,89,90,90,93,94,97,100,100,100,100,101,96,99,99,100,100,101,102,102,102,102,105,106],"card_choices":[{"not_picked":["Barrage","Leap"],"picked":"White Noise","floor":1.0},{"not_picked":["Hello World","Turbo"],"picked":"Glacier","floor":3.0},{"not_picked":["Chill","Melter"],"picked":"Beam Cell","floor":4.0},{"not_picked":["Rebound","White Noise"],"picked":"Recycle","floor":7.0},{"not_picked":["Conserve Battery","Genetic Algorithm"],"picked":"Meteor Strike+1","floor":10.0},{"not_picked":["Rip and Tear+1","Go for the Eyes+1","Capacitor"],"picked":"SKIP","floor":11.0},{"not_picked":["Rip and Tear+1","Go for the Eyes+1","Capacitor"],"picked":"SKIP","floor":11.0},{"not_picked":["Steam","Melter+1"],"picked":"Auto Shields","floor":13.0},{"not_picked":["Capacitor","Hello World"],"picked":"Undo","floor":14.0},{"not_picked":["Meteor Strike+1","Creative AI"],"picked":"Electrodynamics","floor":16.0},{"not_picked":["Barrage+1","Storm"],"picked":"Hologram","floor":18.0},{"not_picked":["Ball Lightning+1","Scrape+1"],"picked":"Turbo","floor":20.0},{"not_picked":["Sunder+1","Turbo+1"],"picked":"White Noise","floor":24.0},{"not_picked":["Steam","Beam Cell+1"],"picked":"White Noise","floor":27.0},{"not_picked":["Streamline+1","Double Energy"],"picked":"Steam Power","floor":29.0},{"not_picked":["Compile Driver+1","Gash+1","Ball Lightning+1"],"picked":"Singing Bowl","floor":30.0},{"not_picked":["Rip and Tear+1","Conserve Battery","Turbo"],"picked":"Singing Bowl","floor":31.0},{"not_picked":["Fission","Amplify"],"picked":"Creative AI","floor":33.0},{"not_picked":["Recycle","Streamline+1"],"picked":"Skim","floor":35.0},{"not_picked":["Steam Power","Auto Shields","Leap"],"picked":"Singing Bowl","floor":37.0},{"not_picked":["Barrage+1","Hologram+1"],"picked":"Turbo+1","floor":38.0},{"not_picked":["Hologram+1","Rip and Tear+1","Gash+1"],"picked":"Singing Bowl","floor":39.0},{"not_picked":["Ball Lightning+1","Self Repair","Hologram"],"picked":"Singing Bowl","floor":40.0},{"not_picked":["Rip and Tear+1","Double Energy"],"picked":"Reprogram+1","floor":44.0},{"not_picked":["Chaos","Double Energy","Rip and Tear+1"],"picked":"Singing Bowl","floor":46.0},{"not_picked":["Self Repair","Multi-Cast"],"picked":"White Noise","floor":48.0},{"not_picked":["Multi-Cast","Self Repair+1","Melter+1"],"picked":"Singing Bowl","floor":55.0}],"player_experience":626519,"relics_obtained":[{"floor":7.0,"key":"Molten Egg 2"},{"floor":9.0,"key":"Kunai"},{"floor":10.0,"key":"Vajra"},{"floor":21.0,"key":"Shuriken"},{"floor":24.0,"key":"Oddly Smooth Stone"},{"floor":26.0,"key":"Singing Bowl"},{"floor":27.0,"key":"Bird Faced Urn"},{"floor":40.0,"key":"Centennial Puzzle"},{"floor":40.0,"key":"Cables"},{"floor":46.0,"key":"Happy Flower"},{"floor":46.0,"key":"Mercury Hourglass"},{"floor":55.0,"key":"Gremlin Horn"},{"floor":55.0,"key":"Art of War"}],"event_choices":[{"damage_healed":0.0,"max_hp_gain":0.0,"max_hp_loss":0.0,"gold_gain":0.0,"event_name":"Shining Light","player_choice":"Entered Light","floor":2.0,"gold_loss":0.0,"damage_taken":21.0,"cards_upgraded":["Strike_B","Defend_B"]},{"damage_healed":0.0,"max_hp_gain":0.0,"max_hp_loss":0.0,"gold_gain":0.0,"event_name":"FaceTrader","player_choice":"Trade","floor":5.0,"gold_loss":0.0,"damage_taken":0.0,"relics_obtained":["FaceOfCleric"]},{"damage_healed":0.0,"max_hp_gain":0.0,"max_hp_loss":0.0,"gold_gain":250.0,"event_name":"The Joust","player_choice":"Bet on Owner","floor":19.0,"gold_loss":50.0,"damage_taken":0.0},{"damage_healed":0.0,"max_hp_gain":0.0,"max_hp_loss":0.0,"gold_gain":0.0,"event_name":"Tomb of Lord Red Mask","player_choice":"Paid","floor":36.0,"gold_loss":141.0,"damage_taken":0.0,"relics_obtained":["Red Mask"]},{"damage_healed":0.0,"max_hp_gain":0.0,"max_hp_loss":0.0,"gold_gain":0.0,"event_name":"SecretPortal","player_choice":"Ignored","floor":42.0,"gold_loss":0.0,"damage_taken":0.0},{"damage_healed":0.0,"max_hp_gain":0.0,"max_hp_loss":5.0,"gold_gain":0.0,"event_name":"Winding Halls","player_choice":"Max HP","floor":45.0,"gold_loss":0.0,"damage_taken":0.0}],"is_beta":false,"boss_relics":[{"not_picked":["Sozu","Inserter"],"picked":"Coffee Dripper"},{"not_picked":["White Beast Statue","Astrolabe"],"picked":"Black Star"}],"items_purged_floors":[22,47],"is_endless":false,"potions_floor_spawned":[4,10,11,16,20,24,27,31,33,35,39,44,46,48,55],"ascension_level":20}