{"gold_per_floor":[114,114,39,53,10,85,109,109,109,25,49,65,86,86],"floor_reached":14,"playtime":1465,"items_purged":[],"score":164,"play_id":"9e34b2cb-bf9a-4bf9-b6c5-0d904150f960","local_time":"20181229154623","is_ascension_mode":true,"campfire_choices":[],"neow_cost":"PERCENT_DAMAGE","seed_source_timestamp":16845745617892,"circlet_count":0,"master_deck":["AscendersBane","Defend_G","Defend_G","Defend_G","Strike_G","Strike_G","Strike_G","Survivor","Neutralize","Reflex","All Out Attack","Calculated Gamble","Well Laid Plans","Adrenaline"],"special_seed":0,"relics":["Ring of the Snake","Golden Idol","Pear"],"potions_floor_usage":[],"damage_taken":[{"damage":4.0,"enemies":"Jaw Worm","floor":1.0,"turns":7.0},{"damage":0.0,"enemies":"2 Louse","floor":4.0,"turns":3.0},{"damage":0.0,"enemies":"Small Slimes","floor":7.0,"turns":3.0},{"damage":0,"enemies":"2 Fungi Beasts","floor":11,"turns":2},{"damage":8,"enemies":"Blue Slaver","floor":12,"turns":5},{"damage":1,"enemies":"3 Louse","floor":13,"turns":2},{"damage":0,"enemies":"Lagavulin","floor":14,"turns":1}],"seed_played":"-4369460046225474094","potions_obtained":[{"floor":1.0,"key":"FairyPotion"},{"floor":7.0,"key":"FearPotion"}],"is_trial":false,"path_per_floor":["M","?","?","M","$","?","M","?","T","$","M","M","M","E"],"character_chosen":"THE_SILENT","items_purchased":["Calculated Gamble","Well Laid Plans"],"campfire_rested":0,"item_purchase_floors":[5,10],"current_hp_per_floor":[40,40,40,40,40,29,29,29,39,39,39,31,30,30],"gold":86,"neow_bonus":"REMOVE_TWO","is_prod":false,"is_daily":false,"chose_seed":false,"campfire_upgraded":0,"win_rate":0,"timestamp":1546069583,"path_taken":["M","?","?","M","$","?","M","?","T","$","M","M","M","E"],"build_version":"2018-12-20","purchased_purges":0,"victory":false,"max_hp_per_floor":[66,60,60,60,60,60,60,60,70,70,70,70,70,70],"card_choices":[{"not_picked":["Flying Knee","Blade Dance"],"picked":"Reflex","floor":1.0},{"not_picked":["Blade Dance","PiercingWail"],"picked":"All Out Attack","floor":4.0},{"not_picked":["Dagger Throw","Dash","Caltrops"],"picked":"SKIP","floor":7.0},{"not_picked":["Cloak And Dagger","Deflect","Distraction"],"picked":"SKIP","floor":11},{"not_picked":["Bane","Outmaneuver"],"picked":"Adrenaline","floor":12},{"not_picked":["Flying Knee","Setup","Underhanded Strike"],"picked":"SKIP","floor":13}],"player_experience":1568802,"relics_obtained":[{"floor":9,"key":"Pear"}],"event_choices":[{"damage_healed":0.0,"max_hp_gain":0.0,"max_hp_loss":6.0,"gold_gain":0.0,"event_name":"Golden Idol","player_choice":"Lose Max HP","floor":2.0,"gold_loss":0.0,"damage_taken":0.0,"relics_obtained":["Golden Idol"]},{"cards_removed":["Strike_G"],"damage_healed":0.0,"max_hp_gain":0.0,"max_hp_loss":0.0,"gold_gain":0.0,"event_name":"The Cleric","player_choice":"Card Removal","floor":3.0,"gold_loss":75.0,"damage_taken":0.0},{"damage_healed":0.0,"max_hp_gain":0.0,"max_hp_loss":0.0,"gold_gain":75.0,"event_name":"World of Goop","player_choice":"Gather Gold","floor":6.0,"gold_loss":0.0,"damage_taken":11.0},{"cards_removed":["Defend_G"],"damage_healed":0,"gold_gain":0,"player_choice":"Forget","damage_taken":0,"max_hp_gain":0,"max_hp_loss":0,"event_name":"Living Wall","floor":8,"gold_loss":0}],"is_beta":false,"boss_relics":[],"items_purged_floors":[],"is_endless":false,"potions_floor_spawned":[1,7,13],"killed_by":"Lagavulin","ascension_level":20}