{"gold_per_floor":[117,1,20,20,35,35,49,49,75,103,103,135,135,158,158,252,252,275,165,81,95,108,142,142,183,183,183,196,196,235,249,249,343,343,367,367,387,103,436,436,463,463,490,509,509,525,551,561,561,561,561,561,561,43,76,76],"floor_reached":57,"playtime":3023,"items_purged":["Strike_B","Defend_B","Defend_B+1"],"score":3035,"play_id":"559b208d-7372-4267-8a08-c0c3e45d48e8","local_time":"20190216211729","is_ascension_mode":true,"campfire_choices":[{"data":"Streamline","floor":6.0,"key":"SMITH"},{"data":"Sunder","floor":8.0,"key":"SMITH"},{"data":"Rip and Tear","floor":11.0,"key":"SMITH"},{"data":"Consume","floor":15.0,"key":"SMITH"},{"data":"Rainbow","floor":24.0,"key":"SMITH"},{"data":"Electrodynamics","floor":27.0,"key":"SMITH"},{"data":"Undo","floor":29.0,"key":"SMITH"},{"data":"Glacier","floor":32.0,"key":"SMITH"},{"data":"Capacitor","floor":40.0,"key":"SMITH"},{"floor":42.0,"key":"RECALL"},{"data":"Leap","floor":45.0,"key":"SMITH"},{"data":"Defend_B","floor":49.0,"key":"SMITH"},{"data":"Defend_B","floor":53.0,"key":"SMITH"}],"neow_cost":"TEN_PERCENT_HP_LOSS","seed_source_timestamp":40866111025511,"circlet_count":0,"master_deck":["AscendersBane","Defend_B+1","Zap","Dualcast+1","Leap+1","Steam Power+1","Undo+1","Rip and Tear+1","Streamline+1","Glacier+1","Sunder+1","Meteor Strike+1","Consume+1","Electrodynamics+1","Recycle+1","Rainbow+1","Reinforced Body+1","Capacitor+1","All For One","Transmutation"],"special_seed":0,"relics":["Cracked Core","Vajra","Singing Bowl","Snecko Eye","Gremlin Horn","Lantern","Du-Vu Doll","Letter Opener","Runic Pyramid","Membership Card","Anchor","Boot","Pen Nib","Orichalcum","War Paint","Toolbox","Bag of Marbles"],"potions_floor_usage":[56,56],"damage_taken":[{"damage":0.0,"enemies":"Jaw Worm","floor":1.0,"turns":4.0},{"damage":0.0,"enemies":"2 Louse","floor":3.0,"turns":3.0},{"damage":0.0,"enemies":"Cultist","floor":5.0,"turns":2.0},{"damage":1.0,"enemies":"Red Slaver","floor":7.0,"turns":2.0},{"damage":9.0,"enemies":"Lagavulin","floor":10.0,"turns":8.0},{"damage":1.0,"enemies":"3 Sentries","floor":12.0,"turns":4.0},{"damage":0.0,"enemies":"Large Slime","floor":14.0,"turns":4.0},{"damage":4.0,"enemies":"The Guardian","floor":16.0,"turns":12.0},{"damage":6.0,"enemies":"2 Thieves","floor":18.0,"turns":2.0},{"damage":0.0,"enemies":"Spheric Guardian","floor":21.0,"turns":3.0},{"damage":6.0,"enemies":"Snake Plant","floor":22.0,"turns":3.0},{"damage":6.0,"enemies":"Slavers","floor":23.0,"turns":3.0},{"damage":17.0,"enemies":"Book of Stabbing","floor":25.0,"turns":3.0},{"damage":0.0,"enemies":"Cultist and Chosen","floor":28.0,"turns":2.0},{"damage":0.0,"enemies":"Gremlin Leader","floor":30.0,"turns":3.0},{"damage":2.0,"enemies":"Snecko","floor":31.0,"turns":3.0},{"damage":1.0,"enemies":"Automaton","floor":33.0,"turns":8.0},{"damage":0.0,"enemies":"3 Darklings","floor":35.0,"turns":4.0},{"damage":0.0,"enemies":"Orb Walker","floor":37.0,"turns":1.0},{"damage":2.0,"enemies":"Giant Head","floor":41.0,"turns":7.0},{"damage":0.0,"enemies":"Maw","floor":44.0,"turns":5.0},{"damage":0.0,"enemies":"4 Shapes","floor":46.0,"turns":1.0},{"damage":0.0,"enemies":"Reptomancer","floor":47.0,"turns":4.0},{"damage":0.0,"enemies":"Jaw Worm Horde","floor":48.0,"turns":2.0},{"damage":21.0,"enemies":"Time Eater","floor":50.0,"turns":13.0},{"damage":0.0,"enemies":"Awakened One","floor":51.0,"turns":10.0},{"damage":15.0,"enemies":"Shield and Spear","floor":55.0,"turns":4.0},{"damage":55,"enemies":"The Heart","floor":56,"turns":11}],"seed_played":"4737611743984570763","potions_obtained":[{"floor":3.0,"key":"SpeedPotion"},{"floor":5.0,"key":"Weak Potion"},{"floor":10.0,"key":"Strength Potion"},{"floor":16.0,"key":"Block Potion"},{"floor":21.0,"key":"Ancient Potion"},{"floor":22.0,"key":"AttackPotion"},{"floor":37.0,"key":"Fruit Juice"},{"floor":46.0,"key":"GamblersBrew"}],"is_trial":false,"path_per_floor":["M","$","M","?","M","R","M","R","T","E","R","E","?","M","R","B",null,"M","?","$","M","M","E","R","E","T","R","M","R","E","M","R","B",null,"M","?","M","$","?","R","E","R","T","M","R","M","E","M","R","B","B",null,"R","$","E","B",null],"character_chosen":"DEFECT","items_purchased":["Rip and Tear","Recycle","Membership Card","Capacitor","All For One","Orichalcum","Transmutation","War Paint","Toolbox"],"campfire_rested":0,"item_purchase_floors":[2,20,38,38,54,54,54,54,54],"current_hp_per_floor":[64,64,64,57,57,57,56,56,56,47,47,48,48,48,48,44,56,52,52,52,54,50,44,44,29,29,29,31,31,33,31,31,32,64,66,66,73,73,73,73,73,73,73,75,75,77,79,81,81,60,60,85,85,85,72,17],"gold":76,"neow_bonus":"TRANSFORM_TWO_CARDS","is_prod":false,"is_daily":false,"chose_seed":false,"campfire_upgraded":12,"win_rate":0,"timestamp":1550323049,"path_taken":["M","$","M","?","M","R","M","R","T","E","R","E","?","?","R","BOSS","M","?","$","M","M","E","R","E","T","R","M","R","E","M","R","BOSS","M","?","?","$","?","R","E","R","T","M","R","M","E","M","R","BOSS","BOSS","R","$","E","BOSS"],"build_version":"2019-01-23","purchased_purges":3,"victory":true,"max_hp_per_floor":[64,64,64,64,64,64,64,64,64,64,64,66,60,60,60,60,60,62,62,62,64,66,66,66,68,68,68,70,70,72,72,72,74,74,76,76,83,83,83,83,85,85,85,87,87,89,91,93,93,93,93,93,93,93,95,95],"card_choices":[{"not_picked":["Go for the Eyes","Barrage"],"picked":"Undo","floor":1.0},{"not_picked":["Beam Cell","Rebound"],"picked":"Streamline","floor":3.0},{"not_picked":["Barrage","Conserve Battery"],"picked":"Glacier","floor":5.0},{"not_picked":["Steam","Go for the Eyes"],"picked":"Sunder","floor":7.0},{"not_picked":["Sweeping Beam","Conserve Battery"],"picked":"Meteor Strike","floor":10.0},{"not_picked":["Chill","Heatsinks","Go for the Eyes"],"picked":"Singing Bowl","floor":12.0},{"not_picked":["Gash","Streamline"],"picked":"Consume","floor":14.0},{"not_picked":["Amplify","Fission"],"picked":"Electrodynamics","floor":16.0},{"not_picked":["Conserve Battery","Reprogram","Rip and Tear+1"],"picked":"Singing Bowl","floor":18.0},{"not_picked":["Stack","Loop","Compile Driver"],"picked":"Singing Bowl","floor":21.0},{"not_picked":["Self Repair","Rebound+1","Barrage"],"picked":"Singing Bowl","floor":22.0},{"not_picked":["Consume","Fusion"],"picked":"Rainbow","floor":23.0},{"not_picked":["Consume","Static Discharge","Cold Snap"],"picked":"Singing Bowl","floor":25.0},{"not_picked":["Hologram","Chaos","White Noise"],"picked":"Singing Bowl","floor":28.0},{"not_picked":["Loop","Fusion+1","Turbo"],"picked":"Singing Bowl","floor":30.0},{"not_picked":["Compile Driver+1","Redo"],"picked":"Reinforced Body+1","floor":31.0},{"not_picked":["Creative AI","Electrodynamics","Hyperbeam"],"picked":"Singing Bowl","floor":33.0},{"not_picked":["Chaos+1","Steam","Compile Driver"],"picked":"Singing Bowl","floor":35.0},{"not_picked":["Ball Lightning","Rip and Tear","Melter+1"],"picked":"Singing Bowl","floor":37.0},{"not_picked":["Force Field","Reprogram+1","Fusion"],"picked":"Singing Bowl","floor":41.0},{"not_picked":["Blizzard","Streamline+1","Steam"],"picked":"Singing Bowl","floor":44.0},{"not_picked":["Chill","Gash","Hologram"],"picked":"Singing Bowl","floor":46.0},{"not_picked":["Rip and Tear","Sweeping Beam","Cold Snap"],"picked":"Singing Bowl","floor":47.0},{"not_picked":["Hologram","Genetic Algorithm","Steam"],"picked":"Singing Bowl","floor":48.0},{"not_picked":["Reboot","Reprogram","Redo"],"picked":"Singing Bowl","floor":55.0}],"player_experience":2835660,"relics_obtained":[{"floor":10.0,"key":"Vajra"},{"floor":12.0,"key":"Singing Bowl"},{"floor":23.0,"key":"Gremlin Horn"},{"floor":25.0,"key":"Lantern"},{"floor":26.0,"key":"Du-Vu Doll"},{"floor":30.0,"key":"Letter Opener"},{"floor":41.0,"key":"Anchor"},{"floor":43.0,"key":"Boot"},{"floor":47.0,"key":"Pen Nib"},{"floor":55.0,"key":"Bag of Marbles"}],"event_choices":[{"cards_removed":["Defend_B"],"damage_healed":0.0,"max_hp_gain":0.0,"max_hp_loss":0.0,"gold_gain":0.0,"event_name":"Golden Wing","player_choice":"Card Removal","floor":4.0,"gold_loss":0.0,"damage_taken":7.0},{"damage_healed":0.0,"max_hp_gain":0.0,"max_hp_loss":6.0,"gold_gain":0.0,"event_name":"Golden Idol","player_choice":"Lose Max HP","floor":13.0,"gold_loss":0.0,"damage_taken":0.0,"relics_obtained":["Golden Idol"]},{"cards_removed":["Strike_B"],"damage_healed":0.0,"max_hp_gain":0.0,"max_hp_loss":0.0,"gold_gain":0.0,"event_name":"Designer","player_choice":"Upgrade and Remove","floor":19.0,"gold_loss":110.0,"damage_taken":0.0,"cards_upgraded":["Steam Power"]},{"damage_healed":0.0,"max_hp_gain":0.0,"max_hp_loss":0.0,"gold_gain":0.0,"event_name":"Upgrade Shrine","player_choice":"Upgraded","floor":36.0,"gold_loss":0.0,"damage_taken":0.0,"cards_upgraded":["Meteor Strike"]},{"damage_healed":0.0,"max_hp_gain":0.0,"max_hp_loss":0.0,"gold_gain":333.0,"event_name":"The Moai Head","player_choice":"Gave Idol","floor":39.0,"relics_lost":["Golden Idol"],"gold_loss":0.0,"damage_taken":0.0}],"is_beta":false,"boss_relics":[{"not_picked":["Philosopher\u0027s Stone","Pandora\u0027s Box"],"picked":"Snecko Eye"},{"not_picked":["Runic Dome","Astrolabe"],"picked":"Runic Pyramid"}],"items_purged_floors":[2,38,54],"is_endless":false,"potions_floor_spawned":[3,5,10,16,21,22,25,30,33,37,46,47,55],"ascension_level":20}