{"gold_per_floor":[110,60,60,80,95,95,129,129,177,177,195,215,240,256,256,361,361,375,391,25,45,45,45,78,78,105,105,132,132,52,78,78,180,180,196,244,259,276,355,355,374,374,397,410,24,34,34,44,44,44],"floor_reached":51,"playtime":2004,"items_purged":["Strike_B","Defend_B","Regret"],"score":842,"play_id":"4b667076-6c50-449b-97d5-b27b34f633ef","local_time":"20190618225943","is_ascension_mode":false,"campfire_choices":[{"data":"Defragment","floor":6,"key":"SMITH"},{"data":"Recycle","floor":8,"key":"SMITH"},{"data":"Dualcast","floor":10,"key":"SMITH"},{"data":"Capacitor","floor":15,"key":"SMITH"},{"data":"Biased Cognition","floor":23,"key":"SMITH"},{"data":"Seek","floor":25,"key":"SMITH"},{"data":"Undo","floor":27,"key":"SMITH"},{"data":"Glacier","floor":29,"key":"SMITH"},{"data":"Defend_B","floor":32,"key":"SMITH"},{"data":"Self Repair","floor":40,"key":"SMITH"},{"data":"Echo Form","floor":42,"key":"SMITH"},{"data":"Meteor Strike","floor":47,"key":"SMITH"},{"data":"Glacier","floor":49,"key":"SMITH"}],"neow_cost":"TEN_PERCENT_HP_LOSS","seed_source_timestamp":45062660292051,"circlet_count":0,"master_deck":["Strike_B+1","Defend_B+1","Zap+1","Dualcast+1","Recycle+1","Undo+1","Ball Lightning+1","Defragment+1","Glacier+1","Seek+1","Capacitor+1","Creative AI","Core Surge","Biased Cognition+1","Echo Form+1","Self Repair+1","Glacier+1","Meteor Strike+1"],"relics":["Cracked Core","Dream Catcher","Whetstone","Symbiotic Virus","Snecko Eye","Anchor","Omamori","Bronze Scales","The Courier","Lantern","Calling Bell","Gremlin Horn","Incense Burner","War Paint","Mango","Bottled Flame","Oddly Smooth Stone","Toy Ornithopter","Centennial Puzzle"],"potions_floor_usage":[18,50,50,50],"damage_taken":[{"damage":0,"enemies":"2 Louse","floor":1,"turns":2},{"damage":0,"enemies":"Small Slimes","floor":4,"turns":2},{"damage":0,"enemies":"Cultist","floor":5,"turns":3},{"damage":18,"enemies":"Gremlin Nob","floor":7,"turns":4},{"damage":9,"enemies":"Gremlin Gang","floor":11,"turns":3},{"damage":3,"enemies":"Exordium Wildlife","floor":12,"turns":4},{"damage":1,"enemies":"3 Sentries","floor":13,"turns":6},{"damage":0,"enemies":"2 Fungi Beasts","floor":14,"turns":3},{"damage":0,"enemies":"The Guardian","floor":16,"turns":8},{"damage":0,"enemies":"3 Byrds","floor":18,"turns":4},{"damage":1,"enemies":"Shell Parasite","floor":19,"turns":6},{"damage":0,"enemies":"Centurion and Healer","floor":21,"turns":7},{"damage":17,"enemies":"Slavers","floor":24,"turns":5},{"damage":0,"enemies":"Book of Stabbing","floor":28,"turns":5},{"damage":18,"enemies":"Slavers","floor":31,"turns":8},{"damage":0,"enemies":"Collector","floor":33,"turns":9},{"damage":0,"enemies":"Orb Walker","floor":35,"turns":4},{"damage":29,"enemies":"2 Orb Walkers","floor":36,"turns":5},{"damage":0,"enemies":"3 Shapes","floor":37,"turns":5},{"damage":19,"enemies":"Spire Growth","floor":38,"turns":5},{"damage":10,"enemies":"4 Shapes","floor":41,"turns":7},{"damage":4,"enemies":"Sphere and 2 Shapes","floor":44,"turns":5},{"damage":0,"enemies":"Writhing Mass","floor":46,"turns":6},{"damage":0,"enemies":"Maw","floor":48,"turns":5},{"damage":14,"enemies":"Time Eater","floor":50,"turns":7}],"seed_played":"6775489027124255964","potions_obtained":[{"floor":4,"key":"Ancient Potion"},{"floor":7,"key":"SpeedPotion"},{"floor":12,"key":"Fire Potion"},{"floor":21,"key":"Dexterity Potion"},{"floor":37,"key":"FocusPotion"}],"is_trial":false,"path_per_floor":["M","?","?","M","M","R","E","R","T","R","M","M","E","M","R","B",null,"M","M","$","M","?","R","E","R","T","R","E","R","$","E","R","B",null,"M","?","M","M","T","R","M","R","T","M","$","M","R","M","R","B",null],"character_chosen":"DEFECT","items_purchased":["Biased Cognition","Anchor","Toy Ornithopter","Centennial Puzzle"],"campfire_rested":0,"item_purchase_floors":[20,20,45,45],"current_hp_per_floor":[68,68,68,68,68,68,50,50,50,50,41,38,37,37,37,37,68,68,67,67,67,67,67,50,50,50,50,50,50,50,32,32,32,68,68,60,74,62,62,62,62,62,62,78,78,82,82,82,82,82],"gold":44,"neow_bonus":"TRANSFORM_TWO_CARDS","is_prod":false,"is_daily":false,"chose_seed":false,"campfire_upgraded":13,"win_rate":0,"timestamp":1560869983,"path_taken":["M","?","?","M","?","R","E","R","T","R","?","M","E","M","R","BOSS","M","M","$","M","?","R","E","R","T","R","E","R","$","E","R","BOSS","M","?","M","M","?","R","M","R","T","M","$","M","R","M","R","BOSS"],"build_version":"2019-01-23","purchased_purges":3,"victory":true,"max_hp_per_floor":[68,68,68,68,68,68,68,68,68,68,68,68,68,68,68,68,68,68,68,68,68,68,68,68,68,68,68,68,68,68,68,68,68,68,68,82,82,82,82,82,82,82,82,82,82,82,82,82,82,82],"card_choices":[{"not_picked":["Turbo","Barrage"],"picked":"Ball Lightning","floor":1},{"not_picked":["BootSequence","Streamline"],"picked":"Defragment","floor":4},{"not_picked":["Go for the Eyes","Hologram","Beam Cell"],"picked":"SKIP","floor":5},{"not_picked":["Recycle","White Noise"],"picked":"Glacier","floor":7},{"not_picked":["BootSequence","Streamline"],"picked":"Seek","floor":11},{"not_picked":["Defragment","Double Energy"],"picked":"Capacitor","floor":12},{"not_picked":["Rip and Tear","Redo"],"picked":"Creative AI","floor":13},{"not_picked":["Genetic Algorithm","BootSequence","Beam Cell"],"picked":"SKIP","floor":14},{"not_picked":["Hyperbeam","Echo Form"],"picked":"Core Surge","floor":16},{"not_picked":["Go for the Eyes","Gash+1","Streamline"],"picked":"SKIP","floor":18},{"not_picked":["Doom and Gloom","Gash","Aggregate"],"picked":"SKIP","floor":19},{"not_picked":["Recycle","Turbo","Gash"],"picked":"SKIP","floor":21},{"not_picked":["Turbo","Aggregate","Static Discharge"],"picked":"SKIP","floor":24},{"not_picked":["Heatsinks","Genetic Algorithm+1","Cold Snap"],"picked":"SKIP","floor":28},{"not_picked":["Auto Shields","Tempest","Thunder Strike"],"picked":"SKIP","floor":31},{"not_picked":["Biased Cognition","Core Surge"],"picked":"Echo Form","floor":33},{"not_picked":["Storm","Sweeping Beam"],"picked":"Self Repair","floor":35},{"not_picked":["Streamline+1","Steam+1","Blizzard+1"],"picked":"SKIP","floor":37},{"not_picked":["BootSequence+1","Rip and Tear+1","Rebound+1"],"picked":"SKIP","floor":38},{"not_picked":["Sweeping Beam+1","Recycle+1"],"picked":"Glacier","floor":41},{"not_picked":["Redo+1","Beam Cell+1","Conserve Battery+1"],"picked":"SKIP","floor":44},{"not_picked":["Rip and Tear","Defragment"],"picked":"Meteor Strike","floor":46},{"not_picked":["Compile Driver+1","Darkness+1","Steam"],"picked":"SKIP","floor":48}],"player_experience":5424504,"relics_obtained":[{"floor":7,"key":"Dream Catcher"},{"floor":9,"key":"Whetstone"},{"floor":13,"key":"Symbiotic Virus"},{"floor":24,"key":"Omamori"},{"floor":26,"key":"Bronze Scales"},{"floor":28,"key":"The Courier"},{"floor":31,"key":"Lantern"},{"floor":34,"key":"Gremlin Horn"},{"floor":34,"key":"Incense Burner"},{"floor":34,"key":"War Paint"},{"floor":36,"key":"Mango"},{"floor":39,"key":"Bottled Flame"},{"floor":43,"key":"Oddly Smooth Stone"}],"event_choices":[{"cards_removed":["Strike_B"],"damage_healed":0,"gold_gain":0,"player_choice":"Card Removal","damage_taken":0,"max_hp_gain":0,"max_hp_loss":0,"event_name":"The Cleric","floor":2,"gold_loss":50},{"cards_removed":["Defend_B"],"damage_healed":0,"gold_gain":0,"player_choice":"Purged","damage_taken":0,"max_hp_gain":0,"max_hp_loss":0,"event_name":"Purifier","floor":3,"gold_loss":0},{"damage_healed":0,"gold_gain":0,"player_choice":"Ignored","damage_taken":0,"max_hp_gain":0,"max_hp_loss":0,"event_name":"Vampires","floor":22,"gold_loss":0},{"damage_healed":0,"gold_gain":0,"player_choice":"Fight","damage_taken":0,"max_hp_gain":0,"max_hp_loss":0,"event_name":"Mysterious Sphere","floor":36,"gold_loss":0}],"is_beta":false,"boss_relics":[{"not_picked":["Fusion Hammer","Lizard Tail"],"picked":"Snecko Eye"},{"not_picked":["Nuclear Battery","Tiny House"],"picked":"Calling Bell"}],"items_purged_floors":[20,30,45],"is_endless":false,"potions_floor_spawned":[4,7,12,14,21,24,28,37,38,44],"ascension_level":0}