{"gold_per_floor":[114,39,39,59,134,174,174,174,174,174,198,148,172,186,186,279,279,294,294,344,344,344,344,360,360,385,385,33,57,75,25,25,116,116,141,157,157,157,157,157,196,196,196,212,232,182,132,175,175,175,175,175,175,125,159,159],"floor_reached":56,"playtime":2464,"items_purged":["Strike_G","Strike_G","Flying Knee","Masterful Stab","Flechettes","Deadly Poison+1","Bouncing Flask+1"],"score":2102,"play_id":"662ac9a0-0fee-4c36-ab75-3e2d38795c56","local_time":"20190226101427","is_ascension_mode":true,"campfire_choices":[{"data":"Neutralize","floor":7.0,"key":"SMITH"},{"data":"Footwork","floor":10.0,"key":"SMITH"},{"data":"Deadly Poison","floor":15.0,"key":"SMITH"},{"data":"Venomology","floor":23.0,"key":"SMITH"},{"data":"Bouncing Flask","floor":25.0,"key":"SMITH"},{"data":"Footwork","floor":27.0,"key":"SMITH"},{"data":"Well Laid Plans","floor":32.0,"key":"SMITH"},{"data":"Heel Hook","floor":40.0,"key":"SMITH"},{"data":"Flash of Steel","floor":42.0,"key":"SMITH"},{"floor":49.0,"key":"RECALL"},{"data":"Survivor","floor":53.0,"key":"SMITH"}],"neow_cost":"NONE","seed_source_timestamp":3798235876816,"circlet_count":0,"master_deck":["AscendersBane","Survivor+1","Neutralize+1","Footwork+1","Venomology+1","Endless Agony","Heel Hook+1","Backstab","Backflip+1","Well Laid Plans+1","Flash of Steel+1","Backflip+1"],"special_seed":0,"relics":["Ring of the Snake","NeowsBlessing","Golden Idol","Smiling Mask","Orichalcum","Calipers","Pandora\u0027s Box","Medical Kit","Vajra","Pen Nib","Question Card","War Paint"],"potions_floor_usage":[56,56,56],"damage_taken":[{"damage":0.0,"enemies":"Jaw Worm","floor":1.0,"turns":1.0},{"damage":0.0,"enemies":"Small Slimes","floor":4.0,"turns":1.0},{"damage":0.0,"enemies":"3 Sentries","floor":6.0,"turns":1.0},{"damage":0.0,"enemies":"Cultist","floor":11.0,"turns":5.0},{"damage":0.0,"enemies":"Gremlin Gang","floor":13.0,"turns":5.0},{"damage":1.0,"enemies":"Large Slime","floor":14.0,"turns":10.0},{"damage":23.0,"enemies":"Hexaghost","floor":16.0,"turns":12.0},{"damage":8.0,"enemies":"2 Thieves","floor":18.0,"turns":5.0},{"damage":0.0,"enemies":"Spheric Guardian","floor":24.0,"turns":3.0},{"damage":0.0,"enemies":"Cultist and Chosen","floor":29.0,"turns":6.0},{"damage":2.0,"enemies":"Sentry and Sphere","floor":30.0,"turns":5.0},{"damage":17.0,"enemies":"Champ","floor":33.0,"turns":11.0},{"damage":0.0,"enemies":"3 Shapes","floor":35.0,"turns":6.0},{"damage":0.0,"enemies":"3 Darklings","floor":36.0,"turns":7.0},{"damage":0.0,"enemies":"Giant Head","floor":41.0,"turns":3.0},{"damage":1.0,"enemies":"Sphere and 2 Shapes","floor":44.0,"turns":5.0},{"damage":0.0,"enemies":"Maw","floor":45.0,"turns":6.0},{"damage":0.0,"enemies":"Reptomancer","floor":48.0,"turns":2.0},{"damage":2.0,"enemies":"Donu and Deca","floor":50.0,"turns":4.0},{"damage":0.0,"enemies":"Awakened One","floor":51.0,"turns":3.0},{"damage":0.0,"enemies":"Shield and Spear","floor":55.0,"turns":3.0},{"damage":59,"enemies":"The Heart","floor":56,"turns":9}],"seed_played":"-7168035256550501169","potions_obtained":[{"floor":6.0,"key":"SteroidPotion"},{"floor":11.0,"key":"AttackPotion"},{"floor":13.0,"key":"LiquidBronze"},{"floor":14.0,"key":"SkillPotion"},{"floor":18.0,"key":"Strength Potion"}],"is_trial":false,"path_per_floor":["M","$","?","M","?","E","R","?","T","R","M","$","M","M","R","B",null,"M","?","?","?","?","R","M","R","T","R","$","M","M","$","R","B",null,"M","M","?","?","?","R","E","R","T","M","M","$","$","E","R","B","B",null,"R","$","E","B"],"character_chosen":"THE_SILENT","items_purchased":["Well Laid Plans","Medical Kit"],"campfire_rested":0,"item_purchase_floors":[28,28],"current_hp_per_floor":[59,59,59,59,48,48,48,30,30,30,30,30,30,29,29,6,47,39,39,39,39,30,30,30,30,30,30,30,30,28,28,28,11,48,48,48,38,38,38,38,38,38,38,37,52,52,52,52,52,50,50,58,58,58,58,0],"gold":159,"neow_bonus":"THREE_ENEMY_KILL","is_prod":false,"is_daily":false,"chose_seed":false,"campfire_upgraded":10,"win_rate":0,"timestamp":1551147267,"path_taken":["M","$","?","M","?","E","R","?","T","R","M","$","M","M","R","BOSS","M","?","?","?","?","R","?","R","T","R","$","M","M","$","R","BOSS","M","?","?","?","?","R","E","R","T","M","M","?","$","E","R","BOSS","BOSS","R","$","E","BOSS"],"build_version":"2019-01-23","purchased_purges":7,"victory":false,"max_hp_per_floor":[66,66,60,60,60,60,60,60,60,60,60,60,60,60,60,60,60,60,60,60,60,60,60,60,60,60,60,60,60,60,60,60,60,60,60,60,60,60,60,60,60,60,60,60,60,60,60,60,60,60,60,60,60,60,60,60],"card_choices":[{"not_picked":["Dagger Throw","Terror","Quick Slash"],"picked":"SKIP","floor":1.0},{"not_picked":["Flying Knee","Sucker Punch"],"picked":"Footwork","floor":4.0},{"not_picked":["Slice","Accuracy","Skewer"],"picked":"SKIP","floor":6.0},{"not_picked":["Quick Slash","Slice"],"picked":"Deadly Poison","floor":11.0},{"not_picked":["Eviscerate","Cloak And Dagger","Masterful Stab"],"picked":"SKIP","floor":13.0},{"not_picked":["Terror","Flying Knee"],"picked":"Footwork","floor":14.0},{"not_picked":["Bullet Time","Phantasmal Killer"],"picked":"Venomology","floor":16.0},{"not_picked":["Acrobatics","Crippling Poison"],"picked":"Backflip+1","floor":18.0},{"not_picked":["Flying Knee","Predator","Bane+1"],"picked":"SKIP","floor":24.0},{"not_picked":["Dodge and Roll","Blur","Flying Knee+1"],"picked":"SKIP","floor":29.0},{"not_picked":["Bane","Phantasmal Killer","Deadly Poison"],"picked":"SKIP","floor":30.0},{"not_picked":["Bouncing Flask","Leg Sweep+1","Eviscerate"],"picked":"SKIP","floor":35.0},{"not_picked":["Deflect","Deadly Poison","Acrobatics"],"picked":"SKIP","floor":36.0},{"not_picked":["Deflect","Deadly Poison","Acrobatics"],"picked":"SKIP","floor":36.0},{"not_picked":["Bandage Up","Deep Breath"],"picked":"Flash of Steel","floor":37.0},{"not_picked":["Deadly Poison+1","Backflip+1","Crippling Poison"],"picked":"SKIP","floor":41.0},{"not_picked":["Deadly Poison+1","Crippling Poison"],"picked":"Backflip+1","floor":41.0},{"not_picked":["Poisoned Stab+1","Setup","Dagger Spray+1"],"picked":"SKIP","floor":44.0},{"not_picked":["Choke","Quick Slash+1","Endless Agony"],"picked":"SKIP","floor":45.0},{"not_picked":["Prepared+1","Acrobatics","Bane"],"picked":"SKIP","floor":48.0},{"not_picked":["Acrobatics","Dagger Throw","Choke","Dagger Spray"],"picked":"SKIP","floor":55.0}],"player_experience":3151632,"relics_obtained":[{"floor":6.0,"key":"Smiling Mask"},{"floor":9.0,"key":"Calipers"},{"floor":41.0,"key":"Vajra"},{"floor":43.0,"key":"Pen Nib"},{"floor":48.0,"key":"Question Card"},{"floor":55.0,"key":"War Paint"}],"event_choices":[{"damage_healed":0.0,"max_hp_gain":0.0,"max_hp_loss":6.0,"gold_gain":0.0,"event_name":"Golden Idol","player_choice":"Lose Max HP","floor":3.0,"gold_loss":0.0,"damage_taken":0.0,"relics_obtained":["Golden Idol"]},{"damage_healed":0.0,"max_hp_gain":0.0,"max_hp_loss":0.0,"gold_gain":75.0,"event_name":"World of Goop","player_choice":"Gather Gold","floor":5.0,"gold_loss":0.0,"damage_taken":11.0},{"damage_healed":0.0,"max_hp_gain":0.0,"max_hp_loss":0.0,"gold_gain":0.0,"event_name":"Scrap Ooze","player_choice":"Success","floor":8.0,"gold_loss":0.0,"damage_taken":18.0,"relics_obtained":["Orichalcum"]},{"damage_healed":0.0,"max_hp_gain":0.0,"max_hp_loss":0.0,"gold_gain":0.0,"event_name":"Vampires","player_choice":"Ignored","floor":19.0,"gold_loss":0.0,"damage_taken":0.0},{"damage_healed":0.0,"max_hp_gain":0.0,"max_hp_loss":0.0,"gold_gain":50.0,"event_name":"Nest","player_choice":"Stole From Cult","floor":20.0,"gold_loss":0.0,"damage_taken":0.0},{"cards_removed":["Eviscerate"],"damage_healed":0.0,"max_hp_gain":0.0,"max_hp_loss":0.0,"gold_gain":0.0,"event_name":"Back to Basics","player_choice":"Elegance","floor":21.0,"gold_loss":0.0,"damage_taken":0.0},{"damage_healed":0.0,"max_hp_gain":0.0,"max_hp_loss":0.0,"gold_gain":0.0,"event_name":"Wheel of Change","player_choice":"Damaged","floor":22.0,"gold_loss":0.0,"damage_taken":9.0},{"damage_healed":0.0,"max_hp_gain":0.0,"max_hp_loss":0.0,"gold_gain":0.0,"event_name":"SensoryStone","player_choice":"Memory 3","floor":37.0,"gold_loss":0.0,"damage_taken":10.0},{"cards_removed":["Footwork"],"damage_healed":0.0,"max_hp_gain":0.0,"max_hp_loss":0.0,"gold_gain":0.0,"event_name":"Falling","player_choice":"Removed Power","floor":38.0,"gold_loss":0.0,"damage_taken":0.0},{"damage_healed":0.0,"max_hp_gain":0.0,"max_hp_loss":0.0,"gold_gain":0.0,"event_name":"Mysterious Sphere","player_choice":"Ignored","floor":39.0,"gold_loss":0.0,"damage_taken":0.0}],"is_beta":false,"boss_relics":[{"not_picked":["Cursed Key","Ectoplasm"],"picked":"Pandora\u0027s Box"},{"not_picked":["Snecko Eye","Ring of the Serpent","Philosopher\u0027s Stone"]}],"items_purged_floors":[2,12,28,31,46,47,54],"is_endless":false,"potions_floor_spawned":[6,11,13,14,18,41,55],"killed_by":"The Heart","ascension_level":20}