{"gold_per_floor":[113,113,188,188,188,227,121,46,46,64,87,108,79,95,95,188,188,203,25,49,99,124,124,157,182,206,206],"floor_reached":27,"playtime":972,"items_purged":["Strike_G","Defend_G"],"score":476,"play_id":"c7bcf70d-fed4-443c-850a-b26ef67a9ec2","local_time":"20181116222438","is_ascension_mode":true,"campfire_choices":[{"data":"Blade Dance","floor":15,"key":"SMITH"},{"data":"Well Laid Plans","floor":23,"key":"SMITH"}],"neow_cost":"NONE","seed_source_timestamp":12541949504183,"circlet_count":0,"master_deck":["AscendersBane","Defend_G","Defend_G","Defend_G","Defend_G","Survivor","Neutralize","PiercingWail","Backflip","Well Laid Plans+1","All Out Attack","Blade Dance+1","Grand Finale","Adrenaline+1","Cloak And Dagger+1","Setup+1","Expertise","Cloak And Dagger+1"],"relics":["Ring of the Snake","NeowsBlessing","Golden Idol","Anchor","MawBank","Shuriken","Astrolabe","Red Mask","PreservedInsect"],"potions_floor_usage":[16,24,27],"damage_taken":[{"damage":0,"enemies":"Small Slimes","floor":1,"turns":1},{"damage":0,"enemies":"3 Sentries","floor":6,"turns":2},{"damage":0,"enemies":"2 Louse","floor":10,"turns":1},{"damage":0,"enemies":"Cultist","floor":11,"turns":4},{"damage":5,"enemies":"Blue Slaver","floor":12,"turns":7},{"damage":1,"enemies":"Looter","floor":14,"turns":4},{"damage":35,"enemies":"Slime Boss","floor":16,"turns":12},{"damage":12,"enemies":"Shell Parasite","floor":18,"turns":8},{"damage":0,"enemies":"Spheric Guardian","floor":20,"turns":2},{"damage":7,"enemies":"Shelled Parasite and Fungi","floor":22,"turns":5},{"damage":20,"enemies":"Masked Bandits","floor":24,"turns":4},{"damage":0,"enemies":"Snake Plant","floor":25,"turns":5},{"damage":14,"enemies":"Slavers","floor":27,"turns":7}],"seed_played":"-5679394737199223509","potions_obtained":[{"floor":1,"key":"SteroidPotion"},{"floor":10,"key":"SkillPotion"},{"floor":18,"key":"Fire Potion"},{"floor":22,"key":"Ancient Potion"},{"floor":24,"key":"Block Potion"}],"is_trial":false,"path_per_floor":["M","?","?","?","T","E","$","?","T","M","M","M","$","M","R","B",null,"M","$","M","?","M","R","?","M","T","E"],"character_chosen":"THE_SILENT","items_purchased":["Well Laid Plans","Blade Dance","Expertise"],"campfire_rested":0,"item_purchase_floors":[7,13,19],"current_hp_per_floor":[59,59,48,48,48,48,48,48,48,48,48,43,43,42,42,7,47,35,35,35,35,28,28,8,8,8,0],"gold":206,"neow_bonus":"THREE_ENEMY_KILL","is_prod":false,"is_daily":false,"chose_seed":false,"campfire_upgraded":2,"win_rate":0,"timestamp":1542378278,"path_taken":["M","?","?","?","?","E","$","?","T","M","M","M","?","M","R","BOSS","M","$","?","?","M","R","?","M","T","E"],"build_version":"2018-11-15","purchased_purges":2,"victory":false,"max_hp_per_floor":[66,66,66,60,60,60,60,60,60,60,60,60,60,60,60,60,60,60,60,60,60,60,60,60,60,60,60],"card_choices":[{"not_picked":["Caltrops","Flying Knee"],"picked":"PiercingWail","floor":1},{"not_picked":["Dodge and Roll","Underhanded Strike"],"picked":"Backflip","floor":6},{"not_picked":["Flying Knee","Slice"],"picked":"All Out Attack","floor":10},{"not_picked":["Dagger Throw","Riddle With Holes","Flying Knee"],"picked":"SKIP","floor":11},{"not_picked":["Dodge and Roll","Sucker Punch","Dagger Throw"],"picked":"SKIP","floor":12},{"not_picked":["Noxious Fumes","Crippling Poison","Tactician"],"picked":"SKIP","floor":14},{"not_picked":["Venomology","Tools of the Trade"],"picked":"Grand Finale","floor":16},{"not_picked":["Outmaneuver","Masterful Stab","Backstab"],"picked":"SKIP","floor":18},{"not_picked":["Slice","Deflect+1","Dagger Throw"],"picked":"SKIP","floor":20},{"not_picked":["Slice","Deflect+1","Dagger Throw"],"picked":"SKIP","floor":20},{"not_picked":["Deflect","Poisoned Stab","Dagger Throw"],"picked":"SKIP","floor":22},{"not_picked":["Tactician","Setup"],"picked":"Cloak And Dagger+1","floor":25}],"player_experience":1079439,"relics_obtained":[{"floor":5,"key":"Anchor"},{"floor":6,"key":"MawBank"},{"floor":9,"key":"Shuriken"},{"floor":24,"key":"Red Mask"},{"floor":26,"key":"PreservedInsect"}],"event_choices":[{"damage_healed":0,"gold_gain":0,"player_choice":"Ignored","damage_taken":0,"max_hp_gain":0,"max_hp_loss":0,"event_name":"Liars Game","floor":2,"gold_loss":0},{"damage_healed":0,"gold_gain":75,"player_choice":"Gather Gold","damage_taken":11,"max_hp_gain":0,"max_hp_loss":0,"event_name":"World of Goop","floor":3,"gold_loss":0},{"damage_healed":0,"gold_gain":0,"player_choice":"Lose Max HP","damage_taken":0,"relics_obtained":["Golden Idol"],"max_hp_gain":0,"max_hp_loss":6,"event_name":"Golden Idol","floor":4,"gold_loss":0},{"cards_removed":["Strike_G"],"damage_healed":0,"gold_gain":0,"player_choice":"Card Removal","damage_taken":0,"max_hp_gain":0,"max_hp_loss":0,"event_name":"The Cleric","floor":8,"gold_loss":75},{"damage_healed":0,"gold_gain":50,"player_choice":"Stole From Cult","damage_taken":0,"max_hp_gain":0,"max_hp_loss":0,"event_name":"Nest","floor":21,"gold_loss":0},{"damage_healed":0,"gold_gain":0,"player_choice":"Fought Bandits","damage_taken":0,"max_hp_gain":0,"max_hp_loss":0,"event_name":"Masked Bandits","floor":24,"gold_loss":0}],"is_beta":true,"boss_relics":[{"not_picked":["Fusion Hammer","Cursed Key"],"picked":"Astrolabe"}],"items_purged_floors":[7,19],"is_endless":false,"potions_floor_spawned":[1,10,11,14,18,22,24],"killed_by":"Slavers","ascension_level":20}