{"gold_per_floor":[11,11,11,11,25,25,42,56,56,66,66,95,115,140,140,230,230,253,271,271,296,315,315,340,340,416,416,416,432,447,447,447,521,521,539,539,555,570,170,170,189,200,224,236,63,81,81,81,81,81,81],"floor_reached":52,"playtime":2822,"items_purged":["Defend_G"],"score":1879,"play_id":"ae12afcf-0388-450a-ac5b-3168a71406a5","local_time":"20190117233803","is_ascension_mode":true,"campfire_choices":[{"data":"Acrobatics","floor":6.0,"key":"SMITH"},{"data":"Tactician","floor":15.0,"key":"SMITH"},{"data":"Prepared","floor":23,"key":"SMITH"},{"data":"Corpse Explosion","floor":25,"key":"SMITH"},{"data":"Neutralize","floor":27,"key":"SMITH"},{"data":"Concentrate","floor":32,"key":"SMITH"},{"data":"Adrenaline","floor":40,"key":"SMITH"},{"data":"Doppelganger","floor":47,"key":"SMITH"},{"floor":49,"key":"RECALL"}],"neow_cost":"NO_GOLD","seed_source_timestamp":0,"circlet_count":0,"master_deck":["AscendersBane","Defend_G","Defend_G","Defend_G","Defend_G","Survivor","Neutralize+1","Venomology","Flechettes+1","Acrobatics+1","Backflip","Tactician+1","Well Laid Plans+1","Prepared+1","Corpse Explosion+1","Concentrate+1","Adrenaline+1","Doppelganger+1"],"special_seed":0,"relics":["Ring of the Snake","Frozen Egg 2","Letter Opener","Bloody Idol","Odd Mushroom","Coffee Dripper","Mercury Hourglass","Empty Cage","FossilizedHelix","Gambling Chip","Potion Belt","Art of War"],"potions_floor_usage":[19,21,21,21,22,29,33,35,38,41,41,41,42,50,50,51,51,51],"damage_taken":[{"damage":0.0,"enemies":"Small Slimes","floor":1.0,"turns":4.0},{"damage":0.0,"enemies":"Cultist","floor":5.0,"turns":3.0},{"damage":0.0,"enemies":"2 Louse","floor":7.0,"turns":3.0},{"damage":3.0,"enemies":"Large Slime","floor":8.0,"turns":5.0},{"damage":0.0,"enemies":"Blue Slaver","floor":10.0,"turns":3.0},{"damage":12.0,"enemies":"The Mushroom Lair","floor":12.0,"turns":4.0},{"damage":3.0,"enemies":"2 Fungi Beasts","floor":13.0,"turns":3.0},{"damage":0.0,"enemies":"3 Louse","floor":14.0,"turns":3.0},{"damage":0.0,"enemies":"Hexaghost","floor":16.0,"turns":9.0},{"damage":0,"enemies":"Chosen","floor":18,"turns":5},{"damage":0,"enemies":"3 Byrds","floor":19,"turns":5},{"damage":23,"enemies":"Cultist and Chosen","floor":21,"turns":11},{"damage":4,"enemies":"Snake Plant","floor":22,"turns":4},{"damage":7,"enemies":"Shelled Parasite and Fungi","floor":24,"turns":3},{"damage":11,"enemies":"Cultist and Chosen","floor":29,"turns":5},{"damage":8,"enemies":"Snake Plant","floor":30,"turns":4},{"damage":10,"enemies":"Automaton","floor":33,"turns":10},{"damage":0,"enemies":"3 Darklings","floor":35,"turns":2},{"damage":0,"enemies":"Orb Walker","floor":37,"turns":2},{"damage":0,"enemies":"4 Shapes","floor":38,"turns":1},{"damage":0,"enemies":"Sphere and 2 Shapes","floor":41,"turns":1},{"damage":0,"enemies":"3 Darklings","floor":42,"turns":1},{"damage":0,"enemies":"Jaw Worm Horde","floor":44,"turns":1},{"damage":0,"enemies":"Spire Growth","floor":46,"turns":2},{"damage":11,"enemies":"Donu and Deca","floor":50,"turns":5},{"damage":40,"enemies":"Awakened One","floor":51,"turns":13}],"seed_played":"53970463190220409","potions_obtained":[{"floor":5.0,"key":"Poison Potion"},{"floor":8.0,"key":"FairyPotion"},{"floor":33,"key":"LiquidBronze"},{"floor":35,"key":"SkillPotion"},{"floor":44,"key":"EssenceOfSteel"},{"floor":46,"key":"EssenceOfSteel"}],"is_trial":false,"path_per_floor":["M","?","?","$","M","R","M","M","T","M","?","?","M","M","R","B",null,"M","M","?","M","M","R","M","R","T","R","?","M","M","T","R","B",null,"M","?","M","M","$","R","M","M","T","M","$","M","R","?","R","B","B",null],"character_chosen":"THE_SILENT","items_purchased":["Gambling Chip","Art of War"],"campfire_rested":0,"item_purchase_floors":[39,45],"current_hp_per_floor":[59,41,41,41,41,41,41,38,38,38,38,26,23,23,23,23,51,51,51,51,28,24,24,17,17,17,17,17,25,22,22,22,17,49,54,54,59,60,60,60,60,60,60,60,60,60,60,60,60,49,9],"gold":81,"neow_bonus":"TRANSFORM_TWO_CARDS","is_prod":false,"is_daily":false,"chose_seed":false,"campfire_upgraded":8,"win_rate":0,"timestamp":1547739483,"path_taken":["M","?","?","$","?","R","?","M","T","M","?","?","M","M","R","BOSS","M","M","?","M","M","R","M","R","T","R","?","M","M","?","R","BOSS","M","?","?","M","$","R","M","M","T","M","$","M","R","?","R","BOSS","BOSS"],"build_version":"2019-01-16","purchased_purges":1,"victory":true,"max_hp_per_floor":[66,66,66,66,66,66,66,66,66,66,60,60,60,60,60,60,60,60,60,60,60,60,60,60,60,60,60,60,60,60,60,60,60,60,60,60,60,60,60,60,60,60,60,60,60,60,60,60,60,60,60],"card_choices":[{"not_picked":["Flying Knee","Dagger Spray"],"picked":"Acrobatics","floor":1.0},{"not_picked":["Acrobatics","Poisoned Stab"],"picked":"Backflip","floor":5.0},{"not_picked":["Poisoned Stab","Deadly Poison"],"picked":"Tactician","floor":7.0},{"not_picked":["Tactician","Flechettes"],"picked":"Well Laid Plans+1","floor":8.0},{"not_picked":["Accuracy+1","Deflect","Dodge and Roll"],"picked":"SKIP","floor":10.0},{"not_picked":["Prepared","Cloak And Dagger","Riddle With Holes"],"picked":"SKIP","floor":13.0},{"not_picked":["Choke","Eviscerate","Flechettes"],"picked":"SKIP","floor":14.0},{"not_picked":["Poisoned Stab","Bane+1","Skewer"],"picked":"SKIP","floor":18},{"not_picked":["Endless Agony+1","Eviscerate","Cloak And Dagger"],"picked":"SKIP","floor":19},{"not_picked":["Slice","Acrobatics","Prepared"],"picked":"SKIP","floor":21},{"not_picked":["Slice","Acrobatics"],"picked":"Prepared","floor":21},{"not_picked":["Poisoned Stab","Flechettes+1","Riddle With Holes"],"picked":"SKIP","floor":22},{"not_picked":["Dagger Throw","Deadly Poison"],"picked":"Corpse Explosion","floor":24},{"not_picked":["Flying Knee","Setup"],"picked":"Concentrate","floor":29},{"not_picked":["Blade Dance","Blur","All Out Attack"],"picked":"SKIP","floor":30},{"not_picked":["Die Die Die","Glass Knife"],"picked":"Adrenaline","floor":33},{"not_picked":["Prepared","PiercingWail","Dagger Throw"],"picked":"SKIP","floor":35},{"not_picked":["Quick Slash","Slice","Cloak And Dagger"],"picked":"SKIP","floor":37},{"not_picked":["Slice+1","Flying Knee","Backflip+1"],"picked":"SKIP","floor":38},{"not_picked":["Slice+1","Flying Knee","Backflip+1"],"picked":"SKIP","floor":38},{"not_picked":["Eviscerate","Well Laid Plans+1","Underhanded Strike+1"],"picked":"SKIP","floor":41},{"not_picked":["Dodge and Roll+1","Sucker Punch","Blade Dance"],"picked":"SKIP","floor":42},{"not_picked":["Distraction","Dodge and Roll"],"picked":"Doppelganger","floor":44},{"not_picked":["Backstab","Cloak And Dagger","Slice+1"],"picked":"SKIP","floor":46},{"not_picked":["Backstab","Cloak And Dagger","Slice+1"],"picked":"SKIP","floor":46}],"player_experience":1293317,"relics_obtained":[{"floor":9.0,"key":"Letter Opener"},{"floor":12.0,"key":"Odd Mushroom"},{"floor":31,"key":"Mercury Hourglass"},{"floor":43,"key":"Potion Belt"}],"event_choices":[{"damage_healed":0.0,"max_hp_gain":0.0,"max_hp_loss":0.0,"gold_gain":0.0,"event_name":"Scrap Ooze","player_choice":"Success","floor":2.0,"gold_loss":0.0,"damage_taken":18.0,"relics_obtained":["Frozen Egg 2"]},{"damage_healed":0.0,"max_hp_gain":0.0,"max_hp_loss":0.0,"gold_gain":0.0,"event_name":"Upgrade Shrine","player_choice":"Upgraded","floor":3.0,"gold_loss":0.0,"damage_taken":0.0,"cards_upgraded":["Flechettes"]},{"damage_healed":0.0,"max_hp_gain":0.0,"max_hp_loss":6.0,"gold_gain":0.0,"event_name":"Golden Idol","player_choice":"Lose Max HP","floor":11.0,"gold_loss":0.0,"damage_taken":0.0,"relics_obtained":["Golden Idol"]},{"damage_healed":0.0,"max_hp_gain":0.0,"max_hp_loss":0.0,"gold_gain":0.0,"event_name":"Mushrooms","player_choice":"Fought Mushrooms","floor":12.0,"gold_loss":0.0,"damage_taken":0.0},{"cards_removed":["Strike_G"],"damage_healed":0,"gold_gain":0,"player_choice":"Elegance","damage_taken":0,"max_hp_gain":0,"max_hp_loss":0,"event_name":"Back to Basics","floor":20,"gold_loss":0},{"damage_healed":0,"gold_gain":0,"player_choice":"Gave Idol","damage_taken":0,"relics_obtained":["Bloody Idol"],"max_hp_gain":0,"max_hp_loss":0,"event_name":"Forgotten Altar","floor":28,"relics_lost":["Golden Idol"],"gold_loss":0},{"damage_healed":0,"gold_gain":0,"player_choice":"Gave Potion","damage_taken":0,"relics_obtained":["FossilizedHelix"],"max_hp_gain":0,"max_hp_loss":0,"event_name":"WeMeetAgain","floor":36,"gold_loss":0},{"damage_healed":0,"gold_gain":0,"player_choice":"Memory 1","damage_taken":0,"max_hp_gain":0,"max_hp_loss":0,"event_name":"SensoryStone","floor":48,"gold_loss":0}],"is_beta":true,"boss_relics":[{"not_picked":["Astrolabe","Fusion Hammer"],"picked":"Coffee Dripper"},{"not_picked":["Velvet Choker","Eternal Feather"],"picked":"Empty Cage"}],"items_purged_floors":[39],"is_endless":false,"potions_floor_spawned":[5,8,10,12,14,18,19,33,35,42,44,46],"ascension_level":20}