{"gold_per_floor":[111,91,104,29,46,46,61,72,72,72,97,108,108,8,8,8],"floor_reached":16,"playtime":775,"items_purged":["Strike_G","Strike_G"],"score":204,"play_id":"0f5500ba-ddb0-489b-9fd2-ebaa7f99288d","local_time":"20190127223021","is_ascension_mode":true,"campfire_choices":[{"data":"1","floor":6,"key":"LIFT"},{"data":"2","floor":10,"key":"LIFT"},{"data":"3","floor":13,"key":"LIFT"},{"data":"Calculated Gamble","floor":15,"key":"SMITH"}],"neow_cost":"PERCENT_DAMAGE","seed_source_timestamp":38791976642997,"circlet_count":0,"master_deck":["AscendersBane","Defend_G","Defend_G","Defend_G","Defend_G","Defend_G","Strike_G","Strike_G","Strike_G","Survivor","Neutralize","PiercingWail","Acrobatics","Dash","Backflip","Escape Plan","Calculated Gamble+1"],"relics":["Ring of the Snake","Girya","Art of War","Happy Flower"],"potions_floor_usage":[11,16,16],"damage_taken":[{"damage":4,"enemies":"Cultist","floor":1,"turns":5},{"damage":2,"enemies":"Small Slimes","floor":3,"turns":5},{"damage":11,"enemies":"Jaw Worm","floor":5,"turns":9},{"damage":5,"enemies":"Looter","floor":7,"turns":4},{"damage":4,"enemies":"2 Fungi Beasts","floor":8,"turns":4},{"damage":13,"enemies":"Gremlin Nob","floor":11,"turns":4},{"damage":0,"enemies":"Lots of Slimes","floor":12,"turns":5},{"damage":9,"enemies":"The Guardian","floor":16,"turns":12}],"seed_played":"2497022599057998188","potions_obtained":[{"floor":1,"key":"SteroidPotion"},{"floor":2,"key":"EssenceOfSteel"},{"floor":8,"key":"GhostInAJar"},{"floor":12,"key":"Strength Potion"}],"is_trial":false,"path_per_floor":["M","?","M","$","M","R","M","M","T","R","E","M","R","$","R","B"],"character_chosen":"THE_SILENT","items_purchased":[],"campfire_rested":0,"item_purchase_floors":[],"current_hp_per_floor":[40,40,38,38,27,27,22,18,18,18,5,5,5,5,5,0],"gold":8,"neow_bonus":"ONE_RARE_RELIC","is_prod":false,"is_daily":false,"chose_seed":false,"campfire_upgraded":1,"win_rate":0,"timestamp":1548599421,"path_taken":["M","?","M","$","M","R","M","?","T","R","E","M","R","$","R","BOSS"],"build_version":"2019-01-23","purchased_purges":2,"victory":false,"max_hp_per_floor":[66,66,66,66,66,66,66,66,66,66,66,66,66,66,66,66],"card_choices":[{"not_picked":["Tactician","Deflect"],"picked":"PiercingWail","floor":1},{"not_picked":["Catalyst","Caltrops"],"picked":"Acrobatics","floor":3},{"not_picked":["Slice","Outmaneuver","Setup"],"picked":"SKIP","floor":5},{"not_picked":["Crippling Poison","Slice"],"picked":"Dash","floor":7},{"not_picked":["Tactician","Bane"],"picked":"Backflip","floor":8},{"not_picked":["Leg Sweep","Dagger Spray"],"picked":"Escape Plan","floor":11},{"not_picked":["Accuracy","Slice"],"picked":"Calculated Gamble","floor":12}],"player_experience":1363336,"relics_obtained":[{"floor":9,"key":"Art of War"},{"floor":11,"key":"Happy Flower"}],"event_choices":[{"damage_healed":0,"gold_gain":0,"player_choice":"Bought 1 Potion","damage_taken":0,"max_hp_gain":0,"max_hp_loss":0,"event_name":"The Woman in Blue","floor":2,"gold_loss":0}],"is_beta":true,"boss_relics":[],"items_purged_floors":[4,14],"is_endless":false,"potions_floor_spawned":[1,8,12],"killed_by":"The Guardian","ascension_level":20}