{"gold_per_floor":[116,126,12,12,12,12,47,47,47,47,58,107,127,127],"floor_reached":14,"playtime":223,"items_purged":["Strike_G"],"score":226,"play_id":"89db308d-9573-4779-9af8-0f8309610108","local_time":"20181226231016","is_ascension_mode":true,"campfire_choices":[{"data":"Acrobatics","floor":6,"key":"SMITH"},{"data":"Deadly Poison","floor":8,"key":"SMITH"},{"data":"Neutralize","floor":10,"key":"SMITH"}],"neow_cost":"NONE","seed_source_timestamp":44758414752886,"circlet_count":0,"master_deck":["AscendersBane","Defend_G","Defend_G","Defend_G","Defend_G","Defend_G","Strike_G","Strike_G","Strike_G","Survivor","Neutralize+1","Acrobatics+1","Escape Plan","Concentrate","Deadly Poison+1","Leg Sweep","Acrobatics"],"relics":["Ring of the Snake","NeowsBlessing","Dream Catcher","The Courier","Oddly Smooth Stone"],"potions_floor_usage":[],"damage_taken":[{"damage":0,"enemies":"Jaw Worm","floor":1,"turns":1},{"damage":0,"enemies":"2 Louse","floor":2,"turns":1},{"damage":0,"enemies":"Gremlin Nob","floor":7,"turns":1},{"damage":0,"enemies":"Cultist","floor":11,"turns":4},{"damage":6,"enemies":"Exordium Wildlife","floor":13,"turns":7},{"damage":1,"enemies":"3 Louse","floor":14,"turns":2}],"seed_played":"-4806367990694086671","potions_obtained":[{"floor":11,"key":"SteroidPotion"}],"is_trial":false,"path_per_floor":["M","M","$","?","?","R","E","R","T","R","M","T","M","M"],"character_chosen":"THE_SILENT","items_purchased":["Concentrate"],"campfire_rested":0,"item_purchase_floors":[3],"current_hp_per_floor":[59,59,59,52,7,7,7,7,7,7,7,7,1,0],"gold":127,"neow_bonus":"THREE_ENEMY_KILL","is_prod":false,"is_daily":false,"chose_seed":false,"campfire_upgraded":3,"win_rate":0,"timestamp":1545837016,"path_taken":["M","M","$","?","?","R","E","R","T","R","?","?","M","?"],"build_version":"2018-12-25","purchased_purges":1,"victory":false,"max_hp_per_floor":[66,66,66,66,66,66,66,66,66,66,66,66,66,66],"card_choices":[{"not_picked":["Outmaneuver","Caltrops"],"picked":"Acrobatics","floor":1},{"not_picked":["Acrobatics","Cloak And Dagger"],"picked":"Escape Plan","floor":2},{"not_picked":["Dodge and Roll","Predator"],"picked":"Deadly Poison","floor":7},{"not_picked":["Wraith Form v2","Dodge and Roll"],"picked":"Leg Sweep","floor":11},{"not_picked":["Sucker Punch","Dodge and Roll"],"picked":"Acrobatics","floor":13}],"player_experience":1241266,"relics_obtained":[{"floor":7,"key":"The Courier"},{"floor":9,"key":"Oddly Smooth Stone"}],"event_choices":[{"cards_removed":["Strike_G"],"damage_healed":0,"gold_gain":0,"player_choice":"Card Removal","damage_taken":7,"max_hp_gain":0,"max_hp_loss":0,"event_name":"Golden Wing","floor":4,"gold_loss":0},{"damage_healed":0,"gold_gain":0,"player_choice":"Success","damage_taken":45,"relics_obtained":["Dream Catcher"],"max_hp_gain":0,"max_hp_loss":0,"event_name":"Scrap Ooze","floor":5,"gold_loss":0}],"is_beta":true,"boss_relics":[],"items_purged_floors":[3],"is_endless":false,"potions_floor_spawned":[11],"killed_by":"3 Louse","ascension_level":20}