{"gold_per_floor":[362,362,187,287,307,307,326,341,341,367,367,379,379,394,394,498,498,513,31,31,31,31,31,31,47,47,63,63,82,82,93,93,190,190,207,207,207,59,75,102,117,128,128,142,242,288,323,27,27,27],"floor_reached":51,"playtime":1928,"items_purged":["Bash","Hemokinesis","Twin Strike"],"score":807,"play_id":"bdcab18c-7f43-4505-91ac-f32a5d77ad9b","local_time":"20190803235248","is_ascension_mode":false,"campfire_choices":[{"data":"True Grit","floor":6.0,"key":"SMITH"},{"data":"Limit Break","floor":11.0,"key":"SMITH"},{"data":"Flex","floor":13.0,"key":"SMITH"},{"data":"Barricade","floor":15.0,"key":"SMITH"},{"data":"Trip","floor":23.0,"key":"SMITH"},{"data":"Whirlwind","floor":28.0,"key":"SMITH"},{"data":"Flex","floor":30.0,"key":"SMITH"},{"data":"Battle Trance","floor":32.0,"key":"SMITH"},{"data":"Sword Boomerang","floor":49.0,"key":"SMITH"}],"neow_cost":"TEN_PERCENT_HP_LOSS","seed_source_timestamp":627997544667500,"circlet_count":0,"master_deck":["Trip+1","Shrug It Off","True Grit+1","Flex+1","Barricade+1","Limit Break+1","Disarm","Battle Trance+1","Feed","Battle Trance","Dark Embrace+1","Whirlwind+1","Intimidate","Twin Strike","Berserk+1","Evolve+1","Flex+1","Shrug It Off","Warcry+1","Reaper","Inflame+1","Sword Boomerang+1"],"special_seed":0,"relics":["Burning Blood","Frozen Egg 2","Shuriken","Pandora\u0027s Box","Sundial","Mummified Hand","Runic Dome","Happy Flower","Bag of Preparation","Kunai","Gremlin Horn","Charon\u0027s Ashes","Girya","Bronze Scales"],"potions_floor_usage":[50,50,50],"damage_taken":[{"damage":5.0,"enemies":"2 Louse","floor":1.0,"turns":3.0},{"damage":4.0,"enemies":"Cultist","floor":5.0,"turns":5.0},{"damage":6.0,"enemies":"Small Slimes","floor":7.0,"turns":4.0},{"damage":7.0,"enemies":"Exordium Thugs","floor":8.0,"turns":5.0},{"damage":21.0,"enemies":"Lagavulin","floor":10.0,"turns":10.0},{"damage":6.0,"enemies":"2 Fungi Beasts","floor":12.0,"turns":4.0},{"damage":2.0,"enemies":"3 Louse","floor":14.0,"turns":8.0},{"damage":6.0,"enemies":"Hexaghost","floor":16.0,"turns":14.0},{"damage":0.0,"enemies":"3 Byrds","floor":18.0,"turns":4.0},{"damage":27.0,"enemies":"2 Thieves","floor":25.0,"turns":4.0},{"damage":2.0,"enemies":"Cultist and Chosen","floor":27.0,"turns":5.0},{"damage":31.0,"enemies":"Snake Plant","floor":29.0,"turns":5.0},{"damage":22.0,"enemies":"Sentry and Sphere","floor":31.0,"turns":5.0},{"damage":21.0,"enemies":"Collector","floor":33.0,"turns":5.0},{"damage":6.0,"enemies":"Orb Walker","floor":35.0,"turns":3.0},{"damage":0.0,"enemies":"3 Darklings","floor":39.0,"turns":3.0},{"damage":3.0,"enemies":"Reptomancer","floor":40.0,"turns":4.0},{"damage":0.0,"enemies":"Maw","floor":41.0,"turns":5.0},{"damage":35.0,"enemies":"Spire Growth","floor":42.0,"turns":4.0},{"damage":0.0,"enemies":"Transient","floor":44.0,"turns":5.0},{"damage":0.0,"enemies":"Mind Bloom Boss Battle","floor":45.0,"turns":5.0},{"damage":9.0,"enemies":"2 Orb Walkers","floor":46.0,"turns":3.0},{"damage":0.0,"enemies":"Nemesis","floor":47.0,"turns":3.0},{"damage":30,"enemies":"Donu and Deca","floor":50,"turns":4}],"seed_played":"7941279528429186512","potions_obtained":[{"floor":5.0,"key":"Fire Potion"},{"floor":12.0,"key":"SpeedPotion"},{"floor":16.0,"key":"SteroidPotion"},{"floor":33.0,"key":"SneckoOil"},{"floor":35.0,"key":"FearPotion"},{"floor":41.0,"key":"GamblersBrew"}],"is_trial":false,"path_per_floor":["M","?","$","?","M","R","M","M","T","E","R","M","R","M","R","B",null,"M","$","?","$","?","R","?","M","T","M","R","M","R","M","R","B",null,"M","?","T","$","M","E","M","M","T","M","?","?","E","$","R","B",null],"character_chosen":"IRONCLAD","items_purchased":["Shrug It Off","True Grit","Evolve+1","Sundial","Flex","Bag of Preparation","Inflame+1","Sword Boomerang","PowerPotion"],"campfire_rested":0,"item_purchase_floors":[3,3,19,19,19,38,48,48,48],"current_hp_per_floor":[72,72,72,72,72,72,72,71,71,56,56,56,56,60,60,60,72,75,75,75,75,75,75,75,57,57,64,64,42,42,29,29,14,87,87,83,83,83,83,86,89,63,63,69,78,78,87,87,87,104],"gold":27,"neow_bonus":"TWO_FIFTY_GOLD","is_prod":false,"is_daily":false,"chose_seed":false,"campfire_upgraded":9,"win_rate":0,"timestamp":1564847568,"path_taken":["M","?","?","?","M","R","M","?","T","E","R","M","R","M","R","BOSS","M","$","?","?","?","R","?","M","T","M","R","M","R","M","R","BOSS","M","?","?","$","M","E","M","M","T","M","?","?","E","$","R","BOSS"],"build_version":"2019-07-17","purchased_purges":3,"victory":true,"max_hp_per_floor":[72,72,72,72,72,72,72,72,72,72,72,72,72,72,72,72,72,75,75,75,75,75,75,75,78,78,81,81,84,84,87,87,87,87,87,83,83,83,83,86,89,92,92,92,95,98,101,101,101,104],"card_choices":[{"not_picked":["Cleave","Clothesline","Pommel Strike"],"picked":"SKIP","floor":1.0},{"not_picked":["Thunderclap","Pommel Strike"],"picked":"Flex","floor":5.0},{"not_picked":["Flex","Intimidate"],"picked":"Barricade","floor":7.0},{"not_picked":["Headbutt","Sword Boomerang","Iron Wave"],"picked":"SKIP","floor":8.0},{"not_picked":["Havoc","Juggernaut+1"],"picked":"Limit Break","floor":10.0},{"not_picked":["Disarm","Rampage","Spot Weakness"],"picked":"SKIP","floor":12.0},{"not_picked":["Rampage","Spot Weakness"],"picked":"Disarm","floor":12.0},{"not_picked":["Havoc","True Grit"],"picked":"Battle Trance","floor":14.0},{"not_picked":["Offering","Demon Form+1"],"picked":"Feed","floor":16.0},{"not_picked":["Twin Strike+1","Sever Soul","Combust+1"],"picked":"SKIP","floor":18.0},{"not_picked":["Body Slam","Clash"],"picked":"Shrug It Off","floor":25.0},{"not_picked":["Perfected Strike","Evolve+1","Carnage"],"picked":"SKIP","floor":27.0},{"not_picked":["Perfected Strike","Evolve+1","Carnage"],"picked":"SKIP","floor":27.0},{"not_picked":["Clothesline","Combust+1","Anger"],"picked":"SKIP","floor":29.0},{"not_picked":["Feed","Blood for Blood","Wild Strike"],"picked":"SKIP","floor":31.0},{"not_picked":["Armaments","Perfected Strike"],"picked":"Warcry+1","floor":35.0},{"not_picked":["Clothesline+1","Feed","Bloodletting+1"],"picked":"SKIP","floor":39.0},{"not_picked":["Battle Trance+1","Whirlwind+1","Wild Strike"],"picked":"SKIP","floor":40.0},{"not_picked":["Ghostly Armor","Havoc+1","Clash+1"],"picked":"SKIP","floor":41.0},{"not_picked":["Heavy Blade+1","Evolve+1","Intimidate"],"picked":"SKIP","floor":42.0},{"not_picked":["Wild Strike+1","Flex+1","Anger"],"picked":"SKIP","floor":44.0},{"not_picked":["Pummel+1","Shrug It Off+1"],"picked":"Reaper","floor":47.0}],"player_experience":716982,"relics_obtained":[{"floor":9.0,"key":"Frozen Egg 2"},{"floor":10.0,"key":"Shuriken"},{"floor":26.0,"key":"Mummified Hand"},{"floor":37.0,"key":"Happy Flower"},{"floor":40.0,"key":"Kunai"},{"floor":43.0,"key":"Gremlin Horn"},{"floor":45.0,"key":"Charon\u0027s Ashes"},{"floor":46.0,"key":"Girya"},{"floor":47.0,"key":"Bronze Scales"}],"event_choices":[{"damage_healed":0.0,"max_hp_gain":0.0,"max_hp_loss":0.0,"gold_gain":0.0,"event_name":"Match and Keep!","player_choice":"1 cards matched","floor":2.0,"gold_loss":0.0,"damage_taken":0.0,"cards_obtained":["Trip"]},{"damage_healed":0.0,"max_hp_gain":0.0,"max_hp_loss":0.0,"gold_gain":100.0,"event_name":"Golden Shrine","player_choice":"Pray","floor":4.0,"gold_loss":0.0,"damage_taken":0.0},{"cards_removed":["Hemokinesis"],"damage_healed":0.0,"max_hp_gain":0.0,"max_hp_loss":0.0,"gold_gain":0.0,"event_name":"Back to Basics","player_choice":"Elegance","floor":20.0,"gold_loss":0.0,"damage_taken":0.0},{"damage_healed":0.0,"max_hp_gain":0.0,"max_hp_loss":0.0,"gold_gain":0.0,"event_name":"Cursed Tome","player_choice":"Ignored","floor":22.0,"gold_loss":0.0,"damage_taken":0.0},{"damage_healed":0.0,"max_hp_gain":0.0,"max_hp_loss":0.0,"gold_gain":0.0,"event_name":"Vampires","player_choice":"Ignored","floor":24.0,"gold_loss":0.0,"damage_taken":0.0},{"damage_healed":0.0,"max_hp_gain":0.0,"max_hp_loss":4.0,"gold_gain":0.0,"event_name":"Winding Halls","player_choice":"Max HP","floor":36.0,"gold_loss":0.0,"damage_taken":0.0},{"damage_healed":0.0,"max_hp_gain":0.0,"max_hp_loss":0.0,"gold_gain":0.0,"event_name":"MindBloom","player_choice":"Fight","floor":45.0,"gold_loss":0.0,"damage_taken":0.0},{"damage_healed":0.0,"max_hp_gain":0.0,"max_hp_loss":0.0,"gold_gain":0.0,"event_name":"Mysterious Sphere","player_choice":"Fight","floor":46.0,"gold_loss":0.0,"damage_taken":0.0}],"is_beta":false,"boss_relics":[{"not_picked":["Snecko Eye","Velvet Choker"],"picked":"Pandora\u0027s Box"},{"not_picked":["Cursed Key","White Beast Statue"],"picked":"Runic Dome"}],"items_purged_floors":[3,19,48],"is_endless":false,"potions_floor_spawned":[5,12,16,27,33,35,41,46,47],"ascension_level":0}