{"gold_per_floor":[115,128,128,141,10,36,36,36,36,36,65,65,140,157,157,157],"floor_reached":16,"playtime":557,"items_purged":["Strike_R"],"score":216,"play_id":"d8db8e6d-b33d-47ef-a2a7-a73c5947a3fe","local_time":"20190126164509","is_ascension_mode":true,"campfire_choices":[{"data":"Rampage","floor":7.0,"key":"SMITH"},{"floor":10.0,"key":"REST"},{"data":"Bash","floor":12.0,"key":"SMITH"},{"data":"Dual Wield","floor":15.0,"key":"SMITH"}],"neow_cost":"PERCENT_DAMAGE","seed_source_timestamp":29097024258046,"circlet_count":0,"master_deck":["AscendersBane","Strike_R","Strike_R","Strike_R","Strike_R","Defend_R","Defend_R","Defend_R","Defend_R","Bash+1","Feed","Rampage+1","Dual Wield+1","Rage+1","Evolve","Havoc+1","True Grit+1"],"special_seed":0,"relics":["Burning Blood","Toxic Egg 2","Lantern","Happy Flower","Bag of Preparation"],"potions_floor_usage":[16],"damage_taken":[{"damage":6.0,"enemies":"Cultist","floor":1.0,"turns":3.0},{"damage":16.0,"enemies":"2 Louse","floor":2.0,"turns":2.0},{"damage":9.0,"enemies":"Jaw Worm","floor":4.0,"turns":4.0},{"damage":26.0,"enemies":"Gremlin Nob","floor":6.0,"turns":4.0},{"damage":15.0,"enemies":"3 Sentries","floor":11.0,"turns":9.0},{"damage":0.0,"enemies":"Looter","floor":14.0,"turns":2.0},{"damage":34,"enemies":"Hexaghost","floor":16,"turns":11}],"seed_played":"6973569918174315654","potions_obtained":[{"floor":2.0,"key":"Regen Potion"},{"floor":6.0,"key":"GamblersBrew"},{"floor":11.0,"key":"PowerPotion"}],"is_trial":false,"path_per_floor":["M","M","?","M","$","E","R","$","T","R","E","R","?","M","R","B"],"character_chosen":"IRONCLAD","items_purchased":["Strength Potion"],"campfire_rested":1,"item_purchase_floors":[5],"current_hp_per_floor":[53,46,28,28,28,8,8,8,8,33,42,42,31,40,40,6],"gold":157,"neow_bonus":"THREE_RARE_CARDS","is_prod":false,"is_daily":false,"chose_seed":false,"campfire_upgraded":3,"win_rate":0,"timestamp":1548492309,"path_taken":["M","M","?","M","$","E","R","$","T","R","E","R","?","M","R","BOSS"],"build_version":"2019-01-23","purchased_purges":1,"victory":false,"max_hp_per_floor":[78,81,81,84,84,84,84,84,84,84,87,87,87,90,90,90],"card_choices":[{"not_picked":["Berserk","Immolate"],"picked":"Feed","floor":0.0},{"not_picked":["Clash","Headbutt"],"picked":"Rampage","floor":1.0},{"not_picked":["Blood for Blood","Sword Boomerang"],"picked":"Dual Wield","floor":2.0},{"not_picked":["Body Slam","Rampage"],"picked":"Rage+1","floor":4.0},{"not_picked":["Body Slam","Havoc+1"],"picked":"Evolve","floor":6.0},{"not_picked":["Bloodletting+1","Seeing Red+1"],"picked":"Havoc+1","floor":11.0},{"not_picked":["Shrug It Off+1","Seeing Red+1"],"picked":"True Grit+1","floor":14.0}],"player_experience":2282374,"relics_obtained":[{"floor":6.0,"key":"Lantern"},{"floor":9.0,"key":"Happy Flower"},{"floor":11.0,"key":"Bag of Preparation"}],"event_choices":[{"damage_healed":0.0,"max_hp_gain":0.0,"max_hp_loss":0.0,"gold_gain":0.0,"event_name":"Scrap Ooze","player_choice":"Success","floor":3.0,"gold_loss":0.0,"damage_taken":18.0,"relics_obtained":["Toxic Egg 2"]},{"damage_healed":0.0,"max_hp_gain":0.0,"max_hp_loss":0.0,"gold_gain":75.0,"event_name":"World of Goop","player_choice":"Gather Gold","floor":13.0,"gold_loss":0.0,"damage_taken":11.0}],"is_beta":false,"boss_relics":[],"items_purged_floors":[5],"is_endless":false,"potions_floor_spawned":[2,6,11],"killed_by":"Hexaghost","ascension_level":20}