{"gold_per_floor":[119,137,147,147,166,166,180,206,231,250,250],"floor_reached":11,"playtime":257,"items_purged":[],"score":134,"play_id":"8cc10c75-728e-4319-b806-bd99361ee7ce","local_time":"20190719232412","is_ascension_mode":true,"campfire_choices":[{"data":"Well Laid Plans","floor":6,"key":"SMITH"}],"neow_cost":"NONE","seed_source_timestamp":312929559499562,"circlet_count":0,"master_deck":["AscendersBane","Strike_G+1","Strike_G","Strike_G","Strike_G","Strike_G+1","Defend_G+1","Defend_G","Defend_G","Defend_G+1","Defend_G","Survivor","Neutralize","Infinite Blades","Footwork","Well Laid Plans+1","Tools of the Trade"],"special_seed":0,"relics":["Eternal Feather","Juzu Bracelet","War Paint","Whetstone"],"potions_floor_usage":[5,7],"damage_taken":[{"damage":15.0,"enemies":"Cultist","floor":1.0,"turns":6.0},{"damage":4.0,"enemies":"Small Slimes","floor":2.0,"turns":4.0},{"damage":9.0,"enemies":"Jaw Worm","floor":3.0,"turns":6.0},{"damage":10,"enemies":"3 Louse","floor":5,"turns":5},{"damage":18,"enemies":"Exordium Wildlife","floor":7,"turns":4},{"damage":0,"enemies":"2 Fungi Beasts","floor":10,"turns":4},{"damage":4,"enemies":"Large Slime","floor":11,"turns":1}],"seed_played":"4516504057929724744","potions_obtained":[{"floor":1.0,"key":"LiquidBronze"},{"floor":5,"key":"Strength Potion"}],"is_trial":false,"path_per_floor":["M","M","M","?","M","R","M","T","T","M","M"],"character_chosen":"THE_SILENT","items_purchased":[],"campfire_rested":0,"item_purchase_floors":[],"current_hp_per_floor":[44,40,31,20,10,19,1,1,1,1,0],"gold":250,"neow_bonus":"BOSS_RELIC","is_prod":false,"is_daily":false,"chose_seed":false,"campfire_upgraded":1,"win_rate":0,"timestamp":1563546252,"path_taken":["M","?","M","?","M","R","M","?","T","M","M"],"build_version":"2019-07-17","purchased_purges":0,"victory":false,"max_hp_per_floor":[66,66,66,66,66,66,66,66,66,66,66],"card_choices":[{"not_picked":["Outmaneuver","Quick Slash"],"picked":"Infinite Blades","floor":1.0},{"not_picked":["Outmaneuver","Riddle With Holes","Dash"],"picked":"SKIP","floor":2.0},{"not_picked":["Flying Knee","Expertise"],"picked":"Footwork","floor":3.0},{"not_picked":["Accuracy","Outmaneuver"],"picked":"Well Laid Plans","floor":5},{"not_picked":["Slice","Quick Slash","Heel Hook"],"picked":"SKIP","floor":7},{"not_picked":["Sucker Punch","Distraction"],"picked":"Tools of the Trade","floor":10}],"player_experience":642483,"relics_obtained":[{"floor":8,"key":"War Paint"},{"floor":9,"key":"Whetstone"}],"event_choices":[{"damage_healed":0.0,"max_hp_gain":0.0,"max_hp_loss":0.0,"gold_gain":0.0,"event_name":"Scrap Ooze","player_choice":"Success","floor":4.0,"gold_loss":0.0,"damage_taken":11.0,"relics_obtained":["Juzu Bracelet"]}],"is_beta":false,"boss_relics":[],"items_purged_floors":[],"is_endless":false,"potions_floor_spawned":[1,5],"killed_by":"Large Slime","ascension_level":20}