{"gold_per_floor":[15,32,32,50,75,75,89,89,89,89,89],"floor_reached":11,"playtime":297,"items_purged":[],"score":130,"play_id":"dd2036c9-64c5-464f-b296-73effcbb3914","local_time":"20190216142458","is_ascension_mode":true,"campfire_choices":[{"data":"Catalyst","floor":6,"key":"SMITH"},{"data":"Bouncing Flask","floor":10,"key":"SMITH"}],"neow_cost":"NO_GOLD","seed_source_timestamp":20025523253050,"circlet_count":0,"master_deck":["AscendersBane","Defend_G","Defend_G","Defend_G","Defend_G","Defend_G","Strike_G","Strike_G","Strike_G","Strike_G","Strike_G","Survivor","Neutralize","Accuracy","Deadly Poison","Catalyst+1","Bouncing Flask+1"],"special_seed":0,"relics":["Ring of the Snake","Shovel","Golden Idol"],"potions_floor_usage":[7],"damage_taken":[{"damage":1.0,"enemies":"Small Slimes","floor":1.0,"turns":4.0},{"damage":7.0,"enemies":"Jaw Worm","floor":2.0,"turns":7.0},{"damage":0.0,"enemies":"2 Louse","floor":4.0,"turns":4.0},{"damage":47,"enemies":"Exordium Thugs","floor":5,"turns":8},{"damage":0,"enemies":"Looter","floor":7,"turns":4},{"damage":0,"enemies":"Lagavulin","floor":11,"turns":4}],"seed_played":"3917283916808321722","potions_obtained":[{"floor":4.0,"key":"FearPotion"},{"floor":5,"key":"Swift Potion"},{"floor":7,"key":"Weak Potion"}],"is_trial":false,"path_per_floor":["M","M","?","M","M","R","M","?","T","R","E"],"character_chosen":"THE_SILENT","items_purchased":[],"campfire_rested":0,"item_purchase_floors":[],"current_hp_per_floor":[58,51,51,51,4,4,4,4,4,4,4],"gold":89,"neow_bonus":"ONE_RARE_RELIC","is_prod":false,"is_daily":false,"chose_seed":false,"campfire_upgraded":2,"win_rate":0,"timestamp":1550298298,"path_taken":["M","M","?","M","M","R","M","?","T","R","E"],"build_version":"2019-01-23","purchased_purges":0,"victory":false,"max_hp_per_floor":[66,66,60,60,60,60,60,60,60,60,60],"card_choices":[{"not_picked":["Slice","Riddle With Holes","Dagger Spray"],"picked":"SKIP","floor":1.0},{"not_picked":["Bane","Prepared"],"picked":"Accuracy","floor":2.0},{"not_picked":["Predator","Outmaneuver"],"picked":"Deadly Poison","floor":4.0},{"not_picked":["Dagger Spray","Expertise"],"picked":"Catalyst","floor":5},{"not_picked":["Deadly Poison","Acrobatics"],"picked":"Bouncing Flask","floor":7}],"player_experience":2821503,"relics_obtained":[],"event_choices":[{"damage_healed":0.0,"max_hp_gain":0.0,"max_hp_loss":6.0,"gold_gain":0.0,"event_name":"Golden Idol","player_choice":"Lose Max HP","floor":3.0,"gold_loss":0.0,"damage_taken":0.0,"relics_obtained":["Golden Idol"]},{"damage_healed":0,"gold_gain":0,"player_choice":"Ignored","damage_taken":0,"max_hp_gain":0,"max_hp_loss":0,"event_name":"Shining Light","floor":8,"gold_loss":0}],"is_beta":false,"boss_relics":[],"items_purged_floors":[],"is_endless":false,"potions_floor_spawned":[4,5,7],"killed_by":"Lagavulin","ascension_level":20}