{"gold_per_floor":[109,54,74,74,90,90,70,80,80,80,106,124,157,157],"floor_reached":14,"playtime":260,"items_purged":[],"score":200,"play_id":"5409fd55-a098-4ed6-ae14-346af6a7b2d9","local_time":"20190313013518","is_ascension_mode":true,"campfire_choices":[{"data":"Noxious Fumes","floor":6.0,"key":"SMITH"},{"data":"Deadly Poison","floor":10.0,"key":"SMITH"}],"neow_cost":"NONE","seed_source_timestamp":46797165778040,"circlet_count":0,"master_deck":["AscendersBane","Defend_G","Defend_G","Defend_G","Defend_G","Defend_G","Strike_G","Strike_G","Strike_G","Strike_G","Strike_G","Survivor","Neutralize","Backflip","Deadly Poison+1","Noxious Fumes+1","All Out Attack","Bouncing Flask"],"special_seed":0,"relics":["Ring of the Snake","NeowsBlessing","Unceasing Top","Calipers","WingedGreaves"],"potions_floor_usage":[13],"damage_taken":[{"damage":0.0,"enemies":"Small Slimes","floor":1.0,"turns":1.0},{"damage":0.0,"enemies":"Jaw Worm","floor":3.0,"turns":1.0},{"damage":0.0,"enemies":"Cultist","floor":5.0,"turns":1.0},{"damage":1.0,"enemies":"Looter","floor":8.0,"turns":4.0},{"damage":21.0,"enemies":"Lagavulin","floor":11.0,"turns":9.0},{"damage":12.0,"enemies":"Exordium Thugs","floor":12.0,"turns":4.0},{"damage":23,"enemies":"Gremlin Nob","floor":13,"turns":4},{"damage":0,"enemies":"Lots of Slimes","floor":14,"turns":1}],"seed_played":"-5247640675345974020","potions_obtained":[{"floor":3.0,"key":"Dexterity Potion"},{"floor":7.0,"key":"AttackPotion"},{"floor":12.0,"key":"Ancient Potion"}],"is_trial":false,"path_per_floor":["M","$","M","?","M","R","?","M","T","R","E","M","E","M"],"character_chosen":"THE_SILENT","items_purchased":["Deadly Poison"],"campfire_rested":0,"item_purchase_floors":[2],"current_hp_per_floor":[59,59,59,59,59,59,59,58,58,58,37,25,2,2],"gold":157,"neow_bonus":"THREE_ENEMY_KILL","is_prod":false,"is_daily":false,"chose_seed":false,"campfire_upgraded":2,"win_rate":0,"timestamp":1552412118,"path_taken":["M","$","M","?","M","R","?","M","T","R","E","M","E","?"],"build_version":"2019-01-23","purchased_purges":0,"victory":false,"max_hp_per_floor":[66,66,66,66,66,66,66,66,66,66,66,66,66,66],"card_choices":[{"not_picked":["Flying Knee","Dodge and Roll"],"picked":"Backflip","floor":1.0},{"not_picked":["Deflect","Dodge and Roll"],"picked":"Noxious Fumes","floor":3.0},{"not_picked":["Underhanded Strike","Backflip"],"picked":"All Out Attack","floor":5.0},{"not_picked":["Dagger Spray","Flying Knee","Endless Agony"],"picked":"SKIP","floor":8.0},{"not_picked":["Acrobatics","Deadly Poison"],"picked":"Bouncing Flask","floor":11.0},{"not_picked":["Poisoned Stab","Riddle With Holes","All Out Attack"],"picked":"SKIP","floor":12.0},{"not_picked":["Caltrops","Blade Dance","Bane"],"picked":"SKIP","floor":13}],"player_experience":3537360,"relics_obtained":[{"floor":9.0,"key":"Unceasing Top"},{"floor":11.0,"key":"Calipers"},{"floor":13,"key":"WingedGreaves"}],"event_choices":[{"damage_healed":0.0,"max_hp_gain":0.0,"max_hp_loss":0.0,"gold_gain":0.0,"event_name":"Liars Game","player_choice":"Ignored","floor":4.0,"gold_loss":0.0,"damage_taken":0.0},{"damage_healed":0.0,"max_hp_gain":0.0,"max_hp_loss":0.0,"gold_gain":0.0,"event_name":"The Woman in Blue","player_choice":"Bought 1 Potion","floor":7.0,"gold_loss":0.0,"damage_taken":0.0}],"is_beta":false,"boss_relics":[],"items_purged_floors":[],"is_endless":false,"potions_floor_spawned":[3,8,12],"killed_by":"Lots of Slimes","ascension_level":20}