{"gold_per_floor":[17,17,17,33,54,54,92,92,117,117,152,223,242,167,167,257,320,334,354,354,379,399,399,418,418,418,418,418],"floor_reached":28,"playtime":1392,"items_purged":["Strike_R"],"score":456,"play_id":"b4c10fdc-3647-4059-9191-d5b4458b0046","local_time":"20190720211354","is_ascension_mode":true,"campfire_choices":[{"data":"Havoc","floor":6.0,"key":"SMITH"},{"data":"Demon Form","floor":8.0,"key":"SMITH"},{"data":"Sword Boomerang","floor":10.0,"key":"SMITH"},{"data":"Immolate","floor":15.0,"key":"SMITH"},{"data":"Berserk","floor":23.0,"key":"SMITH"},{"data":"True Grit","floor":25,"key":"SMITH"}],"neow_cost":"NO_GOLD","seed_source_timestamp":16726982008992,"circlet_count":0,"master_deck":["AscendersBane","Defend_R","Defend_R","Defend_R","Defend_R","Bash+1","Rupture","Havoc+1","Shrug It Off","Demon Form+1","Sword Boomerang+1","Disarm","Immolate+1","Berserk+1","True Grit+1","Double Tap","Bludgeon"],"special_seed":0,"relics":["Burning Blood","Golden Idol","Strawberry","Happy Flower","Odd Mushroom","Tiny Chest","Tiny House","Mummified Hand"],"potions_floor_usage":[],"damage_taken":[{"damage":7.0,"enemies":"2 Louse","floor":1.0,"turns":4.0},{"damage":4.0,"enemies":"Jaw Worm","floor":4.0,"turns":7.0},{"damage":7.0,"enemies":"Cultist","floor":5.0,"turns":5.0},{"damage":18.0,"enemies":"Lagavulin","floor":7.0,"turns":10.0},{"damage":6.0,"enemies":"The Mushroom Lair","floor":11.0,"turns":5.0},{"damage":21.0,"enemies":"Gremlin Nob","floor":12.0,"turns":4.0},{"damage":8.0,"enemies":"Looter","floor":13.0,"turns":4.0},{"damage":12.0,"enemies":"Hexaghost","floor":16.0,"turns":7.0},{"damage":8.0,"enemies":"3 Byrds","floor":18.0,"turns":4.0},{"damage":8.0,"enemies":"Spheric Guardian","floor":19.0,"turns":5.0},{"damage":15.0,"enemies":"Snecko","floor":21.0,"turns":5.0},{"damage":14.0,"enemies":"Chosen and Byrds","floor":22.0,"turns":6.0},{"damage":32,"enemies":"Snake Plant","floor":24,"turns":6},{"damage":29,"enemies":"Sentry and Sphere","floor":28,"turns":3}],"seed_played":"5368028537215165337","potions_obtained":[{"floor":4.0,"key":"Explosive Potion"},{"floor":7.0,"key":"Block Potion"},{"floor":13.0,"key":"FearPotion"},{"floor":19.0,"key":"Block Potion"}],"is_trial":false,"path_per_floor":["M","?","?","M","M","R","E","R","T","R","?","E","M","$","R","B",null,"M","M","?","M","M","R","M","R","T","?","M"],"character_chosen":"IRONCLAD","items_purchased":[],"campfire_rested":0,"item_purchase_floors":[],"current_hp_per_floor":[67,67,67,68,67,67,62,62,62,62,62,47,45,45,45,39,71,69,67,67,58,50,50,24,24,24,24,0],"gold":418,"neow_bonus":"TRANSFORM_TWO_CARDS","is_prod":false,"is_daily":false,"chose_seed":false,"campfire_upgraded":6,"win_rate":0,"timestamp":1563628434,"path_taken":["M","?","?","M","?","R","E","R","T","R","?","E","M","$","R","BOSS","M","M","?","M","M","R","M","R","T","?","M"],"build_version":"2019-07-17","purchased_purges":1,"victory":false,"max_hp_per_floor":[75,68,68,68,68,68,75,75,75,75,75,75,75,75,75,75,80,80,80,80,80,80,80,80,80,80,80,80],"card_choices":[{"not_picked":["Twin Strike","Shrug It Off"],"picked":"Havoc","floor":1.0},{"not_picked":["Pommel Strike","Anger"],"picked":"Shrug It Off","floor":4.0},{"not_picked":["Headbutt","Iron Wave"],"picked":"Demon Form","floor":5.0},{"not_picked":["Warcry","Twin Strike"],"picked":"Sword Boomerang","floor":7.0},{"not_picked":["Pummel","True Grit"],"picked":"Disarm","floor":11.0},{"not_picked":["Flex","Pommel Strike","Thunderclap"],"picked":"SKIP","floor":12.0},{"not_picked":["Inflame","Clothesline"],"picked":"Immolate","floor":13.0},{"not_picked":["Immolate","Fiend Fire"],"picked":"Berserk","floor":16.0},{"not_picked":["Heavy Blade","Rupture"],"picked":"True Grit","floor":17.0},{"not_picked":["Seeing Red","Heavy Blade+1","True Grit"],"picked":"SKIP","floor":18.0},{"not_picked":["Uppercut","Armaments+1","Twin Strike"],"picked":"SKIP","floor":19.0},{"not_picked":["Heavy Blade","Ghostly Armor","Thunderclap"],"picked":"SKIP","floor":21.0},{"not_picked":["Sword Boomerang","Iron Wave+1","Warcry"],"picked":"SKIP","floor":22.0},{"not_picked":["Barricade","Anger","Sword Boomerang"],"picked":"SKIP","floor":24}],"player_experience":5810383,"relics_obtained":[{"floor":7.0,"key":"Strawberry"},{"floor":9.0,"key":"Happy Flower"},{"floor":11.0,"key":"Odd Mushroom"},{"floor":12.0,"key":"Tiny Chest"},{"floor":26,"key":"Mummified Hand"}],"event_choices":[{"damage_healed":0.0,"max_hp_gain":0.0,"max_hp_loss":7.0,"gold_gain":0.0,"event_name":"Golden Idol","player_choice":"Lose Max HP","floor":2.0,"gold_loss":0.0,"damage_taken":0.0,"relics_obtained":["Golden Idol"]},{"cards_removed":["Strike_R"],"damage_healed":0.0,"max_hp_gain":0.0,"max_hp_loss":0.0,"gold_gain":0.0,"event_name":"Wheel of Change","player_choice":"Card Removal","floor":3.0,"gold_loss":0.0,"damage_taken":0.0},{"damage_healed":0.0,"max_hp_gain":0.0,"max_hp_loss":0.0,"gold_gain":0.0,"event_name":"Mushrooms","player_choice":"Fought Mushrooms","floor":11.0,"gold_loss":0.0,"damage_taken":0.0},{"damage_healed":0.0,"max_hp_gain":0.0,"max_hp_loss":0.0,"gold_gain":0.0,"cards_transformed":["Iron Wave","Strike_R"],"event_name":"Drug Dealer","player_choice":"Became Test Subject","floor":20.0,"gold_loss":0.0,"damage_taken":0.0,"cards_obtained":["Double Tap","Bludgeon"]},{"damage_healed":0,"gold_gain":0,"player_choice":"Ignored","damage_taken":0,"max_hp_gain":0,"max_hp_loss":0,"event_name":"Vampires","floor":27,"gold_loss":0}],"is_beta":false,"boss_relics":[{"not_picked":["Lizard Tail","Fusion Hammer"],"picked":"Tiny House"}],"items_purged_floors":[14],"is_endless":false,"potions_floor_spawned":[4,7,13,16,18,19],"killed_by":"Sentry and Sphere","ascension_level":20}