{"gold_per_floor":[109,122,122,146,146,146,181,181,181,28,28,61,8,48,48,142,142,166,166,66,66,82,82,82,82,159,183,183,249,270,10,10,109,109,133,466,466,466,486,486,519,519,519,519,534,534,569,157,157,157,157,157,157,5,32,32],"floor_reached":56,"playtime":3389,"items_purged":["Strike_G","Strike_G","Strike_G","Defend_G"],"score":2345,"play_id":"fe5c1df7-1c9f-43ab-9fb0-ee503086a5f2","local_time":"20190202135820","is_ascension_mode":true,"campfire_choices":[{"data":"Predator","floor":6.0,"key":"SMITH"},{"data":"Well Laid Plans","floor":11.0,"key":"SMITH"},{"data":"Malaise","floor":15.0,"key":"SMITH"},{"data":"Neutralize","floor":23.0,"key":"SMITH"},{"data":"Envenom","floor":25.0,"key":"SMITH"},{"data":"Catalyst","floor":28.0,"key":"SMITH"},{"data":"Night Terror","floor":32.0,"key":"SMITH"},{"data":"Footwork","floor":40.0,"key":"SMITH"},{"data":"Bouncing Flask","floor":44.0,"key":"SMITH"},{"floor":46.0,"key":"RECALL"},{"data":"Deadly Poison","floor":49.0,"key":"SMITH"},{"data":"Prepared","floor":53.0,"key":"SMITH"}],"neow_cost":"TEN_PERCENT_HP_LOSS","seed_source_timestamp":1344203579272,"circlet_count":0,"master_deck":["AscendersBane","Defend_G","Defend_G","Defend_G","Survivor","Neutralize+1","Quick Slash","Catalyst+1","Backflip","Predator+1","Dash+1","Well Laid Plans+1","Malaise+1","Night Terror+1","Bouncing Flask+1","Prepared+1","Deadly Poison+1","Outmaneuver+1","Deadly Poison+1","Bullet Time","Footwork+1","Backflip","Dodge and Roll","PanicButton","Caltrops+1"],"special_seed":0,"relics":["Ring of the Snake","Molten Egg 2","Bottled Lightning","Blood Vial","Gremlin Horn","Bottled Flame","Bag of Marbles","Runic Pyramid","Pear","Tiny Chest","Velvet Choker","Orichalcum","Ornamental Fan","Bottled Tornado","Mango"],"potions_floor_usage":[56],"damage_taken":[{"damage":3.0,"enemies":"Cultist","floor":1.0,"turns":4.0},{"damage":0.0,"enemies":"Jaw Worm","floor":2.0,"turns":6.0},{"damage":0.0,"enemies":"2 Louse","floor":4.0,"turns":3.0},{"damage":25.0,"enemies":"Lagavulin","floor":7.0,"turns":6.0},{"damage":5.0,"enemies":"Gremlin Nob","floor":12.0,"turns":4.0},{"damage":13.0,"enemies":"3 Sentries","floor":14.0,"turns":7.0},{"damage":0.0,"enemies":"Hexaghost","floor":16.0,"turns":7.0},{"damage":1.0,"enemies":"Chosen","floor":18.0,"turns":9.0},{"damage":27.0,"enemies":"Colosseum Slavers","floor":21.0,"turns":8.0},{"damage":4.0,"enemies":"Shell Parasite","floor":22.0,"turns":15.0},{"damage":0.0,"enemies":"Snecko","floor":27.0,"turns":7.0},{"damage":28.0,"enemies":"Book of Stabbing","floor":29.0,"turns":6.0},{"damage":0.0,"enemies":"Chosen and Byrds","floor":30.0,"turns":5.0},{"damage":0.0,"enemies":"Collector","floor":33.0,"turns":4.0},{"damage":0.0,"enemies":"Orb Walker","floor":35.0,"turns":3.0},{"damage":0.0,"enemies":"3 Darklings","floor":39.0,"turns":8.0},{"damage":1.0,"enemies":"Nemesis","floor":41.0,"turns":3.0},{"damage":0.0,"enemies":"Sphere and 2 Shapes","floor":45.0,"turns":4.0},{"damage":0.0,"enemies":"Giant Head","floor":47.0,"turns":4.0},{"damage":0.0,"enemies":"Time Eater","floor":50.0,"turns":6.0},{"damage":25.0,"enemies":"Awakened One","floor":51.0,"turns":23.0},{"damage":23.0,"enemies":"Shield and Spear","floor":55.0,"turns":8.0},{"damage":54,"enemies":"The Heart","floor":56,"turns":9}],"seed_played":"6181879493694518423","potions_obtained":[{"floor":1.0,"key":"Fire Potion"},{"floor":2.0,"key":"Block Potion"},{"floor":7.0,"key":"PowerPotion"},{"floor":18.0,"key":"FearPotion"},{"floor":27.0,"key":"AttackPotion"},{"floor":29.0,"key":"Explosive Potion"},{"floor":39.0,"key":"AttackPotion"},{"floor":47.0,"key":"Ancient Potion"}],"is_trial":false,"path_per_floor":["M","M","?","M","T","R","E","?","T","$","R","E","$","E","R","B",null,"M","?","$","?","M","R","?","R","T","M","R","E","M","$","R","B",null,"M","?","?","?","M","R","E","?","T","R","M","R","E","$","R","B","B",null,"R","$","E","B"],"character_chosen":"THE_SILENT","items_purchased":["Well Laid Plans","Poison Potion","GhostInAJar","PowerPotion","Bottled Tornado","PanicButton","SpeedPotion"],"campfire_rested":0,"item_purchase_floors":[10,13,31,31,48,54,54],"current_hp_per_floor":[56,56,54,54,54,54,29,18,18,18,18,15,15,4,4,6,42,43,43,43,18,16,16,16,16,26,28,28,2,4,4,4,6,50,52,52,52,52,54,54,55,55,55,55,57,57,59,59,59,61,38,58,58,58,51,0],"gold":32,"neow_bonus":"TRANSFORM_TWO_CARDS","is_prod":false,"is_daily":false,"chose_seed":false,"campfire_upgraded":11,"win_rate":0,"timestamp":1549087100,"path_taken":["M","M","?","M","?","R","E","?","T","$","R","E","?","E","R","BOSS","M","?","$","?","M","R","?","R","T","M","R","E","M","$","R","BOSS","M","?","?","?","M","R","E","?","T","R","?","R","E","?","R","BOSS","BOSS","R","$","E","BOSS"],"build_version":"2019-01-23","purchased_purges":4,"victory":false,"max_hp_per_floor":[60,60,54,54,54,54,54,54,54,54,54,54,54,54,54,54,54,54,54,54,54,54,54,54,54,64,64,64,64,64,64,64,64,64,64,64,64,64,64,64,64,64,64,64,64,64,64,64,64,64,64,64,64,64,78,78],"card_choices":[{"not_picked":["Concentrate","Dagger Spray"],"picked":"Backflip","floor":1.0},{"not_picked":["All Out Attack","Outmaneuver"],"picked":"Predator","floor":2.0},{"not_picked":["Dagger Spray","Slice","Flying Knee"],"picked":"SKIP","floor":4.0},{"not_picked":["All Out Attack+1","Dagger Throw+1"],"picked":"Dash+1","floor":7.0},{"not_picked":["Endless Agony+1","Well Laid Plans"],"picked":"Malaise","floor":12.0},{"not_picked":["Masterful Stab+1","Well Laid Plans"],"picked":"Night Terror","floor":14.0},{"not_picked":["A Thousand Cuts","Phantasmal Killer"],"picked":"Envenom","floor":16.0},{"not_picked":["Acrobatics","Poisoned Stab+1"],"picked":"Bouncing Flask","floor":18.0},{"not_picked":["Choke+1","Blur"],"picked":"Prepared","floor":22.0},{"not_picked":["Flying Knee+1","Cloak And Dagger"],"picked":"Deadly Poison","floor":27.0},{"not_picked":["Blade Dance","Prepared"],"picked":"Outmaneuver+1","floor":29.0},{"not_picked":["Bane+1","Dodge and Roll"],"picked":"Deadly Poison+1","floor":30.0},{"not_picked":["After Image","Envenom"],"picked":"Bullet Time","floor":33.0},{"not_picked":["Poisoned Stab+1","Concentrate"],"picked":"Footwork","floor":35.0},{"not_picked":["Terror","Flying Knee+1","Slice+1"],"picked":"SKIP","floor":39.0},{"not_picked":["Dagger Spray+1","Slice+1"],"picked":"Backflip","floor":41.0},{"not_picked":["Dodge and Roll","Underhanded Strike+1","Dash+1"],"picked":"SKIP","floor":45.0},{"not_picked":["Underhanded Strike+1","Dash+1"],"picked":"Dodge and Roll","floor":45.0},{"not_picked":["Cloak And Dagger","All Out Attack+1","Expertise"],"picked":"SKIP","floor":47.0},{"not_picked":["Calculated Gamble","Flying Knee+1"],"picked":"Caltrops+1","floor":55.0}],"player_experience":2450325,"relics_obtained":[{"floor":5.0,"key":"Molten Egg 2"},{"floor":7.0,"key":"Bottled Lightning"},{"floor":9.0,"key":"Gremlin Horn"},{"floor":12.0,"key":"Bottled Flame"},{"floor":14.0,"key":"Bag of Marbles"},{"floor":26.0,"key":"Pear"},{"floor":29.0,"key":"Tiny Chest"},{"floor":41.0,"key":"Orichalcum"},{"floor":47.0,"key":"Ornamental Fan"},{"floor":55.0,"key":"Mango"}],"event_choices":[{"damage_healed":0.0,"max_hp_gain":0.0,"max_hp_loss":6.0,"gold_gain":0.0,"event_name":"Golden Idol","player_choice":"Lose Max HP","floor":3.0,"gold_loss":0.0,"damage_taken":0.0,"relics_obtained":["Golden Idol"]},{"damage_healed":0.0,"max_hp_gain":0.0,"max_hp_loss":0.0,"gold_gain":0.0,"event_name":"Scrap Ooze","player_choice":"Success","floor":8.0,"gold_loss":0.0,"damage_taken":11.0,"relics_obtained":["Blood Vial"]},{"damage_healed":0.0,"max_hp_gain":0.0,"max_hp_loss":0.0,"gold_gain":0.0,"event_name":"Vampires","player_choice":"Ignored","floor":19.0,"gold_loss":0.0,"damage_taken":0.0},{"damage_healed":0.0,"max_hp_gain":0.0,"max_hp_loss":0.0,"gold_gain":0.0,"event_name":"Colosseum","player_choice":"Fight","floor":21.0,"gold_loss":0.0,"damage_taken":0.0},{"damage_healed":0.0,"max_hp_gain":0.0,"max_hp_loss":0.0,"gold_gain":0.0,"event_name":"Colosseum","player_choice":"Fled From Nobs","floor":21.0,"gold_loss":0.0,"damage_taken":0.0},{"cards_removed":["Strike_G"],"damage_healed":0.0,"max_hp_gain":0.0,"max_hp_loss":0.0,"gold_gain":0.0,"event_name":"Back to Basics","player_choice":"Elegance","floor":24.0,"gold_loss":0.0,"damage_taken":0.0},{"damage_healed":0.0,"max_hp_gain":0.0,"max_hp_loss":0.0,"gold_gain":333.0,"event_name":"The Moai Head","player_choice":"Gave Idol","floor":36.0,"relics_lost":["Golden Idol"],"gold_loss":0.0,"damage_taken":0.0},{"damage_healed":0.0,"max_hp_gain":0.0,"max_hp_loss":0.0,"gold_gain":0.0,"event_name":"Tomb of Lord Red Mask","player_choice":"Ignored","floor":37.0,"gold_loss":0.0,"damage_taken":0.0},{"damage_healed":0.0,"max_hp_gain":0.0,"max_hp_loss":0.0,"gold_gain":0.0,"event_name":"Mysterious Sphere","player_choice":"Ignored","floor":38.0,"gold_loss":0.0,"damage_taken":0.0},{"cards_removed":["Envenom"],"damage_healed":0.0,"max_hp_gain":0.0,"max_hp_loss":0.0,"gold_gain":0.0,"event_name":"Falling","player_choice":"Removed Power","floor":42.0,"gold_loss":0.0,"damage_taken":0.0}],"is_beta":false,"boss_relics":[{"not_picked":["Eternal Feather","Tiny House"],"picked":"Runic Pyramid"},{"not_picked":["Cursed Key","Pandora\u0027s Box"],"picked":"Velvet Choker"}],"items_purged_floors":[10,20,31,48],"is_endless":false,"potions_floor_spawned":[1,2,7,18,27,29,39,41,47],"killed_by":"The Heart","ascension_level":20}