{"gold_per_floor":[111,72,92,108,108,120,120,138,164,164,175,187,198,210,210,282,332,351,19,34,34,48,48],"floor_reached":23,"playtime":794,"items_purged":["Strike_G"],"score":350,"play_id":"cfafff44-7ec9-4a7c-9cfb-05fc0b790f65","local_time":"20181218173253","is_ascension_mode":true,"campfire_choices":[{"data":"Noxious Fumes","floor":7,"key":"SMITH"},{"data":"Caltrops","floor":10,"key":"SMITH"},{"data":"Caltrops","floor":15,"key":"SMITH"}],"neow_cost":"NONE","seed_source_timestamp":19849667078245,"circlet_count":0,"master_deck":["AscendersBane","Defend_G+1","Defend_G","Defend_G","Defend_G","Defend_G","Strike_G","Strike_G","Strike_G","Survivor","Neutralize","Noxious Fumes+1","Caltrops+1","Caltrops+1","Malaise","Footwork","Caltrops","Noxious Fumes"],"special_seed":0,"relics":["Ring of the Snake","PreservedInsect","Tiny House","Anchor"],"potions_floor_usage":[6,6,6,6,6,14,16,16],"damage_taken":[{"damage":0.0,"enemies":"Small Slimes","floor":1.0,"turns":4.0},{"damage":1.0,"enemies":"Cultist","floor":3.0,"turns":5.0},{"damage":3.0,"enemies":"2 Louse","floor":4.0,"turns":3.0},{"damage":23,"enemies":"Exordium Thugs","floor":6,"turns":6},{"damage":1,"enemies":"Blue Slaver","floor":8,"turns":5},{"damage":15,"enemies":"Large Slime","floor":11,"turns":6},{"damage":8,"enemies":"Red Slaver","floor":12,"turns":5},{"damage":1,"enemies":"Looter","floor":13,"turns":5},{"damage":0,"enemies":"2 Fungi Beasts","floor":14,"turns":4},{"damage":6,"enemies":"The Guardian","floor":16,"turns":11},{"damage":8,"enemies":"Shell Parasite","floor":18,"turns":6},{"damage":23,"enemies":"Spheric Guardian","floor":20,"turns":6},{"damage":12,"enemies":"Snecko","floor":22,"turns":7},{"damage":14,"enemies":"Book of Stabbing","floor":23,"turns":5}],"seed_played":"1278770891440095362","potions_obtained":[{"floor":1.0,"key":"GamblersBrew"},{"floor":4.0,"key":"EntropicBrew"},{"floor":5.0,"key":"Poison Potion"},{"floor":12,"key":"Fire Potion"},{"floor":14,"key":"SpeedPotion"},{"floor":17,"key":"Explosive Potion"},{"floor":20,"key":"LiquidBronze"}],"is_trial":false,"path_per_floor":["M","$","M","M","?","M","R","M","T","R","M","M","M","M","R","B",null,"M","$","M","?","M","E"],"character_chosen":"THE_SILENT","items_purchased":["Caltrops","Caltrops","Anchor"],"campfire_rested":0,"item_purchase_floors":[2,19,19],"current_hp_per_floor":[59,59,58,55,55,32,32,31,31,31,16,8,7,7,7,1,55,47,47,24,24,12,0],"gold":48,"neow_bonus":"REMOVE_CARD","is_prod":false,"is_daily":false,"chose_seed":false,"campfire_upgraded":3,"win_rate":0,"timestamp":1545125573,"path_taken":["M","$","M","M","?","M","R","M","T","R","M","?","M","M","R","BOSS","M","$","M","?","M","E"],"build_version":"2018-12-13","purchased_purges":1,"victory":false,"max_hp_per_floor":[66,66,66,66,66,66,66,66,66,66,66,66,66,66,66,66,71,71,71,71,71,71,71],"card_choices":[{"not_picked":["Eviscerate","Bouncing Flask"],"picked":"Noxious Fumes","floor":1.0},{"not_picked":["Deflect","Expertise","Terror"],"picked":"SKIP","floor":3.0},{"not_picked":["Deflect","Reflex","Bane"],"picked":"SKIP","floor":4.0},{"not_picked":["Accuracy","Leg Sweep"],"picked":"Caltrops","floor":6},{"not_picked":["Outmaneuver","Cloak And Dagger","Reflex"],"picked":"SKIP","floor":8},{"not_picked":["Poisoned Stab","Acrobatics","Eviscerate"],"picked":"SKIP","floor":11},{"not_picked":["Dagger Spray","Heel Hook","Quick Slash"],"picked":"SKIP","floor":12},{"not_picked":["Cloak And Dagger","Distraction","Bane"],"picked":"SKIP","floor":13},{"not_picked":["PiercingWail","Dagger Spray","Die Die Die"],"picked":"SKIP","floor":14},{"not_picked":["Wraith Form v2","Glass Knife"],"picked":"Malaise","floor":16},{"not_picked":["Skewer","Prepared"],"picked":"Footwork","floor":18},{"not_picked":["Flying Knee","Bouncing Flask"],"picked":"Noxious Fumes","floor":20},{"not_picked":["Tactician+1","Poisoned Stab","Acrobatics"],"picked":"SKIP","floor":22}],"player_experience":1351952,"relics_obtained":[{"floor":9,"key":"PreservedInsect"}],"event_choices":[{"damage_healed":0.0,"max_hp_gain":0.0,"max_hp_loss":0.0,"gold_gain":0.0,"event_name":"Lab","player_choice":"Got Potions","floor":5.0,"gold_loss":0.0,"damage_taken":0.0}],"is_beta":false,"boss_relics":[{"not_picked":["Calling Bell","Eternal Feather"],"picked":"Tiny House"}],"items_purged_floors":[19],"is_endless":false,"potions_floor_spawned":[1,4,12,14,20],"killed_by":"Book of Stabbing","ascension_level":17}