{"gold_per_floor":[113,113,127,142,155,155,175,175,175,175,189,189,206,131,131,205,205,223,223],"floor_reached":19,"playtime":556,"items_purged":["Strike_R"],"score":322,"play_id":"5be6d38b-bb24-49d8-b948-d9a104d5d337","local_time":"20190601181324","is_ascension_mode":true,"campfire_choices":[{"data":"Body Slam","floor":6.0,"key":"SMITH"},{"data":"Entrench","floor":8.0,"key":"SMITH"},{"data":"Spot Weakness","floor":12.0,"key":"SMITH"},{"data":"Shockwave","floor":15.0,"key":"SMITH"}],"neow_cost":"NONE","seed_source_timestamp":5184493225883,"circlet_count":0,"master_deck":["AscendersBane","Strike_R","Strike_R","Strike_R","Defend_R","Defend_R","Defend_R","Defend_R","Bash","Body Slam+1","Spot Weakness+1","Entrench+1","Sentinel","Disarm","Sword Boomerang+1","Shockwave+1","Offering"],"special_seed":0,"relics":["Burning Blood","Lantern","Molten Egg 2","Philosopher\u0027s Stone"],"potions_floor_usage":[18],"damage_taken":[{"damage":2.0,"enemies":"Jaw Worm","floor":1.0,"turns":3.0},{"damage":0.0,"enemies":"Cultist","floor":3.0,"turns":3.0},{"damage":7.0,"enemies":"2 Louse","floor":4.0,"turns":3.0},{"damage":19.0,"enemies":"Lots of Slimes","floor":5.0,"turns":6.0},{"damage":22.0,"enemies":"Large Slime","floor":7.0,"turns":5.0},{"damage":7.0,"enemies":"Blue Slaver","floor":11.0,"turns":4.0},{"damage":30.0,"enemies":"Exordium Thugs","floor":13.0,"turns":6.0},{"damage":17.0,"enemies":"Hexaghost","floor":16.0,"turns":9.0},{"damage":40,"enemies":"Spheric Guardian","floor":18,"turns":5},{"damage":9,"enemies":"Chosen","floor":19,"turns":4}],"seed_played":"4994811638290772434","potions_obtained":[{"floor":3.0,"key":"Regen Potion"},{"floor":11.0,"key":"Strength Potion"},{"floor":13.0,"key":"Swift Potion"}],"is_trial":false,"path_per_floor":["M","?","M","M","M","R","M","R","T","?","M","R","M","$","R","B",null,"M","M"],"character_chosen":"IRONCLAD","items_purchased":[],"campfire_rested":0,"item_purchase_floors":[],"current_hp_per_floor":[72,72,75,74,61,61,45,45,45,41,40,40,31,31,31,20,61,27,18],"gold":223,"neow_bonus":"RANDOM_COMMON_RELIC","is_prod":false,"is_daily":false,"chose_seed":false,"campfire_upgraded":4,"win_rate":0,"timestamp":1559384004,"path_taken":["M","?","M","?","M","R","M","R","T","?","M","R","?","$","R","BOSS","M","?"],"build_version":"2019-01-23","purchased_purges":1,"victory":false,"max_hp_per_floor":[75,75,75,75,75,75,75,75,75,75,75,75,75,75,75,75,75,75,75],"card_choices":[{"not_picked":["Cleave","Iron Wave"],"picked":"Body Slam","floor":1.0},{"not_picked":["Body Slam","Cleave"],"picked":"Entrench","floor":3.0},{"not_picked":["Body Slam","Metallicize"],"picked":"Sentinel","floor":4.0},{"not_picked":["Corruption","Wild Strike","Clash"],"picked":"SKIP","floor":5.0},{"not_picked":["Thunderclap","Disarm","Searing Blow"],"picked":"SKIP","floor":7.0},{"not_picked":["Thunderclap","Searing Blow"],"picked":"Disarm","floor":7.0},{"not_picked":["Flame Barrier","Clothesline+1"],"picked":"Sword Boomerang+1","floor":11.0},{"not_picked":["Iron Wave+1","Warcry"],"picked":"Shockwave","floor":13.0},{"not_picked":["Immolate+1","Demon Form"],"picked":"Offering","floor":16.0},{"not_picked":["Iron Wave+1","Rampage+1","Heavy Blade+1"],"picked":"SKIP","floor":18}],"player_experience":4968565,"relics_obtained":[{"floor":9.0,"key":"Molten Egg 2"}],"event_choices":[{"damage_healed":0.0,"max_hp_gain":0.0,"max_hp_loss":0.0,"gold_gain":0.0,"cards_transformed":["Strike_R"],"event_name":"Transmorgrifier","player_choice":"Transformed","floor":2.0,"gold_loss":0.0,"damage_taken":0.0,"cards_obtained":["Spot Weakness"]},{"damage_healed":0.0,"max_hp_gain":0.0,"max_hp_loss":0.0,"gold_gain":0.0,"event_name":"The Woman in Blue","player_choice":"Bought 0 Potions","floor":10.0,"gold_loss":0.0,"damage_taken":0.0}],"is_beta":false,"boss_relics":[{"not_picked":["Eternal Feather","Calling Bell"],"picked":"Philosopher\u0027s Stone"}],"items_purged_floors":[14],"is_endless":false,"potions_floor_spawned":[3,11,13],"killed_by":"Chosen","ascension_level":20}