{"gold_per_floor":[119,44,55,55,70,81,81,107,107,107,117,133,133,133,133,205,205,179,179,179,10,21,21,46,46],"floor_reached":25,"playtime":833,"items_purged":["Strike_G"],"score":452,"play_id":"38188089-c329-4d18-950d-fef219998433","local_time":"20190407082547","is_ascension_mode":true,"campfire_choices":[{"data":"Bouncing Flask","floor":7.0,"key":"SMITH"},{"data":"Neutralize","floor":10.0,"key":"SMITH"},{"data":"Burst","floor":13.0,"key":"SMITH"},{"data":"Venomology","floor":15,"key":"SMITH"},{"data":"Survivor","floor":23,"key":"SMITH"}],"neow_cost":"NONE","seed_source_timestamp":11219137051930,"circlet_count":0,"master_deck":["AscendersBane","Defend_G","Defend_G","Defend_G","Defend_G","Defend_G","Survivor+1","Neutralize+1","Endless Agony","Bouncing Flask+1","After Image","Backflip","Burst+1","Venomology+1","Writhe","Normality","After Image","Venomology+1","Footwork+1","Prepared+1","Necronomicurse"],"special_seed":0,"relics":["Ring of the Snake","NeowsBlessing","Blue Candle","Darkstone Periapt","Astrolabe","Necronomicon","Potion Belt","Red Mask"],"potions_floor_usage":[18,18,18,20,20,20,24,24,24,24,24,24],"damage_taken":[{"damage":0.0,"enemies":"Small Slimes","floor":1.0,"turns":1.0},{"damage":0.0,"enemies":"Cultist","floor":3.0,"turns":1.0},{"damage":0.0,"enemies":"2 Louse","floor":5.0,"turns":1.0},{"damage":0.0,"enemies":"Exordium Thugs","floor":6.0,"turns":5.0},{"damage":45.0,"enemies":"3 Sentries","floor":8.0,"turns":13.0},{"damage":4.0,"enemies":"Blue Slaver","floor":11.0,"turns":4.0},{"damage":0.0,"enemies":"Exordium Wildlife","floor":12.0,"turns":3.0},{"damage":26,"enemies":"Hexaghost","floor":16,"turns":9},{"damage":14,"enemies":"2 Thieves","floor":18,"turns":4},{"damage":10,"enemies":"Colosseum Slavers","floor":20,"turns":3},{"damage":6,"enemies":"Chosen","floor":22,"turns":4},{"damage":18,"enemies":"Masked Bandits","floor":24,"turns":7},{"damage":1,"enemies":"Shelled Parasite and Fungi","floor":25,"turns":2}],"seed_played":"-986127573497779312","potions_obtained":[{"floor":1.0,"key":"Explosive Potion"},{"floor":3.0,"key":"Regen Potion"},{"floor":6.0,"key":"Dexterity Potion"},{"floor":22,"key":"Fire Potion"}],"is_trial":false,"path_per_floor":["M","$","M","?","M","M","R","E","T","R","M","M","R","?","R","B",null,"M","?","?","$","M","R","?","M"],"character_chosen":"THE_SILENT","items_purchased":["Potion Belt"],"campfire_rested":0,"item_purchase_floors":[21],"current_hp_per_floor":[59,59,59,59,59,59,59,29,29,29,25,25,25,37,37,11,61,61,46,36,36,30,30,12,11],"gold":46,"neow_bonus":"THREE_ENEMY_KILL","is_prod":false,"is_daily":false,"chose_seed":false,"campfire_upgraded":5,"win_rate":0,"timestamp":1554596747,"path_taken":["M","$","M","?","M","?","R","E","T","R","M","M","R","?","R","BOSS","M","?","?","?","M","R","?","M"],"build_version":"2019-01-23","purchased_purges":1,"victory":false,"max_hp_per_floor":[66,66,66,66,66,66,66,66,66,66,66,66,66,78,78,78,78,78,84,84,84,84,84,84,84],"card_choices":[{"not_picked":["Leg Sweep","Quick Slash"],"picked":"Endless Agony","floor":1.0},{"not_picked":["Outmaneuver","Prepared"],"picked":"Bouncing Flask","floor":3.0},{"not_picked":["Flechettes","Slice","Deflect"],"picked":"SKIP","floor":5.0},{"not_picked":["Sucker Punch","Quick Slash","Deflect"],"picked":"SKIP","floor":6.0},{"not_picked":["Bane","PiercingWail","Bouncing Flask"],"picked":"SKIP","floor":8.0},{"not_picked":["Sucker Punch","Slice"],"picked":"Backflip","floor":11.0},{"not_picked":["Flechettes","Expertise"],"picked":"Burst","floor":12.0},{"not_picked":["Glass Knife","Night Terror"],"picked":"After Image","floor":16},{"not_picked":["Backstab","Predator","Sucker Punch"],"picked":"SKIP","floor":18},{"not_picked":["Quick Slash+1","Cloak And Dagger","Finisher"],"picked":"SKIP","floor":22}],"player_experience":4111262,"relics_obtained":[{"floor":8.0,"key":"Blue Candle"},{"floor":9.0,"key":"Darkstone Periapt"},{"floor":19,"key":"Necronomicon"},{"floor":24,"key":"Red Mask"}],"event_choices":[{"damage_healed":0.0,"max_hp_gain":0.0,"max_hp_loss":0.0,"gold_gain":0.0,"cards_transformed":["Strike_G"],"event_name":"Transmorgrifier","player_choice":"Transformed","floor":4.0,"gold_loss":0.0,"damage_taken":0.0,"cards_obtained":["After Image"]},{"damage_healed":0,"gold_gain":0,"player_choice":"3 cards matched","damage_taken":0,"max_hp_gain":0,"max_hp_loss":0,"event_name":"Match and Keep!","floor":14,"gold_loss":0,"cards_obtained":["Venomology","Writhe","Normality"]},{"damage_healed":0,"gold_gain":0,"player_choice":"Obtained Book","damage_taken":21,"max_hp_gain":0,"max_hp_loss":0,"event_name":"Cursed Tome","floor":19,"gold_loss":0},{"damage_healed":0,"gold_gain":0,"player_choice":"Fight","damage_taken":0,"max_hp_gain":0,"max_hp_loss":0,"event_name":"Colosseum","floor":20,"gold_loss":0},{"damage_healed":0,"gold_gain":0,"player_choice":"Fled From Nobs","damage_taken":0,"max_hp_gain":0,"max_hp_loss":0,"event_name":"Colosseum","floor":20,"gold_loss":0},{"damage_healed":0,"gold_gain":0,"player_choice":"Fought Bandits","damage_taken":0,"max_hp_gain":0,"max_hp_loss":0,"event_name":"Masked Bandits","floor":24,"gold_loss":0}],"is_beta":false,"boss_relics":[{"not_picked":["Orrery","Fusion Hammer"],"picked":"Astrolabe"}],"items_purged_floors":[2],"is_endless":false,"potions_floor_spawned":[1,3,5,6,16,20,22],"killed_by":"Shelled Parasite and Fungi","ascension_level":20}