{"gold_per_floor":[110,125,139,139,149,149,167,167,248,248,198,198,227,227,227,347,347,347,129,129,129,129,129,129,129,129,129,129,129,129,59,59,59,59,59,59,59,59,7,7,7,7,7,7,7,7,7,7,7,7],"floor_reached":51,"playtime":2126,"items_purged":["Strike_R"],"score":651,"play_id":"d918bf97-aa8a-4c6f-b08d-2ff844fc0397","local_time":"20190718192719","is_ascension_mode":false,"campfire_choices":[{"data":"Immolate","floor":6.0,"key":"SMITH"},{"data":"Bloodletting","floor":8.0,"key":"SMITH"},{"data":"Double Tap","floor":10.0,"key":"SMITH"},{"data":"Blood for Blood","floor":15.0,"key":"SMITH"},{"data":"Immolate","floor":23.0,"key":"SMITH"},{"data":"Juggernaut","floor":27.0,"key":"SMITH"},{"data":"Ghostly Armor","floor":30.0,"key":"SMITH"},{"data":"Second Wind","floor":32.0,"key":"SMITH"},{"data":"Offering","floor":40.0,"key":"SMITH"},{"data":"True Grit","floor":45,"key":"SMITH"},{"data":"Burning Pact","floor":49,"key":"SMITH"}],"neow_cost":"PERCENT_DAMAGE","seed_source_timestamp":0,"circlet_count":0,"master_deck":["Defend_R","Defend_R","Defend_R","Bash","Rage","Immolate+1","Ghostly Armor+1","Bloodletting+1","Blood for Blood+1","Double Tap+1","Immolate+1","Juggernaut+1","Metallicize+1","Battle Trance+1","Second Wind+1","Offering+1","Metallicize+1","True Grit+1","Burning Pact+1","Evolve"],"special_seed":0,"relics":["Burning Blood","Gremlin Horn","Bird Faced Urn","Golden Idol","Ectoplasm","Bag of Marbles","Blood Vial","Red Mask","Runic Dome","Darkstone Periapt"],"potions_floor_usage":[50],"damage_taken":[{"damage":0.0,"enemies":"2 Louse","floor":1.0,"turns":2.0},{"damage":3.0,"enemies":"Jaw Worm","floor":2.0,"turns":4.0},{"damage":3.0,"enemies":"Small Slimes","floor":3.0,"turns":3.0},{"damage":0.0,"enemies":"2 Fungi Beasts","floor":5.0,"turns":2.0},{"damage":6.0,"enemies":"Large Slime","floor":7.0,"turns":6.0},{"damage":19.0,"enemies":"Gremlin Nob","floor":13.0,"turns":3.0},{"damage":34.0,"enemies":"The Guardian","floor":16.0,"turns":6.0},{"damage":0.0,"enemies":"3 Byrds","floor":18.0,"turns":2.0},{"damage":7.0,"enemies":"Spheric Guardian","floor":21.0,"turns":4.0},{"damage":9.0,"enemies":"Chosen and Byrds","floor":24.0,"turns":2.0},{"damage":4.0,"enemies":"Shelled Parasite and Fungi","floor":25.0,"turns":2.0},{"damage":5.0,"enemies":"Snecko","floor":28.0,"turns":3.0},{"damage":3.0,"enemies":"Masked Bandits","floor":29.0,"turns":2.0},{"damage":5.0,"enemies":"Automaton","floor":33.0,"turns":4.0},{"damage":6.0,"enemies":"Orb Walker","floor":35.0,"turns":3.0},{"damage":12.0,"enemies":"3 Shapes","floor":36.0,"turns":2.0},{"damage":9,"enemies":"Sphere and 2 Shapes","floor":41,"turns":2},{"damage":21,"enemies":"Spire Growth","floor":42,"turns":2},{"damage":9,"enemies":"Transient","floor":44,"turns":5},{"damage":0,"enemies":"Jaw Worm Horde","floor":46,"turns":1},{"damage":17,"enemies":"Maw","floor":47,"turns":4},{"damage":0,"enemies":"3 Darklings","floor":48,"turns":2},{"damage":65,"enemies":"Awakened One","floor":50,"turns":7}],"seed_played":"-8279207937636126531","potions_obtained":[{"floor":2.0,"key":"Block Potion"},{"floor":3.0,"key":"LiquidBronze"},{"floor":18.0,"key":"Explosive Potion"},{"floor":21.0,"key":"Ancient Potion"},{"floor":25.0,"key":"Weak Potion"},{"floor":46,"key":"GamblersBrew"}],"is_trial":false,"path_per_floor":["M","M","M","?","M","R","M","R","T","R","?","?","E","?","R","B",null,"M","$","?","M","?","R","M","M","T","R","M","?","R","$","R","B",null,"M","M","?","?","$","R","M","M","T","M","R","M","M","M","R","B",null],"character_chosen":"IRONCLAD","items_purchased":["Bag of Marbles","Second Wind","True Grit"],"campfire_rested":0,"item_purchase_floors":[19,31,39],"current_hp_per_floor":[62,65,68,61,67,67,67,67,67,67,67,72,59,38,38,10,85,85,85,85,84,84,84,81,85,85,85,85,85,85,85,85,85,85,85,79,79,79,79,79,82,73,73,78,78,85,80,85,85,28],"gold":7,"neow_bonus":"TRANSFORM_TWO_CARDS","is_prod":false,"is_daily":false,"chose_seed":false,"campfire_upgraded":11,"win_rate":0,"timestamp":1563449239,"path_taken":["M","M","M","?","M","R","M","R","T","R","?","?","E","?","R","BOSS","M","$","?","M","?","R","M","?","T","R","M","?","R","?","R","BOSS","M","M","?","?","$","R","M","M","T","M","R","M","M","?","R","BOSS"],"build_version":"2019-07-17","purchased_purges":1,"victory":true,"max_hp_per_floor":[80,80,80,80,80,80,80,80,80,80,80,85,85,85,85,85,85,85,85,85,85,85,85,85,85,85,85,85,85,85,85,85,85,85,85,85,85,85,85,85,85,85,85,85,85,85,85,85,85,85],"card_choices":[{"not_picked":["Iron Wave","Twin Strike"],"picked":"Ghostly Armor","floor":1.0},{"not_picked":["Sword Boomerang","Warcry"],"picked":"Bloodletting","floor":2.0},{"not_picked":["Body Slam","Pummel"],"picked":"Blood for Blood","floor":3.0},{"not_picked":["True Grit","Shrug It Off"],"picked":"Double Tap","floor":5.0},{"not_picked":["Twin Strike","Anger","Havoc"],"picked":"SKIP","floor":7.0},{"not_picked":["Sentinel","Flex","Rampage"],"picked":"SKIP","floor":13.0},{"not_picked":["Juggernaut","Impervious"],"picked":"Immolate","floor":16.0},{"not_picked":["Perfected Strike","Warcry","Wild Strike+1"],"picked":"SKIP","floor":18.0},{"not_picked":["Clash","Anger","Armaments"],"picked":"SKIP","floor":21.0},{"not_picked":["Heavy Blade","Thunderclap+1"],"picked":"Metallicize+1","floor":24.0},{"not_picked":["Bloodletting","Heavy Blade","Clash+1"],"picked":"SKIP","floor":25.0},{"not_picked":["Ghostly Armor","Perfected Strike","Flex+1"],"picked":"SKIP","floor":28.0},{"not_picked":["Cleave+1","Perfected Strike+1"],"picked":"Battle Trance+1","floor":29.0},{"not_picked":["Brutality","Juggernaut"],"picked":"Offering","floor":33.0},{"not_picked":["Anger","Intimidate+1","Perfected Strike"],"picked":"SKIP","floor":35.0},{"not_picked":["Blood for Blood","Disarm"],"picked":"Metallicize+1","floor":36.0},{"not_picked":["Intimidate","Heavy Blade+1","Wild Strike"],"picked":"SKIP","floor":41},{"not_picked":["Reckless Charge+1","Havoc+1","Armaments+1"],"picked":"SKIP","floor":42},{"not_picked":["Iron Wave","Shrug It Off","Cleave+1"],"picked":"SKIP","floor":44},{"not_picked":["Wild Strike+1","Cleave"],"picked":"Burning Pact","floor":46},{"not_picked":["True Grit","Warcry","Pommel Strike"],"picked":"SKIP","floor":47},{"not_picked":["Body Slam+1","Heavy Blade"],"picked":"Evolve","floor":48}],"player_experience":5776637,"relics_obtained":[{"floor":9.0,"key":"Gremlin Horn"},{"floor":13.0,"key":"Bird Faced Urn"},{"floor":26.0,"key":"Blood Vial"},{"floor":29.0,"key":"Red Mask"},{"floor":43,"key":"Darkstone Periapt"}],"event_choices":[{"cards_removed":["Strike_R"],"damage_healed":0.0,"max_hp_gain":0.0,"max_hp_loss":0.0,"gold_gain":0.0,"event_name":"Golden Wing","player_choice":"Card Removal","floor":4.0,"gold_loss":0.0,"damage_taken":7.0},{"cards_removed":["Strike_R"],"damage_healed":0.0,"max_hp_gain":0.0,"max_hp_loss":0.0,"gold_gain":0.0,"event_name":"The Cleric","player_choice":"Card Removal","floor":11.0,"gold_loss":50.0,"damage_taken":0.0},{"damage_healed":0.0,"max_hp_gain":5.0,"max_hp_loss":0.0,"gold_gain":0.0,"event_name":"Big Fish","player_choice":"Donut","floor":12.0,"gold_loss":0.0,"damage_taken":0.0},{"damage_healed":0.0,"max_hp_gain":0.0,"max_hp_loss":0.0,"gold_gain":0.0,"event_name":"Golden Idol","player_choice":"Take Damage","floor":14.0,"gold_loss":0.0,"damage_taken":21.0,"relics_obtained":["Golden Idol"]},{"damage_healed":0.0,"max_hp_gain":0.0,"max_hp_loss":0.0,"gold_gain":0.0,"event_name":"Vampires","player_choice":"Ignored","floor":20.0,"gold_loss":0.0,"damage_taken":0.0},{"damage_healed":0.0,"max_hp_gain":0.0,"max_hp_loss":0.0,"gold_gain":0.0,"cards_transformed":["Defend_R"],"event_name":"Transmorgrifier","player_choice":"Transformed","floor":22.0,"gold_loss":0.0,"damage_taken":0.0,"cards_obtained":["Juggernaut"]},{"damage_healed":0.0,"max_hp_gain":0.0,"max_hp_loss":0.0,"gold_gain":0.0,"event_name":"Masked Bandits","player_choice":"Fought Bandits","floor":29.0,"gold_loss":0.0,"damage_taken":0.0},{"damage_healed":0.0,"max_hp_gain":0.0,"max_hp_loss":0.0,"gold_gain":222.0,"event_name":"Tomb of Lord Red Mask","player_choice":"Wore Mask","floor":37.0,"gold_loss":0.0,"damage_taken":0.0},{"damage_healed":0.0,"max_hp_gain":0.0,"max_hp_loss":0.0,"gold_gain":0.0,"event_name":"The Woman in Blue","player_choice":"Bought 0 Potions","floor":38.0,"gold_loss":0.0,"damage_taken":0.0}],"is_beta":false,"boss_relics":[{"not_picked":["Eternal Feather","Empty Cage"],"picked":"Ectoplasm"},{"not_picked":["Black Star","Runic Cube"],"picked":"Runic Dome"}],"items_purged_floors":[19],"is_endless":false,"potions_floor_spawned":[2,3,18,21,25,28,33,41,42,46,47,48],"ascension_level":0}