{"gold_per_floor":[111,119,119,159,173,173,184,206,224,224,224,224,44,58,58,121,121,131,111],"floor_reached":19,"playtime":454,"items_purged":["Strike_B"],"score":376,"play_id":"e450e2a2-b874-4164-bbb5-f7f1cface485","local_time":"20190302150411","is_ascension_mode":true,"campfire_choices":[{"data":"Zap","floor":6.0,"key":"SMITH"},{"data":"Dualcast","floor":10.0,"key":"SMITH"},{"data":"Capacitor","floor":12.0,"key":"SMITH"},{"data":"Defragment","floor":15.0,"key":"SMITH"}],"neow_cost":"TEN_PERCENT_HP_LOSS","seed_source_timestamp":15375903230371,"circlet_count":0,"master_deck":["AscendersBane","Strike_B","Strike_B","Strike_B","Defend_B","Defend_B","Defend_B","Defend_B","Zap+1","Dualcast+1","Ball Lightning","Capacitor","Leap","Ball Lightning","Capacitor+1","Defragment+1","Recycle","Thunder Strike","Cold Snap"],"special_seed":0,"relics":["Cracked Core","Bird Faced Urn","Dream Catcher","Bag of Marbles","Juzu Bracelet"],"potions_floor_usage":[16,16,18],"damage_taken":[{"damage":2.0,"enemies":"2 Louse","floor":1.0,"turns":4.0},{"damage":0.0,"enemies":"Small Slimes","floor":2.0,"turns":2.0},{"damage":0.0,"enemies":"Cultist","floor":5.0,"turns":3.0},{"damage":13.0,"enemies":"2 Fungi Beasts","floor":7.0,"turns":4.0},{"damage":16.0,"enemies":"Lagavulin","floor":8.0,"turns":7.0},{"damage":8.0,"enemies":"Exordium Wildlife","floor":14.0,"turns":2.0},{"damage":29,"enemies":"Hexaghost","floor":16,"turns":7},{"damage":25,"enemies":"3 Byrds","floor":18,"turns":5},{"damage":11,"enemies":"2 Thieves","floor":19,"turns":1}],"seed_played":"-7315910133621103811","potions_obtained":[{"floor":7.0,"key":"Explosive Potion"},{"floor":8.0,"key":"Poison Potion"},{"floor":16,"key":"Swift Potion"},{"floor":18,"key":"FearPotion"}],"is_trial":false,"path_per_floor":["M","M","?","?","M","R","M","E","T","R","?","R","$","M","R","B",null,"M","M"],"character_chosen":"DEFECT","items_purchased":["Defragment"],"campfire_rested":0,"item_purchase_floors":[13],"current_hp_per_floor":[62,62,51,51,53,53,40,26,26,26,30,30,30,24,24,1,22,3,0],"gold":111,"neow_bonus":"ONE_RARE_RELIC","is_prod":false,"is_daily":false,"chose_seed":false,"campfire_upgraded":4,"win_rate":0,"timestamp":1551510251,"path_taken":["M","M","?","?","M","R","M","E","T","R","?","R","$","M","R","BOSS","M","M"],"build_version":"2019-01-23","purchased_purges":1,"victory":false,"max_hp_per_floor":[64,64,64,64,64,64,64,64,64,64,69,69,69,69,69,69,35,35,35],"card_choices":[{"not_picked":["Hologram","Turbo"],"picked":"Ball Lightning","floor":1.0},{"not_picked":["Static Discharge","Turbo"],"picked":"Capacitor","floor":2.0},{"not_picked":["Rebound","Sweeping Beam"],"picked":"Leap","floor":5.0},{"not_picked":["Redo","Darkness"],"picked":"Ball Lightning","floor":7.0},{"not_picked":["Chaos","Redo"],"picked":"Capacitor","floor":8.0},{"not_picked":["Static Discharge","Genetic Algorithm"],"picked":"Recycle","floor":14.0},{"not_picked":["Buffer","Rainbow"],"picked":"Thunder Strike","floor":16},{"not_picked":["Genetic Algorithm","Stack"],"picked":"Cold Snap","floor":18}],"player_experience":3262940,"relics_obtained":[{"floor":8.0,"key":"Bag of Marbles"},{"floor":9.0,"key":"Juzu Bracelet"}],"event_choices":[{"damage_healed":0.0,"max_hp_gain":0.0,"max_hp_loss":0.0,"gold_gain":0.0,"event_name":"Scrap Ooze","player_choice":"Success","floor":3.0,"gold_loss":0.0,"damage_taken":11.0,"relics_obtained":["Dream Catcher"]},{"damage_healed":0.0,"max_hp_gain":0.0,"max_hp_loss":0.0,"gold_gain":50.0,"event_name":"Golden Shrine","player_choice":"Pray","floor":4.0,"gold_loss":0.0,"damage_taken":0.0},{"damage_healed":0.0,"max_hp_gain":5.0,"max_hp_loss":0.0,"gold_gain":0.0,"event_name":"Big Fish","player_choice":"Donut","floor":11.0,"gold_loss":0.0,"damage_taken":0.0}],"is_beta":false,"boss_relics":[{"not_picked":["GraspOfShadows"],"picked":"BlightedDurian"},{"not_picked":["GraspOfShadows"],"picked":"BlightedDurian"}],"items_purged_floors":[13],"is_endless":false,"potions_floor_spawned":[7,8,14,16,18],"killed_by":"2 Thieves","ascension_level":25}