{"gold_per_floor":[115,128,148,98,110,122,153,253,253,253,265,265,285,295,295,399,399,417,266,266,283,283,313,313,313,313,313,330,330,360,460,460,556,556,576,627,640,640,249,283,283,310,310,342,352,363,363,375,375,375],"floor_reached":51,"playtime":1985,"items_purged":["Defend_R","Defend_R"],"score":942,"play_id":"e2721d29-9e2a-470d-bb41-b1f521cbb67b","local_time":"20181008170346","is_ascension_mode":true,"campfire_choices":[{"data":"Inflame","floor":10,"key":"SMITH"},{"data":"Dual Wield","floor":12,"key":"SMITH"},{"data":"Flex","floor":15,"key":"SMITH"},{"data":"J.A.X.","floor":25,"key":"SMITH"},{"data":"Flex","floor":27,"key":"SMITH"},{"data":"Clash","floor":29,"key":"SMITH"},{"data":"Clash","floor":32,"key":"SMITH"},{"data":"Clash","floor":41,"key":"SMITH"},{"data":"Bash","floor":47,"key":"SMITH"},{"data":"Reaper","floor":49,"key":"SMITH"}],"neow_cost":"NONE","seed_source_timestamp":34613779824605,"circlet_count":0,"master_deck":["Strike_R","Strike_R","Strike_R","Strike_R","Strike_R","Defend_R","Bash+1","Flex+1","Feed","Clash+1","Clash+1","Inflame+1","Dual Wield+1","Flex+1","Reaper+1","Offering+1","Spot Weakness+1","Sword Boomerang+1","J.A.X.+1","Clash+1","Reaper","Inflame+1","Pummel+1","Trip","BootSequence+1","Envenom+1","Hologram+1","Secret Technique"],"relics":["Burning Blood","Strawberry","Centennial Puzzle","White Beast Statue","War Paint","Letter Opener","Pantograph","Pear","Unceasing Top","Frozen Egg 2","Coffee Dripper","Champion Belt","Pocketwatch","PrismaticShard","Sundial","Thread and Needle","Mummified Hand","Molten Egg 2"],"potions_floor_usage":[7,13,30,30,50,50,50],"damage_taken":[{"damage":1,"enemies":"2 Louse","floor":1,"turns":3},{"damage":5,"enemies":"Small Slimes","floor":2,"turns":3},{"damage":10,"enemies":"Jaw Worm","floor":3,"turns":5},{"damage":7,"enemies":"Gremlin Gang","floor":5,"turns":5},{"damage":10,"enemies":"Looter","floor":6,"turns":3},{"damage":13,"enemies":"Lagavulin","floor":7,"turns":5},{"damage":2,"enemies":"Blue Slaver","floor":11,"turns":2},{"damage":0,"enemies":"Red Slaver","floor":13,"turns":1},{"damage":7,"enemies":"3 Louse","floor":14,"turns":3},{"damage":51,"enemies":"The Guardian","floor":16,"turns":7},{"damage":6,"enemies":"2 Thieves","floor":18,"turns":2},{"damage":16,"enemies":"Chosen","floor":21,"turns":3},{"damage":31,"enemies":"Gremlin Leader","floor":23,"turns":5},{"damage":12,"enemies":"Centurion and Healer","floor":28,"turns":2},{"damage":39,"enemies":"Slavers","floor":30,"turns":4},{"damage":21,"enemies":"Colosseum Slavers","floor":31,"turns":2},{"damage":25,"enemies":"Colosseum Nobs","floor":31,"turns":3},{"damage":58,"enemies":"Collector","floor":33,"turns":7},{"damage":31,"enemies":"3 Shapes","floor":35,"turns":1},{"damage":28,"enemies":"Mysterious Sphere","floor":36,"turns":2},{"damage":13,"enemies":"Orb Walker","floor":37,"turns":2},{"damage":9,"enemies":"Mind Bloom Boss Battle","floor":38,"turns":2},{"damage":6,"enemies":"Nemesis","floor":40,"turns":1},{"damage":9,"enemies":"Giant Head","floor":42,"turns":3},{"damage":6,"enemies":"Nemesis","floor":44,"turns":1},{"damage":15,"enemies":"Transient","floor":45,"turns":5},{"damage":27,"enemies":"Maw","floor":46,"turns":4},{"damage":6,"enemies":"Spire Growth","floor":48,"turns":1},{"damage":46,"enemies":"Time Eater","floor":50,"turns":5}],"seed_played":"-3281613876154157216","potions_obtained":[{"floor":0,"key":"Ancient Potion"},{"floor":0,"key":"SpeedPotion"},{"floor":0,"key":"SneckoOil"},{"floor":2,"key":"Poison Potion"},{"floor":11,"key":"Swift Potion"},{"floor":14,"key":"PowerPotion"},{"floor":21,"key":"Fire Potion"},{"floor":30,"key":"Poison Potion"},{"floor":31,"key":"Regen Potion"},{"floor":38,"key":"Strength Potion"},{"floor":48,"key":"Ancient Potion"}],"is_trial":false,"path_per_floor":["M","M","M","?","M","M","E","?","T","R","M","R","M","M","R","B",null,"M","$","?","M","?","E","?","R","T","R","M","R","E","?","R","B",null,"M","?","M","?","$","E","R","E","T","E","M","M","R","M","R","B"],"character_chosen":"IRONCLAD","items_purchased":["Spot Weakness","PrismaticShard","Trip"],"campfire_rested":0,"item_purchase_floors":[19,39,39],"current_hp_per_floor":[80,80,79,79,81,77,77,77,77,77,84,84,90,92,92,63,99,99,99,99,99,99,77,77,77,77,77,93,93,108,105,105,81,121,118,108,109,124,124,124,124,121,121,124,130,118,118,133,133,116],"gold":375,"neow_bonus":"THREE_SMALL_POTIONS","is_prod":false,"is_daily":false,"chose_seed":false,"campfire_upgraded":10,"win_rate":1,"timestamp":1538989426,"path_taken":["M","M","M","?","M","M","E","?","T","R","M","R","?","M","R","BOSS","M","$","?","M","?","E","?","R","T","R","?","R","E","?","R","BOSS","M","?","?","?","?","E","R","E","T","E","M","M","R","M","R","BOSS"],"build_version":"2018-10-04v2","purchased_purges":2,"victory":true,"max_hp_per_floor":[80,80,83,83,86,86,93,93,93,93,96,96,96,99,99,99,99,99,99,99,99,99,102,102,102,102,102,102,102,115,118,118,121,121,121,124,124,127,127,127,127,127,127,130,130,133,133,133,133,133],"card_choices":[{"not_picked":["Headbutt","Sword Boomerang"],"picked":"Flex","floor":1},{"not_picked":["Sever Soul","Body Slam"],"picked":"Feed","floor":2},{"not_picked":["Warcry","Armaments"],"picked":"Clash","floor":3},{"not_picked":["Armaments","Cleave"],"picked":"Clash","floor":5},{"not_picked":["Combust","Thunderclap"],"picked":"Inflame","floor":6},{"not_picked":["Battle Trance","Armaments","Rupture"],"picked":"SKIP","floor":7},{"not_picked":["Rage","Second Wind"],"picked":"Dual Wield","floor":11},{"not_picked":["Sever Soul","Entrench"],"picked":"Flex","floor":13},{"not_picked":["Heavy Blade","Rampage"],"picked":"Reaper","floor":14},{"not_picked":["Feed","Bludgeon"],"picked":"Offering","floor":16},{"not_picked":["Pommel Strike","Power Through+1","Thunderclap"],"picked":"SKIP","floor":18},{"not_picked":["Twin Strike","Flex"],"picked":"Sword Boomerang+1","floor":21},{"not_picked":["Combust","Whirlwind"],"picked":"Clash","floor":23},{"not_picked":["Anger+1","Iron Wave","Heavy Blade"],"picked":"SKIP","floor":28},{"not_picked":["Iron Wave","Cleave+1","Armaments+1"],"picked":"SKIP","floor":30},{"not_picked":["Double Tap","Impervious"],"picked":"Reaper","floor":33},{"not_picked":["Intimidate+1","Whirlwind+1","Pummel"],"picked":"SKIP","floor":35},{"not_picked":["Intimidate","Thunderclap+1"],"picked":"Inflame+1","floor":36},{"not_picked":["Blood for Blood+1","True Grit"],"picked":"Pummel+1","floor":37},{"not_picked":["Streamline","Setup"],"picked":"BootSequence+1","floor":40},{"not_picked":["Acrobatics+1","Havoc"],"picked":"Envenom+1","floor":42},{"not_picked":["Wild Strike+1","True Grit+1"],"picked":"Hologram+1","floor":44},{"not_picked":["Corruption+1","Flame Barrier+1","Evolve+1"],"picked":"SKIP","floor":45},{"not_picked":["Cleave+1","Thunderclap+1","Iron Wave+1"],"picked":"SKIP","floor":46},{"not_picked":["Dagger Spray+1","Deadly Poison+1"],"picked":"Secret Technique","floor":48}],"player_experience":5620,"relics_obtained":[{"floor":7,"key":"Strawberry"},{"floor":9,"key":"Centennial Puzzle"},{"floor":20,"key":"War Paint"},{"floor":23,"key":"Letter Opener"},{"floor":26,"key":"Pantograph"},{"floor":30,"key":"Pear"},{"floor":31,"key":"Unceasing Top"},{"floor":31,"key":"Frozen Egg 2"},{"floor":36,"key":"Champion Belt"},{"floor":38,"key":"Pocketwatch"},{"floor":40,"key":"Sundial"},{"floor":42,"key":"Thread and Needle"},{"floor":43,"key":"Mummified Hand"},{"floor":44,"key":"Molten Egg 2"}],"event_choices":[{"event_name":"The Cleric","player_choice":"Card Removal","floor":4,"damage_taken":0},{"event_name":"Golden Shrine","player_choice":"Pray","floor":8,"damage_taken":0},{"event_name":"Wheel of Change","player_choice":"Relic","floor":20,"damage_taken":0},{"event_name":"Drug Dealer","player_choice":"Got JAX","floor":22,"damage_taken":0},{"event_name":"The Mausoleum","player_choice":"No","floor":24,"damage_taken":0},{"event_name":"Colosseum","player_choice":"Fight","floor":31,"damage_taken":0},{"event_name":"Colosseum","player_choice":"Fought Nobs","floor":31,"damage_taken":0},{"event_name":"Mysterious Sphere","player_choice":"Fight","floor":36,"damage_taken":0},{"event_name":"MindBloom","player_choice":"Fight","floor":38,"damage_taken":0}],"is_beta":false,"boss_relics":[{"not_picked":["Tiny House","Mark of Pain"],"picked":"White Beast Statue"},{"not_picked":["Philosopher\u0027s Stone","Eternal Feather"],"picked":"Coffee Dripper"}],"items_purged_floors":[19,39],"is_endless":false,"potions_floor_spawned":[2,11,14,16,18,21,23,28,30,31,31,33,35,36,37,38,40,42,44,45,46,48],"ascension_level":1}