{"gold_per_floor":[112,129,54,54,67,67,85,85,158,217,217,217,261,289,301,417,429,460,496,607,141,16,16,31,31,31,50,81,81,81,91,91,194,194,205,223,223,223,234,234,252,252,320,320,420,445,455,469,469,469],"floor_reached":51,"playtime":1513,"items_purged":["Strike_R","Strike_R","Strike_R"],"score":830,"play_id":"c93e69e9-be84-4eba-8ea9-9c51b8d33940","local_time":"20190630144522","is_ascension_mode":false,"campfire_choices":[{"data":"Bash","floor":6.0,"key":"SMITH"},{"data":"Fiend Fire","floor":8.0,"key":"SMITH"},{"data":"Limit Break","floor":11.0,"key":"SMITH"},{"data":"True Grit","floor":15.0,"key":"SMITH"},{"data":"Inflame","floor":23.0,"key":"SMITH"},{"data":"Feel No Pain","floor":25.0,"key":"SMITH"},{"data":"Flash of Steel","floor":29.0,"key":"SMITH"},{"data":"Clash","floor":32.0,"key":"SMITH"},{"data":"Flex","floor":40.0,"key":"SMITH"},{"data":"Offering","floor":42.0,"key":"SMITH"},{"data":"Impervious","floor":44.0,"key":"SMITH"},{"data":"Limit Break","floor":49,"key":"SMITH"}],"neow_cost":"TEN_PERCENT_HP_LOSS","seed_source_timestamp":8461744494479,"circlet_count":0,"master_deck":["Strike_R","Strike_R","Defend_R","Defend_R","Defend_R","Defend_R","Bash+1","Fiend Fire+1","Feel No Pain+1","Clash+1","Inflame+1","Limit Break+1","True Grit+1","Impervious+1","Flash of Steel+1","Second Wind+1","Offering+1","Heavy Blade+1","Flex+1","Limit Break+1"],"special_seed":0,"relics":["Burning Blood","Letter Opener","Tiny Chest","MawBank","Red Skull","Runic Pyramid","Blood Vial","Pocketwatch","Bottled Lightning","Matryoshka","Runic Dome","Art of War","Blue Candle","Kunai","Bottled Tornado","Nunchaku","Paper Frog"],"potions_floor_usage":[50],"damage_taken":[{"damage":1.0,"enemies":"Cultist","floor":1.0,"turns":3.0},{"damage":3.0,"enemies":"2 Louse","floor":2.0,"turns":3.0},{"damage":6.0,"enemies":"Jaw Worm","floor":5.0,"turns":4.0},{"damage":8.0,"enemies":"Red Slaver","floor":7.0,"turns":2.0},{"damage":19.0,"enemies":"Lagavulin","floor":10.0,"turns":5.0},{"damage":14.0,"enemies":"Gremlin Nob","floor":13.0,"turns":3.0},{"damage":12.0,"enemies":"3 Louse","floor":14.0,"turns":4.0},{"damage":13.0,"enemies":"The Guardian","floor":16.0,"turns":8.0},{"damage":20.0,"enemies":"3 Byrds","floor":18.0,"turns":7.0},{"damage":1.0,"enemies":"Spheric Guardian","floor":24.0,"turns":5.0},{"damage":4.0,"enemies":"Centurion and Healer","floor":27.0,"turns":6.0},{"damage":26.0,"enemies":"Slavers","floor":28.0,"turns":6.0},{"damage":5.0,"enemies":"Cultist and Chosen","floor":31.0,"turns":6.0},{"damage":20.0,"enemies":"Collector","floor":33.0,"turns":5.0},{"damage":6.0,"enemies":"3 Darklings","floor":35.0,"turns":4.0},{"damage":0.0,"enemies":"Orb Walker","floor":36.0,"turns":2.0},{"damage":6.0,"enemies":"Maw","floor":39.0,"turns":4.0},{"damage":6.0,"enemies":"Jaw Worm Horde","floor":41.0,"turns":3.0},{"damage":7.0,"enemies":"Mind Bloom Boss Battle","floor":45.0,"turns":4.0},{"damage":6,"enemies":"Reptomancer","floor":46,"turns":3},{"damage":0,"enemies":"Writhing Mass","floor":47,"turns":2},{"damage":2,"enemies":"4 Shapes","floor":48,"turns":3},{"damage":6,"enemies":"Time Eater","floor":50,"turns":4}],"seed_played":"-3556562139977736321","potions_obtained":[{"floor":5.0,"key":"SteroidPotion"},{"floor":7.0,"key":"SkillPotion"},{"floor":10.0,"key":"Poison Potion"},{"floor":27.0,"key":"GamblersBrew"}],"is_trial":false,"path_per_floor":["M","M","$","?","M","R","M","R","T","E","R","T","E","M","R","B",null,"M","T","?","$","$","R","M","R","T","M","E","R","$","M","R","B",null,"M","M","T","?","M","R","M","R","T","R","?","E","M","M","R","B",null],"character_chosen":"IRONCLAD","items_purchased":["Flash of Steel","Pocketwatch"],"campfire_rested":0,"item_purchase_floors":[21,21],"current_hp_per_floor":[72,72,72,72,72,72,70,70,70,57,57,57,49,43,43,36,72,58,58,58,58,58,58,65,65,65,69,51,51,51,54,54,42,72,72,72,72,72,72,72,72,72,72,72,71,72,72,72,72,72],"gold":469,"neow_bonus":"THREE_RARE_CARDS","is_prod":false,"is_daily":false,"chose_seed":false,"campfire_upgraded":12,"win_rate":0,"timestamp":1561877122,"path_taken":["M","M","?","?","M","R","?","R","T","E","R","?","E","M","R","BOSS","M","?","?","?","$","R","M","R","T","M","E","R","$","M","R","BOSS","M","M","?","?","M","R","M","R","T","R","?","E","M","M","R","BOSS"],"build_version":"2019-01-23","purchased_purges":3,"victory":true,"max_hp_per_floor":[72,72,72,72,72,72,72,72,72,72,72,72,72,72,72,72,72,72,72,72,72,72,72,72,72,72,72,72,72,72,72,72,72,72,72,72,72,72,72,72,72,72,72,72,72,72,72,72,72,72],"card_choices":[{"not_picked":["Demon Form","Brutality"],"picked":"Fiend Fire","floor":0.0},{"not_picked":["Anger","Heavy Blade"],"picked":"Feel No Pain","floor":1.0},{"not_picked":["Iron Wave","Body Slam","Perfected Strike"],"picked":"SKIP","floor":2.0},{"not_picked":["Armaments","Rage"],"picked":"Clash","floor":5.0},{"not_picked":["Iron Wave","Armaments"],"picked":"Inflame","floor":7.0},{"not_picked":["Dropkick","Rupture"],"picked":"Limit Break","floor":10.0},{"not_picked":["Perfected Strike","Warcry"],"picked":"True Grit","floor":13.0},{"not_picked":["Warcry","Pommel Strike","Headbutt"],"picked":"SKIP","floor":14.0},{"not_picked":["Double Tap","Berserk"],"picked":"Impervious","floor":16.0},{"not_picked":["Uppercut","True Grit","Entrench"],"picked":"SKIP","floor":18.0},{"not_picked":["Pommel Strike","Corruption"],"picked":"Second Wind+1","floor":24.0},{"not_picked":["Combust","True Grit+1","Fire Breathing"],"picked":"SKIP","floor":27.0},{"not_picked":["Fire Breathing","Thunderclap","Uppercut"],"picked":"SKIP","floor":28.0},{"not_picked":["Searing Blow","Havoc","Clash"],"picked":"SKIP","floor":31.0},{"not_picked":["Immolate","Brutality"],"picked":"Offering","floor":33.0},{"not_picked":["Clash","Anger+1","Heavy Blade+1"],"picked":"SKIP","floor":35.0},{"not_picked":["Clash","Anger+1"],"picked":"Heavy Blade+1","floor":35.0},{"not_picked":["Warcry+1","Pummel","Iron Wave"],"picked":"SKIP","floor":36.0},{"not_picked":["Headbutt","Pommel Strike"],"picked":"Flex","floor":39.0},{"not_picked":["Clash+1","Cleave+1","Clothesline+1"],"picked":"SKIP","floor":41.0},{"not_picked":["Shrug It Off+1","Cleave"],"picked":"Limit Break","floor":46},{"not_picked":["Headbutt+1","Body Slam","Hemokinesis+1"],"picked":"SKIP","floor":47},{"not_picked":["Second Wind+1","Armaments+1","Clothesline+1"],"picked":"SKIP","floor":48}],"player_experience":5593765,"relics_obtained":[{"floor":9.0,"key":"Letter Opener"},{"floor":10.0,"key":"Tiny Chest"},{"floor":12.0,"key":"MawBank"},{"floor":13.0,"key":"Red Skull"},{"floor":19.0,"key":"Blood Vial"},{"floor":26.0,"key":"Bottled Lightning"},{"floor":28.0,"key":"Matryoshka"},{"floor":37.0,"key":"Art of War"},{"floor":37.0,"key":"Blue Candle"},{"floor":43.0,"key":"Kunai"},{"floor":43.0,"key":"Bottled Tornado"},{"floor":45.0,"key":"Nunchaku"},{"floor":46,"key":"Paper Frog"}],"event_choices":[{"damage_healed":0.0,"max_hp_gain":0.0,"max_hp_loss":0.0,"gold_gain":0.0,"event_name":"NoteForYourself","player_choice":"Ignored","floor":4.0,"gold_loss":0.0,"damage_taken":0.0},{"damage_healed":0.0,"max_hp_gain":0.0,"max_hp_loss":0.0,"gold_gain":99.0,"event_name":"Nest","player_choice":"Stole From Cult","floor":20.0,"gold_loss":0.0,"damage_taken":0.0},{"damage_healed":0.0,"max_hp_gain":0.0,"max_hp_loss":0.0,"gold_gain":0.0,"event_name":"Mysterious Sphere","player_choice":"Ignored","floor":38.0,"gold_loss":0.0,"damage_taken":0.0},{"damage_healed":0.0,"max_hp_gain":0.0,"max_hp_loss":0.0,"gold_gain":0.0,"event_name":"MindBloom","player_choice":"Fight","floor":45.0,"gold_loss":0.0,"damage_taken":0.0}],"is_beta":false,"boss_relics":[{"not_picked":["Black Blood","Calling Bell"],"picked":"Runic Pyramid"},{"not_picked":["Tiny House","Eternal Feather"],"picked":"Runic Dome"}],"items_purged_floors":[3,21,22],"is_endless":false,"potions_floor_spawned":[5,7,10,13,27,33,41,45,47],"ascension_level":0}