{"gold_per_floor":[117,135,135,149,161,161,49,66,91,91,91,91,37,87,87,87],"floor_reached":16,"playtime":258,"items_purged":["Strike_G"],"score":180,"play_id":"22148e41-5cf1-41df-8f87-571969b65402","local_time":"20190109143316","is_ascension_mode":true,"campfire_choices":[{"data":"Neutralize","floor":6.0,"key":"SMITH"},{"data":"Concentrate","floor":10.0,"key":"SMITH"},{"data":"Footwork","floor":12,"key":"SMITH"},{"data":"Footwork","floor":15,"key":"SMITH"}],"neow_cost":"NONE","seed_source_timestamp":9005337309265,"circlet_count":0,"master_deck":["AscendersBane","Defend_G","Defend_G","Defend_G","Defend_G","Defend_G","Strike_G","Strike_G","Survivor","Neutralize+1","Escape Plan","Footwork+1","Footwork+1","Concentrate+1","Backflip"],"special_seed":0,"relics":["Ring of the Snake","NeowsBlessing","Snake Skull"],"potions_floor_usage":[],"damage_taken":[{"damage":0.0,"enemies":"Small Slimes","floor":1.0,"turns":1.0},{"damage":0.0,"enemies":"Cultist","floor":2.0,"turns":1.0},{"damage":0.0,"enemies":"Jaw Worm","floor":4.0,"turns":1.0},{"damage":3.0,"enemies":"Blue Slaver","floor":5.0,"turns":7.0},{"damage":0.0,"enemies":"Red Slaver","floor":8.0,"turns":11.0},{"damage":0,"enemies":"The Guardian","floor":16,"turns":1}],"seed_played":"-3284849789675542274","potions_obtained":[{"floor":2.0,"key":"Dexterity Potion"},{"floor":4.0,"key":"Poison Potion"}],"is_trial":false,"path_per_floor":["M","M","?","M","M","R","$","M","T","R","?","R","$","?","R","B"],"character_chosen":"THE_SILENT","items_purchased":["Footwork","Backflip"],"campfire_rested":0,"item_purchase_floors":[7,13],"current_hp_per_floor":[59,59,59,59,56,56,56,56,56,56,56,56,56,56,56,56],"gold":87,"neow_bonus":"THREE_ENEMY_KILL","is_prod":false,"is_daily":false,"chose_seed":false,"campfire_upgraded":4,"win_rate":0,"timestamp":1547015596,"path_taken":["M","M","?","M","M","R","$","?","T","R","?","R","$","?","R","BOSS"],"build_version":"2019-01-03v4","purchased_purges":1,"victory":false,"max_hp_per_floor":[66,66,66,66,66,66,66,66,66,66,66,66,66,66,66,66],"card_choices":[{"not_picked":["Poisoned Stab","Infinite Blades"],"picked":"Escape Plan","floor":1.0},{"not_picked":["Backflip","Deflect","Prepared"],"picked":"SKIP","floor":2.0},{"not_picked":["Caltrops","Finisher"],"picked":"Footwork","floor":4.0},{"not_picked":["Distraction","Predator","Setup"],"picked":"SKIP","floor":5.0},{"not_picked":["Dash","Poisoned Stab"],"picked":"Concentrate","floor":8.0}],"player_experience":1880470,"relics_obtained":[{"floor":9.0,"key":"Snake Skull"}],"event_choices":[{"cards_removed":["Strike_G"],"damage_healed":0.0,"max_hp_gain":0.0,"max_hp_loss":0.0,"gold_gain":0.0,"event_name":"Bonfire Elementals","player_choice":"Offered Basic","floor":3.0,"gold_loss":0.0,"damage_taken":0.0},{"cards_removed":["Strike_G"],"damage_healed":0,"gold_gain":0,"player_choice":"Forget","damage_taken":0,"max_hp_gain":0,"max_hp_loss":0,"event_name":"Living Wall","floor":11,"gold_loss":0},{"damage_healed":0,"gold_gain":50,"player_choice":"Pray","damage_taken":0,"max_hp_gain":0,"max_hp_loss":0,"event_name":"Golden Shrine","floor":14,"gold_loss":0}],"is_beta":false,"boss_relics":[],"items_purged_floors":[7],"is_endless":false,"potions_floor_spawned":[2,4,8],"killed_by":"The Guardian","ascension_level":20}