{"gold_per_floor":[112,112,126,14,29,57,57,82,161,161,161,173,98,98,98,98],"floor_reached":16,"playtime":499,"items_purged":["Strike_B"],"score":216,"play_id":"87f9d70b-9ca1-4768-a278-fa69ad395e10","local_time":"20190119223646","is_ascension_mode":true,"campfire_choices":[{"data":"Gash","floor":7,"key":"SMITH"},{"data":"Dualcast","floor":11,"key":"SMITH"},{"data":"Zap","floor":15,"key":"SMITH"}],"neow_cost":"NONE","seed_source_timestamp":36628990796032,"circlet_count":0,"master_deck":["AscendersBane","Strike_B","Strike_B+1","Defend_B","Defend_B","Defend_B","Defend_B","Zap+1","Dualcast+1","Ball Lightning","Rebound","Rip and Tear+1","Gash+1","Hologram+1","Sunder+1"],"special_seed":0,"relics":["Black Star","Bird Faced Urn","Whetstone","Dream Catcher","Toxic Egg 2","Molten Egg 2","Darkstone Periapt"],"potions_floor_usage":[8],"damage_taken":[{"damage":10.0,"enemies":"Small Slimes","floor":1.0,"turns":4.0},{"damage":1.0,"enemies":"Cultist","floor":3.0,"turns":3.0},{"damage":2,"enemies":"Jaw Worm","floor":5,"turns":3},{"damage":20,"enemies":"Lagavulin","floor":6,"turns":5},{"damage":27,"enemies":"Gremlin Nob","floor":8,"turns":4},{"damage":7,"enemies":"Looter","floor":12,"turns":3},{"damage":29,"enemies":"The Guardian","floor":16,"turns":5}],"seed_played":"8293230338471048945","potions_obtained":[{"floor":6,"key":"Block Potion"},{"floor":12,"key":"FocusPotion"}],"is_trial":false,"path_per_floor":["M","?","M","$","M","E","R","E","T","?","R","M","?","T","R","B"],"character_chosen":"DEFECT","items_purchased":["Rip and Tear"],"campfire_rested":0,"item_purchase_floors":[4],"current_hp_per_floor":[54,71,70,70,68,48,48,21,21,44,44,37,37,37,37,8],"gold":98,"neow_bonus":"BOSS_RELIC","is_prod":false,"is_daily":false,"chose_seed":false,"campfire_upgraded":3,"win_rate":0,"timestamp":1547908606,"path_taken":["M","?","M","$","?","E","R","E","T","?","R","M","?","?","R","BOSS"],"build_version":"2019-01-17v2","purchased_purges":1,"victory":false,"max_hp_per_floor":[71,71,71,71,71,71,71,71,71,71,71,71,71,71,71,71],"card_choices":[{"not_picked":["Turbo","Compile Driver"],"picked":"Ball Lightning","floor":1.0},{"not_picked":["Rebound","Redo","Compile Driver"],"picked":"SKIP","floor":3.0},{"not_picked":["Redo","Compile Driver"],"picked":"Rebound","floor":3.0},{"not_picked":["BootSequence","Sweeping Beam","Leap"],"picked":"SKIP","floor":5},{"not_picked":["Static Discharge","Leap"],"picked":"Gash","floor":6},{"not_picked":["Thunder Strike","Steam"],"picked":"Hologram","floor":8},{"not_picked":["Static Discharge","Sweeping Beam+1"],"picked":"Sunder+1","floor":12}],"player_experience":2045973,"relics_obtained":[{"floor":6,"key":"Bird Faced Urn"},{"floor":6,"key":"Whetstone"},{"floor":8,"key":"Dream Catcher"},{"floor":8,"key":"Toxic Egg 2"},{"floor":9,"key":"Molten Egg 2"},{"floor":14,"key":"Darkstone Periapt"}],"event_choices":[{"damage_healed":17.0,"max_hp_gain":0.0,"max_hp_loss":0.0,"gold_gain":0.0,"event_name":"Wheel of Change","player_choice":"Full Heal","floor":2.0,"gold_loss":0.0,"damage_taken":0.0},{"damage_healed":23,"gold_gain":0,"player_choice":"Banana","damage_taken":0,"max_hp_gain":0,"max_hp_loss":0,"event_name":"Big Fish","floor":10,"gold_loss":0},{"cards_removed":["Strike_B"],"damage_healed":0,"gold_gain":0,"player_choice":"Card Removal","damage_taken":0,"max_hp_gain":0,"max_hp_loss":0,"event_name":"The Cleric","floor":13,"gold_loss":75}],"is_beta":false,"boss_relics":[],"items_purged_floors":[4],"is_endless":false,"potions_floor_spawned":[6,12],"killed_by":"The Guardian","ascension_level":20}