{"path_per_floor":["M","?","M","?","M","R","?","R","T","E","$","$","?","M","R","B",null,"M","$","M","M","?","E","R","M","T","M","?","M","R","M","R","B",null,"M","M","$","?","?","R","M"],"character_chosen":"IRONCLAD","items_purchased":["Clash","Whetstone"],"gold_per_floor":[118,68,85,85,102,102,102,102,170,205,77,77,77,88,88,186,186,197,97,117,131,131,158,158,174,247,266,181,194,194,206,206,308,308,320,334,57,0,0,0,15,15],"floor_reached":42,"campfire_rested":1,"playtime":1851,"current_hp_per_floor":[78,78,80,80,80,80,80,80,80,80,80,80,80,80,80,80,80,76,76,67,64,64,38,38,35,35,41,41,45,45,45,69,56,80,67,51,51,51,51,51,43,0],"items_purged":["Defend_R","Defend_R","Defend_R"],"gold":15,"score":444,"play_id":"441b8ce3-a01d-49e7-8760-e6b90b7453d0","local_time":"20180330183151","is_prod":false,"is_daily":false,"is_ascension_mode":false,"campfire_upgraded":3,"timestamp":1522427511,"path_taken":["M","?","M","?","M","R","?","R","T","E","?","$","?","M","R","BOSS","M","$","M","M","?","E","R","M","T","M","?","M","R","M","R","BOSS","M","M","$","?","?","R","M","E"],"build_version":"2018-03-29v2","purchased_purges":3,"victory":false,"master_deck":["Strike_R","Strike_R","Strike_R","Strike_R","Strike_R","Defend_R","Bash+1","Body Slam","Clash","Infernal Blade+1","Clash","Thunderclap+1","Immolate+1","Iron Wave+1","Armaments+1","Flame Barrier+1","Flex+1","Dual Wield+1","Clash","Wild Strike","Clash","Feed","Clash","Flex+1"],"max_hp_per_floor":[80,80,80,80,80,80,80,80,80,80,80,80,80,80,80,80,80,80,80,80,80,80,80,80,80,80,80,80,80,80,80,80,80,80,80,80,80,80,80,80,80,80],"relics":["Burning Blood","Champion Belt","Oddly Smooth Stone","Bottled Flame","Girya","Question Card","Juzu Bracelet","Prayer Wheel","Frozen Egg 2","Red Skull","Velvet Choker","Whetstone","Red Mask"],"card_choices":[{"not_picked":["Warcry","Second Wind"],"picked":"Body Slam","floor":1},{"not_picked":["Pummel","Anger"],"picked":"Clash","floor":3},{"not_picked":["Hemokinesis","Twin Strike"],"picked":"Infernal Blade","floor":5},{"not_picked":["Battle Trance","Sentinel"],"picked":"Thunderclap","floor":14},{"not_picked":["Offering","Demon Form"],"picked":"Immolate","floor":16},{"not_picked":["Reckless Charge","Perfected Strike","Feel No Pain"],"picked":"Iron Wave","floor":18},{"not_picked":["Corruption","Uppercut","Heavy Blade"],"picked":"Armaments","floor":21},{"not_picked":["Pommel Strike","Offering","Sentinel"],"picked":"Flame Barrier","floor":23},{"not_picked":["Heavy Blade","Dropkick","Combust"],"picked":"Flex","floor":25},{"not_picked":["Perfected Strike","Entrench","Pommel Strike"],"picked":"Dual Wield","floor":26},{"not_picked":["Havoc","Sentinel","Rage"],"picked":"Clash","floor":27},{"not_picked":["Blood for Blood","Demon Form","Sentinel"],"picked":"Wild Strike","floor":29},{"not_picked":["Shrug It Off","Sever Soul","Perfected Strike"],"picked":"Clash","floor":31},{"not_picked":["Berserk","Reaper","Barricade"],"picked":"Feed","floor":33},{"not_picked":["Clothesline","Headbutt","Havoc"],"picked":"Flex","floor":41}],"player_experience":206193,"potions_floor_usage":[18,23,33,42,42],"damage_taken":[{"damage":8,"enemies":"2 Louse","floor":1,"turns":3},{"damage":2,"enemies":"Small Slimes","floor":3,"turns":4},{"damage":2,"enemies":"Jaw Worm","floor":5,"turns":3},{"damage":6,"enemies":"3 Sentries","floor":10,"turns":4},{"damage":6,"enemies":"Blue Slaver","floor":14,"turns":2},{"damage":4,"enemies":"Slime Boss","floor":16,"turns":6},{"damage":10,"enemies":"3 Byrds","floor":18,"turns":5},{"damage":15,"enemies":"2 Thieves","floor":20,"turns":3},{"damage":9,"enemies":"Centurion and Healer","floor":21,"turns":5},{"damage":32,"enemies":"Slavers","floor":23,"turns":6},{"damage":9,"enemies":"Snecko","floor":25,"turns":5},{"damage":0,"enemies":"Chosen and Byrds","floor":27,"turns":6},{"damage":2,"enemies":"Centurion and Healer","floor":29,"turns":4},{"damage":6,"enemies":"3 Cultists","floor":31,"turns":3},{"damage":36,"enemies":"Champ","floor":33,"turns":7},{"damage":19,"enemies":"3 Darklings","floor":35,"turns":4},{"damage":22,"enemies":"Orb Walker","floor":36,"turns":3},{"damage":14,"enemies":"3 Darklings","floor":41,"turns":5},{"damage":44,"enemies":"Nemesis","floor":42,"turns":5}],"event_choices":[{"event_name":"The Cleric","player_choice":"Card Removal","floor":2,"damage_taken":0},{"event_name":"Big Fish","player_choice":"Box","floor":4,"damage_taken":0},{"event_name":"Liars Game","player_choice":"disagreed","floor":7,"damage_taken":0},{"event_name":"Fountain of Cleansing","player_choice":"Removed Curse","floor":13,"damage_taken":0},{"event_name":"The Mausoleum","player_choice":"Yes","floor":22,"damage_taken":0},{"event_name":"Addict","player_choice":"Obtained Relic","floor":28,"damage_taken":0},{"event_name":"Tomb of Lord Red Mask","player_choice":"Paid","floor":38,"damage_taken":0},{"event_name":"Duplicator","player_choice":"One dupe","floor":39,"damage_taken":0}],"boss_relics":[{"not_picked":["White Beast Statue","Runic Pyramid"],"picked":"Question Card"},{"not_picked":["Black Blood","Lizard Tail"],"picked":"Velvet Choker"}],"potions_floor_spawned":[3,5,10,20,21,25,33,36,41],"seed_played":"-599080019423247527","killed_by":"Nemesis","ascension_level":0,"is_trial":false}