{"gold_per_floor":[116,4,4,4,19,19,52,52,52,52,82,95,129,149,149,224,224,234,252,23,41,41,41,70,70,96,96,123,141,141,141,141,141],"floor_reached":33,"playtime":750,"items_purged":["Strike_B"],"score":682,"play_id":"5d0b851d-6cf7-4c93-8435-6db6cdadaa1e","local_time":"20190328150925","is_ascension_mode":true,"campfire_choices":[{"data":"Zap","floor":6.0,"key":"SMITH"},{"data":"Dualcast","floor":8.0,"key":"SMITH"},{"data":"Ball Lightning","floor":10.0,"key":"SMITH"},{"data":"Hologram","floor":15.0,"key":"SMITH"},{"data":"Biased Cognition","floor":23.0,"key":"SMITH"},{"floor":25.0,"key":"REST"},{"floor":27.0,"key":"RECALL"},{"data":"Coolheaded","floor":30.0,"key":"SMITH"},{"data":"Glacier","floor":32.0,"key":"SMITH"}],"neow_cost":"NONE","seed_source_timestamp":13242575303072,"circlet_count":0,"master_deck":["AscendersBane","Strike_B","Strike_B","Defend_B","Defend_B","Defend_B","Zap+1","Dualcast+1","Glacier+1","Ball Lightning+1","Hologram+1","Biased Cognition+1","Amplify","Poisoned Stab+1","Shrug It Off+1","Coolheaded+1","Chaos+1"],"special_seed":0,"relics":["Cracked Core","NeowsBlessing","Kunai","Matryoshka","DataDisk","Potion Belt","Runic Dome","PrismaticShard","Gambling Chip","Dream Catcher","Regal Pillow","Cables"],"potions_floor_usage":[],"damage_taken":[{"damage":0.0,"enemies":"Small Slimes","floor":1.0,"turns":1.0},{"damage":0.0,"enemies":"Cultist","floor":5.0,"turns":1.0},{"damage":0.0,"enemies":"3 Sentries","floor":7.0,"turns":1.0},{"damage":0.0,"enemies":"2 Louse","floor":12.0,"turns":2.0},{"damage":20.0,"enemies":"Lagavulin","floor":13.0,"turns":5.0},{"damage":2.0,"enemies":"Large Slime","floor":14.0,"turns":4.0},{"damage":8.0,"enemies":"Slime Boss","floor":16.0,"turns":6.0},{"damage":1.0,"enemies":"Spheric Guardian","floor":18.0,"turns":3.0},{"damage":9.0,"enemies":"2 Thieves","floor":19.0,"turns":3.0},{"damage":21.0,"enemies":"Chosen and Byrds","floor":21.0,"turns":6.0},{"damage":2.0,"enemies":"Book of Stabbing","floor":24.0,"turns":5.0},{"damage":2.0,"enemies":"Gremlin Leader","floor":28.0,"turns":6.0},{"damage":1.0,"enemies":"Snake Plant","floor":29.0,"turns":3.0},{"damage":65,"enemies":"Collector","floor":33,"turns":7}],"seed_played":"-7675992218948403353","potions_obtained":[{"floor":5.0,"key":"Fire Potion"},{"floor":7.0,"key":"SteroidPotion"},{"floor":16.0,"key":"EssenceOfSteel"},{"floor":18.0,"key":"Weak Potion"},{"floor":19.0,"key":"Explosive Potion"}],"is_trial":false,"path_per_floor":["M","$","?","?","M","R","E","R","T","R","?","M","E","M","R","B",null,"M","M","$","M","?","R","E","R","T","R","E","M","R","?","R","B"],"character_chosen":"DEFECT","items_purchased":["Glacier","PrismaticShard"],"campfire_rested":1,"item_purchase_floors":[2,20],"current_hp_per_floor":[64,64,64,64,64,64,64,64,64,64,64,64,44,42,42,34,62,61,52,52,31,31,31,29,50,50,50,48,47,47,47,47,0],"gold":141,"neow_bonus":"THREE_ENEMY_KILL","is_prod":false,"is_daily":false,"chose_seed":false,"campfire_upgraded":7,"win_rate":0,"timestamp":1553756965,"path_taken":["M","$","?","?","?","R","E","R","T","R","?","M","E","M","R","BOSS","M","M","$","M","?","R","E","R","T","R","E","?","R","?","R","BOSS"],"build_version":"2019-01-23","purchased_purges":1,"victory":false,"max_hp_per_floor":[71,71,71,71,71,71,71,71,71,71,71,71,71,71,71,71,71,71,71,71,71,71,71,71,71,71,71,71,71,71,71,71,71],"card_choices":[{"not_picked":["Rebound","Steam","Barrage"],"picked":"SKIP","floor":1.0},{"not_picked":["Redo","Go for the Eyes","Rebound"],"picked":"SKIP","floor":5.0},{"not_picked":["Consume","Thunder Strike"],"picked":"Ball Lightning","floor":7.0},{"not_picked":["Gash","Barrage","Sweeping Beam"],"picked":"SKIP","floor":12.0},{"not_picked":["Turbo","Stack","Compile Driver"],"picked":"SKIP","floor":13.0},{"not_picked":["Barrage","Go for the Eyes"],"picked":"Hologram","floor":14.0},{"not_picked":["Meteor Strike","Rainbow"],"picked":"Biased Cognition","floor":16.0},{"not_picked":["Beam Cell+1","Go for the Eyes","Blizzard"],"picked":"SKIP","floor":18.0},{"not_picked":["Fusion","Streamline"],"picked":"Amplify","floor":19.0},{"not_picked":["Deflect","Cold Snap"],"picked":"Poisoned Stab+1","floor":21.0},{"not_picked":["Iron Wave","Gash"],"picked":"Shrug It Off+1","floor":24.0},{"not_picked":["Hyperbeam","Prepared"],"picked":"Coolheaded","floor":28.0},{"not_picked":["Calculated Gamble+1","Go for the Eyes"],"picked":"Chaos+1","floor":29.0}],"player_experience":3924390,"relics_obtained":[{"floor":7.0,"key":"Kunai"},{"floor":9.0,"key":"Matryoshka"},{"floor":13.0,"key":"Potion Belt"},{"floor":24.0,"key":"Gambling Chip"},{"floor":26.0,"key":"Dream Catcher"},{"floor":26.0,"key":"Regal Pillow"},{"floor":28.0,"key":"Cables"}],"event_choices":[{"damage_healed":0.0,"max_hp_gain":0.0,"max_hp_loss":0.0,"gold_gain":0.0,"event_name":"The Cleric","player_choice":"Leave","floor":3.0,"gold_loss":0.0,"damage_taken":0.0},{"cards_removed":["Defend_B"],"damage_healed":0.0,"max_hp_gain":0.0,"max_hp_loss":0.0,"gold_gain":0.0,"event_name":"Wheel of Change","player_choice":"Card Removal","floor":4.0,"gold_loss":0.0,"damage_taken":0.0},{"damage_healed":0.0,"max_hp_gain":0.0,"max_hp_loss":0.0,"gold_gain":30.0,"event_name":"Dead Adventurer","player_choice":"Searched \u00272\u0027 times","floor":11.0,"gold_loss":0.0,"damage_taken":0.0,"relics_obtained":["DataDisk"]},{"cards_removed":["Strike_B"],"damage_healed":0.0,"max_hp_gain":0.0,"max_hp_loss":0.0,"gold_gain":0.0,"event_name":"Purifier","player_choice":"Purged","floor":22.0,"gold_loss":0.0,"damage_taken":0.0},{"damage_healed":0.0,"max_hp_gain":0.0,"max_hp_loss":0.0,"gold_gain":0.0,"event_name":"The Mausoleum","player_choice":"Ignored","floor":31.0,"gold_loss":0.0,"damage_taken":0.0}],"is_beta":false,"boss_relics":[{"not_picked":["Inserter","Tiny House"],"picked":"Runic Dome"}],"items_purged_floors":[2],"is_endless":false,"potions_floor_spawned":[5,7,16,18,19],"killed_by":"Collector","ascension_level":20}