{"gold_per_floor":[210,225,225,225,242,257,182,182,182,182,182,22,22,22,22,127,127,143,66,76,76,86,86,99,99,99,119,119,119,99,109,109,210,210,220,232,247,247,247,247,247,262,288,303,303,128,128,128,128,128],"floor_reached":51,"playtime":2630,"items_purged":["Strike_G","Dash+1"],"score":660,"play_id":"6932bf85-410a-4769-99d3-abc20b32029e","local_time":"20190724011041","is_ascension_mode":false,"campfire_choices":[{"data":"Masterful Stab","floor":8.0,"key":"SMITH"},{"data":"Dash","floor":11.0,"key":"SMITH"},{"data":"A Thousand Cuts","floor":15.0,"key":"SMITH"},{"data":"Neutralize","floor":23.0,"key":"SMITH"},{"data":"Calculated Gamble","floor":29.0,"key":"SMITH"},{"data":"Tactician","floor":32.0,"key":"SMITH"},{"floor":40.0,"key":"REST"},{"floor":45.0,"key":"REST"},{"data":"Reflex","floor":49,"key":"SMITH"}],"neow_cost":"NONE","seed_source_timestamp":23038752648211,"circlet_count":0,"master_deck":["Survivor+1","Neutralize+1","Terror+1","Tactician+1","A Thousand Cuts+1","Adrenaline+1","Well Laid Plans+1","Noxious Fumes+1","Noxious Fumes+1","Calculated Gamble+1","Acrobatics+1","After Image+1","Well Laid Plans+1","Flying Knee+1","PiercingWail+1","Caltrops+1","Crippling Poison+1","Well Laid Plans+1","Reflex+1"],"special_seed":0,"relics":["Ring of the Snake","Letter Opener","Sundial","Snake Skull","Empty Cage","Tingsha","Pandora\u0027s Box","Mark of the Bloom","Strawberry","Bag of Marbles"],"potions_floor_usage":[50,50],"damage_taken":[{"damage":0.0,"enemies":"2 Louse","floor":1.0,"turns":2.0},{"damage":0.0,"enemies":"Jaw Worm","floor":2.0,"turns":4.0},{"damage":0.0,"enemies":"Cultist","floor":5.0,"turns":2.0},{"damage":0.0,"enemies":"2 Fungi Beasts","floor":6.0,"turns":4.0},{"damage":35.0,"enemies":"Slime Boss","floor":16.0,"turns":7.0},{"damage":0.0,"enemies":"Shell Parasite","floor":18.0,"turns":5.0},{"damage":0.0,"enemies":"2 Thieves","floor":20.0,"turns":4.0},{"damage":1.0,"enemies":"Cultist and Chosen","floor":22.0,"turns":6.0},{"damage":12.0,"enemies":"Snake Plant","floor":24.0,"turns":5.0},{"damage":3.0,"enemies":"Centurion and Healer","floor":27.0,"turns":5.0},{"damage":3.0,"enemies":"Snecko","floor":31.0,"turns":5.0},{"damage":7.0,"enemies":"Automaton","floor":33.0,"turns":6.0},{"damage":0.0,"enemies":"3 Darklings","floor":35.0,"turns":3.0},{"damage":0.0,"enemies":"3 Shapes","floor":36.0,"turns":4.0},{"damage":3.0,"enemies":"Maw","floor":37.0,"turns":5.0},{"damage":0.0,"enemies":"3 Darklings","floor":42.0,"turns":3.0},{"damage":12.0,"enemies":"Spire Growth","floor":44.0,"turns":4.0},{"damage":13,"enemies":"Time Eater","floor":50,"turns":4}],"seed_played":"3099519582171200798","potions_obtained":[{"floor":1.0,"key":"Block Potion"},{"floor":6.0,"key":"Strength Potion"},{"floor":18.0,"key":"Regen Potion"},{"floor":22.0,"key":"Regen Potion"},{"floor":30.0,"key":"Poison Potion"},{"floor":37.0,"key":"Dexterity Potion"},{"floor":44.0,"key":"SkillPotion"}],"is_trial":false,"path_per_floor":["M","M","?","T","M","M","$","R","T","?","R","$","?","?","R","B",null,"M","$","M","?","M","R","M","?","T","M","?","R","?","M","R","B",null,"M","M","M","?","?","R","?","M","T","M","R","$","?","?","R","B",null],"character_chosen":"THE_SILENT","items_purchased":["A Thousand Cuts","Well Laid Plans","Reflex"],"campfire_rested":2,"item_purchase_floors":[12,19,46],"current_hp_per_floor":[70,70,70,70,70,70,70,70,70,70,70,70,75,75,75,40,75,75,75,75,75,74,74,62,62,62,59,59,59,59,56,56,49,75,75,75,72,72,71,71,71,71,71,59,59,59,59,59,59,46],"gold":128,"neow_bonus":"HUNDRED_GOLD","is_prod":false,"is_daily":false,"chose_seed":false,"campfire_upgraded":7,"win_rate":0,"timestamp":1563901841,"path_taken":["M","M","?","?","M","?","$","R","T","?","R","?","?","?","R","BOSS","M","$","M","?","M","R","?","?","T","M","?","R","?","M","R","BOSS","M","M","M","?","?","R","?","?","T","M","R","$","?","?","R","BOSS"],"build_version":"2019-07-17","purchased_purges":2,"victory":true,"max_hp_per_floor":[70,70,70,70,70,70,70,70,70,70,70,70,75,75,75,75,75,75,75,75,75,75,75,75,75,75,75,75,75,75,75,75,75,75,75,75,75,75,71,71,78,78,78,78,78,78,78,78,78,78],"card_choices":[{"not_picked":["Outmaneuver","Quick Slash","Flying Knee"],"picked":"SKIP","floor":1.0},{"not_picked":["Dodge and Roll","Blade Dance"],"picked":"Dash","floor":2.0},{"not_picked":["PiercingWail","Dagger Spray"],"picked":"Terror","floor":5.0},{"not_picked":["Setup","Quick Slash"],"picked":"Tactician","floor":6.0},{"not_picked":["Wraith Form v2","Bullet Time"],"picked":"Adrenaline","floor":16.0},{"not_picked":["Deflect","Slice","Reflex"],"picked":"SKIP","floor":18.0},{"not_picked":["Backflip","Leg Sweep"],"picked":"Noxious Fumes","floor":20.0},{"not_picked":["Quick Slash","Tactician"],"picked":"Noxious Fumes+1","floor":22.0},{"not_picked":["Underhanded Strike","Distraction"],"picked":"Leg Sweep","floor":24.0},{"not_picked":["Dagger Throw","Deadly Poison+1","Quick Slash"],"picked":"SKIP","floor":27.0},{"not_picked":["Flying Knee","Underhanded Strike"],"picked":"Acrobatics+1","floor":31.0},{"not_picked":["A Thousand Cuts","Bullet Time"],"picked":"After Image","floor":33.0},{"not_picked":["Bane","Cloak And Dagger+1","Deflect"],"picked":"SKIP","floor":35.0},{"not_picked":["Dodge and Roll+1","Cloak And Dagger","Underhanded Strike"],"picked":"SKIP","floor":36.0},{"not_picked":["Setup","Skewer+1","Accuracy"],"picked":"SKIP","floor":37.0},{"not_picked":["Setup","Leg Sweep+1","Dagger Spray"],"picked":"SKIP","floor":42.0},{"not_picked":["Distraction+1","Poisoned Stab","Dagger Spray"],"picked":"SKIP","floor":44.0}],"player_experience":5842054,"relics_obtained":[{"floor":4.0,"key":"Letter Opener"},{"floor":9.0,"key":"Sundial"},{"floor":26.0,"key":"Tingsha"},{"floor":43.0,"key":"Bag of Marbles"}],"event_choices":[{"damage_healed":0.0,"max_hp_gain":0.0,"max_hp_loss":0.0,"gold_gain":0.0,"cards_transformed":["Strike_G"],"event_name":"Living Wall","player_choice":"Change","floor":3.0,"gold_loss":0.0,"damage_taken":0.0,"cards_obtained":["Masterful Stab"]},{"damage_healed":0.0,"max_hp_gain":0.0,"max_hp_loss":0.0,"gold_gain":0.0,"event_name":"Dead Adventurer","player_choice":"Searched \u00272\u0027 times","floor":10.0,"gold_loss":0.0,"damage_taken":0.0,"relics_obtained":["Snake Skull"]},{"damage_healed":0.0,"max_hp_gain":5.0,"max_hp_loss":0.0,"gold_gain":0.0,"event_name":"Big Fish","player_choice":"Donut","floor":13.0,"gold_loss":0.0,"damage_taken":0.0},{"damage_healed":0.0,"max_hp_gain":0.0,"max_hp_loss":0.0,"gold_gain":0.0,"event_name":"Liars Game","player_choice":"Ignored","floor":14.0,"gold_loss":0.0,"damage_taken":0.0},{"damage_healed":0.0,"max_hp_gain":0.0,"max_hp_loss":0.0,"gold_gain":0.0,"event_name":"Upgrade Shrine","player_choice":"Upgraded","floor":21.0,"gold_loss":0.0,"damage_taken":0.0,"cards_upgraded":["Well Laid Plans"]},{"damage_healed":0.0,"max_hp_gain":0.0,"max_hp_loss":0.0,"gold_gain":0.0,"event_name":"The Library","player_choice":"Read","floor":25.0,"gold_loss":0.0,"damage_taken":0.0,"cards_obtained":["Calculated Gamble"]},{"damage_healed":0.0,"max_hp_gain":0.0,"max_hp_loss":0.0,"gold_gain":0.0,"event_name":"Vampires","player_choice":"Ignored","floor":28.0,"gold_loss":0.0,"damage_taken":0.0},{"damage_healed":0.0,"max_hp_gain":0.0,"max_hp_loss":0.0,"gold_gain":0.0,"event_name":"The Woman in Blue","player_choice":"Bought 1 Potion","floor":30.0,"gold_loss":0.0,"damage_taken":0.0},{"damage_healed":0.0,"max_hp_gain":0.0,"max_hp_loss":0.0,"gold_gain":0.0,"event_name":"MindBloom","player_choice":"Upgrade","floor":38.0,"gold_loss":0.0,"damage_taken":0.0,"cards_upgraded":["Survivor","Terror","Adrenaline","Noxious Fumes","Leg Sweep","After Image","Well Laid Plans","Flying Knee","PiercingWail","Caltrops","Crippling Poison","Well Laid Plans"],"relics_obtained":["Mark of the Bloom"]},{"damage_healed":0.0,"max_hp_gain":0.0,"max_hp_loss":4.0,"gold_gain":0.0,"event_name":"Winding Halls","player_choice":"Max HP","floor":39.0,"gold_loss":0.0,"damage_taken":0.0},{"cards_removed":["Leg Sweep"],"damage_healed":0.0,"max_hp_gain":0.0,"max_hp_loss":0.0,"gold_gain":0.0,"event_name":"WeMeetAgain","player_choice":"Gave Card","floor":41.0,"gold_loss":0.0,"damage_taken":0.0,"relics_obtained":["Strawberry"]},{"cards_removed":["Masterful Stab"],"damage_healed":0.0,"max_hp_gain":0.0,"max_hp_loss":0.0,"gold_gain":0.0,"event_name":"Falling","player_choice":"Removed Attack","floor":47.0,"gold_loss":0.0,"damage_taken":0.0},{"damage_healed":0,"gold_gain":0,"player_choice":"Memory 1","damage_taken":0,"max_hp_gain":0,"max_hp_loss":0,"event_name":"SensoryStone","floor":48,"gold_loss":0}],"is_beta":false,"boss_relics":[{"not_picked":["Calling Bell","Tiny House"],"picked":"Empty Cage"},{"not_picked":["Runic Pyramid","Runic Dome"],"picked":"Pandora\u0027s Box"}],"items_purged_floors":[7,46],"is_endless":false,"potions_floor_spawned":[1,6,18,22,36,37,44],"ascension_level":0}