{"gold_per_floor":[118,131,144,144,109,137,212,212,212,243,243,283,299,299,299,425,425,439,29,0],"floor_reached":20,"playtime":1103,"items_purged":["Strike_B"],"score":266,"play_id":"8906e83e-3e42-4c88-b893-759d72f474e4","local_time":"20190807194841","is_ascension_mode":true,"campfire_choices":[{"floor":8.0,"key":"REST"},{"floor":15.0,"key":"REST"}],"neow_cost":"NONE","seed_source_timestamp":276037763901641,"circlet_count":0,"master_deck":["Strike_B","Strike_B","Strike_B","Defend_B","Defend_B","Defend_B+1","Defend_B","Zap+1","Dualcast","Undo+1","Chaos","Rip and Tear","Double Energy","Compile Driver","Defragment","Capacitor","Echo Form","Defragment"],"special_seed":0,"relics":["Cracked Core","Ice Cream","WingedGreaves","Smiling Mask","Golden Idol","Orichalcum","Sozu","Incense Burner"],"potions_floor_usage":[],"damage_taken":[{"damage":2.0,"enemies":"2 Louse","floor":1.0,"turns":2.0},{"damage":2.0,"enemies":"Jaw Worm","floor":2.0,"turns":4.0},{"damage":0.0,"enemies":"Small Slimes","floor":3.0,"turns":3.0},{"damage":30.0,"enemies":"Gremlin Nob","floor":6.0,"turns":5.0},{"damage":22.0,"enemies":"3 Sentries","floor":10.0,"turns":8.0},{"damage":21.0,"enemies":"Gremlin Nob","floor":12.0,"turns":4.0},{"damage":0.0,"enemies":"Blue Slaver","floor":13.0,"turns":2.0},{"damage":2.0,"enemies":"Slime Boss","floor":16.0,"turns":12.0},{"damage":21.0,"enemies":"Shell Parasite","floor":18.0,"turns":6.0},{"damage":40,"enemies":"2 Thieves","floor":20,"turns":3}],"seed_played":"4642983411610125775","potions_obtained":[{"floor":1.0,"key":"Swift Potion"},{"floor":6.0,"key":"Energy Potion"},{"floor":12.0,"key":"FocusPotion"}],"is_trial":false,"path_per_floor":["M","M","M","?","?","E","?","R","T","E","?","E","M","?","R","B",null,"M","$","M"],"character_chosen":"DEFECT","items_purchased":["Incense Burner","Defragment"],"campfire_rested":2,"item_purchase_floors":[19,19],"current_hp_per_floor":[66,64,64,49,67,37,26,48,48,26,26,5,5,5,25,23,58,37,37,0],"gold":0,"neow_bonus":"UPGRADE_CARD","is_prod":false,"is_daily":false,"chose_seed":false,"campfire_upgraded":0,"win_rate":0,"timestamp":1565221721,"path_taken":["M","M","M","?","?","E","?","R","T","E","?","E","?","?","R","BOSS","M","$","M"],"build_version":"2019-07-17","purchased_purges":1,"victory":false,"max_hp_per_floor":[75,75,75,75,75,75,75,75,75,75,69,69,69,69,69,69,69,69,69,69],"card_choices":[{"not_picked":["Steam","Stack"],"picked":"Undo","floor":1.0},{"not_picked":["Lockon","Heatsinks"],"picked":"Chaos","floor":2.0},{"not_picked":["Blizzard","Barrage"],"picked":"Rip and Tear","floor":3.0},{"not_picked":["Darkness","Doom and Gloom"],"picked":"Double Energy","floor":6.0},{"not_picked":["Stack","Amplify"],"picked":"Compile Driver","floor":10.0},{"not_picked":["Barrage","Amplify"],"picked":"Defragment","floor":12.0},{"not_picked":["Steam","Redo"],"picked":"Capacitor","floor":13.0},{"not_picked":["Meteor Strike","Thunder Strike"],"picked":"Echo Form","floor":16.0},{"not_picked":["Streamline+1","Redo","Go for the Eyes"],"picked":"SKIP","floor":18.0}],"player_experience":490985,"relics_obtained":[{"floor":6.0,"key":"Ice Cream"},{"floor":9.0,"key":"WingedGreaves"},{"floor":10.0,"key":"Smiling Mask"},{"floor":12.0,"key":"Orichalcum"}],"event_choices":[{"damage_healed":0.0,"max_hp_gain":0.0,"max_hp_loss":0.0,"gold_gain":0.0,"event_name":"Shining Light","player_choice":"Entered Light","floor":4.0,"gold_loss":0.0,"damage_taken":15.0,"cards_upgraded":["Undo","Defend_B"]},{"damage_healed":18.0,"max_hp_gain":0.0,"max_hp_loss":0.0,"gold_gain":0.0,"event_name":"The Cleric","player_choice":"Healed","floor":5.0,"gold_loss":35.0,"damage_taken":0.0},{"damage_healed":0.0,"max_hp_gain":0.0,"max_hp_loss":0.0,"gold_gain":75.0,"event_name":"World of Goop","player_choice":"Gather Gold","floor":7.0,"gold_loss":0.0,"damage_taken":11.0},{"damage_healed":0.0,"max_hp_gain":0.0,"max_hp_loss":6.0,"gold_gain":0.0,"event_name":"Golden Idol","player_choice":"Lose Max HP","floor":11.0,"gold_loss":0.0,"damage_taken":0.0,"relics_obtained":["Golden Idol"]},{"damage_healed":0.0,"max_hp_gain":0.0,"max_hp_loss":0.0,"gold_gain":0.0,"event_name":"Scrap Ooze","player_choice":"Fled","floor":14.0,"gold_loss":0.0,"damage_taken":0.0}],"is_beta":false,"boss_relics":[{"not_picked":["Ectoplasm","Lizard Tail"],"picked":"Sozu"}],"items_purged_floors":[19],"is_endless":false,"potions_floor_spawned":[1,6,12,18],"killed_by":"2 Thieves","ascension_level":8}