{"gold_per_floor":[119,134,134,209,226,254,267,267,267,279,279,299,299,48,48,146,146,166,10,10,10,10,37,37,37,61,161,161,61,87,103,103,208,208,228,247,247,81,81,110,110,145,145,179,179,179,179,195,195,195],"floor_reached":51,"playtime":2433,"items_purged":["Strike_G","Strike_G","Strike_G"],"score":1159,"play_id":"6cf6ca03-8212-4ef4-9500-6277ef4d67c2","local_time":"20180925163944","is_ascension_mode":true,"campfire_choices":[{"data":"Reflex","floor":8.0,"key":"SMITH"},{"floor":11.0,"key":"REST"},{"floor":13.0,"key":"REST"},{"data":"A Thousand Cuts","floor":15.0,"key":"SMITH"},{"data":"Footwork","floor":25,"key":"SMITH"},{"floor":28,"key":"REST"},{"floor":32,"key":"REST"},{"data":"Acrobatics","floor":41,"key":"SMITH"},{"data":"Eviscerate","floor":45,"key":"SMITH"},{"data":"Neutralize","floor":47,"key":"SMITH"},{"data":"Neutralize","floor":49,"key":"SMITH"}],"neow_cost":"NONE","seed_source_timestamp":358443162563266,"circlet_count":0,"master_deck":["Defend_G","Defend_G","Defend_G","Defend_G","Defend_G","Strike_G","Survivor","Neutralize+1","All Out Attack","Reflex+1","Eviscerate+1","A Thousand Cuts+1","Neutralize+1","Quick Slash","Acrobatics+1","Predator","Footwork+1","Tactician+1","Reflex+1","Crippling Poison+1","Blade Dance+1","Backflip+1","Underhanded Strike","Storm of Steel+1","Acrobatics+1","Leg Sweep+1","Injury","Tactician+1"],"special_seed":0,"relics":["HoveringKite","Happy Flower","Gremlin Horn","Toxic Egg 2","Snecko Eye","MutagenicStrength","Dodecahedron","Dream Catcher","Calipers","Ornamental Fan","Sundial","Cursed Key","Ginger","Pen Nib","Pear","Mercury Hourglass"],"potions_floor_usage":[30,30,33,42,50,50,50],"damage_taken":[{"damage":11.0,"enemies":"Jaw Worm","floor":1.0,"turns":7.0},{"damage":4.0,"enemies":"Cultist","floor":2.0,"turns":5.0},{"damage":0.0,"enemies":"2 Louse","floor":5.0,"turns":2.0},{"damage":22.0,"enemies":"3 Sentries","floor":6.0,"turns":7.0},{"damage":1.0,"enemies":"Looter","floor":7.0,"turns":4.0},{"damage":7.0,"enemies":"Lots of Slimes","floor":10.0,"turns":2.0},{"damage":27.0,"enemies":"Exordium Thugs","floor":12.0,"turns":5.0},{"damage":0.0,"enemies":"Slime Boss","floor":16.0,"turns":6.0},{"damage":0.0,"enemies":"3 Byrds","floor":18.0,"turns":4.0},{"damage":0,"enemies":"Gremlin Leader","floor":23,"turns":4},{"damage":19,"enemies":"Colosseum Slavers","floor":27,"turns":4},{"damage":24,"enemies":"Colosseum Nobs","floor":27,"turns":5},{"damage":6,"enemies":"Book of Stabbing","floor":30,"turns":5},{"damage":0,"enemies":"Spheric Guardian","floor":31,"turns":3},{"damage":22,"enemies":"Automaton","floor":33,"turns":7},{"damage":0,"enemies":"Orb Walker","floor":35,"turns":2},{"damage":11,"enemies":"3 Shapes","floor":36,"turns":5},{"damage":0,"enemies":"Giant Head","floor":40,"turns":5},{"damage":0,"enemies":"2 Orb Walkers","floor":42,"turns":4},{"damage":0,"enemies":"Nemesis","floor":44,"turns":5},{"damage":0,"enemies":"Reptomancer","floor":48,"turns":3},{"damage":11,"enemies":"Time Eater","floor":50,"turns":8}],"seed_played":"-7464361323662051475","potions_obtained":[{"floor":2.0,"key":"GamblersBrew"},{"floor":6.0,"key":"SkillPotion"},{"floor":12.0,"key":"LiquidBronze"},{"floor":18.0,"key":"LiquidBronze"},{"floor":27,"key":"SpeedPotion"},{"floor":31,"key":"Energy Potion"},{"floor":36,"key":"Block Potion"},{"floor":40,"key":"Explosive Potion"},{"floor":48,"key":"Energy Potion"}],"is_trial":false,"path_per_floor":["M","M","?","?","M","E","M","R","T","M","R","M","R","$","R","B",null,"M","$","?","?","?","E","$","R","T","?","R","$","E","M","R","B",null,"M","M","?","$","?","E","R","E","T","E","R","?","R","M","R","B"],"character_chosen":"THE_SILENT","items_purchased":["Toxic Egg 2","Tactician+1","Leg Sweep+1"],"campfire_rested":4,"item_purchase_floors":[14,19,38],"current_hp_per_floor":[59,55,55,44,44,22,21,21,21,14,35,8,29,29,29,29,60,60,60,60,60,60,60,60,60,60,17,38,38,32,32,53,31,60,60,49,80,80,80,80,80,80,90,90,90,90,90,90,90,79],"gold":195,"neow_bonus":"BOSS_RELIC","is_prod":false,"is_daily":false,"chose_seed":false,"campfire_upgraded":7,"win_rate":0,"timestamp":1537864784,"path_taken":["M","M","?","?","?","E","M","R","T","M","R","M","R","?","R","BOSS","M","$","?","?","?","E","?","R","T","?","R","$","E","M","R","BOSS","M","M","?","$","?","E","R","E","T","E","R","?","R","M","R","BOSS"],"build_version":"2018-09-20","purchased_purges":3,"victory":true,"max_hp_per_floor":[70,70,70,70,70,70,70,70,70,70,70,70,70,70,70,70,70,70,70,70,70,70,70,70,70,70,70,70,70,70,70,70,70,70,70,70,80,80,80,80,80,80,90,90,90,90,90,90,90,90],"card_choices":[{"not_picked":["Deflect","Dodge and Roll"],"picked":"All Out Attack","floor":1.0},{"not_picked":["Prepared","PiercingWail"],"picked":"Reflex","floor":2.0},{"not_picked":["Catalyst","Caltrops","Dagger Throw"],"picked":"SKIP","floor":5.0},{"not_picked":["Outmaneuver","Tools of the Trade"],"picked":"Quick Slash","floor":6.0},{"not_picked":["Concentrate","Dodge and Roll"],"picked":"Acrobatics","floor":7.0},{"not_picked":["Slice","Heel Hook","Dodge and Roll"],"picked":"SKIP","floor":10.0},{"not_picked":["Deadly Poison","Slice"],"picked":"Predator","floor":12.0},{"not_picked":["Phantasmal Killer+1","Glass Knife"],"picked":"Night Terror+1","floor":16.0},{"not_picked":["Prepared+1","Cloak And Dagger+1"],"picked":"Footwork","floor":18.0},{"not_picked":["Outmaneuver+1","Concentrate+1"],"picked":"Crippling Poison+1","floor":23},{"not_picked":["Dash","Dagger Throw"],"picked":"Blade Dance+1","floor":27},{"not_picked":["Bane+1","Dagger Spray"],"picked":"Backflip+1","floor":28},{"not_picked":["Distraction+1","Deadly Poison+1","Underhanded Strike"],"picked":"SKIP","floor":30},{"not_picked":["Distraction+1","Deadly Poison+1"],"picked":"Underhanded Strike","floor":30},{"not_picked":["Sucker Punch","Flying Knee+1","Dagger Throw"],"picked":"SKIP","floor":31},{"not_picked":["Tools of the Trade","Glass Knife"],"picked":"Storm of Steel+1","floor":33},{"not_picked":["Sucker Punch","Caltrops"],"picked":"Acrobatics+1","floor":35},{"not_picked":["Endless Agony+1","Blade Dance+1","Acrobatics+1"],"picked":"SKIP","floor":36},{"not_picked":["Flying Knee","Terror+1","Deadly Poison+1"],"picked":"SKIP","floor":40},{"not_picked":["Die Die Die","Poisoned Stab","Underhanded Strike"],"picked":"SKIP","floor":42},{"not_picked":["Prepared+1","Finisher+1"],"picked":"Tactician+1","floor":44},{"not_picked":["Riddle With Holes","Quick Slash+1","Predator"],"picked":"SKIP","floor":48}],"player_experience":137234,"relics_obtained":[{"floor":6.0,"key":"Happy Flower"},{"floor":9.0,"key":"Gremlin Horn"},{"floor":23,"key":"Dodecahedron"},{"floor":26,"key":"Dream Catcher"},{"floor":27,"key":"Calipers"},{"floor":27,"key":"Ornamental Fan"},{"floor":30,"key":"Sundial"},{"floor":40,"key":"Ginger"},{"floor":42,"key":"Pen Nib"},{"floor":43,"key":"Pear"},{"floor":44,"key":"Mercury Hourglass"}],"event_choices":[{"event_name":"Match and Keep!","player_choice":"3 cards matched","floor":3.0,"damage_taken":0.0},{"event_name":"World of Goop","player_choice":"Gather Gold","floor":4.0,"damage_taken":0.0},{"event_name":"Match and Keep!","player_choice":"1 cards matched","floor":20,"damage_taken":0},{"event_name":"Drug Dealer","player_choice":"Inject Mutagens","floor":21,"damage_taken":0},{"event_name":"Vampires","player_choice":"Ignored","floor":22,"damage_taken":0},{"event_name":"Colosseum","player_choice":"Fight","floor":27,"damage_taken":0},{"event_name":"Colosseum","player_choice":"Fought Nobs","floor":27,"damage_taken":0},{"event_name":"Bonfire Elementals","player_choice":"RARE","floor":37,"damage_taken":0},{"event_name":"SensoryStone","player_choice":"Memory 1","floor":39,"damage_taken":0},{"event_name":"Falling","player_choice":"Removed Attack","floor":46,"damage_taken":0}],"is_beta":false,"boss_relics":[{"not_picked":["Calling Bell","Ectoplasm"],"picked":"Snecko Eye"},{"not_picked":["Philosopher\u0027s Stone","Runic Pyramid"],"picked":"Cursed Key"}],"items_purged_floors":[19,29,38],"is_endless":false,"potions_floor_spawned":[2,6,12,18,27,31,36,40,48],"ascension_level":5}