{"gold_per_floor":[109,123,48,48,78,78,113,127,127,146,159,184,184,184,184,255,255,207,107,107,127,177,177],"floor_reached":23,"playtime":699,"items_purged":["Defend_G","Strike_G"],"score":448,"play_id":"c221e182-a682-43ad-a064-d52ed931c5fd","local_time":"20190108160750","is_ascension_mode":true,"campfire_choices":[{"data":"Neutralize","floor":6.0,"key":"SMITH"},{"data":"Catalyst","floor":13.0,"key":"SMITH"},{"data":"Deadly Poison","floor":15.0,"key":"SMITH"}],"neow_cost":"NONE","seed_source_timestamp":16128260104072,"circlet_count":0,"master_deck":["AscendersBane","Defend_G","Defend_G","Defend_G","Defend_G","Strike_G","Survivor","Neutralize+1","Regret","Deadly Poison+1","Well Laid Plans","Catalyst+1","Burst","Setup+1","Calculated Gamble+1","Dodge and Roll+1","Acrobatics+1"],"special_seed":0,"relics":["Ring of the Snake","NeowsBlessing","Blue Candle","Tiny Chest","Lantern","Bag of Marbles","Regal Pillow","Astrolabe","Frozen Egg 2"],"potions_floor_usage":[16,18],"damage_taken":[{"damage":0.0,"enemies":"Small Slimes","floor":1.0,"turns":1.0},{"damage":0.0,"enemies":"2 Louse","floor":2.0,"turns":1.0},{"damage":0.0,"enemies":"Gremlin Nob","floor":7.0,"turns":1.0},{"damage":1.0,"enemies":"Jaw Worm","floor":8.0,"turns":5.0},{"damage":2.0,"enemies":"Blue Slaver","floor":10.0,"turns":3.0},{"damage":3.0,"enemies":"Red Slaver","floor":11.0,"turns":3.0},{"damage":23.0,"enemies":"3 Sentries","floor":12.0,"turns":12.0},{"damage":19,"enemies":"Hexaghost","floor":16,"turns":8},{"damage":2,"enemies":"2 Thieves","floor":18,"turns":5},{"damage":8,"enemies":"3 Byrds","floor":21,"turns":11},{"damage":0,"enemies":"Slavers","floor":23,"turns":1}],"seed_played":"8869672825879511706","potions_obtained":[{"floor":1.0,"key":"EssenceOfSteel"},{"floor":2.0,"key":"Weak Potion"},{"floor":14.0,"key":"Poison Potion"},{"floor":18,"key":"Strength Potion"},{"floor":21,"key":"SneckoOil"}],"is_trial":false,"path_per_floor":["M","M","$","?","?","R","E","M","T","M","M","E","R","?","R","B",null,"M","$","T","M","?","E"],"character_chosen":"THE_SILENT","items_purchased":[],"campfire_rested":0,"item_purchase_floors":[],"current_hp_per_floor":[59,59,59,54,54,54,54,53,53,51,48,25,25,25,25,6,51,49,49,49,41,41,41],"gold":177,"neow_bonus":"THREE_ENEMY_KILL","is_prod":false,"is_daily":false,"chose_seed":false,"campfire_upgraded":3,"win_rate":0,"timestamp":1546934870,"path_taken":["M","M","$","?","?","R","E","M","T","?","M","E","R","?","R","BOSS","M","$","?","?","?","E"],"build_version":"2019-01-03v4","purchased_purges":2,"victory":false,"max_hp_per_floor":[66,66,66,66,66,66,66,66,66,66,66,66,66,66,66,66,66,66,66,66,66,66,66],"card_choices":[{"not_picked":["Expertise","Dodge and Roll","Skewer"],"picked":"SKIP","floor":1.0},{"not_picked":["Deflect","Backflip","Distraction"],"picked":"SKIP","floor":2.0},{"not_picked":["Distraction","Outmaneuver","Deflect"],"picked":"SKIP","floor":7.0},{"not_picked":["Masterful Stab","Reflex"],"picked":"Deadly Poison","floor":8.0},{"not_picked":["Masterful Stab","Quick Slash","Dagger Spray"],"picked":"SKIP","floor":10.0},{"not_picked":["Flechettes","Flying Knee"],"picked":"Well Laid Plans","floor":11.0},{"not_picked":["Acrobatics","Die Die Die"],"picked":"Catalyst","floor":12.0},{"not_picked":["Malaise","Storm of Steel"],"picked":"Burst","floor":16},{"not_picked":["Quick Slash","Acrobatics","Dagger Throw"],"picked":"SKIP","floor":18},{"not_picked":["PiercingWail","Flying Knee"],"picked":"Acrobatics+1","floor":21}],"player_experience":1853213,"relics_obtained":[{"floor":7.0,"key":"Lantern"},{"floor":9.0,"key":"Bag of Marbles"},{"floor":12.0,"key":"Regal Pillow"},{"floor":20,"key":"Frozen Egg 2"}],"event_choices":[{"damage_healed":0.0,"max_hp_gain":0.0,"max_hp_loss":0.0,"gold_gain":0.0,"event_name":"Scrap Ooze","player_choice":"Success","floor":4.0,"gold_loss":0.0,"damage_taken":5.0,"relics_obtained":["Blue Candle"]},{"damage_healed":0.0,"max_hp_gain":0.0,"max_hp_loss":0.0,"gold_gain":0.0,"event_name":"Big Fish","player_choice":"Box","floor":5.0,"gold_loss":0.0,"damage_taken":0.0,"relics_obtained":["Tiny Chest"],"cards_obtained":["Regret"]},{"damage_healed":0.0,"max_hp_gain":0.0,"max_hp_loss":0.0,"gold_gain":0.0,"event_name":"Lab","player_choice":"Got Potions","floor":14.0,"gold_loss":0.0,"damage_taken":0.0},{"damage_healed":0,"gold_gain":50,"player_choice":"Stole From Cult","damage_taken":0,"max_hp_gain":0,"max_hp_loss":0,"event_name":"Nest","floor":22,"gold_loss":0}],"is_beta":false,"boss_relics":[{"not_picked":["Black Star","White Beast Statue"],"picked":"Astrolabe"}],"items_purged_floors":[3,19],"is_endless":false,"potions_floor_spawned":[1,2,11,18,21],"killed_by":"Slavers","ascension_level":20}