{"gold_per_floor":[10,10,21,21,38,38,72,72,99,129,140,156,156,181,181,258,258,278,298,298,32,50,50,78,28,51,78,78,348,376,395,395,395],"floor_reached":33,"playtime":2054,"items_purged":["Shame","Strike_G"],"score":696,"play_id":"e668838f-e16d-4d33-a017-29e626f697a7","local_time":"20190720233222","is_ascension_mode":true,"campfire_choices":[{"data":"Dash","floor":6,"key":"SMITH"},{"floor":8,"key":"REST"},{"floor":15,"key":"REST"},{"data":"Noxious Fumes","floor":23,"key":"SMITH"},{"floor":28,"key":"REST"},{"data":"Footwork","floor":32,"key":"SMITH"}],"neow_cost":"NO_GOLD","seed_source_timestamp":97015711462890,"circlet_count":0,"master_deck":["AscendersBane","Strike_G","Strike_G","Strike_G","Strike_G","Defend_G","Defend_G+1","Defend_G","Defend_G","Defend_G","Survivor+1","Neutralize+1","Backstab","Dash+1","Heel Hook","Crippling Poison","Crippling Poison","Backflip","Noxious Fumes+1","Backstab","Malaise","Deadly Poison","Footwork+1","Heel Hook","Backflip","Footwork+1"],"relics":["Ring of the Snake","Thread and Needle","Regal Pillow","Bag of Marbles","Smiling Mask","Ninja Scroll","Philosopher\u0027s Stone","Oddly Smooth Stone","OrangePellets","Dream Catcher","PreservedInsect","Shuriken","Pantograph"],"potions_floor_usage":[7,7,14,14,24,27,33,33],"damage_taken":[{"damage":0,"enemies":"Small Slimes","floor":1,"turns":4},{"damage":0,"enemies":"2 Louse","floor":3,"turns":2},{"damage":0,"enemies":"Cultist","floor":5,"turns":4},{"damage":16,"enemies":"Lagavulin","floor":7,"turns":7},{"damage":13,"enemies":"3 Sentries","floor":10,"turns":11},{"damage":0,"enemies":"2 Fungi Beasts","floor":11,"turns":2},{"damage":4,"enemies":"Exordium Thugs","floor":12,"turns":4},{"damage":14,"enemies":"Gremlin Nob","floor":14,"turns":5},{"damage":1,"enemies":"The Guardian","floor":16,"turns":12},{"damage":4,"enemies":"2 Thieves","floor":18,"turns":4},{"damage":0,"enemies":"3 Byrds","floor":19,"turns":4},{"damage":1,"enemies":"Snake Plant","floor":22,"turns":4},{"damage":24,"enemies":"Gremlin Leader","floor":24,"turns":7},{"damage":12,"enemies":"Book of Stabbing","floor":27,"turns":6},{"damage":0,"enemies":"Gremlin Leader","floor":30,"turns":4},{"damage":0,"enemies":"Centurion and Healer","floor":31,"turns":3},{"damage":77,"enemies":"Collector","floor":33,"turns":8}],"seed_played":"6771921777964359698","potions_obtained":[{"floor":1,"key":"LiquidBronze"},{"floor":3,"key":"Block Potion"},{"floor":7,"key":"Ancient Potion"},{"floor":11,"key":"Weak Potion"},{"floor":16,"key":"AttackPotion"},{"floor":18,"key":"EssenceOfSteel"},{"floor":24,"key":"SpeedPotion"},{"floor":30,"key":"Energy Potion"}],"is_trial":false,"path_per_floor":["M","?","M","?","M","R","E","R","T","E","M","M","?","E","R","B",null,"M","M","?","$","M","R","E","$","T","E","R","?","E","M","R","B"],"character_chosen":"THE_SILENT","items_purchased":["OrangePellets"],"campfire_rested":3,"item_purchase_floors":[21],"current_hp_per_floor":[59,59,59,64,64,64,48,71,71,58,58,54,33,19,55,54,67,63,63,63,63,62,62,38,38,38,26,62,34,34,34,34,0],"gold":395,"neow_bonus":"ONE_RARE_RELIC","is_prod":false,"is_daily":false,"chose_seed":false,"campfire_upgraded":3,"win_rate":0,"timestamp":1563658342,"path_taken":["M","?","M","?","M","R","E","R","T","E","M","M","?","E","R","BOSS","M","M","?","$","M","R","E","$","T","E","R","?","E","?","R","BOSS"],"build_version":"2019-07-17","purchased_purges":2,"victory":false,"max_hp_per_floor":[66,66,66,71,71,71,71,71,71,71,71,71,71,71,71,71,71,71,71,71,71,71,71,71,71,71,71,71,71,71,71,71,71],"card_choices":[{"not_picked":["Quick Slash","Calculated Gamble"],"picked":"Backstab","floor":1},{"not_picked":["Poisoned Stab","Backflip"],"picked":"Dash","floor":3},{"not_picked":["Concentrate","Tactician"],"picked":"Heel Hook","floor":5},{"not_picked":["Eviscerate","Well Laid Plans"],"picked":"Crippling Poison","floor":7},{"not_picked":["Calculated Gamble","Finisher"],"picked":"Crippling Poison","floor":10},{"not_picked":["Quick Slash","Underhanded Strike"],"picked":"Backflip","floor":11},{"not_picked":["Blade Dance","Dagger Throw"],"picked":"Noxious Fumes","floor":12},{"not_picked":["Terror","Endless Agony"],"picked":"Backstab","floor":14},{"not_picked":["Glass Knife","Wraith Form v2"],"picked":"Malaise","floor":16},{"not_picked":["Eviscerate","Endless Agony"],"picked":"Deadly Poison","floor":18},{"not_picked":["Outmaneuver","Bane","Dagger Throw"],"picked":"SKIP","floor":19},{"not_picked":["Blade Dance","Noxious Fumes"],"picked":"Footwork+1","floor":22},{"not_picked":["PiercingWail","Blade Dance","Skewer"],"picked":"SKIP","floor":24},{"not_picked":["Slice","Masterful Stab"],"picked":"Heel Hook","floor":27},{"not_picked":["Acrobatics","Underhanded Strike"],"picked":"Backflip","floor":28},{"not_picked":["Sucker Punch","Heel Hook"],"picked":"Footwork","floor":30},{"not_picked":["Dagger Throw","Doppelganger","Quick Slash"],"picked":"SKIP","floor":31}],"player_experience":741874,"relics_obtained":[{"floor":7,"key":"Regal Pillow"},{"floor":9,"key":"Bag of Marbles"},{"floor":10,"key":"Smiling Mask"},{"floor":14,"key":"Ninja Scroll"},{"floor":24,"key":"Dream Catcher"},{"floor":26,"key":"PreservedInsect"},{"floor":27,"key":"Shuriken"},{"floor":30,"key":"Pantograph"}],"event_choices":[{"damage_healed":0,"gold_gain":0,"player_choice":"Grow","damage_taken":0,"max_hp_gain":0,"max_hp_loss":0,"event_name":"Living Wall","floor":2,"gold_loss":0,"cards_upgraded":["Neutralize"]},{"damage_healed":0,"gold_gain":0,"player_choice":"Donut","damage_taken":0,"max_hp_gain":5,"max_hp_loss":0,"event_name":"Big Fish","floor":4,"gold_loss":0},{"damage_healed":0,"gold_gain":0,"player_choice":"Entered Light","damage_taken":21,"max_hp_gain":0,"max_hp_loss":0,"event_name":"Shining Light","floor":13,"gold_loss":0,"cards_upgraded":["Survivor","Defend_G"]},{"damage_healed":0,"gold_gain":0,"player_choice":"Stole Relic","damage_taken":0,"relics_obtained":["Oddly Smooth Stone"],"max_hp_gain":0,"max_hp_loss":0,"event_name":"Addict","floor":20,"gold_loss":0,"cards_obtained":["Shame"]},{"damage_healed":0,"gold_gain":270,"player_choice":"GOLD GOLD GOLD ","damage_taken":28,"max_hp_gain":0,"max_hp_loss":0,"event_name":"Knowing Skull","floor":29,"potions_obtained":[],"gold_loss":0,"cards_obtained":[]}],"is_beta":false,"boss_relics":[{"not_picked":["Calling Bell","Lizard Tail"],"picked":"Philosopher\u0027s Stone"}],"items_purged_floors":[21,25],"is_endless":false,"potions_floor_spawned":[1,3,7,11,16,18,24,30],"killed_by":"Collector","ascension_level":20}