{"gold_per_floor":[114,20,39,39,39,39,39,39,39,67,80,114,114,149,149,228,228,242,298,18,18,31,31,42,42,42,42,56,56,71,81,81,158,158,174,174,174,190,269,269,269,269,295,306,206,206],"floor_reached":46,"playtime":2337,"items_purged":["Strike_G","Strike_G"],"score":918,"play_id":"bae79a5e-dc85-468f-a229-6f235d07c07f","local_time":"20190101154155","is_ascension_mode":true,"campfire_choices":[{"data":"Deadly Poison","floor":6.0,"key":"SMITH"},{"data":"Well Laid Plans","floor":8.0,"key":"SMITH"},{"data":"Glass Knife","floor":13.0,"key":"SMITH"},{"data":"Bouncing Flask","floor":15.0,"key":"SMITH"},{"data":"Apotheosis","floor":23.0,"key":"SMITH"},{"data":"Malaise","floor":25.0,"key":"SMITH"},{"floor":27.0,"key":"RECALL"},{"floor":32.0,"key":"REST"},{"data":"Footwork","floor":40.0,"key":"SMITH"},{"data":"Footwork","floor":42,"key":"SMITH"}],"neow_cost":"NONE","seed_source_timestamp":12012814495333,"circlet_count":0,"master_deck":["AscendersBane","Defend_G","Defend_G","Defend_G","Defend_G","Defend_G","Strike_G","Survivor","Neutralize","Well Laid Plans+1","Deadly Poison+1","Glass Knife+1","Bouncing Flask+1","Malaise+1","Acrobatics+1","Apotheosis+1","PiercingWail","Leg Sweep","Shame","Backflip+1","Deadly Poison+1","Grand Finale","Footwork+1","Footwork+1","Dodge and Roll+1","Noxious Fumes","Tactician+1","Violence+1"],"special_seed":0,"relics":["Ring of the Snake","NeowsBlessing","Meat on the Bone","Boot","Question Card","Sozu","Tiny Chest","Toxic Egg 2","Blue Candle","Orrery","Frozen Egg 2"],"potions_floor_usage":[46],"damage_taken":[{"damage":0.0,"enemies":"Cultist","floor":1.0,"turns":1.0},{"damage":0.0,"enemies":"2 Louse","floor":3.0,"turns":1.0},{"damage":0.0,"enemies":"Gremlin Nob","floor":10.0,"turns":1.0},{"damage":1.0,"enemies":"Small Slimes","floor":11.0,"turns":4.0},{"damage":16.0,"enemies":"Lagavulin","floor":12.0,"turns":8.0},{"damage":31.0,"enemies":"Gremlin Nob","floor":14.0,"turns":4.0},{"damage":9.0,"enemies":"Hexaghost","floor":16.0,"turns":8.0},{"damage":19.0,"enemies":"3 Byrds","floor":18.0,"turns":6.0},{"damage":20.0,"enemies":"Colosseum Slavers","floor":21.0,"turns":6.0},{"damage":12.0,"enemies":"Chosen","floor":22.0,"turns":5.0},{"damage":0.0,"enemies":"Shelled Parasite and Fungi","floor":24.0,"turns":7.0},{"damage":0.0,"enemies":"Centurion and Healer","floor":28.0,"turns":7.0},{"damage":1.0,"enemies":"Snecko","floor":30.0,"turns":6.0},{"damage":1.0,"enemies":"Cultist and Chosen","floor":31.0,"turns":9.0},{"damage":31.0,"enemies":"Automaton","floor":33.0,"turns":12.0},{"damage":30.0,"enemies":"3 Darklings","floor":35.0,"turns":8.0},{"damage":10.0,"enemies":"Orb Walker","floor":38.0,"turns":6.0},{"damage":29,"enemies":"3 Darklings","floor":44,"turns":5},{"damage":27,"enemies":"Reptomancer","floor":46,"turns":2}],"seed_played":"-5488774105882884901","potions_obtained":[{"floor":1.0,"key":"Explosive Potion"},{"floor":10.0,"key":"Explosive Potion"},{"floor":16.0,"key":"Ancient Potion"}],"is_trial":false,"path_per_floor":["M","$","M","$","?","R","?","R","T","E","M","E","R","E","R","B",null,"M","T","$","?","M","R","M","R","T","R","M","?","M","M","R","B",null,"M","?","?","M","T","R","?","R","T","M","$","E"],"character_chosen":"THE_SILENT","items_purchased":["Well Laid Plans","Deadly Poison","Apotheosis"],"campfire_rested":1,"item_purchase_floors":[2,2,20],"current_hp_per_floor":[59,59,59,59,59,59,59,59,59,59,58,42,42,23,23,26,56,37,37,37,29,29,29,41,41,41,41,41,41,40,39,58,39,59,41,41,41,43,43,43,43,43,43,26,26,0],"gold":206,"neow_bonus":"THREE_ENEMY_KILL","is_prod":false,"is_daily":false,"chose_seed":false,"campfire_upgraded":8,"win_rate":0,"timestamp":1546328515,"path_taken":["M","$","M","$","?","R","?","R","T","E","M","E","R","E","R","BOSS","M","?","?","?","M","R","M","R","T","R","M","?","M","?","R","BOSS","M","?","?","M","?","R","?","R","T","M","$","E"],"build_version":"2018-12-20","purchased_purges":2,"victory":false,"max_hp_per_floor":[66,66,66,66,66,66,66,66,66,66,66,66,66,66,66,66,66,66,66,66,66,66,66,66,66,66,66,66,66,66,66,66,66,66,66,66,63,63,63,63,63,63,63,63,63,63],"card_choices":[{"not_picked":["All Out Attack","Blade Dance","Flying Knee"],"picked":"SKIP","floor":1.0},{"not_picked":["Deflect","All Out Attack","Caltrops"],"picked":"SKIP","floor":3.0},{"not_picked":["Skewer","A Thousand Cuts","Underhanded Strike"],"picked":"SKIP","floor":10.0},{"not_picked":["Distraction","Bane","Eviscerate"],"picked":"SKIP","floor":11.0},{"not_picked":["Distraction","Bane","Eviscerate"],"picked":"SKIP","floor":11.0},{"not_picked":["Backstab","Skewer","Cloak And Dagger"],"picked":"SKIP","floor":12.0},{"not_picked":["Quick Slash","Flying Knee"],"picked":"Bouncing Flask","floor":14.0},{"not_picked":["A Thousand Cuts","Tools of the Trade","Bullet Time"],"picked":"Malaise","floor":16.0},{"not_picked":["Slice","Eviscerate","Dodge and Roll"],"picked":"Acrobatics+1","floor":18.0},{"not_picked":["Slice","Poisoned Stab","Dodge and Roll"],"picked":"PiercingWail","floor":22.0},{"not_picked":["Outmaneuver+1","Flying Knee","Acrobatics+1"],"picked":"Leg Sweep","floor":24.0},{"not_picked":["Underhanded Strike","Eviscerate","Dash","Slice"],"picked":"SKIP","floor":28.0},{"not_picked":["Underhanded Strike","Eviscerate","Dash","Slice"],"picked":"SKIP","floor":28.0},{"not_picked":["PiercingWail+1","Flying Knee","Glass Knife"],"picked":"Backflip+1","floor":30.0},{"not_picked":["Underhanded Strike","Flying Knee","Dagger Throw"],"picked":"Deadly Poison+1","floor":31.0},{"not_picked":["Venomology+1","Bullet Time+1","Doppelganger+1"],"picked":"Grand Finale","floor":33.0},{"not_picked":["Sucker Punch","Bouncing Flask+1","Outmaneuver+1"],"picked":"Footwork","floor":34.0},{"not_picked":["Slice","Cloak And Dagger+1","Acrobatics+1"],"picked":"Footwork","floor":34.0},{"not_picked":["Deadly Poison+1","Bane","Prepared+1"],"picked":"Dodge and Roll+1","floor":34.0},{"not_picked":["Masterful Stab","Riddle With Holes","Dagger Throw+1"],"picked":"Noxious Fumes","floor":34.0},{"not_picked":["Envenom","Poisoned Stab","Caltrops","Quick Slash+1"],"picked":"SKIP","floor":35.0},{"not_picked":["Underhanded Strike+1","Acrobatics+1","Slice"],"picked":"Tactician+1","floor":38.0},{"not_picked":["The Bomb+1","Discovery+1","Transmutation+1"],"picked":"Violence+1","floor":41},{"not_picked":["Choke","All Out Attack","Flying Knee","Slice+1"],"picked":"SKIP","floor":44}],"player_experience":1640550,"relics_obtained":[{"floor":9.0,"key":"Meat on the Bone"},{"floor":10.0,"key":"Boot"},{"floor":14.0,"key":"Question Card"},{"floor":19.0,"key":"Tiny Chest"},{"floor":26.0,"key":"Toxic Egg 2"},{"floor":39.0,"key":"Frozen Egg 2"}],"event_choices":[{"cards_removed":["Strike_G"],"damage_healed":0.0,"max_hp_gain":0.0,"max_hp_loss":0.0,"gold_gain":0.0,"event_name":"Living Wall","player_choice":"Forget","floor":5.0,"gold_loss":0.0,"damage_taken":0.0},{"damage_healed":0.0,"max_hp_gain":0.0,"max_hp_loss":0.0,"gold_gain":0.0,"cards_transformed":["Strike_G"],"event_name":"Transmorgrifier","player_choice":"Transformed","floor":7.0,"gold_loss":0.0,"damage_taken":0.0,"cards_obtained":["Glass Knife"]},{"damage_healed":0.0,"max_hp_gain":0.0,"max_hp_loss":0.0,"gold_gain":0.0,"event_name":"Colosseum","player_choice":"Fight","floor":21.0,"gold_loss":0.0,"damage_taken":0.0},{"damage_healed":0.0,"max_hp_gain":0.0,"max_hp_loss":0.0,"gold_gain":0.0,"event_name":"Colosseum","player_choice":"Fled From Nobs","floor":21.0,"gold_loss":0.0,"damage_taken":0.0},{"damage_healed":0.0,"max_hp_gain":0.0,"max_hp_loss":0.0,"gold_gain":0.0,"event_name":"Addict","player_choice":"Stole Relic","floor":29.0,"gold_loss":0.0,"damage_taken":0.0,"relics_obtained":["Blue Candle"],"cards_obtained":["Shame"]},{"damage_healed":0.0,"max_hp_gain":0.0,"max_hp_loss":0.0,"gold_gain":0.0,"event_name":"Tomb of Lord Red Mask","player_choice":"Ignored","floor":36.0,"gold_loss":0.0,"damage_taken":0.0},{"damage_healed":0.0,"max_hp_gain":0.0,"max_hp_loss":3.0,"gold_gain":0.0,"event_name":"Winding Halls","player_choice":"Max HP","floor":37.0,"gold_loss":0.0,"damage_taken":0.0},{"damage_healed":0,"gold_gain":0,"player_choice":"Memory 1","damage_taken":0,"max_hp_gain":0,"max_hp_loss":0,"event_name":"SensoryStone","floor":41,"gold_loss":0}],"is_beta":false,"boss_relics":[{"not_picked":["Astrolabe","HoveringKite"],"picked":"Sozu"},{"not_picked":["Cursed Key","Coffee Dripper"],"picked":"Orrery"}],"items_purged_floors":[20,45],"is_endless":false,"potions_floor_spawned":[1,10,16,18,24,28,31,35],"killed_by":"Reptomancer","ascension_level":20}