{"gold_per_floor":[10,30,30,30,105,105,121,121,146,146,158,158,180,194,194,289,289,303,318,417,417,417,430,430,444,444,444,478,222,222,103,103,201,201,217,237,249,249,249,284,284,198,223,223,233,246,246,266,266,266],"floor_reached":51,"playtime":1499,"items_purged":["Strike_B","Strike_B","Zap"],"score":960,"play_id":"d768917f-54b5-47f5-9185-bbfd04adbd37","local_time":"20190617190315","is_ascension_mode":false,"campfire_choices":[{"data":"Consume","floor":6.0,"key":"SMITH"},{"data":"Darkness","floor":10.0,"key":"SMITH"},{"data":"Biased Cognition","floor":12.0,"key":"SMITH"},{"data":"Dualcast","floor":15.0,"key":"SMITH"},{"data":"Rainbow","floor":24.0,"key":"SMITH"},{"data":"Sunder","floor":30.0,"key":"SMITH"},{"data":"Capacitor","floor":32.0,"key":"SMITH"},{"data":"Turbo","floor":41,"key":"SMITH"},{"data":"Undo","floor":44,"key":"SMITH"},{"data":"Defend_B","floor":47,"key":"SMITH"},{"data":"Defend_B","floor":49,"key":"SMITH"}],"neow_cost":"NO_GOLD","seed_source_timestamp":24241956545078,"circlet_count":0,"master_deck":["Defend_B","Defend_B+1","Defend_B+1","Dualcast+1","Consume+1","Turbo+1","Darkness+1","Biased Cognition+1","Undo+1","Rainbow+1","Buffer+1","Sunder+1","Capacitor+1","Recycle","Redo+1"],"special_seed":0,"relics":["Cracked Core","DataDisk","Lantern","Odd Mushroom","Snecko Eye","Blue Candle","Smiling Mask","ClockworkSouvenir","Coffee Dripper","Happy Flower","Centennial Puzzle"],"potions_floor_usage":[35,50,50],"damage_taken":[{"damage":1.0,"enemies":"2 Louse","floor":1.0,"turns":3.0},{"damage":0.0,"enemies":"Small Slimes","floor":2.0,"turns":2.0},{"damage":1.0,"enemies":"Jaw Worm","floor":7.0,"turns":2.0},{"damage":7.0,"enemies":"2 Fungi Beasts","floor":11.0,"turns":3.0},{"damage":13.0,"enemies":"The Mushroom Lair","floor":13.0,"turns":3.0},{"damage":10.0,"enemies":"Looter","floor":14.0,"turns":3.0},{"damage":15.0,"enemies":"The Guardian","floor":16.0,"turns":6.0},{"damage":0.0,"enemies":"Spheric Guardian","floor":18.0,"turns":3.0},{"damage":0.0,"enemies":"3 Byrds","floor":19.0,"turns":4.0},{"damage":0.0,"enemies":"3 Cultists","floor":23.0,"turns":5.0},{"damage":7.0,"enemies":"Snake Plant","floor":25.0,"turns":2.0},{"damage":14.0,"enemies":"Slavers","floor":28.0,"turns":4.0},{"damage":0.0,"enemies":"Automaton","floor":33.0,"turns":5.0},{"damage":0,"enemies":"3 Darklings","floor":35,"turns":4},{"damage":0,"enemies":"Orb Walker","floor":36,"turns":3},{"damage":0,"enemies":"Writhing Mass","floor":37,"turns":5},{"damage":0,"enemies":"Nemesis","floor":40,"turns":5},{"damage":0,"enemies":"Maw","floor":45,"turns":5},{"damage":0,"enemies":"Jaw Worm Horde","floor":46,"turns":4},{"damage":0,"enemies":"Sphere and 2 Shapes","floor":48,"turns":3},{"damage":0,"enemies":"Donu and Deca","floor":50,"turns":6}],"seed_played":"9138281452731713408","potions_obtained":[{"floor":1.0,"key":"Ancient Potion"},{"floor":2.0,"key":"Explosive Potion"},{"floor":11.0,"key":"PowerPotion"},{"floor":19.0,"key":"Energy Potion"},{"floor":36,"key":"Energy Potion"},{"floor":37,"key":"PowerPotion"}],"is_trial":false,"path_per_floor":["M","M","?","?","?","R","M","?","T","R","M","R","?","M","R","B",null,"M","M","?","?","?","M","R","M","T","?","E","$","R","$","R","B",null,"M","M","M","?","?","E","R","$","T","R","M","M","R","M","R","B",null],"character_chosen":"DEFECT","items_purchased":["ClockworkSouvenir","Capacitor","Recycle"],"campfire_rested":0,"item_purchase_floors":[29,31,42],"current_hp_per_floor":[74,74,74,71,60,60,59,64,64,64,57,57,44,34,34,19,80,80,80,80,80,80,80,80,73,73,73,59,59,59,59,59,59,80,80,80,80,80,80,80,80,80,80,80,80,80,80,80,80,80],"gold":266,"neow_bonus":"REMOVE_TWO","is_prod":false,"is_daily":false,"chose_seed":false,"campfire_upgraded":11,"win_rate":0,"timestamp":1560769395,"path_taken":["M","M","?","?","?","R","M","?","T","R","M","R","?","?","R","BOSS","M","M","?","?","?","?","R","?","T","?","E","$","R","?","R","BOSS","M","?","M","?","?","E","R","?","T","R","M","M","R","M","R","BOSS"],"build_version":"2019-01-23","purchased_purges":3,"victory":true,"max_hp_per_floor":[75,75,75,75,75,75,75,80,80,80,80,80,80,80,80,80,80,80,80,80,80,80,80,80,80,80,80,80,80,80,80,80,80,80,80,80,80,80,80,80,80,80,80,80,80,80,80,80,80,80],"card_choices":[{"not_picked":["Heatsinks","Streamline"],"picked":"Consume","floor":1.0},{"not_picked":["Barrage","Aggregate"],"picked":"Turbo","floor":2.0},{"not_picked":["Turbo","Ball Lightning"],"picked":"Darkness","floor":7.0},{"not_picked":["Rebound","Leap"],"picked":"Biased Cognition","floor":11.0},{"not_picked":["Redo","Chaos"],"picked":"Undo","floor":14.0},{"not_picked":["All For One","Machine Learning"],"picked":"Rainbow","floor":16.0},{"not_picked":["Gash","Tempest","Steam"],"picked":"SKIP","floor":18.0},{"not_picked":["Hologram","Darkness","Ball Lightning+1"],"picked":"SKIP","floor":19.0},{"not_picked":["Coolheaded","Stack","Conserve Battery"],"picked":"SKIP","floor":23.0},{"not_picked":["Doom and Gloom","Turbo"],"picked":"Sunder","floor":25.0},{"not_picked":["Stack+1","Genetic Algorithm","Reinforced Body"],"picked":"SKIP","floor":28.0},{"not_picked":["Redo","Hologram","Ball Lightning"],"picked":"SKIP","floor":35},{"not_picked":["Streamline+1","Gash","Ball Lightning+1"],"picked":"SKIP","floor":36},{"not_picked":["Amplify","Scrape+1","Hologram"],"picked":"SKIP","floor":37},{"not_picked":["Hologram+1","Scrape","Consume"],"picked":"SKIP","floor":40},{"not_picked":["Reprogram+1","Turbo","Force Field"],"picked":"SKIP","floor":45},{"not_picked":["Go for the Eyes","Sweeping Beam","Scrape+1"],"picked":"SKIP","floor":46},{"not_picked":["Barrage","Redo+1","Leap"],"picked":"SKIP","floor":48},{"not_picked":["Barrage","Leap"],"picked":"Redo+1","floor":48}],"player_experience":5358438,"relics_obtained":[{"floor":9.0,"key":"Lantern"},{"floor":13.0,"key":"Odd Mushroom"},{"floor":26.0,"key":"Blue Candle"},{"floor":28.0,"key":"Smiling Mask"},{"floor":40,"key":"Happy Flower"},{"floor":43,"key":"Centennial Puzzle"}],"event_choices":[{"damage_healed":0.0,"max_hp_gain":0.0,"max_hp_loss":0.0,"gold_gain":0.0,"event_name":"Liars Game","player_choice":"Ignored","floor":3.0,"gold_loss":0.0,"damage_taken":0.0},{"damage_healed":0.0,"max_hp_gain":0.0,"max_hp_loss":0.0,"gold_gain":0.0,"event_name":"Scrap Ooze","player_choice":"Success","floor":4.0,"gold_loss":0.0,"damage_taken":3.0,"relics_obtained":["DataDisk"]},{"damage_healed":0.0,"max_hp_gain":0.0,"max_hp_loss":0.0,"gold_gain":75.0,"event_name":"World of Goop","player_choice":"Gather Gold","floor":5.0,"gold_loss":0.0,"damage_taken":11.0},{"damage_healed":0.0,"max_hp_gain":5.0,"max_hp_loss":0.0,"gold_gain":0.0,"event_name":"Big Fish","player_choice":"Donut","floor":8.0,"gold_loss":0.0,"damage_taken":0.0},{"damage_healed":0.0,"max_hp_gain":0.0,"max_hp_loss":0.0,"gold_gain":0.0,"event_name":"Mushrooms","player_choice":"Fought Mushrooms","floor":13.0,"gold_loss":0.0,"damage_taken":0.0},{"damage_healed":0.0,"max_hp_gain":0.0,"max_hp_loss":0.0,"gold_gain":99.0,"event_name":"Nest","player_choice":"Stole From Cult","floor":20.0,"gold_loss":0.0,"damage_taken":0.0},{"damage_healed":0.0,"max_hp_gain":0.0,"max_hp_loss":0.0,"gold_gain":0.0,"event_name":"The Library","player_choice":"Read","floor":21.0,"gold_loss":0.0,"damage_taken":0.0,"cards_obtained":["Buffer"]},{"damage_healed":0.0,"max_hp_gain":0.0,"max_hp_loss":0.0,"gold_gain":0.0,"event_name":"Upgrade Shrine","player_choice":"Upgraded","floor":22.0,"gold_loss":0.0,"damage_taken":0.0,"cards_upgraded":["Buffer"]},{"damage_healed":0.0,"max_hp_gain":0.0,"max_hp_loss":0.0,"gold_gain":0.0,"event_name":"The Woman in Blue","player_choice":"Bought 0 Potions","floor":27.0,"gold_loss":0.0,"damage_taken":0.0},{"damage_healed":0,"gold_gain":0,"player_choice":"Memory 1","damage_taken":0,"max_hp_gain":0,"max_hp_loss":0,"event_name":"SensoryStone","floor":38,"gold_loss":0},{"cards_removed":["Strike_B"],"damage_healed":0,"gold_gain":0,"player_choice":"Removed Attack","damage_taken":0,"max_hp_gain":0,"max_hp_loss":0,"event_name":"Falling","floor":39,"gold_loss":0}],"is_beta":false,"boss_relics":[{"not_picked":["White Beast Statue","Astrolabe"],"picked":"Snecko Eye"},{"not_picked":["Inserter","Calling Bell"],"picked":"Coffee Dripper"}],"items_purged_floors":[29,31,42],"is_endless":false,"potions_floor_spawned":[1,2,11,19,25,36,37,45],"ascension_level":0}