{"gold_per_floor":[367,367,367,27,44,44,63,63,63,79,99,125,46,63,63,140,140,151,76,93,69,85,85,105,105],"floor_reached":25,"playtime":727,"items_purged":["Regret"],"score":410,"play_id":"e375b97d-20ef-45e0-8c55-27eb70ea597f","local_time":"20190505163417","is_ascension_mode":true,"campfire_choices":[{"data":"Defragment","floor":6.0,"key":"SMITH"},{"data":"Dualcast","floor":8.0,"key":"SMITH"},{"data":"Darkness","floor":15,"key":"SMITH"},{"data":"Steam Power","floor":23,"key":"SMITH"}],"neow_cost":"TEN_PERCENT_HP_LOSS","seed_source_timestamp":24612137043524,"circlet_count":0,"master_deck":["AscendersBane","Strike_B","Strike_B","Strike_B","Strike_B","Defend_B","Defend_B","Defend_B","Defend_B","Zap","Dualcast+1","Defragment+1","Chill","Recycle","Ball Lightning","Steam Power+1","Darkness+1","Rainbow","Capacitor","Double Energy","Rainbow","Steam Power","Double Energy","Redo","Cold Snap"],"special_seed":0,"relics":["Cracked Core","Anchor","Gremlin Horn","Medical Kit","Ginger","Bottled Lightning","Busted Crown"],"potions_floor_usage":[20,22],"damage_taken":[{"damage":4.0,"enemies":"Jaw Worm","floor":1.0,"turns":4.0},{"damage":1.0,"enemies":"Cultist","floor":5.0,"turns":4.0},{"damage":0.0,"enemies":"2 Louse","floor":7.0,"turns":2.0},{"damage":3,"enemies":"Blue Slaver","floor":10,"turns":3},{"damage":14,"enemies":"Exordium Wildlife","floor":11,"turns":3},{"damage":17,"enemies":"Lagavulin","floor":12,"turns":6},{"damage":1,"enemies":"3 Louse","floor":14,"turns":4},{"damage":13,"enemies":"Hexaghost","floor":16,"turns":8},{"damage":8,"enemies":"Chosen","floor":18,"turns":4},{"damage":15,"enemies":"2 Thieves","floor":20,"turns":3},{"damage":13,"enemies":"3 Cultists","floor":22,"turns":4},{"damage":25,"enemies":"Cultist and Chosen","floor":24,"turns":6},{"damage":9,"enemies":"Centurion and Healer","floor":25,"turns":5}],"seed_played":"-1576249542344057873","potions_obtained":[{"floor":5.0,"key":"PowerPotion"},{"floor":10,"key":"SkillPotion"},{"floor":20,"key":"Dexterity Potion"},{"floor":22,"key":"FairyPotion"}],"is_trial":false,"path_per_floor":["M","?","?","$","M","R","M","R","T","M","M","E","$","M","R","B",null,"M","$","M","$","M","R","M","M"],"character_chosen":"DEFECT","items_purchased":["Defragment","Chill","Medical Kit","Capacitor","Redo"],"campfire_rested":0,"item_purchase_floors":[4,4,4,13,21],"current_hp_per_floor":[60,60,60,60,59,59,59,59,59,56,42,25,25,24,24,11,51,43,43,28,28,15,15,6,0],"gold":105,"neow_bonus":"TWO_FIFTY_GOLD","is_prod":false,"is_daily":false,"chose_seed":false,"campfire_upgraded":4,"win_rate":0,"timestamp":1557045257,"path_taken":["M","?","?","$","M","R","M","R","T","M","?","E","$","M","R","BOSS","M","$","M","$","M","R","M","M"],"build_version":"2019-01-23","purchased_purges":1,"victory":false,"max_hp_per_floor":[64,64,64,64,64,64,64,64,64,64,64,64,64,64,64,64,64,64,64,64,64,64,64,64,64],"card_choices":[{"not_picked":["Compile Driver","Beam Cell"],"picked":"Cold Snap","floor":1.0},{"not_picked":["Turbo","Rebound"],"picked":"Recycle","floor":5.0},{"not_picked":["Rebound","Steam"],"picked":"Ball Lightning","floor":7.0},{"not_picked":["Steam","Barrage"],"picked":"Steam Power","floor":10},{"not_picked":["Lockon","Compile Driver"],"picked":"Darkness","floor":11},{"not_picked":["Recycle","Leap"],"picked":"Rainbow","floor":12},{"not_picked":["Storm","Cold Snap"],"picked":"Double Energy","floor":14},{"not_picked":["Thunder Strike","Hyperbeam"],"picked":"Rainbow","floor":16},{"not_picked":[],"picked":"Steam Power","floor":18},{"not_picked":[],"picked":"Double Energy","floor":20},{"not_picked":["FTL+1"],"picked":"SKIP","floor":22},{"not_picked":[],"picked":"Cold Snap","floor":24}],"player_experience":4599336,"relics_obtained":[{"floor":9.0,"key":"Ginger"},{"floor":12,"key":"Bottled Lightning"}],"event_choices":[{"damage_healed":0.0,"max_hp_gain":0.0,"max_hp_loss":0.0,"gold_gain":0.0,"event_name":"Big Fish","player_choice":"Box","floor":2.0,"gold_loss":0.0,"damage_taken":0.0,"relics_obtained":["Anchor"],"cards_obtained":["Regret"]},{"cards_removed":["Cold Snap"],"damage_healed":0.0,"max_hp_gain":0.0,"max_hp_loss":0.0,"gold_gain":0.0,"event_name":"WeMeetAgain","player_choice":"Gave Card","floor":3.0,"gold_loss":0.0,"damage_taken":0.0,"relics_obtained":["Gremlin Horn"]}],"is_beta":false,"boss_relics":[{"not_picked":["Velvet Choker","Tiny House"],"picked":"Busted Crown"}],"items_purged_floors":[19],"is_endless":false,"potions_floor_spawned":[5,10,12,20,22],"killed_by":"Centurion and Healer","ascension_level":20}