{"gold_per_floor":[111,111,111,128,56,56,87,87,87,104,120,45,45,75,75,151,151,165,165,177,177],"floor_reached":21,"playtime":631,"items_purged":["Strike_G"],"score":415,"play_id":"c09ea67f-a953-49bf-b1fb-effc02fd5967","local_time":"20190214232605","is_ascension_mode":true,"campfire_choices":[{"data":"Deadly Poison","floor":6,"key":"SMITH"},{"data":"Malaise","floor":13,"key":"SMITH"},{"data":"Bouncing Flask","floor":15,"key":"SMITH"}],"neow_cost":"NONE","seed_source_timestamp":188107613993524,"circlet_count":0,"master_deck":["AscendersBane","Defend_G","Defend_G","Defend_G","Defend_G","Defend_G","Strike_G","Strike_G","Strike_G","Strike_G","Survivor","Neutralize","Deadly Poison+1","Well Laid Plans","Bouncing Flask+1","Malaise+1","Bane+1","Adrenaline"],"relics":["Ring of the Snake","Meat on the Bone","Omamori","Molten Egg 2","The Courier","Black Star"],"potions_floor_usage":[16,21,21],"damage_taken":[{"damage":1,"enemies":"2 Louse","floor":1,"turns":3},{"damage":0,"enemies":"Cultist","floor":4,"turns":5},{"damage":18,"enemies":"Lagavulin","floor":7,"turns":7},{"damage":4,"enemies":"Jaw Worm","floor":10,"turns":3},{"damage":19,"enemies":"Exordium Thugs","floor":11,"turns":6},{"damage":12,"enemies":"Gremlin Nob","floor":14,"turns":4},{"damage":0,"enemies":"The Guardian","floor":16,"turns":7},{"damage":6,"enemies":"Spheric Guardian","floor":18,"turns":4},{"damage":7,"enemies":"Shell Parasite","floor":20,"turns":8},{"damage":51,"enemies":"Masked Bandits","floor":21,"turns":5}],"seed_played":"-1809916478446297105","potions_obtained":[{"floor":4,"key":"Dexterity Potion"},{"floor":7,"key":"Swift Potion"},{"floor":16,"key":"Ancient Potion"},{"floor":19,"key":"SkillPotion"}],"is_trial":false,"path_per_floor":["M","?","?","M","$","R","E","?","T","M","M","$","R","E","R","B",null,"M","?","M","?"],"character_chosen":"THE_SILENT","items_purchased":["Well Laid Plans"],"campfire_rested":0,"item_purchase_floors":[5],"current_hp_per_floor":[58,63,52,52,52,52,46,46,46,42,35,35,35,35,35,47,65,59,59,52,1],"gold":177,"neow_bonus":"THREE_CARDS","is_prod":false,"is_daily":false,"chose_seed":false,"campfire_upgraded":3,"win_rate":0,"timestamp":1550157965,"path_taken":["M","?","?","M","$","R","E","?","T","?","M","$","R","E","R","BOSS","M","?","?","?"],"build_version":"2019-01-23","purchased_purges":1,"victory":false,"max_hp_per_floor":[66,71,71,71,71,71,71,71,71,71,71,71,71,71,71,71,71,71,71,71,71],"card_choices":[{"not_picked":["Heel Hook","Predator"],"picked":"Deadly Poison","floor":0},{"not_picked":["PiercingWail","Dodge and Roll","Slice"],"picked":"SKIP","floor":1},{"not_picked":["PiercingWail","Quick Slash","Dagger Spray"],"picked":"SKIP","floor":4},{"not_picked":["Bullet Time","Sucker Punch"],"picked":"Bouncing Flask","floor":7},{"not_picked":["Terror","Eviscerate+1","Sucker Punch+1"],"picked":"SKIP","floor":10},{"not_picked":["Slice+1","Blade Dance"],"picked":"Bane+1","floor":11},{"not_picked":["Bullet Time","Concentrate","Quick Slash+1"],"picked":"SKIP","floor":14},{"not_picked":["Phantasmal Killer","A Thousand Cuts"],"picked":"Adrenaline","floor":16},{"not_picked":["Deadly Poison","Deflect","Distraction"],"picked":"SKIP","floor":18},{"not_picked":["Caltrops","Riddle With Holes+1","Sucker Punch+1"],"picked":"SKIP","floor":20}],"player_experience":756027,"relics_obtained":[{"floor":7,"key":"Omamori"},{"floor":9,"key":"Molten Egg 2"},{"floor":14,"key":"The Courier"}],"event_choices":[{"damage_healed":0,"gold_gain":0,"player_choice":"Donut","damage_taken":0,"max_hp_gain":5,"max_hp_loss":0,"event_name":"Big Fish","floor":2,"gold_loss":0},{"damage_healed":0,"gold_gain":0,"player_choice":"Success","damage_taken":11,"relics_obtained":["Meat on the Bone"],"max_hp_gain":0,"max_hp_loss":0,"event_name":"Scrap Ooze","floor":3,"gold_loss":0},{"damage_healed":0,"gold_gain":0,"player_choice":"1 cards matched","damage_taken":0,"max_hp_gain":0,"max_hp_loss":0,"event_name":"Match and Keep!","floor":8,"gold_loss":0,"cards_obtained":["Malaise"]},{"damage_healed":0,"gold_gain":0,"player_choice":"Got Potions","damage_taken":0,"max_hp_gain":0,"max_hp_loss":0,"event_name":"Lab","floor":19,"gold_loss":0},{"damage_healed":0,"gold_gain":0,"player_choice":"Fought Bandits","damage_taken":0,"max_hp_gain":0,"max_hp_loss":0,"event_name":"Masked Bandits","floor":21,"gold_loss":0}],"is_beta":false,"boss_relics":[{"not_picked":["Cursed Key","Eternal Feather"],"picked":"Black Star"}],"items_purged_floors":[12],"is_endless":false,"potions_floor_spawned":[4,7,10,11,16],"killed_by":"Masked Bandits","ascension_level":15}