{"gold_per_floor":[113,127,146,146,146,146,166,166,193,207,207,232,32,52,52,153,153,167,184,194,27,27,27,27,27,109,135,0,0,0,53,65,177,189,211,237,12,12,29,29,29,58,58,58,78,78,78,91,91,91],"floor_reached":51,"playtime":2320,"items_purged":["Strike_B","Strike_B","Shame"],"score":793,"play_id":"956419de-bab5-4f9f-9e88-1a1d8476802c","local_time":"20190614194426","is_ascension_mode":false,"campfire_choices":[{"data":"Streamline","floor":6.0,"key":"SMITH"},{"data":"Dualcast","floor":8.0,"key":"SMITH"},{"data":"Zap","floor":11.0,"key":"SMITH"},{"data":"Recycle","floor":15.0,"key":"SMITH"},{"data":"Thunder Strike","floor":23.0,"key":"SMITH"},{"floor":25.0,"key":"REST"},{"floor":32.0,"key":"REST"},{"data":"Defragment","floor":40.0,"key":"SMITH"},{"data":"Biased Cognition","floor":44.0,"key":"SMITH"},{"data":"Enlightenment","floor":47.0,"key":"SMITH"},{"data":"Heatsinks","floor":49.0,"key":"SMITH"}],"neow_cost":"PERCENT_DAMAGE","seed_source_timestamp":31366763038357,"circlet_count":0,"master_deck":["Defend_B","Defend_B","Defend_B","Zap+1","Dualcast+1","Turbo","Rebound","Streamline+1","Cold Snap","Chill","Recycle+1","Thunder Strike+1","Capacitor+1","Go for the Eyes+1","Self Repair","Self Repair","Ball Lightning","Defragment+1","Biased Cognition+1","Loop+1","White Noise","Loop","Thinking Ahead","Parasite","Enlightenment+1","Meteor Strike","Heatsinks+1","Glacier+1"],"special_seed":0,"relics":["Cracked Core","Du-Vu Doll","Blood Vial","Bronze Scales","OrangePellets","Lizard Tail","Bag of Preparation","Darkstone Periapt","Dream Catcher","Vajra","MawBank","Runic Pyramid","Toxic Egg 2","Cables"],"potions_floor_usage":[50,50,50],"damage_taken":[{"damage":1.0,"enemies":"Cultist","floor":1.0,"turns":3.0},{"damage":1.0,"enemies":"Jaw Worm","floor":2.0,"turns":4.0},{"damage":0.0,"enemies":"Small Slimes","floor":3.0,"turns":2.0},{"damage":7.0,"enemies":"3 Louse","floor":7.0,"turns":3.0},{"damage":0.0,"enemies":"Large Slime","floor":10.0,"turns":4.0},{"damage":0.0,"enemies":"3 Sentries","floor":12.0,"turns":6.0},{"damage":11.0,"enemies":"Lots of Slimes","floor":14.0,"turns":3.0},{"damage":26.0,"enemies":"The Guardian","floor":16.0,"turns":10.0},{"damage":1.0,"enemies":"Spheric Guardian","floor":18.0,"turns":3.0},{"damage":8.0,"enemies":"3 Byrds","floor":19.0,"turns":3.0},{"damage":22.0,"enemies":"Snecko","floor":20.0,"turns":6.0},{"damage":35.0,"enemies":"Colosseum Slavers","floor":22.0,"turns":5.0},{"damage":30.0,"enemies":"Gremlin Leader","floor":27.0,"turns":6.0},{"damage":46.0,"enemies":"Automaton","floor":33.0,"turns":9.0},{"damage":10.0,"enemies":"Orb Walker","floor":35.0,"turns":4.0},{"damage":31.0,"enemies":"3 Darklings","floor":36.0,"turns":6.0},{"damage":0.0,"enemies":"Writhing Mass","floor":39.0,"turns":6.0},{"damage":5.0,"enemies":"Giant Head","floor":42.0,"turns":7.0},{"damage":0.0,"enemies":"Sphere and 2 Shapes","floor":45.0,"turns":6.0},{"damage":3.0,"enemies":"Transient","floor":48.0,"turns":5.0},{"damage":0,"enemies":"Awakened One","floor":50,"turns":7}],"seed_played":"-2634198704263879970","potions_obtained":[{"floor":3.0,"key":"SteroidPotion"},{"floor":7.0,"key":"PowerPotion"},{"floor":19.0,"key":"FocusPotion"},{"floor":20.0,"key":"Dexterity Potion"},{"floor":35.0,"key":"EssenceOfSteel"},{"floor":48.0,"key":"SteroidPotion"}],"is_trial":false,"path_per_floor":["M","M","M","?","T","R","M","R","T","M","R","E","$","M","R","B",null,"M","M","M","$","?","R","?","R","T","E","$","?","?","T","R","B",null,"M","M","$","?","M","R","?","E","T","R","M","?","R","M","R","B",null],"character_chosen":"DEFECT","items_purchased":["OrangePellets","Self Repair","Ball Lightning","Defragment","White Noise","Loop"],"campfire_rested":2,"item_purchase_floors":[13,21,21,28,37,37],"current_hp_per_floor":[53,52,52,57,57,57,50,50,50,52,52,54,54,45,45,21,80,79,72,52,52,33,33,33,57,57,43,43,28,34,34,61,24,91,91,74,74,74,96,96,96,97,97,97,97,97,97,97,97,97],"gold":91,"neow_bonus":"REMOVE_TWO","is_prod":false,"is_daily":false,"chose_seed":false,"campfire_upgraded":9,"win_rate":0,"timestamp":1560512666,"path_taken":["M","M","M","?","?","R","M","R","T","M","R","E","$","M","R","BOSS","M","M","M","$","?","R","?","R","T","E","$","?","?","?","R","BOSS","M","?","$","?","M","R","?","E","T","R","?","?","R","M","R","BOSS"],"build_version":"2019-01-23","purchased_purges":3,"victory":true,"max_hp_per_floor":[75,75,75,80,80,80,80,80,80,80,80,80,80,80,80,80,80,80,80,80,80,80,80,80,80,80,80,80,85,91,91,91,91,91,91,91,91,91,97,97,97,97,97,97,97,97,97,97,97,97],"card_choices":[{"not_picked":["Sweeping Beam","Compile Driver"],"picked":"Turbo","floor":1.0},{"not_picked":["Leap","Steam"],"picked":"Rebound","floor":2.0},{"not_picked":["Blizzard","Hologram"],"picked":"Streamline","floor":3.0},{"not_picked":["Streamline","Conserve Battery"],"picked":"Cold Snap","floor":7.0},{"not_picked":["Coolheaded","Steam"],"picked":"Chill","floor":10.0},{"not_picked":["Machine Learning","Compile Driver"],"picked":"Recycle","floor":12.0},{"not_picked":["Double Energy","Redo","Sweeping Beam"],"picked":"SKIP","floor":14.0},{"not_picked":["Reboot","Seek"],"picked":"Thunder Strike","floor":16.0},{"not_picked":["Go for the Eyes","Turbo"],"picked":"Capacitor+1","floor":18.0},{"not_picked":["Steam","Capacitor"],"picked":"Go for the Eyes+1","floor":19.0},{"not_picked":["Rip and Tear","Fusion"],"picked":"Self Repair","floor":20.0},{"not_picked":["Gash+1","Steam","Capacitor"],"picked":"SKIP","floor":27.0},{"not_picked":["Gash+1","Steam","Capacitor"],"picked":"SKIP","floor":27.0},{"not_picked":["Creative AI","Machine Learning"],"picked":"Biased Cognition","floor":33.0},{"not_picked":["Tempest","Compile Driver","Rebound+1"],"picked":"SKIP","floor":35.0},{"not_picked":["Hologram+1","Coolheaded"],"picked":"Loop+1","floor":36.0},{"not_picked":["Purity","Panacea"],"picked":"Thinking Ahead","floor":38.0},{"not_picked":["Steam","Stack","Consume"],"picked":"SKIP","floor":39.0},{"not_picked":["Reinforced Body","Stack+1","Go for the Eyes+1"],"picked":"SKIP","floor":42.0},{"not_picked":["Cold Snap+1","Steam+1","Fusion+1"],"picked":"SKIP","floor":45.0},{"not_picked":["Go for the Eyes","Cold Snap"],"picked":"Glacier+1","floor":48.0}],"player_experience":5206243,"relics_obtained":[{"floor":5.0,"key":"Du-Vu Doll"},{"floor":9.0,"key":"Blood Vial"},{"floor":12.0,"key":"Bronze Scales"},{"floor":26.0,"key":"Darkstone Periapt"},{"floor":27.0,"key":"Dream Catcher"},{"floor":31.0,"key":"MawBank"},{"floor":42.0,"key":"Toxic Egg 2"},{"floor":43.0,"key":"Cables"}],"event_choices":[{"damage_healed":0.0,"max_hp_gain":5.0,"max_hp_loss":0.0,"gold_gain":0.0,"event_name":"Big Fish","player_choice":"Donut","floor":4.0,"gold_loss":0.0,"damage_taken":0.0},{"damage_healed":0.0,"max_hp_gain":0.0,"max_hp_loss":0.0,"gold_gain":0.0,"event_name":"Colosseum","player_choice":"Fight","floor":22.0,"gold_loss":0.0,"damage_taken":0.0},{"damage_healed":0.0,"max_hp_gain":0.0,"max_hp_loss":0.0,"gold_gain":0.0,"event_name":"Colosseum","player_choice":"Fled From Nobs","floor":22.0,"gold_loss":0.0,"damage_taken":0.0},{"damage_healed":0.0,"max_hp_gain":0.0,"max_hp_loss":0.0,"gold_gain":0.0,"event_name":"The Mausoleum","player_choice":"Opened","floor":24.0,"gold_loss":0.0,"damage_taken":0.0,"relics_obtained":["Bag of Preparation"]},{"damage_healed":0.0,"max_hp_gain":5.0,"max_hp_loss":0.0,"gold_gain":0.0,"event_name":"Forgotten Altar","player_choice":"Shed Blood","floor":29.0,"gold_loss":0.0,"damage_taken":20.0},{"damage_healed":0.0,"max_hp_gain":0.0,"max_hp_loss":0.0,"gold_gain":0.0,"event_name":"Addict","player_choice":"Stole Relic","floor":30.0,"gold_loss":0.0,"damage_taken":0.0,"relics_obtained":["Vajra"],"cards_obtained":["Shame"]},{"damage_healed":0.0,"max_hp_gain":0.0,"max_hp_loss":0.0,"gold_gain":0.0,"event_name":"SensoryStone","player_choice":"Memory 1","floor":38.0,"gold_loss":0.0,"damage_taken":0.0},{"damage_healed":0.0,"max_hp_gain":0.0,"max_hp_loss":0.0,"gold_gain":0.0,"event_name":"Match and Keep!","player_choice":"3 cards matched","floor":41.0,"gold_loss":0.0,"damage_taken":0.0,"cards_obtained":["Enlightenment","Meteor Strike","Heatsinks"]},{"cards_removed":["Defend_B"],"damage_healed":0.0,"max_hp_gain":0.0,"max_hp_loss":0.0,"gold_gain":0.0,"event_name":"Falling","player_choice":"Removed Skill","floor":46.0,"gold_loss":0.0,"damage_taken":0.0}],"is_beta":false,"boss_relics":[{"not_picked":["Philosopher\u0027s Stone","FrozenCore"],"picked":"Lizard Tail"},{"not_picked":["Black Star","Fusion Hammer"],"picked":"Runic Pyramid"}],"items_purged_floors":[21,28,37],"is_endless":false,"potions_floor_spawned":[3,7,19,20,35,42,48],"ascension_level":0}