{"gold_per_floor":[113,38,213,45,45,70,70,81,135,150,164,180,4,21,21,120,120,135,135,135,135,135,166,166,166,166,184,184],"floor_reached":28,"playtime":683,"items_purged":["Strike_B","Doubt","Strike_B"],"score":339,"play_id":"52b0cd5a-2d59-4327-ae4d-485b2f5f9ca4","local_time":"20181008000332","is_ascension_mode":true,"campfire_choices":[{"data":"Zap","floor":7,"key":"SMITH"},{"data":"Darkness","floor":15,"key":"SMITH"},{"data":"Defragment","floor":24,"key":"SMITH"}],"neow_cost":"NONE","seed_source_timestamp":468675177367546,"circlet_count":0,"master_deck":["Strike_B","Defend_B","Defend_B","Defend_B","Defend_B","Zap+1","Dualcast","Darkness+1","Loop","Defragment+1","Chill","Conserve Battery","Echo Form","Hologram","Parasite","Parasite","Leap+1"],"relics":["Cracked Core","NeowsBlessing","Gremlin Horn","Tiny Chest","Cursed Key","Ancient Tea Set","Bag of Marbles","Lantern","Matryoshka"],"potions_floor_usage":[16,23,23],"damage_taken":[{"damage":0,"enemies":"Cultist","floor":1,"turns":1},{"damage":0,"enemies":"Gremlin Nob","floor":6,"turns":1},{"damage":0,"enemies":"Jaw Worm","floor":8,"turns":1},{"damage":0,"enemies":"2 Louse","floor":10,"turns":3},{"damage":24,"enemies":"Exordium Thugs","floor":11,"turns":5},{"damage":11,"enemies":"Red Slaver","floor":12,"turns":4},{"damage":0,"enemies":"Gremlin Gang","floor":14,"turns":7},{"damage":21,"enemies":"The Guardian","floor":16,"turns":9},{"damage":5,"enemies":"Shell Parasite","floor":18,"turns":4},{"damage":34,"enemies":"Slavers","floor":23,"turns":8},{"damage":6,"enemies":"Chosen","floor":27,"turns":5},{"damage":0,"enemies":"Centurion and Healer","floor":28,"turns":1}],"seed_played":"-4819748420418730991","potions_obtained":[{"floor":10,"key":"SteroidPotion"},{"floor":12,"key":"AttackPotion"},{"floor":16,"key":"GamblersBrew"},{"floor":23,"key":"Fruit Juice"},{"floor":27,"key":"Strength Potion"}],"is_trial":false,"path_per_floor":["M","$","?","$","?","E","R","M","T","M","M","M","$","M","R","B",null,"M","$","?","T","?","E","R","T","T","M"],"character_chosen":"DEFECT","items_purchased":["Loop","Conserve Battery"],"campfire_rested":0,"item_purchase_floors":[4,13],"current_hp_per_floor":[68,68,68,68,61,61,61,61,61,61,37,26,26,26,26,5,58,53,53,53,53,53,24,24,24,24,18,18],"gold":184,"neow_bonus":"THREE_ENEMY_KILL","is_prod":false,"is_daily":false,"chose_seed":false,"campfire_upgraded":3,"win_rate":0,"timestamp":1538928212,"path_taken":["M","?","?","$","?","E","R","M","T","?","M","M","$","?","R","BOSS","M","$","?","?","?","E","R","?","T","M","M"],"build_version":"2018-10-04v2","purchased_purges":3,"victory":false,"max_hp_per_floor":[75,75,75,75,75,75,75,75,75,75,75,75,75,75,75,75,75,75,75,75,75,75,80,80,80,80,80,80],"card_choices":[{"not_picked":["Stack","White Noise"],"picked":"Darkness","floor":1},{"not_picked":["Fusion","Streamline"],"picked":"Defragment","floor":6},{"not_picked":["Melter","Chaos","Beam Cell"],"picked":"SKIP","floor":8},{"not_picked":["Lockon","Chill","Coolheaded"],"picked":"SKIP","floor":10},{"not_picked":["Gash","Steam","Recycle"],"picked":"SKIP","floor":11},{"not_picked":["Beam Cell","Coolheaded"],"picked":"Chill","floor":12},{"not_picked":["Rip and Tear","Compile Driver","Turbo"],"picked":"SKIP","floor":14},{"not_picked":["Amplify","Seek"],"picked":"Echo Form","floor":16},{"not_picked":["Ball Lightning+1","Aggregate"],"picked":"Hologram","floor":18},{"not_picked":["Beam Cell","Rebound","Tempest"],"picked":"SKIP","floor":23},{"not_picked":["Hello World","Aggregate+1"],"picked":"Leap+1","floor":27}],"player_experience":226565,"relics_obtained":[{"floor":6,"key":"Gremlin Horn"},{"floor":9,"key":"Tiny Chest"},{"floor":21,"key":"Ancient Tea Set"},{"floor":23,"key":"Bag of Marbles"},{"floor":25,"key":"Lantern"},{"floor":26,"key":"Matryoshka"}],"event_choices":[{"event_name":"Liars Game","player_choice":"agreed","floor":3,"damage_taken":0},{"event_name":"Wheel of Change","player_choice":"Damage","floor":5,"damage_taken":0},{"event_name":"Back to Basics","player_choice":"Elegance","floor":20,"damage_taken":0},{"event_name":"Purifier","player_choice":"One Purge","floor":22,"damage_taken":0}],"is_beta":false,"boss_relics":[{"not_picked":["Philosopher\u0027s Stone","Orrery"],"picked":"Cursed Key"}],"items_purged_floors":[2,4,13],"is_endless":false,"potions_floor_spawned":[10,12,16,23,27],"killed_by":"Centurion and Healer","ascension_level":6}