{"path_per_floor":["M","M","?","M","$","E","R","M","T","M","M","?","R","M","R","B",null,"M","M","M","?","$","E","R","?","T","R","$","M","M","M","R"],"character_chosen":"THE_SILENT","items_purchased":["Deep Breath","Escape Plan","Deep Breath"],"gold_per_floor":[109,124,124,137,62,95,95,109,160,175,186,261,261,275,275,380,380,399,409,419,344,143,176,176,176,258,258,7,27,38,50,50],"floor_reached":33,"campfire_rested":2,"playtime":2642,"current_hp_per_floor":[63,63,63,60,60,35,35,35,35,41,40,29,29,29,47,15,63,63,63,47,47,47,2,20,20,20,20,20,16,16,16,16],"items_purged":["Regret","Strike_G","Strike_G"],"gold":50,"score":271,"play_id":"ed0ce13b-a026-4a6a-ae6d-b407ca96417e","is_prod":false,"is_daily":false,"is_ascension_mode":false,"campfire_upgraded":4,"path_taken":["M","M","?","M","$","E","R","M","T","M","?","?","R","M","R","BOSS","M","M","M","?","$","E","R","?","T","R","$","M","M","M","R","BOSS"],"build_version":"2018-02-15-PROD1","purchased_purges":3,"victory":false,"master_deck":["Defend_G","Defend_G","Strike_G","Strike_G","Survivor","Neutralize+1","Calculated Gamble+1","Dagger Spray","Leg Sweep+1","Tools of the Trade","Calculated Gamble+1","Underhanded Strike","Eviscerate","Deep Breath","Escape Plan","Deep Breath+1","Distraction+1","Cloak And Dagger+1"],"max_hp_per_floor":[63,63,63,63,63,63,63,63,63,63,63,63,63,63,63,63,63,63,63,63,63,63,63,63,63,63,63,63,63,63,63,63],"relics":["Ring of the Snake","Kunai","Bag of Preparation","Bronze Scales","Philosopher\u0027s Stone","Frozen Eye","Paper Crane"],"card_choices":[{"not_picked":["Flying Knee","Eviscerate"],"picked":"Calculated Gamble"},{"not_picked":["Dodge and Roll","Deflect"],"picked":"Dagger Spray"},{"not_picked":["Slice","Deflect"],"picked":"Leg Sweep"},{"not_picked":["Corpse Explosion","Bullet Time"],"picked":"Tools of the Trade"},{"not_picked":["Backstab","Dodge and Roll"],"picked":"Calculated Gamble"},{"not_picked":["Bane","Flechettes"],"picked":"Underhanded Strike"},{"not_picked":["Malaise","Outmaneuver"],"picked":"Eviscerate"},{"not_picked":["Backflip","Dagger Spray"],"picked":"Distraction"},{"not_picked":["Predator","Dagger Throw"],"picked":"Cloak And Dagger"}],"player_experience":104615,"potions_floor_usage":[23,23,33,33],"damage_taken":[{"damage":0.0,"enemies":"Jaw Worm","floor":1.0,"turns":4.0},{"damage":0.0,"enemies":"Small Slimes","floor":2.0,"turns":4.0},{"damage":3.0,"enemies":"Cultist","floor":4.0,"turns":5.0},{"damage":25.0,"enemies":"3 Sentries","floor":6.0,"turns":8.0},{"damage":0.0,"enemies":"2 Fungi Beasts","floor":8.0,"turns":4.0},{"damage":6.0,"enemies":"Large Slime","floor":10.0,"turns":6.0},{"damage":1.0,"enemies":"Exordium Thugs","floor":11.0,"turns":6.0},{"damage":0.0,"enemies":"2 Fungi Beasts","floor":14.0,"turns":2.0},{"damage":32.0,"enemies":"The Guardian","floor":16.0,"turns":17.0},{"damage":0.0,"enemies":"3 Byrds","floor":18.0,"turns":5.0},{"damage":0.0,"enemies":"Chosen","floor":19.0,"turns":6.0},{"damage":16.0,"enemies":"3 Cultists","floor":20.0,"turns":6.0},{"damage":60,"enemies":"Slavers","floor":23,"turns":7},{"damage":4,"enemies":"Snake Plant","floor":29,"turns":4},{"damage":0,"enemies":"Cultist and Chosen","floor":30,"turns":5},{"damage":0,"enemies":"3 Cultists","floor":31,"turns":3},{"damage":21,"enemies":"Champ","floor":33,"turns":12}],"event_choices":[{"event_name":"Big Fish","player_choice":"Box","floor":3.0,"damage_taken":0.0},{"event_name":"World of Goop","player_choice":"Gather Gold","floor":12.0,"damage_taken":0.0},{"event_name":"Beggar","player_choice":"Gave Gold","floor":21.0,"damage_taken":0.0},{"event_name":"Back to Basics","player_choice":"Elegance","floor":25,"damage_taken":0}],"boss_relics":[],"potions_floor_spawned":[2,4,6,10,11,14,19,23],"seed_played":"3697638779802736535","killed_by":"Champ","ascension_level":0,"is_trial":false}