{"gold_per_floor":[115,72,72,97,122,122,156,156,232,232],"floor_reached":10,"playtime":330,"items_purged":[],"score":128,"play_id":"fbc7e230-3e76-4903-a880-a091f9a6c6b0","local_time":"20190423103824","is_ascension_mode":true,"campfire_choices":[{"data":"Defragment","floor":6.0,"key":"SMITH"}],"neow_cost":"TEN_PERCENT_HP_LOSS","seed_source_timestamp":66297567823434,"circlet_count":0,"master_deck":["AscendersBane","Strike_B","Strike_B","Strike_B","Strike_B","Defend_B","Defend_B+1","Defend_B","Defend_B","Zap","Dualcast+1","Creative AI","Defragment+1","Capacitor","Cold Snap"],"special_seed":0,"relics":["Cracked Core","Golden Idol","War Paint","Meat on the Bone","Molten Egg 2"],"potions_floor_usage":[10],"damage_taken":[{"damage":0.0,"enemies":"Cultist","floor":1.0,"turns":3.0},{"damage":7.0,"enemies":"Jaw Worm","floor":5.0,"turns":3.0},{"damage":41.0,"enemies":"Gremlin Nob","floor":7.0,"turns":5.0},{"damage":14,"enemies":"3 Sentries","floor":10,"turns":4}],"seed_played":"-7782834080854693900","potions_obtained":[{"floor":5.0,"key":"SpeedPotion"},{"floor":7.0,"key":"SteroidPotion"}],"is_trial":false,"path_per_floor":["M","$","?","T","M","R","E","?","T","E"],"character_chosen":"DEFECT","items_purchased":["Capacitor"],"campfire_rested":0,"item_purchase_floors":[2],"current_hp_per_floor":[64,64,58,58,51,51,10,15,15,1],"gold":232,"neow_bonus":"THREE_RARE_CARDS","is_prod":false,"is_daily":false,"chose_seed":false,"campfire_upgraded":1,"win_rate":0,"timestamp":1555987104,"path_taken":["M","$","?","?","M","R","E","?","T","E"],"build_version":"2019-01-23","purchased_purges":0,"victory":false,"max_hp_per_floor":[64,64,58,58,58,58,58,63,63,63],"card_choices":[{"not_picked":["Amplify","All For One"],"picked":"Creative AI","floor":0.0},{"not_picked":["Rebound","Gash"],"picked":"Defragment","floor":1.0},{"not_picked":["Go for the Eyes","Barrage"],"picked":"Cold Snap","floor":5.0},{"not_picked":["Auto Shields","Lockon","Hyperbeam"],"picked":"SKIP","floor":7.0}],"player_experience":4450651,"relics_obtained":[{"floor":4.0,"key":"War Paint"},{"floor":7.0,"key":"Meat on the Bone"},{"floor":9.0,"key":"Molten Egg 2"}],"event_choices":[{"damage_healed":0.0,"max_hp_gain":0.0,"max_hp_loss":6.0,"gold_gain":0.0,"event_name":"Golden Idol","player_choice":"Lose Max HP","floor":3.0,"gold_loss":0.0,"damage_taken":0.0,"relics_obtained":["Golden Idol"]},{"damage_healed":0.0,"max_hp_gain":5.0,"max_hp_loss":0.0,"gold_gain":0.0,"event_name":"Big Fish","player_choice":"Donut","floor":8.0,"gold_loss":0.0,"damage_taken":0.0}],"is_beta":false,"boss_relics":[],"items_purged_floors":[],"is_endless":false,"potions_floor_spawned":[5,7],"killed_by":"3 Sentries","ascension_level":20}