{"gold_per_floor":[210,86,86,97,111,111,125,142,218,229,53,64,64,78,78,178,178,191,66,165,165,165,165,44,44,44,64,64,90,100,111,111,210,210,222,46,1045,1055,1066,1066,1066,648,648,664,237,237,237,62,62,62],"floor_reached":51,"playtime":1583,"items_purged":["Defend_G","Strike_G","Normality","Normality","Writhe"],"score":782,"play_id":"350ff136-c7ce-437f-82c8-05ac3c29b17f","local_time":"20190806031656","is_ascension_mode":false,"campfire_choices":[{"data":"Cloak And Dagger","floor":6.0,"key":"SMITH"},{"data":"Accuracy","floor":13.0,"key":"SMITH"},{"data":"Cloak And Dagger","floor":15.0,"key":"SMITH"},{"data":"Cloak And Dagger","floor":23.0,"key":"SMITH"},{"data":"Accuracy","floor":25.0,"key":"SMITH"},{"data":"Burst","floor":28.0,"key":"SMITH"},{"data":"Cloak And Dagger","floor":32.0,"key":"SMITH"},{"floor":40.0,"key":"REST"},{"floor":47.0,"key":"REST"},{"data":"Accuracy","floor":49.0,"key":"SMITH"}],"neow_cost":"NONE","seed_source_timestamp":17552273992942,"circlet_count":0,"master_deck":["Strike_G","Strike_G","Defend_G","Defend_G","Defend_G","Survivor","Neutralize+1","Cloak And Dagger+1","Cloak And Dagger+1","Cloak And Dagger+1","Distraction","Riddle With Holes","PiercingWail","Blade Dance","Accuracy+1","Backflip","Burst+1","Cloak And Dagger+1","After Image","Cloak And Dagger","Cloak And Dagger","Accuracy+1","Cloak And Dagger","Cloak And Dagger","Blade Dance","PiercingWail+1","Venomology","Endless Agony+1","Phantasmal Killer+1","Bouncing Flask+1","Master of Strategy","Cloak And Dagger+1","Caltrops+1","Accuracy+1","Distraction+1","Cloak And Dagger","Infinite Blades","Flash of Steel"],"special_seed":0,"relics":["Ring of the Snake","Bottled Flame","Philosopher\u0027s Stone","Bottled Lightning","Ninja Scroll","The Specimen","Astrolabe","Pantograph","Tingsha","Ancient Tea Set"],"potions_floor_usage":[50,50,50],"damage_taken":[{"damage":1.0,"enemies":"Jaw Worm","floor":1.0,"turns":5.0},{"damage":0.0,"enemies":"Cultist","floor":4.0,"turns":3.0},{"damage":0.0,"enemies":"2 Louse","floor":5.0,"turns":3.0},{"damage":4.0,"enemies":"Blue Slaver","floor":7.0,"turns":4.0},{"damage":0.0,"enemies":"Gremlin Gang","floor":8.0,"turns":5.0},{"damage":0.0,"enemies":"Looter","floor":10.0,"turns":5.0},{"damage":0.0,"enemies":"Blue Slaver","floor":12.0,"turns":5.0},{"damage":0.0,"enemies":"Large Slime","floor":14.0,"turns":4.0},{"damage":8.0,"enemies":"Slime Boss","floor":16.0,"turns":9.0},{"damage":9.0,"enemies":"Shell Parasite","floor":18.0,"turns":4.0},{"damage":0.0,"enemies":"3 Byrds","floor":27.0,"turns":6.0},{"damage":0.0,"enemies":"Book of Stabbing","floor":29.0,"turns":3.0},{"damage":2.0,"enemies":"Shelled Parasite and Fungi","floor":30.0,"turns":5.0},{"damage":0.0,"enemies":"Snecko","floor":31.0,"turns":3.0},{"damage":20.0,"enemies":"Collector","floor":33.0,"turns":9.0},{"damage":3.0,"enemies":"Orb Walker","floor":35.0,"turns":3.0},{"damage":30.0,"enemies":"3 Darklings","floor":38.0,"turns":4.0},{"damage":16.0,"enemies":"Jaw Worm Horde","floor":39.0,"turns":6.0},{"damage":27.0,"enemies":"Sphere and 2 Shapes","floor":44.0,"turns":8.0},{"damage":34,"enemies":"Awakened One","floor":50,"turns":10}],"seed_played":"7626104765373504240","potions_obtained":[{"floor":7.0,"key":"Energy Potion"},{"floor":10.0,"key":"GhostInAJar"},{"floor":14.0,"key":"SteroidPotion"},{"floor":18.0,"key":"Regen Potion"},{"floor":27.0,"key":"Ancient Potion"},{"floor":31.0,"key":"Block Potion"},{"floor":38.0,"key":"GamblersBrew"}],"is_trial":false,"path_per_floor":["M","$","?","M","M","R","M","M","T","M","$","M","R","M","R","B",null,"M","$","?","?","T","R","$","R","T","M","R","E","M","M","R","B",null,"M","$","?","M","M","R","?","$","T","M","$","?","R","$","R","B",null],"character_chosen":"THE_SILENT","items_purchased":["Cloak And Dagger","Accuracy","After Image","Cloak And Dagger","Accuracy","Cloak And Dagger","Master of Strategy","Accuracy","Pantograph","Cloak And Dagger","Ancient Tea Set","Infinite Blades"],"campfire_rested":2,"item_purchase_floors":[2,11,19,19,24,24,36,42,42,45,45,45],"current_hp_per_floor":[69,69,69,69,69,69,65,65,65,65,65,65,65,65,65,57,70,61,61,61,61,61,61,61,61,61,61,61,61,59,59,59,39,70,67,67,67,37,21,42,60,60,60,33,33,33,54,54,54,50],"gold":62,"neow_bonus":"HUNDRED_GOLD","is_prod":false,"is_daily":false,"chose_seed":false,"campfire_upgraded":8,"win_rate":0,"timestamp":1565083016,"path_taken":["M","$","?","M","?","R","M","M","T","M","$","M","R","M","R","BOSS","M","$","?","?","?","R","?","R","T","M","R","E","M","?","R","BOSS","M","$","?","M","M","R","?","$","T","M","$","?","R","?","R","BOSS"],"build_version":"2019-07-17","purchased_purges":5,"victory":true,"max_hp_per_floor":[70,70,70,70,70,70,70,70,70,70,70,70,70,70,70,70,70,70,70,70,70,70,70,70,70,70,70,70,70,70,70,70,70,70,70,70,70,70,70,70,70,70,70,70,70,70,70,70,70,70],"card_choices":[{"not_picked":["Bane","Setup"],"picked":"Cloak And Dagger","floor":1.0},{"not_picked":["Backflip","Outmaneuver"],"picked":"Cloak And Dagger","floor":4.0},{"not_picked":["Bullet Time","Bane"],"picked":"Distraction","floor":5.0},{"not_picked":["Dagger Throw","Underhanded Strike"],"picked":"Riddle With Holes","floor":7.0},{"not_picked":["Underhanded Strike","Bane"],"picked":"PiercingWail","floor":8.0},{"not_picked":["Dash","Acrobatics"],"picked":"Blade Dance","floor":10.0},{"not_picked":["Slice","Deadly Poison","Outmaneuver"],"picked":"SKIP","floor":12.0},{"not_picked":["Deadly Poison","Dagger Spray"],"picked":"Backflip","floor":14.0},{"not_picked":["Glass Knife","Tools of the Trade"],"picked":"Burst","floor":16.0},{"not_picked":["Tactician","Flying Knee"],"picked":"Cloak And Dagger","floor":18.0},{"not_picked":["Reflex","Outmaneuver"],"picked":"Cloak And Dagger","floor":27.0},{"not_picked":["Dodge and Roll","Blade Dance","Poisoned Stab+1"],"picked":"SKIP","floor":29.0},{"not_picked":["Dodge and Roll","Poisoned Stab+1"],"picked":"Blade Dance","floor":29.0},{"not_picked":["Flechettes","Eviscerate"],"picked":"PiercingWail+1","floor":30.0},{"not_picked":["Skewer+1","Poisoned Stab","Storm of Steel"],"picked":"SKIP","floor":31.0},{"not_picked":["Night Terror","Bullet Time"],"picked":"Venomology","floor":33.0},{"not_picked":["Flying Knee","Dagger Throw","Dagger Spray+1"],"picked":"SKIP","floor":35.0},{"not_picked":["Quick Slash","Escape Plan"],"picked":"Cloak And Dagger+1","floor":38.0},{"not_picked":["Underhanded Strike","Slice+1"],"picked":"Caltrops+1","floor":39.0},{"not_picked":["Endless Agony+1","Caltrops+1"],"picked":"Distraction+1","floor":44.0},{"not_picked":["Enlightenment","Madness"],"picked":"Flash of Steel","floor":46.0}],"player_experience":1641578,"relics_obtained":[{"floor":9.0,"key":"Bottled Flame"},{"floor":22.0,"key":"Bottled Lightning"},{"floor":26.0,"key":"Ninja Scroll"},{"floor":29.0,"key":"The Specimen"},{"floor":43.0,"key":"Tingsha"}],"event_choices":[{"damage_healed":0.0,"max_hp_gain":0.0,"max_hp_loss":0.0,"gold_gain":0.0,"event_name":"Upgrade Shrine","player_choice":"Upgraded","floor":3.0,"gold_loss":0.0,"damage_taken":0.0,"cards_upgraded":["Neutralize"]},{"damage_healed":0.0,"max_hp_gain":0.0,"max_hp_loss":0.0,"gold_gain":99.0,"event_name":"Nest","player_choice":"Stole From Cult","floor":20.0,"gold_loss":0.0,"damage_taken":0.0},{"damage_healed":0.0,"max_hp_gain":0.0,"max_hp_loss":0.0,"gold_gain":0.0,"event_name":"The Library","player_choice":"Read","floor":21.0,"gold_loss":0.0,"damage_taken":0.0,"cards_obtained":["Cloak And Dagger"]},{"damage_healed":0.0,"max_hp_gain":0.0,"max_hp_loss":0.0,"gold_gain":999.0,"event_name":"MindBloom","player_choice":"Gold","floor":37.0,"gold_loss":0.0,"damage_taken":0.0,"cards_obtained":["Normality","Normality"]},{"damage_healed":18.0,"max_hp_gain":0.0,"max_hp_loss":0.0,"gold_gain":0.0,"event_name":"Winding Halls","player_choice":"Writhe","floor":41.0,"gold_loss":0.0,"damage_taken":0.0,"cards_obtained":["Writhe"]},{"damage_healed":0.0,"max_hp_gain":0.0,"max_hp_loss":0.0,"gold_gain":0.0,"event_name":"SensoryStone","player_choice":"Memory 1","floor":46.0,"gold_loss":0.0,"damage_taken":0.0}],"is_beta":false,"boss_relics":[{"not_picked":["Empty Cage","Eternal Feather"],"picked":"Philosopher\u0027s Stone"},{"not_picked":["Orrery","Velvet Choker"],"picked":"Astrolabe"}],"items_purged_floors":[2,11,42,45,48],"is_endless":false,"potions_floor_spawned":[7,10,14,18,27,31,38,44],"ascension_level":0}