{"gold_per_floor":[116,128,142,161,174,174,199,215,242,242,46,46,57,3,3,80,80,90,15,29,43,55,55,55],"floor_reached":24,"playtime":2387,"items_purged":["Strike_G"],"score":404,"play_id":"c8b0695b-98e5-437a-98ac-9192f23cef43","local_time":"20190727181020","is_ascension_mode":true,"campfire_choices":[{"floor":6,"key":"REST"},{"floor":10,"key":"REST"},{"data":"Catalyst","floor":12,"key":"SMITH"},{"data":"Deadly Poison","floor":15,"key":"SMITH"},{"floor":23,"key":"REST"}],"neow_cost":"NONE","seed_source_timestamp":202429350606522,"circlet_count":0,"master_deck":["AscendersBane","Strike_G","Strike_G","Strike_G","Strike_G","Defend_G","Defend_G","Defend_G","Defend_G","Defend_G","Survivor","Neutralize","Crippling Poison","Catalyst+1","All Out Attack","Dash","Poisoned Stab","Escape Plan","Deadly Poison+1","Deadly Poison","Blur","Corpse Explosion","PiercingWail","Bouncing Flask","Bouncing Flask","Bullet Time"],"relics":["Ring of the Snake","Meat on the Bone","Bronze Scales","Art of War","Frozen Egg 2","Orrery"],"potions_floor_usage":[7,8,21],"damage_taken":[{"damage":10,"enemies":"Cultist","floor":1,"turns":6},{"damage":8,"enemies":"Small Slimes","floor":2,"turns":5},{"damage":4,"enemies":"Jaw Worm","floor":3,"turns":5},{"damage":16,"enemies":"3 Louse","floor":4,"turns":3},{"damage":6,"enemies":"Blue Slaver","floor":5,"turns":5},{"damage":30,"enemies":"Gremlin Nob","floor":7,"turns":5},{"damage":8,"enemies":"Exordium Thugs","floor":8,"turns":4},{"damage":6,"enemies":"Looter","floor":13,"turns":3},{"damage":18,"enemies":"Hexaghost","floor":16,"turns":8},{"damage":21,"enemies":"Shell Parasite","floor":18,"turns":4},{"damage":6,"enemies":"Spheric Guardian","floor":20,"turns":3},{"damage":22,"enemies":"Cultist and Chosen","floor":21,"turns":5},{"damage":21,"enemies":"Chosen and Byrds","floor":22,"turns":6},{"damage":37,"enemies":"Gremlin Leader","floor":24,"turns":5}],"seed_played":"-655701357556452639","potions_obtained":[{"floor":1,"key":"Explosive Potion"},{"floor":3,"key":"GhostInAJar"},{"floor":7,"key":"Swift Potion"},{"floor":13,"key":"Regen Potion"},{"floor":20,"key":"LiquidBronze"}],"is_trial":false,"path_per_floor":["M","M","M","M","M","R","E","M","T","R","$","R","M","?","R","B",null,"M","$","M","M","M","R","E"],"character_chosen":"THE_SILENT","items_purchased":["Art of War","Deadly Poison"],"campfire_rested":3,"item_purchase_floors":[11,11],"current_hp_per_floor":[55,47,43,27,21,42,12,16,16,37,37,37,43,43,43,37,63,42,42,48,41,32,53,16],"gold":55,"neow_bonus":"TEN_PERCENT_HP_BONUS","is_prod":false,"is_daily":false,"chose_seed":false,"campfire_upgraded":2,"win_rate":0,"timestamp":1564243820,"path_taken":["M","M","M","M","M","R","E","M","T","R","$","R","?","?","R","BOSS","M","?","M","?","M","R","E"],"build_version":"2019-07-17","purchased_purges":1,"victory":false,"max_hp_per_floor":[72,72,72,72,72,72,72,72,72,72,72,72,72,72,72,72,72,72,72,72,72,72,72,72],"card_choices":[{"not_picked":["Escape Plan","All Out Attack"],"picked":"Crippling Poison","floor":1},{"not_picked":["Cloak And Dagger","Poisoned Stab"],"picked":"Catalyst","floor":2},{"not_picked":["Acrobatics","Cloak And Dagger"],"picked":"All Out Attack","floor":3},{"not_picked":["Bane","Acrobatics"],"picked":"Dash","floor":4},{"not_picked":["Sucker Punch","Setup"],"picked":"Poisoned Stab","floor":5},{"not_picked":["Eviscerate","Riddle With Holes"],"picked":"Escape Plan","floor":7},{"not_picked":["Dagger Spray","Cloak And Dagger"],"picked":"Deadly Poison","floor":8},{"not_picked":["Outmaneuver","Slice"],"picked":"Blur","floor":13},{"not_picked":["Envenom+1","Die Die Die"],"picked":"Corpse Explosion","floor":16},{"not_picked":["Dodge and Roll","Escape Plan"],"picked":"PiercingWail","floor":17},{"not_picked":["Dagger Spray","Dodge and Roll"],"picked":"Bouncing Flask","floor":17},{"not_picked":["Dagger Throw","Dagger Spray","Cloak And Dagger+1"],"picked":"SKIP","floor":18},{"not_picked":["Dagger Spray","Quick Slash","Outmaneuver"],"picked":"SKIP","floor":20},{"not_picked":["Tactician","Poisoned Stab"],"picked":"Bouncing Flask","floor":21},{"not_picked":["Cloak And Dagger","Expertise"],"picked":"Bullet Time","floor":22}],"player_experience":773069,"relics_obtained":[{"floor":7,"key":"Meat on the Bone"},{"floor":9,"key":"Bronze Scales"}],"event_choices":[{"damage_healed":0,"gold_gain":0,"player_choice":"Paid Gold","damage_taken":0,"relics_obtained":["Frozen Egg 2"],"max_hp_gain":0,"max_hp_loss":0,"event_name":"WeMeetAgain","floor":14,"gold_loss":54}],"is_beta":false,"boss_relics":[{"not_picked":["Ring of the Serpent","Ectoplasm"],"picked":"Orrery"}],"items_purged_floors":[19],"is_endless":false,"potions_floor_spawned":[1,3,7,13,16,18,20],"killed_by":"Gremlin Leader","ascension_level":20}