{"gold_per_floor":[112,112,87,107,79,108,118,151,151,151,179,179,193,205,205,205],"floor_reached":16,"playtime":476,"items_purged":[],"score":290,"play_id":"b0c4fd28-9b03-460b-8bb4-c91cc1b75d23","local_time":"20190216212931","is_ascension_mode":true,"campfire_choices":[{"data":"Streamline","floor":10,"key":"SMITH"},{"data":"Consume","floor":12,"key":"SMITH"},{"data":"Defragment","floor":15,"key":"SMITH"}],"neow_cost":"NONE","seed_source_timestamp":354073074231963,"circlet_count":0,"master_deck":["AscendersBane","Strike_B","Strike_B","Strike_B","Defend_B","Defend_B","Defend_B","Defend_B","Zap","Dualcast","Go for the Eyes","Aggregate","Turbo","Cold Snap","Streamline+1","Consume+1","Recycle","Stack","Glacier","Defragment+1"],"relics":["Cracked Core","NeowsBlessing","Orichalcum","Ginger","Molten Egg 2","PreservedInsect"],"potions_floor_usage":[8],"damage_taken":[{"damage":0,"enemies":"Jaw Worm","floor":1,"turns":1},{"damage":0,"enemies":"Cultist","floor":4,"turns":1},{"damage":0,"enemies":"Gremlin Nob","floor":6,"turns":1},{"damage":5,"enemies":"Small Slimes","floor":7,"turns":2},{"damage":15,"enemies":"Lagavulin","floor":8,"turns":8},{"damage":5,"enemies":"3 Sentries","floor":11,"turns":8},{"damage":0,"enemies":"Looter","floor":13,"turns":4},{"damage":10,"enemies":"Large Slime","floor":14,"turns":9},{"damage":33,"enemies":"Hexaghost","floor":16,"turns":14}],"seed_played":"4302602141997690024","potions_obtained":[{"floor":1,"key":"Poison Potion"},{"floor":6,"key":"FearPotion"},{"floor":8,"key":"Ancient Potion"}],"is_trial":false,"path_per_floor":["M","?","$","M","$","E","M","E","T","R","E","R","M","M","R","B"],"character_chosen":"DEFECT","items_purchased":["Turbo","Streamline"],"campfire_rested":0,"item_purchase_floors":[3,5],"current_hp_per_floor":[64,64,64,64,64,64,59,44,44,44,39,39,39,29,29,0],"gold":205,"neow_bonus":"THREE_ENEMY_KILL","is_prod":false,"is_daily":false,"chose_seed":false,"campfire_upgraded":3,"win_rate":0,"timestamp":1550323771,"path_taken":["M","?","?","?","$","E","?","E","T","R","E","R","M","M","R","BOSS"],"build_version":"2019-01-23","purchased_purges":0,"victory":false,"max_hp_per_floor":[71,71,71,71,71,71,71,71,71,71,71,71,71,71,71,71],"card_choices":[{"not_picked":["Turbo","Steam"],"picked":"Go for the Eyes","floor":1},{"not_picked":["Barrage","Sweeping Beam"],"picked":"Cold Snap","floor":4},{"not_picked":["Steam","Reprogram"],"picked":"Consume","floor":6},{"not_picked":["Aggregate","Genetic Algorithm"],"picked":"Recycle","floor":7},{"not_picked":["Self Repair","Fission"],"picked":"Stack","floor":8},{"not_picked":["Hologram","Stack"],"picked":"Glacier","floor":11},{"not_picked":["Glacier","Conserve Battery"],"picked":"Defragment","floor":13},{"not_picked":["Turbo","Steam","Leap"],"picked":"SKIP","floor":14}],"player_experience":792334,"relics_obtained":[{"floor":6,"key":"Orichalcum"},{"floor":8,"key":"Ginger"},{"floor":9,"key":"Molten Egg 2"},{"floor":11,"key":"PreservedInsect"}],"event_choices":[{"damage_healed":0,"gold_gain":0,"cards_transformed":["Strike_B"],"player_choice":"Change","damage_taken":0,"max_hp_gain":0,"max_hp_loss":0,"event_name":"Living Wall","floor":2,"gold_loss":0,"cards_obtained":["Aggregate"]}],"is_beta":false,"boss_relics":[],"items_purged_floors":[],"is_endless":false,"potions_floor_spawned":[1,6,7,8,13],"killed_by":"Hexaghost","ascension_level":20}