{"gold_per_floor":[119,129,54,54,54,54,87,87,87,102,115,115],"floor_reached":12,"playtime":155,"items_purged":["Strike_G"],"score":206,"play_id":"65b1fbec-7e78-4465-acba-448409dc1183","local_time":"20190107231656","is_ascension_mode":true,"campfire_choices":[{"data":"Neutralize","floor":6,"key":"SMITH"}],"neow_cost":"NONE","seed_source_timestamp":40764226544319,"circlet_count":0,"master_deck":["AscendersBane","Defend_G","Defend_G","Defend_G","Defend_G","Strike_G","Strike_G","Strike_G","Strike_G","Survivor","Neutralize+1","Deadly Poison","Wraith Form v2"],"relics":["Ring of the Snake","NeowsBlessing","Prayer Wheel","Mercury Hourglass"],"potions_floor_usage":[],"damage_taken":[{"damage":0,"enemies":"Cultist","floor":1,"turns":1},{"damage":0,"enemies":"Jaw Worm","floor":2,"turns":1},{"damage":0,"enemies":"Lagavulin","floor":7,"turns":1},{"damage":0,"enemies":"2 Louse","floor":10,"turns":4},{"damage":0,"enemies":"2 Fungi Beasts","floor":11,"turns":3},{"damage":0,"enemies":"Gremlin Nob","floor":12,"turns":1}],"seed_played":"7358200192828281697","potions_obtained":[{"floor":1,"key":"FearPotion"},{"floor":7,"key":"Regen Potion"}],"is_trial":false,"path_per_floor":["M","M","$","?","?","R","E","?","T","M","M","E"],"character_chosen":"THE_SILENT","items_purchased":[],"campfire_rested":0,"item_purchase_floors":[],"current_hp_per_floor":[59,59,59,52,52,52,52,57,57,57,57,57],"gold":115,"neow_bonus":"THREE_ENEMY_KILL","is_prod":false,"is_daily":false,"chose_seed":false,"campfire_upgraded":1,"win_rate":0,"timestamp":1546874216,"path_taken":["M","?","$","?","?","R","E","?","T","M","M","E"],"build_version":"2019-01-03v4","purchased_purges":1,"victory":false,"max_hp_per_floor":[66,66,66,66,66,66,66,71,71,71,71,71],"card_choices":[{"not_picked":["Skewer","Backflip","Underhanded Strike"],"picked":"SKIP","floor":1},{"not_picked":["Choke","Accuracy","Flying Knee"],"picked":"SKIP","floor":2},{"not_picked":["Sucker Punch","Dodge and Roll","Backflip"],"picked":"SKIP","floor":7},{"not_picked":["Finisher","Deflect"],"picked":"Deadly Poison","floor":10},{"not_picked":["Bane","Flechettes","Underhanded Strike"],"picked":"SKIP","floor":10},{"not_picked":["Cloak And Dagger","Acrobatics"],"picked":"Wraith Form v2","floor":11},{"not_picked":["Bane","Blade Dance","Cloak And Dagger"],"picked":"SKIP","floor":11}],"player_experience":1838438,"relics_obtained":[{"floor":7,"key":"Prayer Wheel"},{"floor":9,"key":"Mercury Hourglass"}],"event_choices":[{"cards_removed":["Defend_G"],"damage_healed":0,"gold_gain":0,"player_choice":"Card Removal","damage_taken":7,"max_hp_gain":0,"max_hp_loss":0,"event_name":"Golden Wing","floor":4,"gold_loss":0},{"damage_healed":0,"gold_gain":0,"player_choice":"Leave","damage_taken":0,"max_hp_gain":0,"max_hp_loss":0,"event_name":"The Cleric","floor":5,"gold_loss":0},{"damage_healed":0,"gold_gain":0,"player_choice":"Donut","damage_taken":0,"max_hp_gain":5,"max_hp_loss":0,"event_name":"Big Fish","floor":8,"gold_loss":0}],"is_beta":false,"boss_relics":[],"items_purged_floors":[3],"is_endless":false,"potions_floor_spawned":[1,7],"killed_by":"Gremlin Nob","ascension_level":20}