{"path_per_floor":["M","?","M","M","M","R","E","R","T","M","M","M","M","?","R","B",null,"M","M","$","M","?"],"character_chosen":"THE_SILENT","items_purchased":["Burst","Matryoshka"],"gold_per_floor":[15,15,32,46,60,60,86,86,86,98,108,127,144,223,223,318,348,364,381,1,11,11],"floor_reached":23,"campfire_rested":0,"playtime":2491,"current_hp_per_floor":[70,67,67,67,67,67,42,42,42,42,39,39,39,39,39,24,75,65,53,53,56,42],"items_purged":[],"gold":11,"score":197,"play_id":"8f9e2b23-7730-485e-9923-62d792d70dd2","is_prod":false,"is_daily":false,"is_ascension_mode":false,"campfire_upgraded":3,"path_taken":["M","?","M","M","M","R","E","R","T","M","M","M","M","?","R","BOSS","M","M","$","M","?","E"],"build_version":"2018-02-22-PROD2","purchased_purges":0,"victory":false,"master_deck":["Defend_G","Defend_G","Defend_G","Defend_G","Defend_G","Strike_G","Strike_G","Strike_G","Strike_G","Strike_G","Survivor","Neutralize+1","PiercingWail","Escape Plan","Slice","Choke+1","Dagger Throw+1","Finisher+1","Backflip+1","Cloak And Dagger+1","Acrobatics+1","Doppelganger+1","Outmaneuver+1","Underhanded Strike","Underhanded Strike","Burst+1"],"max_hp_per_floor":[70,70,70,70,70,70,70,70,70,70,70,70,70,70,70,70,75,75,75,75,75,80],"relics":["Ring of the Snake","Gambling Chip","Anchor","Toxic Egg 2","Tingsha","Tiny House","Matryoshka"],"card_choices":[{"not_picked":["Caltrops","Flechettes"],"picked":"PiercingWail"},{"not_picked":["Underhanded Strike","PiercingWail"],"picked":"Escape Plan"},{"not_picked":["Acrobatics","Sucker Punch"],"picked":"Slice"},{"not_picked":["Predator","Underhanded Strike"],"picked":"Choke"},{"not_picked":["Dash","Glass Knife"],"picked":"Dagger Throw"},{"not_picked":["Blade Dance","Cloak And Dagger"],"picked":"Finisher"},{"not_picked":["Quick Slash","A Thousand Cuts"],"picked":"Backflip"},{"not_picked":["Quick Slash","PiercingWail"],"picked":"Cloak And Dagger"},{"not_picked":["Deflect","Terror"],"picked":"Acrobatics"},{"not_picked":["Envenom","Unload"],"picked":"Doppelganger"},{"not_picked":["Acrobatics","PiercingWail"],"picked":"Outmaneuver"},{"not_picked":["Leg Sweep","Dagger Spray"],"picked":"Underhanded Strike"},{"not_picked":["Poisoned Stab","Footwork"],"picked":"Underhanded Strike"}],"player_experience":36466,"potions_floor_usage":[12,16,21],"damage_taken":[{"damage":0,"enemies":"Small Slimes","floor":1,"turns":4},{"damage":0,"enemies":"2 Louse","floor":3,"turns":3},{"damage":0,"enemies":"Cultist","floor":4,"turns":4},{"damage":0,"enemies":"3 Louse","floor":5,"turns":3},{"damage":25,"enemies":"Gremlin Nob","floor":7,"turns":5},{"damage":0,"enemies":"Blue Slaver","floor":10,"turns":1},{"damage":3,"enemies":"Exordium Thugs","floor":11,"turns":4},{"damage":0,"enemies":"3 Louse","floor":12,"turns":1},{"damage":0,"enemies":"Blue Slaver","floor":13,"turns":2},{"damage":15,"enemies":"Slime Boss","floor":16,"turns":11},{"damage":10,"enemies":"Shell Parasite","floor":18,"turns":4},{"damage":12,"enemies":"3 Byrds","floor":19,"turns":4},{"damage":12,"enemies":"Centurion and Healer","floor":21,"turns":7},{"damage":54,"enemies":"Gremlin Leader","floor":23,"turns":9}],"event_choices":[{"event_name":"Scrap Ooze","player_choice":"success","floor":2,"damage_taken":3},{"event_name":"Golden Wing","player_choice":"Gained Gold","floor":14,"damage_taken":0},{"event_name":"Forgotten Altar","player_choice":"Shed Blood","floor":22,"damage_taken":0}],"boss_relics":[{"not_picked":["The Specimen","Sozu"],"picked":"Tiny House"}],"potions_floor_spawned":[4,5,11,12,13],"seed_played":"1959761066111317738","killed_by":"Gremlin Leader","ascension_level":0,"is_trial":false}