{"gold_per_floor":[118,15,31,50,50,50,66,66,66,66,81,81,98,118,118,193,193,205,205,178,99,149,149,179,179,206,233,264,296,196,207,207,285,285,300,311,327,202,222,222,248,470,470,110,136,136,136,146,146,146,146,146,146,87,120,120],"floor_reached":57,"playtime":25160,"items_purged":["Strike_R","Strike_R","Thunderclap","Strike_R+1"],"score":2995,"play_id":"5539f0dc-d1d5-4c8c-a45c-cd54fc62f8fa","local_time":"20190531085101","is_ascension_mode":true,"campfire_choices":[{"data":"True Grit","floor":6.0,"key":"SMITH"},{"data":"Rampage","floor":8.0,"key":"SMITH"},{"data":"Battle Trance","floor":12.0,"key":"SMITH"},{"data":"Shockwave","floor":15.0,"key":"SMITH"},{"data":"Dark Embrace","floor":23.0,"key":"SMITH"},{"data":"Feel No Pain","floor":32,"key":"SMITH"},{"data":"Offering","floor":40,"key":"SMITH"},{"data":"Pommel Strike","floor":47,"key":"SMITH"},{"floor":49,"key":"RECALL"},{"data":"Evolve","floor":53,"key":"SMITH"}],"neow_cost":"NONE","seed_source_timestamp":54939542219276,"circlet_count":0,"master_deck":["AscendersBane","Defend_R","Defend_R","Defend_R","Defend_R","Carnage+1","True Grit+1","Rampage+1","Shockwave+1","Battle Trance+1","Shrug It Off","Fiend Fire","Dark Embrace+1","Bloodletting+1","Feel No Pain+1","Evolve+1","Battle Trance","Impervious","Burning Pact+1","Offering+1","Pommel Strike+1","Burning Pact+1","Warcry+1","Offering+1"],"special_seed":0,"relics":["Burning Blood","NeowsBlessing","Question Card","Sundial","Runic Dome","Pantograph","Ancient Tea Set","Red Mask","Whetstone","Busted Crown","Toxic Egg 2","Singing Bowl","Medical Kit","Bag of Preparation","Bottled Tornado"],"potions_floor_usage":[28,56,56],"damage_taken":[{"damage":0.0,"enemies":"2 Louse","floor":1.0,"turns":1.0},{"damage":0.0,"enemies":"Small Slimes","floor":3.0,"turns":1.0},{"damage":0.0,"enemies":"Jaw Worm","floor":4.0,"turns":1.0},{"damage":3.0,"enemies":"Looter","floor":7.0,"turns":4.0},{"damage":1.0,"enemies":"Blue Slaver","floor":11.0,"turns":5.0},{"damage":1.0,"enemies":"2 Fungi Beasts","floor":13.0,"turns":3.0},{"damage":3.0,"enemies":"Looter","floor":14.0,"turns":3.0},{"damage":0.0,"enemies":"The Guardian","floor":16.0,"turns":7.0},{"damage":8.0,"enemies":"Spheric Guardian","floor":18.0,"turns":4.0},{"damage":21.0,"enemies":"2 Thieves","floor":20.0,"turns":4.0},{"damage":13.0,"enemies":"Gremlin Leader","floor":24.0,"turns":7.0},{"damage":24.0,"enemies":"Slavers","floor":27.0,"turns":5.0},{"damage":18,"enemies":"Masked Bandits","floor":28,"turns":5},{"damage":13,"enemies":"Book of Stabbing","floor":29,"turns":5},{"damage":0,"enemies":"Snecko","floor":31,"turns":5},{"damage":19,"enemies":"Collector","floor":33,"turns":5},{"damage":17,"enemies":"Orb Walker","floor":35,"turns":4},{"damage":18,"enemies":"3 Shapes","floor":36,"turns":3},{"damage":1,"enemies":"Maw","floor":37,"turns":5},{"damage":10,"enemies":"Sphere and 2 Shapes","floor":39,"turns":3},{"damage":0,"enemies":"Giant Head","floor":41,"turns":5},{"damage":9,"enemies":"Nemesis","floor":45,"turns":3},{"damage":2,"enemies":"Transient","floor":48,"turns":4},{"damage":15,"enemies":"Donu and Deca","floor":50,"turns":4},{"damage":27,"enemies":"Time Eater","floor":51,"turns":4},{"damage":18,"enemies":"Shield and Spear","floor":55,"turns":1},{"damage":40,"enemies":"The Heart","floor":56,"turns":5}],"seed_played":"-5023264499019291328","potions_obtained":[{"floor":1.0,"key":"SneckoOil"},{"floor":4.0,"key":"Explosive Potion"},{"floor":13.0,"key":"EssenceOfSteel"},{"floor":14.0,"key":"FearPotion"},{"floor":24.0,"key":"SteroidPotion"},{"floor":27.0,"key":"Weak Potion"},{"floor":35,"key":"Fire Potion"},{"floor":37,"key":"Weak Potion"},{"floor":41,"key":"Energy Potion"},{"floor":55,"key":"PowerPotion"}],"is_trial":false,"path_per_floor":["M","$","M","M","?","R","M","R","T","?","M","R","M","M","R","B",null,"M","?","M","$","?","R","E","?","T","E","?","E","$","M","R","B",null,"M","M","M","$","M","R","E","?","T","$","E","?","R","M","R","B","B",null,"R","$","E","B",null],"character_chosen":"IRONCLAD","items_purchased":["True Grit","Evolve","Medical Kit","Warcry+1"],"campfire_rested":0,"item_purchase_floors":[2,21,44,54],"current_hp_per_floor":[74,74,75,75,64,64,67,67,67,60,65,65,70,73,73,75,75,73,73,58,58,58,58,51,51,51,33,21,14,14,20,20,32,64,53,41,46,46,42,42,48,48,48,48,45,45,45,49,49,62,50,66,66,66,54,37],"gold":120,"neow_bonus":"THREE_ENEMY_KILL","is_prod":false,"is_daily":false,"chose_seed":false,"campfire_upgraded":9,"win_rate":0,"timestamp":1559263861,"path_taken":["M","$","M","M","?","R","M","R","T","?","M","R","M","M","R","BOSS","BOSS","M","?","M","$","?","R","E","?","T","E","?","E","$","?","R","BOSS","M","M","M","$","M","R","E","?","T","$","E","?","R","M","R","BOSS","BOSS","R","$","E","BOSS"],"build_version":"2019-01-23","purchased_purges":4,"victory":true,"max_hp_per_floor":[75,75,75,75,75,75,75,75,75,75,75,75,75,75,75,75,75,75,75,75,75,75,75,75,75,75,75,75,75,75,75,75,75,75,75,75,75,75,75,75,75,75,75,75,75,71,71,71,71,71,71,71,71,71,71,71],"card_choices":[{"not_picked":["Feel No Pain","Armaments"],"picked":"Carnage","floor":1.0},{"not_picked":["Spot Weakness","Perfected Strike"],"picked":"Rampage","floor":3.0},{"not_picked":["Clash","True Grit"],"picked":"Shockwave","floor":4.0},{"not_picked":["Whirlwind","Feel No Pain","Seeing Red"],"picked":"Battle Trance","floor":7.0},{"not_picked":["Havoc","Thunderclap","Perfected Strike","Headbutt"],"picked":"SKIP","floor":11.0},{"not_picked":["Headbutt","Sever Soul","Anger"],"picked":"Shrug It Off","floor":13.0},{"not_picked":["Clothesline","True Grit","Flex"],"picked":"Fiend Fire","floor":14.0},{"not_picked":["Reaper","Feed","Exhume"],"picked":"Dark Embrace","floor":16.0},{"not_picked":["Battle Trance","Blood for Blood","Iron Wave+1"],"picked":"Bloodletting+1","floor":18.0},{"not_picked":["Battle Trance+1","Sword Boomerang","Warcry"],"picked":"Feel No Pain","floor":20.0},{"not_picked":["Warcry","Carnage","Sword Boomerang","Entrench"],"picked":"SKIP","floor":24.0},{"not_picked":["Dual Wield","Anger","Headbutt","Rage"],"picked":"SKIP","floor":27.0},{"not_picked":["Flame Barrier","Havoc","Warcry"],"picked":"Impervious","floor":29},{"not_picked":["Headbutt","Iron Wave","Feel No Pain"],"picked":"Burning Pact+1","floor":31},{"not_picked":["Bludgeon","Reaper","Berserk"],"picked":"Offering","floor":33},{"not_picked":["Intimidate","Twin Strike+1"],"picked":"SKIP","floor":35},{"not_picked":["Rampage","Havoc"],"picked":"SKIP","floor":36},{"not_picked":["Anger+1","Warcry"],"picked":"SKIP","floor":37},{"not_picked":["Clash","Shrug It Off"],"picked":"SKIP","floor":39},{"not_picked":["Shockwave","Clash"],"picked":"SKIP","floor":41},{"not_picked":["Shockwave","Clash"],"picked":"SKIP","floor":41},{"not_picked":["Blood for Blood"],"picked":"Pommel Strike","floor":45},{"not_picked":["Thunderclap"],"picked":"Burning Pact+1","floor":48},{"not_picked":["Searing Blow"],"picked":"Offering+1","floor":55}],"player_experience":4908703,"relics_obtained":[{"floor":9.0,"key":"Sundial"},{"floor":24.0,"key":"Pantograph"},{"floor":27.0,"key":"Ancient Tea Set"},{"floor":28,"key":"Red Mask"},{"floor":29,"key":"Whetstone"},{"floor":41,"key":"Toxic Egg 2"},{"floor":43,"key":"Singing Bowl"},{"floor":45,"key":"Bag of Preparation"},{"floor":55,"key":"Bottled Tornado"}],"event_choices":[{"damage_healed":0.0,"max_hp_gain":0.0,"max_hp_loss":0.0,"gold_gain":0.0,"event_name":"Scrap Ooze","player_choice":"Success","floor":5.0,"gold_loss":0.0,"damage_taken":11.0,"relics_obtained":["Question Card"]},{"cards_removed":["Bash"],"damage_healed":0.0,"max_hp_gain":0.0,"max_hp_loss":0.0,"gold_gain":0.0,"event_name":"Golden Wing","player_choice":"Card Removal","floor":10.0,"gold_loss":0.0,"damage_taken":7.0},{"damage_healed":0.0,"max_hp_gain":0.0,"max_hp_loss":0.0,"gold_gain":0.0,"event_name":"The Mausoleum","player_choice":"Ignored","floor":19.0,"gold_loss":0.0,"damage_taken":0.0},{"damage_healed":0.0,"max_hp_gain":0.0,"max_hp_loss":0.0,"gold_gain":50.0,"event_name":"Nest","player_choice":"Stole From Cult","floor":22.0,"gold_loss":0.0,"damage_taken":0.0},{"damage_healed":0.0,"max_hp_gain":0.0,"max_hp_loss":0.0,"gold_gain":0.0,"cards_transformed":["Strike_R","Strike_R"],"event_name":"Drug Dealer","player_choice":"Became Test Subject","floor":25.0,"gold_loss":0.0,"damage_taken":0.0,"cards_obtained":["Thunderclap","Battle Trance"]},{"damage_healed":0,"gold_gain":0,"player_choice":"Fought Bandits","damage_taken":0,"max_hp_gain":0,"max_hp_loss":0,"event_name":"Masked Bandits","floor":28,"gold_loss":0},{"damage_healed":0,"gold_gain":222,"player_choice":"Wore Mask","damage_taken":0,"max_hp_gain":0,"max_hp_loss":0,"event_name":"Tomb of Lord Red Mask","floor":42,"gold_loss":0},{"damage_healed":0,"gold_gain":0,"player_choice":"Max HP","damage_taken":0,"max_hp_gain":0,"max_hp_loss":4,"event_name":"Winding Halls","floor":46,"gold_loss":0}],"is_beta":false,"boss_relics":[{"not_picked":["Lizard Tail","Tiny House"],"picked":"Runic Dome"},{"not_picked":["Eternal Feather","Black Star"],"picked":"Busted Crown"}],"items_purged_floors":[2,30,38,44],"is_endless":false,"potions_floor_spawned":[1,4,13,14,16,20,24,27,35,37,39,41,55],"ascension_level":20}