{"gold_per_floor":[113,129,140,65,82,82,102,102,102,102,2,37,37,56,56,56],"floor_reached":16,"playtime":345,"items_purged":["Strike_R","Bash+1"],"score":204,"play_id":"15a67da9-a2b6-4847-995d-e118743c7913","local_time":"20190804163946","is_ascension_mode":true,"campfire_choices":[{"data":"Bash","floor":6,"key":"SMITH"},{"data":"Uppercut","floor":8,"key":"SMITH"},{"data":"Shrug It Off","floor":10,"key":"SMITH"},{"data":"Armaments","floor":15,"key":"SMITH"}],"neow_cost":"NONE","seed_source_timestamp":690171988394500,"circlet_count":0,"master_deck":["AscendersBane","Strike_R","Strike_R","Strike_R","Strike_R","Defend_R","Defend_R","Defend_R","Defend_R","Shrug It Off+1","Uppercut+1","Armaments+1","Second Wind"],"relics":["Burning Blood","NeowsBlessing","Torii","Kunai"],"potions_floor_usage":[12,12,16],"damage_taken":[{"damage":0,"enemies":"Cultist","floor":1,"turns":1},{"damage":0,"enemies":"Jaw Worm","floor":2,"turns":1},{"damage":0,"enemies":"Small Slimes","floor":3,"turns":1},{"damage":16,"enemies":"2 Fungi Beasts","floor":5,"turns":4},{"damage":14,"enemies":"3 Louse","floor":7,"turns":6},{"damage":13,"enemies":"Lagavulin","floor":12,"turns":8},{"damage":10,"enemies":"Large Slime","floor":14,"turns":7},{"damage":49,"enemies":"Hexaghost","floor":16,"turns":14}],"seed_played":"-5589418266962327767","potions_obtained":[{"floor":1,"key":"Poison Potion"},{"floor":3,"key":"Block Potion"},{"floor":12,"key":"AttackPotion"}],"is_trial":false,"path_per_floor":["M","M","M","$","M","R","M","R","T","R","$","E","$","M","R","B"],"character_chosen":"IRONCLAD","items_purchased":[],"campfire_rested":0,"item_purchase_floors":[],"current_hp_per_floor":[74,75,75,75,65,65,57,57,57,57,57,50,50,46,46,0],"gold":56,"neow_bonus":"THREE_ENEMY_KILL","is_prod":false,"is_daily":false,"chose_seed":false,"campfire_upgraded":4,"win_rate":0,"timestamp":1564907986,"path_taken":["M","?","?","$","M","R","M","R","T","R","$","E","?","M","R","BOSS"],"build_version":"2019-07-17","purchased_purges":2,"victory":false,"max_hp_per_floor":[75,75,75,75,75,75,75,75,75,75,75,75,75,75,75,75],"card_choices":[{"not_picked":["Dropkick","Flame Barrier","Reckless Charge"],"picked":"SKIP","floor":1},{"not_picked":["Iron Wave","Searing Blow","Anger"],"picked":"SKIP","floor":2},{"not_picked":["Anger","Clothesline"],"picked":"Shrug It Off","floor":3},{"not_picked":["Clash","Shockwave","Clothesline"],"picked":"SKIP","floor":5},{"not_picked":["Hemokinesis","Rage"],"picked":"Uppercut","floor":7},{"not_picked":["Sentinel","Clash"],"picked":"Armaments","floor":12},{"not_picked":["Cleave","Limit Break"],"picked":"Second Wind","floor":14}],"player_experience":727370,"relics_obtained":[{"floor":9,"key":"Torii"},{"floor":12,"key":"Kunai"}],"event_choices":[],"is_beta":false,"boss_relics":[],"items_purged_floors":[4,11],"is_endless":false,"potions_floor_spawned":[1,3,12],"killed_by":"Hexaghost","ascension_level":20}