{"gold_per_floor":[115,131,146,161,174,174,190,265,292,320,331,331,181,181,181,279,279,294,308,324,344,362,362,374,374,398,202,232,244,267,295,307,415,427,457,519,406,426,436,436,455,455,480,512,512,523,540,390,390,390],"floor_reached":51,"playtime":2577,"items_purged":["Strike_G","Strike_G","Defend_G","Defend_G"],"score":857,"play_id":"1f102d5c-f371-4a66-91c3-b822fae4751a","local_time":"20181020223419","is_ascension_mode":false,"campfire_choices":[{"data":"Well Laid Plans","floor":6.0,"key":"SMITH"},{"data":"Phantasmal Killer","floor":12.0,"key":"SMITH"},{"data":"Well Laid Plans","floor":15.0,"key":"SMITH"},{"data":"Grand Finale","floor":23.0,"key":"SMITH"},{"data":"Acrobatics","floor":25.0,"key":"SMITH"},{"data":"Reflex","floor":29.0,"key":"SMITH"},{"data":"Expertise","floor":32.0,"key":"SMITH"},{"data":"Purity","floor":40,"key":"SMITH"},{"data":"Adrenaline","floor":42,"key":"SMITH"},{"data":"Adrenaline","floor":49,"key":"SMITH"}],"neow_cost":"NONE","seed_source_timestamp":42018459316829,"circlet_count":0,"master_deck":["Defend_G","Defend_G","Strike_G","Survivor","Unload","Backstab","Well Laid Plans+1","Phantasmal Killer+1","Predator","Well Laid Plans+1","Grand Finale+1","Acrobatics+1","Reflex+1","Expertise+1","Purity+1","Adrenaline+1","Acrobatics+1","Night Terror","Backflip+1","Acrobatics","Adrenaline+1","Escape Plan+1","Concentrate"],"special_seed":0,"relics":["Ring of the Snake","Potion Belt","Mercury Hourglass","Runic Pyramid","Boot","MawBank","Empty Cage","Thread and Needle","Regal Pillow","PreservedInsect"],"potions_floor_usage":[39,44],"damage_taken":[{"damage":1.0,"enemies":"Cultist","floor":1.0,"turns":5.0},{"damage":0.0,"enemies":"Small Slimes","floor":2.0,"turns":4.0},{"damage":0.0,"enemies":"2 Louse","floor":3.0,"turns":1.0},{"damage":0.0,"enemies":"Large Slime","floor":4.0,"turns":4.0},{"damage":2.0,"enemies":"Exordium Thugs","floor":5.0,"turns":4.0},{"damage":0.0,"enemies":"Blue Slaver","floor":7.0,"turns":3.0},{"damage":22.0,"enemies":"3 Sentries","floor":10.0,"turns":9.0},{"damage":0.0,"enemies":"2 Fungi Beasts","floor":11.0,"turns":2.0},{"damage":19.0,"enemies":"The Guardian","floor":16.0,"turns":11.0},{"damage":0.0,"enemies":"Chosen","floor":18.0,"turns":3.0},{"damage":0.0,"enemies":"Spheric Guardian","floor":19.0,"turns":3.0},{"damage":0.0,"enemies":"Snecko","floor":20.0,"turns":3.0},{"damage":5.0,"enemies":"3 Cultists","floor":21.0,"turns":3.0},{"damage":0.0,"enemies":"Centurion and Healer","floor":22.0,"turns":3.0},{"damage":5.0,"enemies":"Snake Plant","floor":24.0,"turns":3.0},{"damage":7.0,"enemies":"Book of Stabbing","floor":28.0,"turns":2.0},{"damage":0.0,"enemies":"Shelled Parasite and Fungi","floor":30.0,"turns":3.0},{"damage":0.0,"enemies":"3 Cultists","floor":31.0,"turns":2.0},{"damage":0.0,"enemies":"Automaton","floor":33.0,"turns":4.0},{"damage":0.0,"enemies":"3 Shapes","floor":35.0,"turns":2.0},{"damage":0.0,"enemies":"2 Orb Walkers","floor":36.0,"turns":2.0},{"damage":0.0,"enemies":"Orb Walker","floor":38.0,"turns":2.0},{"damage":0,"enemies":"Spire Growth","floor":39,"turns":2},{"damage":0,"enemies":"Transient","floor":41,"turns":5},{"damage":7,"enemies":"Reptomancer","floor":44,"turns":6},{"damage":0,"enemies":"Jaw Worm Horde","floor":46,"turns":1},{"damage":0,"enemies":"Spire Growth","floor":47,"turns":2},{"damage":0,"enemies":"Donu and Deca","floor":50,"turns":1}],"seed_played":"-6493596094777796430","potions_obtained":[{"floor":5.0,"key":"LiquidBronze"},{"floor":7.0,"key":"Swift Potion"},{"floor":10.0,"key":"PowerPotion"},{"floor":11.0,"key":"GamblersBrew"},{"floor":16.0,"key":"Energy Potion"},{"floor":18.0,"key":"PowerPotion"},{"floor":22.0,"key":"Dexterity Potion"},{"floor":28.0,"key":"FairyPotion"},{"floor":31.0,"key":"PowerPotion"},{"floor":41,"key":"FearPotion"},{"floor":44,"key":"SpeedPotion"},{"floor":46,"key":"Energy Potion"}],"is_trial":false,"path_per_floor":["M","M","M","M","M","R","M","?","T","E","M","R","$","?","R","B",null,"M","M","M","M","M","R","M","R","T","$","E","R","M","M","R","B",null,"M","?","$","M","M","R","M","R","T","E","?","M","M","$","R","B"],"character_chosen":"THE_SILENT","items_purchased":["Well Laid Plans","Purity"],"campfire_rested":0,"item_purchase_floors":[13,27],"current_hp_per_floor":[69,69,69,69,67,67,67,56,56,34,34,34,34,27,27,8,70,70,70,70,65,65,65,60,60,60,60,53,53,53,53,53,53,70,70,70,70,70,70,70,70,70,70,63,63,63,63,63,63,63],"gold":390,"neow_bonus":"ONE_RANDOM_RARE_CARD","is_prod":false,"is_daily":false,"chose_seed":false,"campfire_upgraded":10,"win_rate":0,"timestamp":1540046059,"path_taken":["M","M","M","M","M","R","M","?","T","E","?","R","$","?","R","BOSS","M","M","M","M","M","R","M","R","T","$","E","R","M","M","R","BOSS","M","?","$","M","M","R","M","R","T","E","?","M","M","$","R","BOSS"],"build_version":"2018-10-18","purchased_purges":4,"victory":true,"max_hp_per_floor":[70,70,70,70,70,70,70,70,70,70,70,70,70,70,70,70,70,70,70,70,70,70,70,70,70,70,70,70,70,70,70,70,70,70,70,70,70,70,70,70,70,70,70,70,70,70,70,70,70,70],"card_choices":[{"not_picked":["Bane","Sucker Punch","Deflect"],"picked":"SKIP","floor":1.0},{"not_picked":["Blade Dance","Outmaneuver"],"picked":"Backstab","floor":2.0},{"not_picked":["Backstab","Setup"],"picked":"Well Laid Plans","floor":3.0},{"not_picked":["Finisher","PiercingWail","Dagger Spray"],"picked":"SKIP","floor":4.0},{"not_picked":["Concentrate","Outmaneuver","Blade Dance"],"picked":"SKIP","floor":5.0},{"not_picked":["Dagger Spray","Dodge and Roll"],"picked":"Phantasmal Killer","floor":7.0},{"not_picked":["Outmaneuver","Endless Agony","Distraction"],"picked":"SKIP","floor":10.0},{"not_picked":["Outmaneuver","Prepared"],"picked":"Predator","floor":11.0},{"not_picked":["Night Terror","Phantasmal Killer"],"picked":"Grand Finale","floor":16.0},{"not_picked":["Cloak And Dagger","Flying Knee","Tactician"],"picked":"SKIP","floor":18.0},{"not_picked":["Flying Knee","Sucker Punch+1"],"picked":"Acrobatics","floor":19.0},{"not_picked":["Sucker Punch","Slice","Deflect"],"picked":"SKIP","floor":20.0},{"not_picked":["Cloak And Dagger","Choke+1"],"picked":"Reflex","floor":21.0},{"not_picked":["Masterful Stab","Outmaneuver","Dodge and Roll"],"picked":"SKIP","floor":22.0},{"not_picked":["Bouncing Flask+1","Dodge and Roll"],"picked":"Expertise","floor":24.0},{"not_picked":["Dagger Spray","Sucker Punch"],"picked":"Adrenaline","floor":28.0},{"not_picked":["PiercingWail","Flying Knee+1","Calculated Gamble"],"picked":"SKIP","floor":30.0},{"not_picked":["Noxious Fumes","Escape Plan"],"picked":"Acrobatics+1","floor":31.0},{"not_picked":["Corpse Explosion","After Image"],"picked":"Night Terror","floor":33.0},{"not_picked":["PiercingWail+1","Dash+1","Choke+1"],"picked":"SKIP","floor":35.0},{"not_picked":["Blade Dance","Skewer+1"],"picked":"Backflip+1","floor":38.0},{"not_picked":["Skewer+1","Blur+1"],"picked":"Acrobatics","floor":39},{"not_picked":["Deadly Poison+1","Acrobatics+1"],"picked":"Adrenaline","floor":41},{"not_picked":["Underhanded Strike","Skewer","Caltrops"],"picked":"SKIP","floor":44},{"not_picked":["Bane+1","Backflip"],"picked":"Escape Plan+1","floor":46},{"not_picked":["Storm of Steel","Underhanded Strike"],"picked":"Concentrate","floor":47}],"player_experience":423842,"relics_obtained":[{"floor":9.0,"key":"Potion Belt"},{"floor":10.0,"key":"Mercury Hourglass"},{"floor":26.0,"key":"Boot"},{"floor":28.0,"key":"MawBank"},{"floor":36.0,"key":"Thread and Needle"},{"floor":43,"key":"Regal Pillow"},{"floor":44,"key":"PreservedInsect"}],"event_choices":[{"damage_healed":0.0,"max_hp_gain":0.0,"max_hp_loss":0.0,"gold_gain":75.0,"event_name":"World of Goop","player_choice":"Gather Gold","floor":8.0,"gold_loss":0.0,"damage_taken":11.0},{"cards_removed":["Strike_G"],"damage_healed":0.0,"max_hp_gain":0.0,"max_hp_loss":0.0,"gold_gain":0.0,"event_name":"Golden Wing","player_choice":"Card Removal","floor":14.0,"gold_loss":0.0,"damage_taken":7.0},{"damage_healed":0.0,"max_hp_gain":0.0,"max_hp_loss":0.0,"gold_gain":0.0,"event_name":"Mysterious Sphere","player_choice":"Fight","floor":36.0,"gold_loss":0.0,"damage_taken":0.0},{"cards_removed":["Neutralize"],"damage_healed":0,"gold_gain":0,"player_choice":"Removed Attack","damage_taken":0,"max_hp_gain":0,"max_hp_loss":0,"event_name":"Falling","floor":45,"gold_loss":0}],"is_beta":false,"boss_relics":[{"not_picked":["Tiny House","HoveringKite"],"picked":"Runic Pyramid"},{"not_picked":["Snecko Eye","White Beast Statue"],"picked":"Empty Cage"}],"items_purged_floors":[13,27,37,48],"is_endless":false,"potions_floor_spawned":[5,7,10,11,16,18,22,24,28,31,33,35,41,44,46],"ascension_level":0}