{"gold_per_floor":[113,38,56,56,56,56,67,67,147,165,165,74,99,115,115,192,192,202,202,218,31,46,46,66,66,116,316,331,206,218,233,233,307,307,319,338,338,188,188,214,214,227,227,241,66,91,91,91,91,91,91,91,36,64,64],"floor_reached":56,"playtime":1855,"items_purged":["Defend_R","Strike_R","Strike_R","Defend_R","Defend_R"],"score":2413,"play_id":"6963406a-3d2c-4ef4-81f7-b7bd3e09fa85","local_time":"20181219100904","is_ascension_mode":true,"campfire_choices":[{"data":"Rampage","floor":6.0,"key":"SMITH"},{"data":"True Grit","floor":8.0,"key":"SMITH"},{"data":"Bash","floor":11.0,"key":"SMITH"},{"data":"Trip","floor":15.0,"key":"SMITH"},{"floor":23.0,"key":"RECALL"},{"floor":25.0,"key":"REST"},{"floor":32.0,"key":"REST"},{"floor":41.0,"key":"REST"},{"floor":47,"key":"REST"},{"floor":49,"key":"REST"},{"floor":52,"key":"REST"}],"neow_cost":"TEN_PERCENT_HP_LOSS","seed_source_timestamp":1024734882437,"circlet_count":0,"master_deck":["AscendersBane","Bash+1","Dropkick","Rampage+1","True Grit+1","Trip+1","Fiend Fire","Impervious","Offering","Dropkick","Evolve","Rage+1","Warcry","Fiend Fire"],"special_seed":0,"relics":["Burning Blood","Centennial Puzzle","Gremlin Horn","Bag of Preparation","Fusion Hammer","Runic Pyramid","Bottled Lightning","Potion Belt","Sundial","Meat on the Bone","Strawberry"],"potions_floor_usage":[54,54,55,55],"damage_taken":[{"damage":9.0,"enemies":"Small Slimes","floor":1.0,"turns":6.0},{"damage":6.0,"enemies":"2 Louse","floor":3.0,"turns":3.0},{"damage":7.0,"enemies":"Jaw Worm","floor":7.0,"turns":2.0},{"damage":12.0,"enemies":"Large Slime","floor":10.0,"turns":4.0},{"damage":27.0,"enemies":"3 Sentries","floor":13.0,"turns":8.0},{"damage":0.0,"enemies":"Gremlin Gang","floor":14.0,"turns":2.0},{"damage":32.0,"enemies":"Hexaghost","floor":16.0,"turns":7.0},{"damage":16.0,"enemies":"Spheric Guardian","floor":18.0,"turns":5.0},{"damage":8.0,"enemies":"Colosseum Slavers","floor":19.0,"turns":6.0},{"damage":8.0,"enemies":"3 Byrds","floor":20.0,"turns":4.0},{"damage":14.0,"enemies":"Snake Plant","floor":22.0,"turns":3.0},{"damage":6.0,"enemies":"Centurion and Healer","floor":24.0,"turns":2.0},{"damage":6.0,"enemies":"Chosen and Byrds","floor":28.0,"turns":2.0},{"damage":6.0,"enemies":"3 Cultists","floor":30.0,"turns":2.0},{"damage":6.0,"enemies":"Centurion and Healer","floor":31.0,"turns":2.0},{"damage":6.0,"enemies":"Champ","floor":33.0,"turns":2.0},{"damage":16.0,"enemies":"3 Shapes","floor":35.0,"turns":3.0},{"damage":6.0,"enemies":"Orb Walker","floor":36.0,"turns":2.0},{"damage":6.0,"enemies":"Nemesis","floor":40.0,"turns":3.0},{"damage":6.0,"enemies":"3 Darklings","floor":42.0,"turns":2.0},{"damage":18,"enemies":"4 Shapes","floor":44,"turns":3},{"damage":6,"enemies":"Giant Head","floor":46,"turns":2},{"damage":6,"enemies":"Awakened One","floor":50,"turns":3},{"damage":6,"enemies":"Shield and Spear","floor":54,"turns":2},{"damage":49,"enemies":"The Heart","floor":55,"turns":5}],"seed_played":"3504585620523591460","potions_obtained":[{"floor":1.0,"key":"Regen Potion"},{"floor":10.0,"key":"Poison Potion"},{"floor":14.0,"key":"PowerPotion"},{"floor":22.0,"key":"FearPotion"},{"floor":40.0,"key":"AttackPotion"},{"floor":44,"key":"Strength Potion"},{"floor":46,"key":"FearPotion"}],"is_trial":false,"path_per_floor":["M","$","M","?","?","R","M","R","T","M","R","$","E","M","R","B",null,"M","?","M","$","M","R","M","R","T","?","M","$","M","M","R","B",null,"M","M","?","$","T","E","R","M","T","M","$","E","R","?","R","B",null,"R","$","E","B",null],"character_chosen":"IRONCLAD","items_purchased":["Trip","Dropkick","Weak Potion"],"campfire_rested":6,"item_purchase_floors":[12,21,53],"current_hp_per_floor":[65,65,65,60,60,60,59,59,59,53,53,53,32,38,38,12,54,44,57,55,55,47,47,47,67,67,67,67,67,67,67,68,68,68,58,58,58,58,58,58,68,68,68,56,56,56,68,68,68,68,68,68,68,75,44],"gold":64,"neow_bonus":"REMOVE_TWO","is_prod":false,"is_daily":false,"chose_seed":false,"campfire_upgraded":4,"win_rate":0,"timestamp":1545185344,"path_taken":["M","$","M","?","?","R","M","R","T","M","R","$","E","M","R","BOSS","M","?","M","$","M","R","M","R","T","?","M","$","?","M","R","BOSS","M","M","?","$","?","E","R","M","T","M","?","E","R","?","R","BOSS","R","$","E","BOSS"],"build_version":"2018-12-13","purchased_purges":5,"victory":true,"max_hp_per_floor":[68,68,68,68,68,68,68,68,68,68,68,68,68,68,68,68,68,68,68,68,68,68,68,68,68,68,68,68,68,68,68,68,68,68,68,68,68,68,68,68,68,68,68,68,68,68,68,68,68,68,68,68,68,75,75],"card_choices":[{"not_picked":["Entrench","Pommel Strike"],"picked":"Dropkick","floor":1.0},{"not_picked":["Perfected Strike","Cleave"],"picked":"Second Wind","floor":3.0},{"not_picked":["Clash","Armaments"],"picked":"True Grit","floor":7.0},{"not_picked":["Wild Strike","Whirlwind","Anger"],"picked":"SKIP","floor":10.0},{"not_picked":["Blood for Blood","Searing Blow"],"picked":"Fiend Fire","floor":13.0},{"not_picked":["Headbutt","Pommel Strike","Warcry"],"picked":"SKIP","floor":14.0},{"not_picked":["Reaper","Juggernaut"],"picked":"Impervious","floor":16.0},{"not_picked":["Sever Soul","Heavy Blade","Headbutt"],"picked":"SKIP","floor":18.0},{"not_picked":["Warcry","Iron Wave+1"],"picked":"Offering","floor":20.0},{"not_picked":["Bloodletting+1","Headbutt"],"picked":"Evolve","floor":22.0},{"not_picked":["Pommel Strike","Ghostly Armor","Battle Trance"],"picked":"SKIP","floor":24.0},{"not_picked":["Battle Trance","Havoc","Infernal Blade"],"picked":"SKIP","floor":28.0},{"not_picked":["Whirlwind+1","Disarm","Twin Strike"],"picked":"SKIP","floor":30.0},{"not_picked":["Armaments","Clash"],"picked":"Rage+1","floor":31.0},{"not_picked":["True Grit+1","Bloodletting","Feel No Pain+1"],"picked":"SKIP","floor":35.0},{"not_picked":["Infernal Blade","Pummel","Armaments"],"picked":"SKIP","floor":36.0},{"not_picked":["Clash","Wild Strike","Sword Boomerang"],"picked":"SKIP","floor":40.0},{"not_picked":["Pommel Strike","Second Wind+1"],"picked":"Fiend Fire","floor":42.0},{"not_picked":["Twin Strike","Anger+1","Shrug It Off"],"picked":"SKIP","floor":44},{"not_picked":["Limit Break","Flex+1","Spot Weakness"],"picked":"SKIP","floor":46},{"not_picked":["Iron Wave","Warcry","Ghostly Armor"],"picked":"SKIP","floor":54}],"player_experience":1365288,"relics_obtained":[{"floor":9.0,"key":"Gremlin Horn"},{"floor":13.0,"key":"Bag of Preparation"},{"floor":39.0,"key":"Bottled Lightning"},{"floor":40.0,"key":"Potion Belt"},{"floor":43.0,"key":"Sundial"},{"floor":46,"key":"Meat on the Bone"},{"floor":54,"key":"Strawberry"}],"event_choices":[{"damage_healed":0.0,"max_hp_gain":0.0,"max_hp_loss":0.0,"gold_gain":0.0,"event_name":"Scrap Ooze","player_choice":"Success","floor":4.0,"gold_loss":0.0,"damage_taken":5.0,"relics_obtained":["Centennial Puzzle"]},{"damage_healed":0.0,"max_hp_gain":0.0,"max_hp_loss":0.0,"gold_gain":0.0,"cards_transformed":["Strike_R"],"event_name":"Living Wall","player_choice":"Change","floor":5.0,"gold_loss":0.0,"damage_taken":0.0,"cards_obtained":["Rampage"]},{"damage_healed":0.0,"max_hp_gain":0.0,"max_hp_loss":0.0,"gold_gain":0.0,"event_name":"Colosseum","player_choice":"Fight","floor":19.0,"gold_loss":0.0,"damage_taken":0.0},{"damage_healed":0.0,"max_hp_gain":0.0,"max_hp_loss":0.0,"gold_gain":0.0,"event_name":"Colosseum","player_choice":"Fled From Nobs","floor":19.0,"gold_loss":0.0,"damage_taken":0.0},{"damage_healed":0.0,"max_hp_gain":0.0,"max_hp_loss":0.0,"gold_gain":250.0,"event_name":"The Joust","player_choice":"Bet on Owner","floor":27.0,"gold_loss":50.0,"damage_taken":0.0},{"damage_healed":0.0,"max_hp_gain":0.0,"max_hp_loss":0.0,"gold_gain":0.0,"cards_transformed":["Defend_R"],"event_name":"Transmorgrifier","player_choice":"Transformed","floor":37.0,"gold_loss":0.0,"damage_taken":0.0,"cards_obtained":["Warcry"]},{"cards_removed":["Second Wind"],"damage_healed":0,"gold_gain":0,"player_choice":"Removed Skill","damage_taken":0,"max_hp_gain":0,"max_hp_loss":0,"event_name":"Falling","floor":48,"gold_loss":0}],"is_beta":false,"boss_relics":[{"not_picked":["Busted Crown","Coffee Dripper"],"picked":"Fusion Hammer"},{"not_picked":["Calling Bell","Runic Cube"],"picked":"Runic Pyramid"}],"items_purged_floors":[2,21,29,38,45],"is_endless":false,"potions_floor_spawned":[1,10,14,18,22,24,30,40,44,46],"ascension_level":18}