{"path_per_floor":["M","$","M","?","M","E","R","?","T","$","M","?","R","M","R","B",null,"M","?","T","$","M","E","R","E","T","M","M","R","?","M","R","B",null],"character_chosen":"THE_SILENT","items_purchased":["Choke","Noxious Fumes","Ninja Scroll"],"gold_per_floor":[118,9,29,29,49,84,84,84,84,7,20,50,50,65,65,167,167,184,284,284,27,47,82,82,109,133,153,153,153,153,172,172,275,275,275],"floor_reached":35,"campfire_rested":3,"playtime":1548,"item_purchase_floors":[],"current_hp_per_floor":[67,67,67,67,64,37,58,63,63,63,54,43,43,33,70,18,75,72,72,86,86,81,60,60,27,27,10,10,51,80,79,79,22,89,83],"items_purged":["Strike_G"],"gold":275,"score":420,"play_id":"3ca58b0b-e122-4978-9c56-b9184a116328","local_time":"20180525233059","is_prod":false,"is_daily":false,"chose_seed":false,"is_ascension_mode":false,"campfire_upgraded":3,"win_rate":0.0,"timestamp":1527283859,"campfire_choices":[{"floor":7.0,"key":"REST"},{"data":"Wraith Form v2","floor":13.0,"key":"SMITH"},{"floor":15.0,"key":"REST"},{"data":"Noxious Fumes","floor":24,"key":"SMITH"},{"floor":29,"key":"REST"},{"data":"Riddle With Holes","floor":32,"key":"SMITH"}],"path_taken":["M","$","M","?","M","E","R","?","T","?","?","?","R","M","R","BOSS","M","?","?","$","?","E","R","E","T","M","M","R","?","M","R","BOSS","M"],"build_version":"2018-05-24","seed_source_timestamp":0,"purchased_purges":1,"victory":false,"master_deck":["Defend_G","Defend_G+1","Defend_G","Defend_G","Strike_G","Strike_G+1","Strike_G","Strike_G","Survivor","Neutralize+1","Riddle With Holes+1","Choke","Prepared","Deflect","Dagger Spray","Noxious Fumes+1","Wraith Form v2+1","Predator","Calculated Gamble","Doppelganger+1","Skewer","All Out Attack","Quick Slash+1","Malaise","Caltrops","Outmaneuver","Adrenaline"],"max_hp_per_floor":[70,70,70,70,70,70,70,75,75,75,75,75,75,75,75,75,75,75,75,89,89,89,89,89,89,89,89,89,89,89,89,89,89,89,89],"relics":["Ring of the Snake","Darkstone Periapt","Regal Pillow","Odd Mushroom","Snecko Eye","Mango","Ninja Scroll","Matryoshka","Bronze Scales","Whetstone","War Paint","Philosopher\u0027s Stone"],"card_choices":[{"not_picked":["Terror","Deflect"],"picked":"Riddle With Holes","floor":1.0},{"not_picked":["Acrobatics","Infinite Blades"],"picked":"Prepared","floor":3.0},{"not_picked":["Dodge and Roll","Finisher"],"picked":"Deflect","floor":5.0},{"not_picked":["Backstab","Dodge and Roll"],"picked":"Dagger Spray","floor":6.0},{"not_picked":["All Out Attack","Quick Slash"],"picked":"Wraith Form v2","floor":11.0},{"not_picked":["Backstab","Poisoned Stab"],"picked":"Predator","floor":12.0},{"not_picked":["Underhanded Strike","Backstab"],"picked":"Calculated Gamble","floor":14.0},{"not_picked":["Tools of the Trade","After Image"],"picked":"Doppelganger","floor":16.0},{"not_picked":["PiercingWail","Prepared"],"picked":"Skewer","floor":18.0},{"not_picked":["Poisoned Stab+1","Blur"],"picked":"All Out Attack","floor":22.0},{"not_picked":["Backflip+1","Burst"],"picked":"Quick Slash+1","floor":23},{"not_picked":["Slice","Predator"],"picked":"Malaise","floor":25},{"not_picked":["Acrobatics","Blur"],"picked":"Caltrops","floor":27},{"not_picked":["Slice","Acrobatics"],"picked":"Outmaneuver","floor":31},{"not_picked":["Envenom","Doppelganger"],"picked":"Adrenaline","floor":33}],"player_experience":63990,"potions_floor_usage":[23,28,33],"damage_taken":[{"damage":3.0,"enemies":"Jaw Worm","floor":1.0,"turns":4.0},{"damage":0.0,"enemies":"Cultist","floor":3.0,"turns":3.0},{"damage":3.0,"enemies":"2 Louse","floor":5.0,"turns":2.0},{"damage":27.0,"enemies":"Lagavulin","floor":6.0,"turns":7.0},{"damage":9.0,"enemies":"2 Fungi Beasts","floor":11.0,"turns":3.0},{"damage":11.0,"enemies":"The Mushroom Lair","floor":12.0,"turns":5.0},{"damage":10.0,"enemies":"Looter","floor":14.0,"turns":3.0},{"damage":52.0,"enemies":"The Guardian","floor":16.0,"turns":13.0},{"damage":3.0,"enemies":"2 Thieves","floor":18.0,"turns":3.0},{"damage":5.0,"enemies":"Shell Parasite","floor":22.0,"turns":4.0},{"damage":21,"enemies":"Slavers","floor":23,"turns":3},{"damage":33,"enemies":"Book of Stabbing","floor":25,"turns":6},{"damage":17,"enemies":"3 Cultists","floor":27,"turns":4},{"damage":0,"enemies":"Slaver and Parasite","floor":28,"turns":1},{"damage":1,"enemies":"Snecko","floor":31,"turns":4},{"damage":57,"enemies":"Champ","floor":33,"turns":13},{"damage":6,"enemies":"Orb Walker","floor":35,"turns":2}],"relics_obtained":[{"floor":6.0,"key":"Darkstone Periapt"},{"floor":9.0,"key":"Regal Pillow"},{"floor":12.0,"key":"Odd Mushroom"},{"floor":20.0,"key":"Mango"},{"floor":23,"key":"Matryoshka"},{"floor":25,"key":"Bronze Scales"},{"floor":26,"key":"Whetstone"},{"floor":26,"key":"War Paint"}],"event_choices":[{"event_name":"Bonfire Elementals","player_choice":"BASIC","floor":4.0,"damage_taken":0.0},{"event_name":"Big Fish","player_choice":"Donut","floor":8.0,"damage_taken":0.0},{"event_name":"Mushrooms","player_choice":"Fought Mushrooms","floor":12.0,"damage_taken":0.0},{"event_name":"Golden Shrine","player_choice":"Pray","floor":19.0,"damage_taken":0.0},{"event_name":"The Library","player_choice":"Heal","floor":30,"damage_taken":0}],"boss_relics":[{"not_picked":["Tiny House","White Beast Statue"],"picked":"Philosopher\u0027s Stone"}],"items_purged_floors":[],"potions_floor_spawned":[1,3,11,12,18,27,28,31],"seed_played":"-4652950124270184403","killed_by":"Orb Walker","ascension_level":0,"potions_obtained":[{"floor":1.0,"key":"SmokeBomb"},{"floor":3.0,"key":"SpeedPotion"},{"floor":11.0,"key":"FairyPotion"},{"floor":18.0,"key":"Strength Potion"},{"floor":27,"key":"Dexterity Potion"},{"floor":31,"key":"EssenceOfSteel"}],"is_trial":false}