{"gold_per_floor":[362,362,382,21,38,38,52,63,116,133,58,84,84,95,95,169,169,189,89,105,105,117,117,144,144,198,230,298,329,341,353,365,454,466,494,606,635,647,659,696,708,746,758,770,813,536,536,386,386,386,386,386,386,132,166,166],"floor_reached":57,"playtime":2556,"items_purged":["Strike_G","Strike_G","Defend_G","Defend_G","Defend_G"],"score":3311,"play_id":"d7a08cd0-f668-4603-85f6-477361ca690c","local_time":"20190118152613","is_ascension_mode":true,"campfire_choices":[{"data":"Grand Finale","floor":6.0,"key":"SMITH"},{"data":"Neutralize","floor":13.0,"key":"SMITH"},{"data":"Terror","floor":15.0,"key":"SMITH"},{"data":"Acrobatics","floor":23.0,"key":"SMITH"},{"data":"Well Laid Plans","floor":25.0,"key":"SMITH"},{"data":"Tactician","floor":30.0,"key":"SMITH"},{"floor":32.0,"key":"RECALL"},{"data":"Adrenaline","floor":41.0,"key":"SMITH"},{"data":"Backflip","floor":44.0,"key":"SMITH"},{"data":"Backflip","floor":49,"key":"SMITH"},{"data":"Backflip","floor":53,"key":"SMITH"}],"neow_cost":"TEN_PERCENT_HP_LOSS","seed_source_timestamp":10066076403532,"circlet_count":0,"master_deck":["AscendersBane","Survivor","Terror+1","Grand Finale+1","Acrobatics+1","Backflip+1","Adrenaline+1","Backflip+1","Tactician+1","Backflip+1","Well Laid Plans+1","Acrobatics+1","After Image","Distraction+1","Corpse Explosion+1","Burst+1"],"special_seed":0,"relics":["Ring of the Snake","Frozen Eye","Anchor","Centennial Puzzle","Orrery","Toxic Egg 2","MawBank","Tiny Chest","Astrolabe","Incense Burner","Nunchaku","Bag of Preparation","Bronze Scales","Dream Catcher","Lantern","Vajra"],"potions_floor_usage":[51,56,56],"damage_taken":[{"damage":1.0,"enemies":"Small Slimes","floor":1.0,"turns":4.0},{"damage":1.0,"enemies":"Cultist","floor":3.0,"turns":4.0},{"damage":2.0,"enemies":"Jaw Worm","floor":5.0,"turns":4.0},{"damage":32.0,"enemies":"Gremlin Gang","floor":7.0,"turns":14.0},{"damage":1.0,"enemies":"Exordium Wildlife","floor":8.0,"turns":2.0},{"damage":0.0,"enemies":"Looter","floor":10.0,"turns":5.0},{"damage":0.0,"enemies":"3 Louse","floor":14.0,"turns":2.0},{"damage":23.0,"enemies":"Slime Boss","floor":16.0,"turns":4.0},{"damage":1.0,"enemies":"Shell Parasite","floor":18.0,"turns":6.0},{"damage":2.0,"enemies":"2 Thieves","floor":20.0,"turns":2.0},{"damage":0.0,"enemies":"Shelled Parasite and Fungi","floor":22.0,"turns":2.0},{"damage":2.0,"enemies":"Gremlin Leader","floor":24.0,"turns":2.0},{"damage":0.0,"enemies":"Sentry and Sphere","floor":27.0,"turns":3.0},{"damage":0.0,"enemies":"Book of Stabbing","floor":28.0,"turns":2.0},{"damage":0.0,"enemies":"Snake Plant","floor":29.0,"turns":2.0},{"damage":0.0,"enemies":"Collector","floor":33.0,"turns":3.0},{"damage":0.0,"enemies":"Orb Walker","floor":35.0,"turns":1.0},{"damage":0.0,"enemies":"Mind Bloom Boss Battle","floor":36.0,"turns":3.0},{"damage":0.0,"enemies":"3 Shapes","floor":37.0,"turns":1.0},{"damage":16.0,"enemies":"Nemesis","floor":40.0,"turns":5.0},{"damage":0.0,"enemies":"Reptomancer","floor":42.0,"turns":2.0},{"damage":15.0,"enemies":"Nemesis","floor":45.0,"turns":3.0},{"damage":0,"enemies":"Donu and Deca","floor":50,"turns":1},{"damage":0,"enemies":"Time Eater","floor":51,"turns":3},{"damage":0,"enemies":"Shield and Spear","floor":55,"turns":1},{"damage":11,"enemies":"The Heart","floor":56,"turns":6}],"seed_played":"-4444119068931696539","potions_obtained":[{"floor":5.0,"key":"Regen Potion"},{"floor":7.0,"key":"SkillPotion"},{"floor":14.0,"key":"SteroidPotion"},{"floor":20.0,"key":"AttackPotion"},{"floor":28.0,"key":"Weak Potion"},{"floor":29.0,"key":"Weak Potion"},{"floor":45.0,"key":"GhostInAJar"}],"is_trial":false,"path_per_floor":["M","?","M","$","M","R","M","M","T","M","?","T","R","M","R","B",null,"M","$","M","?","M","R","E","R","T","M","E","M","R","?","R","B",null,"M","?","M","?","T","E","R","E","T","R","E","$","?","$","R","B","B",null,"R","$","E","B",null],"character_chosen":"THE_SILENT","items_purchased":["Acrobatics","Frozen Eye","Lantern","GamblersBrew"],"campfire_rested":0,"item_purchase_floors":[4,4,46,54],"current_hp_per_floor":[58,58,57,57,55,55,38,37,37,37,37,37,37,37,37,14,49,48,48,46,46,46,46,44,44,44,44,44,44,44,28,28,28,56,56,56,56,56,56,40,40,40,40,40,25,25,25,25,25,25,25,55,55,55,55,44],"gold":166,"neow_bonus":"TWO_FIFTY_GOLD","is_prod":false,"is_daily":false,"chose_seed":false,"campfire_upgraded":10,"win_rate":0,"timestamp":1547796373,"path_taken":["M","?","M","$","M","R","M","M","T","?","?","?","R","M","R","BOSS","M","$","?","?","M","R","E","R","T","M","E","M","R","?","R","BOSS","M","?","M","?","?","E","R","E","T","R","E","$","?","$","R","BOSS","BOSS","R","$","E","BOSS"],"build_version":"2019-01-17","purchased_purges":5,"victory":true,"max_hp_per_floor":[60,60,60,60,60,60,60,60,60,60,60,60,60,60,60,60,60,60,60,60,60,60,60,60,60,60,60,60,60,60,65,65,65,65,65,65,65,65,65,65,65,65,65,65,65,65,65,65,65,65,65,65,65,65,65,65],"card_choices":[{"not_picked":["Blade Dance","Slice"],"picked":"Terror","floor":1.0},{"not_picked":["Bouncing Flask","Riddle With Holes","Masterful Stab"],"picked":"SKIP","floor":3.0},{"not_picked":["Quick Slash","Dodge and Roll","Accuracy"],"picked":"SKIP","floor":5.0},{"not_picked":["PiercingWail","Dodge and Roll"],"picked":"Backflip","floor":7.0},{"not_picked":["Flying Knee","Infinite Blades","PiercingWail"],"picked":"SKIP","floor":8.0},{"not_picked":["Quick Slash","Dagger Throw","Bane"],"picked":"SKIP","floor":10.0},{"not_picked":["Unload","Slice","Sucker Punch"],"picked":"SKIP","floor":14.0},{"not_picked":["Envenom","Malaise"],"picked":"Adrenaline","floor":16.0},{"not_picked":["Dagger Spray","PiercingWail"],"picked":"Backflip","floor":17.0},{"not_picked":["Blade Dance","Slice"],"picked":"Tactician","floor":17.0},{"not_picked":["Cloak And Dagger","Flechettes"],"picked":"Backflip","floor":17.0},{"not_picked":["Heel Hook","Tactician+1","Poisoned Stab"],"picked":"SKIP","floor":18.0},{"not_picked":["Underhanded Strike","Poisoned Stab","Deflect"],"picked":"SKIP","floor":20.0},{"not_picked":["Night Terror","Tactician","Backflip"],"picked":"SKIP","floor":22.0},{"not_picked":["Reflex+1","Finisher"],"picked":"Well Laid Plans","floor":24.0},{"not_picked":["Deadly Poison+1","Sucker Punch+1"],"picked":"Acrobatics+1","floor":27.0},{"not_picked":["Deadly Poison+1","Crippling Poison+1"],"picked":"After Image","floor":28.0},{"not_picked":["Blade Dance+1","Endless Agony","Poisoned Stab+1"],"picked":"SKIP","floor":29.0},{"not_picked":["Deadly Poison+1","Outmaneuver+1","Backflip+1"],"picked":"SKIP","floor":35.0},{"not_picked":["Catalyst+1","Distraction+1","Dash"],"picked":"SKIP","floor":37.0},{"not_picked":["Poisoned Stab","Footwork","Outmaneuver+1"],"picked":"SKIP","floor":40.0},{"not_picked":["Flying Knee+1","Tools of the Trade","Deflect+1"],"picked":"SKIP","floor":42.0},{"not_picked":["Riddle With Holes","Terror+1","Prepared+1"],"picked":"SKIP","floor":45.0},{"not_picked":["Bouncing Flask+1","Terror+1","Leg Sweep+1"],"picked":"SKIP","floor":55}],"player_experience":1999145,"relics_obtained":[{"floor":9.0,"key":"Anchor"},{"floor":12.0,"key":"Centennial Puzzle"},{"floor":24.0,"key":"Toxic Egg 2"},{"floor":26.0,"key":"MawBank"},{"floor":28.0,"key":"Tiny Chest"},{"floor":36.0,"key":"Incense Burner"},{"floor":40.0,"key":"Nunchaku"},{"floor":42.0,"key":"Bag of Preparation"},{"floor":43.0,"key":"Bronze Scales"},{"floor":45.0,"key":"Dream Catcher"},{"floor":55,"key":"Vajra"}],"event_choices":[{"damage_healed":0.0,"max_hp_gain":0.0,"max_hp_loss":0.0,"gold_gain":0.0,"event_name":"Match and Keep!","player_choice":"1 cards matched","floor":2.0,"gold_loss":0.0,"damage_taken":0.0,"cards_obtained":["Grand Finale"]},{"cards_removed":["Strike_G"],"damage_healed":0.0,"max_hp_gain":0.0,"max_hp_loss":0.0,"gold_gain":0.0,"event_name":"The Cleric","player_choice":"Card Removal","floor":11.0,"gold_loss":75.0,"damage_taken":0.0},{"cards_removed":["Strike_G"],"damage_healed":0.0,"max_hp_gain":0.0,"max_hp_loss":0.0,"gold_gain":0.0,"event_name":"Back to Basics","player_choice":"Elegance","floor":21.0,"gold_loss":0.0,"damage_taken":0.0},{"damage_healed":0.0,"max_hp_gain":5.0,"max_hp_loss":0.0,"gold_gain":0.0,"event_name":"Forgotten Altar","player_choice":"Shed Blood","floor":31.0,"gold_loss":0.0,"damage_taken":21.0},{"damage_healed":0.0,"max_hp_gain":0.0,"max_hp_loss":0.0,"gold_gain":0.0,"event_name":"MindBloom","player_choice":"Fight","floor":36.0,"gold_loss":0.0,"damage_taken":0.0},{"damage_healed":0.0,"max_hp_gain":0.0,"max_hp_loss":0.0,"gold_gain":0.0,"event_name":"Tomb of Lord Red Mask","player_choice":"Ignored","floor":38.0,"gold_loss":0.0,"damage_taken":0.0},{"cards_removed":["Neutralize"],"damage_healed":0.0,"max_hp_gain":0.0,"max_hp_loss":0.0,"gold_gain":0.0,"event_name":"Falling","player_choice":"Removed Attack","floor":47.0,"gold_loss":0.0,"damage_taken":0.0}],"is_beta":false,"boss_relics":[{"not_picked":["Cursed Key","WristBlade"],"picked":"Orrery"},{"not_picked":["Snecko Eye","Sozu"],"picked":"Astrolabe"}],"items_purged_floors":[4,19,46,48,54],"is_endless":false,"potions_floor_spawned":[5,7,14,20,28,29,37,42,45],"ascension_level":20}