{"gold_per_floor":[116,116,134,59,59,59,84,84,111,154,79,102,2,2,2,92,92,111,111,134,157,178,216,216,255,255,255,255],"floor_reached":28,"playtime":773,"items_purged":["Strike_G","Strike_G"],"score":678,"play_id":"050641cf-1113-43cd-bf18-6719209d8107","local_time":"20190204164122","is_ascension_mode":true,"campfire_choices":[{"data":"Predator","floor":6.0,"key":"SMITH"},{"data":"Deadly Poison","floor":15.0,"key":"SMITH"}],"neow_cost":"NONE","seed_source_timestamp":17480858496301,"circlet_count":0,"master_deck":["AscendersBane","Defend_G+1","Defend_G+1","Defend_G","Defend_G","Defend_G","Strike_G","Survivor","Neutralize+1","Predator+1","Deadly Poison+1","Backflip","Corpse Explosion","Well Laid Plans","Leg Sweep","Crippling Poison+1","Crippling Poison+1"],"special_seed":0,"relics":["Ring of the Snake","Bag of Preparation","Golden Idol","War Paint","Vajra","Ornamental Fan","Snecko Eye","Nilry\u0027s Codex","FossilizedHelix","Question Card","Singing Bowl"],"potions_floor_usage":[],"damage_taken":[{"damage":0.0,"enemies":"Small Slimes","floor":1.0,"turns":4.0},{"damage":1.0,"enemies":"Jaw Worm","floor":3.0,"turns":3.0},{"damage":3.0,"enemies":"Gremlin Nob","floor":7.0,"turns":3.0},{"damage":21.0,"enemies":"Lagavulin","floor":10.0,"turns":7.0},{"damage":0.0,"enemies":"2 Louse","floor":12.0,"turns":3.0},{"damage":7.0,"enemies":"The Guardian","floor":16.0,"turns":11.0},{"damage":1.0,"enemies":"Spheric Guardian","floor":18.0,"turns":5.0},{"damage":23.0,"enemies":"2 Thieves","floor":20.0,"turns":3.0},{"damage":0.0,"enemies":"Cultist and Chosen","floor":21.0,"turns":3.0},{"damage":1.0,"enemies":"Snecko","floor":22.0,"turns":5.0},{"damage":0.0,"enemies":"Gremlin Leader","floor":23.0,"turns":6.0},{"damage":0.0,"enemies":"Slavers","floor":25.0,"turns":2.0},{"damage":1,"enemies":"Snake Plant","floor":28,"turns":4}],"seed_played":"7527425041169282373","potions_obtained":[{"floor":1.0,"key":"Block Potion"},{"floor":3.0,"key":"SteroidPotion"},{"floor":20.0,"key":"EssenceOfSteel"},{"floor":23.0,"key":"Poison Potion"}],"is_trial":false,"path_per_floor":["M","?","M","?","?","R","E","?","T","E","$","M","$","?","R","B",null,"M","?","M","M","M","E","?","E","T","?","M"],"character_chosen":"THE_SILENT","items_purchased":[],"campfire_rested":0,"item_purchase_floors":[],"current_hp_per_floor":[59,59,58,58,58,58,55,55,55,34,34,34,34,16,16,9,47,46,25,2,2,1,1,1,1,1,1,0],"gold":255,"neow_bonus":"UPGRADE_CARD","is_prod":false,"is_daily":false,"chose_seed":false,"campfire_upgraded":2,"win_rate":0,"timestamp":1549269682,"path_taken":["M","?","M","?","?","R","E","?","T","E","?","M","$","?","R","BOSS","M","?","M","M","M","E","?","E","T","?","M"],"build_version":"2019-01-23","purchased_purges":2,"victory":false,"max_hp_per_floor":[66,66,66,66,66,66,66,60,60,60,60,60,60,60,60,60,60,60,60,60,60,60,60,60,60,60,60,60],"card_choices":[{"not_picked":["Poisoned Stab","Prepared"],"picked":"Predator","floor":1.0},{"not_picked":["Outmaneuver","Bane"],"picked":"Deadly Poison","floor":3.0},{"not_picked":["Terror","Bane"],"picked":"Backflip","floor":7.0},{"not_picked":["Prepared","Night Terror","Predator"],"picked":"SKIP","floor":10.0},{"not_picked":["Reflex","Poisoned Stab","Dagger Throw"],"picked":"SKIP","floor":12.0},{"not_picked":["Storm of Steel","Doppelganger"],"picked":"Corpse Explosion","floor":16.0},{"not_picked":["Prepared","Setup"],"picked":"Well Laid Plans","floor":18.0},{"not_picked":["Deflect","Poisoned Stab","Dagger Spray"],"picked":"SKIP","floor":20.0},{"not_picked":["Cloak And Dagger","Deadly Poison","Blade Dance"],"picked":"SKIP","floor":21.0},{"not_picked":["Deadly Poison","Cloak And Dagger"],"picked":"Leg Sweep","floor":22.0},{"not_picked":["Poisoned Stab","Caltrops"],"picked":"Crippling Poison+1","floor":23.0},{"not_picked":["A Thousand Cuts","Backstab","Setup"],"picked":"SKIP","floor":25.0}],"player_experience":1413198,"relics_obtained":[{"floor":7.0,"key":"Bag of Preparation"},{"floor":9.0,"key":"War Paint"},{"floor":10.0,"key":"Vajra"},{"floor":19.0,"key":"Nilry\u0027s Codex"},{"floor":23.0,"key":"FossilizedHelix"},{"floor":25.0,"key":"Question Card"},{"floor":26.0,"key":"Singing Bowl"}],"event_choices":[{"damage_healed":0.0,"max_hp_gain":0.0,"max_hp_loss":0.0,"gold_gain":0.0,"event_name":"Liars Game","player_choice":"Ignored","floor":2.0,"gold_loss":0.0,"damage_taken":0.0},{"cards_removed":["Strike_G"],"damage_healed":0.0,"max_hp_gain":0.0,"max_hp_loss":0.0,"gold_gain":0.0,"event_name":"The Cleric","player_choice":"Card Removal","floor":4.0,"gold_loss":75.0,"damage_taken":0.0},{"cards_removed":["Strike_G"],"damage_healed":0.0,"max_hp_gain":0.0,"max_hp_loss":0.0,"gold_gain":0.0,"event_name":"Living Wall","player_choice":"Forget","floor":5.0,"gold_loss":0.0,"damage_taken":0.0},{"damage_healed":0.0,"max_hp_gain":0.0,"max_hp_loss":6.0,"gold_gain":0.0,"event_name":"Golden Idol","player_choice":"Lose Max HP","floor":8.0,"gold_loss":0.0,"damage_taken":0.0,"relics_obtained":["Golden Idol"]},{"damage_healed":0.0,"max_hp_gain":0.0,"max_hp_loss":0.0,"gold_gain":0.0,"event_name":"Scrap Ooze","player_choice":"Success","floor":14.0,"gold_loss":0.0,"damage_taken":18.0,"relics_obtained":["Ornamental Fan"]},{"damage_healed":0.0,"max_hp_gain":0.0,"max_hp_loss":0.0,"gold_gain":0.0,"event_name":"Cursed Tome","player_choice":"Obtained Book","floor":19.0,"gold_loss":0.0,"damage_taken":21.0},{"damage_healed":0.0,"max_hp_gain":0.0,"max_hp_loss":0.0,"gold_gain":0.0,"event_name":"Vampires","player_choice":"Ignored","floor":24.0,"gold_loss":0.0,"damage_taken":0.0},{"damage_healed":0,"gold_gain":0,"player_choice":"Copied","damage_taken":0,"max_hp_gain":0,"max_hp_loss":0,"event_name":"Duplicator","floor":27,"gold_loss":0,"cards_obtained":["Crippling Poison"]}],"is_beta":true,"boss_relics":[{"not_picked":["Busted Crown","Eternal Feather"],"picked":"Snecko Eye"}],"items_purged_floors":[11,13],"is_endless":false,"potions_floor_spawned":[1,3,20,21,23],"killed_by":"Snake Plant","ascension_level":20}