{"gold_per_floor":[118,43,118,118,43,70,70,70,118,129,129,88,101,101,101,101],"floor_reached":16,"playtime":219,"items_purged":["Strike_G"],"score":242,"play_id":"bc4a219e-d7e3-458f-a7c4-a5c5bb38c2eb","local_time":"20190424145332","is_ascension_mode":true,"campfire_choices":[{"data":"Catalyst","floor":8,"key":"SMITH"},{"data":"Neutralize","floor":11,"key":"SMITH"},{"floor":15,"key":"RECALL"}],"neow_cost":"NONE","seed_source_timestamp":168294050113941,"circlet_count":0,"master_deck":["AscendersBane","Defend_G","Defend_G","Defend_G","Defend_G","Strike_G","Strike_G","Strike_G","Survivor","Neutralize+1","Catalyst+1","Footwork","Well Laid Plans","Well Laid Plans"],"relics":["Ring of the Snake","NeowsBlessing","WingedGreaves","Boot","Molten Egg 2"],"potions_floor_usage":[13],"damage_taken":[{"damage":0,"enemies":"Jaw Worm","floor":1,"turns":1},{"damage":0,"enemies":"Gremlin Nob","floor":6,"turns":1},{"damage":0,"enemies":"2 Louse","floor":10,"turns":1},{"damage":1,"enemies":"Small Slimes","floor":13,"turns":4},{"damage":0,"enemies":"Hexaghost","floor":16,"turns":1}],"seed_played":"1994985882271618812","potions_obtained":[{"floor":6,"key":"Regen Potion"},{"floor":10,"key":"AttackPotion"}],"is_trial":false,"path_per_floor":["M","$","?","?","?","E","$","R","T","M","R","$","M","?","R","B"],"character_chosen":"THE_SILENT","items_purchased":["Well Laid Plans"],"campfire_rested":0,"item_purchase_floors":[12],"current_hp_per_floor":[59,59,48,48,48,48,48,48,48,48,48,48,47,2,2,2],"gold":101,"neow_bonus":"THREE_ENEMY_KILL","is_prod":false,"is_daily":false,"chose_seed":false,"campfire_upgraded":2,"win_rate":0,"timestamp":1556088812,"path_taken":["M","$","?","?","?","E","?","R","T","?","R","$","M","?","R","BOSS"],"build_version":"2019-01-23","purchased_purges":1,"victory":false,"max_hp_per_floor":[66,66,66,66,66,66,66,66,66,66,66,66,66,66,66,66],"card_choices":[{"not_picked":["Acrobatics","Flying Knee","Blade Dance"],"picked":"SKIP","floor":1},{"not_picked":["Slice","Accuracy","PiercingWail"],"picked":"SKIP","floor":6},{"not_picked":["Finisher","Acrobatics"],"picked":"Footwork","floor":10},{"not_picked":["Setup","Dagger Spray"],"picked":"Well Laid Plans","floor":13}],"player_experience":4502101,"relics_obtained":[{"floor":6,"key":"WingedGreaves"},{"floor":9,"key":"Boot"}],"event_choices":[{"damage_healed":0,"gold_gain":75,"player_choice":"Gather Gold","damage_taken":11,"max_hp_gain":0,"max_hp_loss":0,"event_name":"World of Goop","floor":3,"gold_loss":0},{"damage_healed":0,"gold_gain":0,"cards_transformed":["Strike_G"],"player_choice":"Change","damage_taken":0,"max_hp_gain":0,"max_hp_loss":0,"event_name":"Living Wall","floor":4,"gold_loss":0,"cards_obtained":["Catalyst"]},{"cards_removed":["Defend_G"],"damage_healed":0,"gold_gain":0,"player_choice":"Card Removal","damage_taken":0,"max_hp_gain":0,"max_hp_loss":0,"event_name":"The Cleric","floor":5,"gold_loss":75},{"damage_healed":0,"gold_gain":0,"player_choice":"Success","damage_taken":45,"relics_obtained":["Molten Egg 2"],"max_hp_gain":0,"max_hp_loss":0,"event_name":"Scrap Ooze","floor":14,"gold_loss":0}],"is_beta":false,"boss_relics":[],"items_purged_floors":[2],"is_endless":false,"potions_floor_spawned":[6,10],"killed_by":"Hexaghost","ascension_level":20}