{"gold_per_floor":[12,12,22,22,34,34,34,49,75,75,106,122,122,148,148,225,225,210,135,135,135,135,135,135,35,35,35,35,35,35,35,35,35,35,35,35,35,35,35,35,35,35,35,35,35,35,35,35,35,35,35,35,35,35,35],"floor_reached":55,"playtime":2044,"items_purged":["Pain","Strike_G"],"score":1289,"play_id":"a194c31d-d11f-408f-94a5-c6b587e84965","local_time":"20190225004832","is_ascension_mode":true,"campfire_choices":[{"data":"Skewer","floor":6.0,"key":"SMITH"},{"data":"Cloak And Dagger","floor":10.0,"key":"SMITH"},{"data":"Prepared","floor":13.0,"key":"SMITH"},{"data":"Terror","floor":15.0,"key":"SMITH"},{"data":"Tactician","floor":23.0,"key":"SMITH"},{"data":"Well Laid Plans","floor":32.0,"key":"SMITH"},{"data":"Reflex","floor":41.0,"key":"SMITH"},{"data":"Acrobatics","floor":45.0,"key":"SMITH"},{"data":"Neutralize","floor":47.0,"key":"SMITH"},{"floor":49.0,"key":"RECALL"},{"data":"Grand Finale","floor":52,"key":"SMITH"}],"neow_cost":"NO_GOLD","seed_source_timestamp":619253672121001,"circlet_count":0,"master_deck":["AscendersBane","Defend_G","Defend_G","Defend_G+1","Defend_G","Defend_G","Strike_G","Survivor","Neutralize+1","Backstab","Wraith Form v2","Skewer+1","Tactician+1","Terror+1","Cloak And Dagger+1","Prepared+1","Glass Knife","Escape Plan","Adrenaline+1","Acrobatics+1","Well Laid Plans+1","Grand Finale+1","Outmaneuver","Expertise+1","Reflex+1"],"special_seed":0,"relics":["Ring of the Snake","WarpedTongs","Pen Nib","Bag of Preparation","Pear","Ectoplasm","Red Mask","Strawberry","War Paint","Black Star","Prayer Wheel","Bronze Scales","Anchor"],"potions_floor_usage":[50,55],"damage_taken":[{"damage":2.0,"enemies":"Jaw Worm","floor":1.0,"turns":6.0},{"damage":0.0,"enemies":"Cultist","floor":3.0,"turns":3.0},{"damage":5.0,"enemies":"Small Slimes","floor":5.0,"turns":5.0},{"damage":3.0,"enemies":"2 Fungi Beasts","floor":8.0,"turns":4.0},{"damage":5.0,"enemies":"Lagavulin","floor":11.0,"turns":6.0},{"damage":0.0,"enemies":"Large Slime","floor":12.0,"turns":1.0},{"damage":2.0,"enemies":"3 Sentries","floor":14.0,"turns":5.0},{"damage":1.0,"enemies":"Slime Boss","floor":16.0,"turns":3.0},{"damage":1.0,"enemies":"2 Thieves","floor":18.0,"turns":2.0},{"damage":0.0,"enemies":"3 Byrds","floor":20.0,"turns":3.0},{"damage":0.0,"enemies":"Centurion and Healer","floor":21.0,"turns":3.0},{"damage":0.0,"enemies":"Masked Bandits","floor":22.0,"turns":3.0},{"damage":9.0,"enemies":"Slavers","floor":24.0,"turns":7.0},{"damage":0.0,"enemies":"Snecko","floor":27.0,"turns":2.0},{"damage":3.0,"enemies":"Shelled Parasite and Fungi","floor":31.0,"turns":4.0},{"damage":21.0,"enemies":"Automaton","floor":33.0,"turns":8.0},{"damage":0.0,"enemies":"Orb Walker","floor":35.0,"turns":2.0},{"damage":0.0,"enemies":"2 Orb Walkers","floor":36.0,"turns":2.0},{"damage":2.0,"enemies":"3 Darklings","floor":38.0,"turns":4.0},{"damage":13.0,"enemies":"Sphere and 2 Shapes","floor":39.0,"turns":5.0},{"damage":9.0,"enemies":"Writhing Mass","floor":40.0,"turns":5.0},{"damage":18.0,"enemies":"3 Darklings","floor":42.0,"turns":4.0},{"damage":0.0,"enemies":"Spire Growth","floor":44.0,"turns":3.0},{"damage":33,"enemies":"Time Eater","floor":50,"turns":11},{"damage":54,"enemies":"Shield and Spear","floor":54,"turns":6},{"damage":49,"enemies":"The Heart","floor":55,"turns":5}],"seed_played":"8423427467049542754","potions_obtained":[{"floor":1.0,"key":"Fire Potion"},{"floor":8.0,"key":"FearPotion"},{"floor":14.0,"key":"GhostInAJar"},{"floor":16.0,"key":"Swift Potion"},{"floor":38.0,"key":"Explosive Potion"},{"floor":48.0,"key":"Fruit Juice"},{"floor":48.0,"key":"Strength Potion"}],"is_trial":false,"path_per_floor":["M","?","M","$","M","R","?","M","T","R","E","M","R","E","R","B",null,"M","$","M","M","?","R","E","$","T","M","?","?","?","M","R","B",null,"M","?","?","M","M","M","R","M","T","M","R","$","R","?","R","B",null,"R","$","E","B"],"character_chosen":"THE_SILENT","items_purchased":[],"campfire_rested":0,"item_purchase_floors":[],"current_hp_per_floor":[57,57,57,57,52,52,52,49,49,49,44,44,44,52,52,51,70,69,69,69,69,69,69,67,67,67,67,43,43,43,40,40,19,71,71,71,71,69,56,47,47,29,29,29,29,29,29,34,34,1,70,70,70,16,0],"gold":35,"neow_bonus":"TRANSFORM_TWO_CARDS","is_prod":false,"is_daily":false,"chose_seed":false,"campfire_upgraded":10,"win_rate":0,"timestamp":1551026912,"path_taken":["M","?","?","$","M","R","?","M","T","R","E","?","R","E","R","BOSS","M","$","M","M","?","R","E","$","T","M","?","?","?","?","R","BOSS","M","?","?","M","?","M","R","M","T","M","R","$","R","?","R","BOSS","R","$","E","BOSS"],"build_version":"2019-01-23","purchased_purges":2,"victory":false,"max_hp_per_floor":[66,66,66,66,66,66,66,66,66,66,66,66,66,76,76,76,76,76,76,76,76,76,76,83,83,83,83,88,88,88,88,88,88,88,88,88,88,88,88,88,88,88,88,88,88,88,88,93,93,93,93,93,93,93,93],"card_choices":[{"not_picked":["Backflip","Infinite Blades"],"picked":"Skewer","floor":1.0},{"not_picked":["Reflex","Dodge and Roll"],"picked":"Terror","floor":3.0},{"not_picked":["Tactician","Slice"],"picked":"Cloak And Dagger","floor":5.0},{"not_picked":["Blade Dance","Dodge and Roll","Quick Slash"],"picked":"SKIP","floor":8.0},{"not_picked":["Blade Dance","Crippling Poison"],"picked":"Prepared","floor":11.0},{"not_picked":["Slice","Prepared"],"picked":"Glass Knife","floor":12.0},{"not_picked":["PiercingWail","Bane"],"picked":"Escape Plan","floor":14.0},{"not_picked":["Night Terror","Wraith Form v2"],"picked":"Adrenaline","floor":16.0},{"not_picked":["Sucker Punch","Underhanded Strike"],"picked":"Acrobatics","floor":18.0},{"not_picked":["Dodge and Roll","Flying Knee+1"],"picked":"Well Laid Plans","floor":20.0},{"not_picked":["Dodge and Roll","Finisher","Deflect"],"picked":"SKIP","floor":21.0},{"not_picked":["Tactician","Deflect","Sucker Punch"],"picked":"SKIP","floor":24.0},{"not_picked":["Dagger Spray","Blade Dance","Glass Knife"],"picked":"SKIP","floor":27.0},{"not_picked":["Sucker Punch","Skewer","Flying Knee+1"],"picked":"SKIP","floor":31.0},{"not_picked":["Wraith Form v2","Unload"],"picked":"Grand Finale","floor":33.0},{"not_picked":["Deflect","Leg Sweep+1","Slice"],"picked":"SKIP","floor":35.0},{"not_picked":["Deflect","Slice"],"picked":"Outmaneuver","floor":38.0},{"not_picked":["Finisher","Distraction","Deflect"],"picked":"SKIP","floor":38.0},{"not_picked":["Heel Hook","Prepared+1"],"picked":"Expertise+1","floor":39.0},{"not_picked":["Skewer","PiercingWail","Acrobatics"],"picked":"SKIP","floor":39.0},{"not_picked":["Well Laid Plans","Deadly Poison"],"picked":"Reflex","floor":40.0},{"not_picked":["Deflect","Underhanded Strike","Heel Hook+1"],"picked":"SKIP","floor":40.0},{"not_picked":["Setup","Bouncing Flask","Corpse Explosion"],"picked":"SKIP","floor":42.0},{"not_picked":["Backstab","Prepared","PiercingWail"],"picked":"SKIP","floor":42.0},{"not_picked":["Masterful Stab","Slice","Underhanded Strike"],"picked":"SKIP","floor":44.0},{"not_picked":["Heel Hook","Deflect+1","Poisoned Stab"],"picked":"SKIP","floor":44.0},{"not_picked":["Tactician","Deflect","Terror"],"picked":"SKIP","floor":54}],"player_experience":984953,"relics_obtained":[{"floor":9.0,"key":"Pen Nib"},{"floor":11.0,"key":"Bag of Preparation"},{"floor":14.0,"key":"Pear"},{"floor":22.0,"key":"Red Mask"},{"floor":24.0,"key":"Strawberry"},{"floor":26.0,"key":"War Paint"},{"floor":36.0,"key":"Prayer Wheel"},{"floor":54,"key":"Bronze Scales"},{"floor":54,"key":"Anchor"}],"event_choices":[{"damage_healed":0.0,"max_hp_gain":0.0,"max_hp_loss":0.0,"gold_gain":0.0,"cards_transformed":["Strike_G"],"event_name":"Transmorgrifier","player_choice":"Transformed","floor":2.0,"gold_loss":0.0,"damage_taken":0.0,"cards_obtained":["Tactician"]},{"damage_healed":0.0,"max_hp_gain":0.0,"max_hp_loss":0.0,"gold_gain":0.0,"event_name":"Accursed Blacksmith","player_choice":"Rummage","floor":7.0,"gold_loss":0.0,"damage_taken":0.0,"relics_obtained":["WarpedTongs"],"cards_obtained":["Pain"]},{"damage_healed":0.0,"max_hp_gain":0.0,"max_hp_loss":0.0,"gold_gain":0.0,"event_name":"Masked Bandits","player_choice":"Fought Bandits","floor":22.0,"gold_loss":0.0,"damage_taken":0.0},{"damage_healed":0.0,"max_hp_gain":5.0,"max_hp_loss":0.0,"gold_gain":0.0,"event_name":"Forgotten Altar","player_choice":"Shed Blood","floor":28.0,"gold_loss":0.0,"damage_taken":29.0},{"damage_healed":0.0,"max_hp_gain":0.0,"max_hp_loss":0.0,"gold_gain":0.0,"event_name":"Ghosts","player_choice":"Ignored","floor":29.0,"gold_loss":0.0,"damage_taken":0.0},{"damage_healed":0.0,"max_hp_gain":0.0,"max_hp_loss":0.0,"gold_gain":0.0,"event_name":"Vampires","player_choice":"Ignored","floor":30.0,"gold_loss":0.0,"damage_taken":0.0},{"damage_healed":0.0,"max_hp_gain":0.0,"max_hp_loss":0.0,"gold_gain":0.0,"event_name":"Mysterious Sphere","player_choice":"Fight","floor":36.0,"gold_loss":0.0,"damage_taken":0.0},{"damage_healed":0.0,"max_hp_gain":0.0,"max_hp_loss":0.0,"gold_gain":0.0,"event_name":"SecretPortal","player_choice":"Ignored","floor":37.0,"gold_loss":0.0,"damage_taken":0.0},{"damage_healed":0.0,"max_hp_gain":0.0,"max_hp_loss":0.0,"gold_gain":0.0,"event_name":"Lab","player_choice":"Got Potions","floor":48.0,"gold_loss":0.0,"damage_taken":0.0}],"is_beta":false,"boss_relics":[{"not_picked":["White Beast Statue","Tiny House"],"picked":"Ectoplasm"},{"not_picked":["Calling Bell","Cursed Key"],"picked":"Black Star"}],"items_purged_floors":[19,25],"is_endless":false,"potions_floor_spawned":[1,8,14,16,18,24,31,35,38,44],"killed_by":"The Heart","ascension_level":15}