{"gold_per_floor":[109,122,47,65,65,65,65,65,116,129,141,160,160,179,179,179],"floor_reached":16,"playtime":573,"items_purged":["Strike_G"],"score":188,"play_id":"341985e0-ee23-4aa3-8a60-b9daef4e3c83","local_time":"20181224135546","is_ascension_mode":true,"campfire_choices":[{"data":"Neutralize","floor":6.0,"key":"SMITH"},{"data":"Survivor","floor":8.0,"key":"SMITH"},{"data":"Poisoned Stab","floor":13.0,"key":"SMITH"},{"data":"Catalyst","floor":15.0,"key":"SMITH"}],"neow_cost":"NONE","seed_source_timestamp":17540019164330,"circlet_count":0,"master_deck":["AscendersBane","Defend_G","Defend_G","Defend_G","Defend_G","Defend_G","Strike_G","Strike_G","Strike_G","Strike_G","Survivor+1","Neutralize+1","Riddle With Holes+1","Catalyst+1","Poisoned Stab+1","Terror"],"special_seed":0,"relics":["Velvet Choker","Potion Belt"],"potions_floor_usage":[16],"damage_taken":[{"damage":0.0,"enemies":"Cultist","floor":1.0,"turns":5.0},{"damage":0.0,"enemies":"Jaw Worm","floor":2.0,"turns":6.0},{"damage":1.0,"enemies":"Small Slimes","floor":4.0,"turns":4.0},{"damage":3.0,"enemies":"Looter","floor":10.0,"turns":3.0},{"damage":5.0,"enemies":"Exordium Wildlife","floor":11.0,"turns":5.0},{"damage":0.0,"enemies":"3 Louse","floor":12.0,"turns":3.0},{"damage":9.0,"enemies":"Lots of Slimes","floor":14.0,"turns":5.0},{"damage":29,"enemies":"Slime Boss","floor":16,"turns":7}],"seed_played":"8487133871375846282","potions_obtained":[{"floor":4.0,"key":"FearPotion"},{"floor":10.0,"key":"LiquidBronze"},{"floor":11.0,"key":"Energy Potion"},{"floor":14.0,"key":"Poison Potion"}],"is_trial":false,"path_per_floor":["M","M","$","M","$","R","?","R","T","M","M","M","R","M","R","B"],"character_chosen":"THE_SILENT","items_purchased":[],"campfire_rested":0,"item_purchase_floors":[],"current_hp_per_floor":[59,59,59,58,58,58,58,58,58,55,50,50,50,41,41,12],"gold":179,"neow_bonus":"BOSS_RELIC","is_prod":false,"is_daily":false,"chose_seed":false,"campfire_upgraded":4,"win_rate":0,"timestamp":1545630946,"path_taken":["M","?","$","M","$","R","?","R","T","M","M","M","R","M","R","BOSS"],"build_version":"2018-12-20","purchased_purges":1,"victory":false,"max_hp_per_floor":[66,66,66,66,66,66,66,66,66,66,66,66,66,66,66,66],"card_choices":[{"not_picked":["Underhanded Strike","Bane","Accuracy"],"picked":"SKIP","floor":1.0},{"not_picked":["Dagger Throw","Bane","Tactician"],"picked":"SKIP","floor":2.0},{"not_picked":["Slice","Distraction"],"picked":"Riddle With Holes","floor":4.0},{"not_picked":["Deflect","Calculated Gamble"],"picked":"Catalyst","floor":10.0},{"not_picked":["Underhanded Strike","Prepared"],"picked":"Poisoned Stab","floor":11.0},{"not_picked":["Heel Hook","Reflex","Terror"],"picked":"SKIP","floor":12.0},{"not_picked":["Heel Hook","Reflex"],"picked":"Terror","floor":12.0},{"not_picked":["Bullet Time","Escape Plan","Reflex"],"picked":"SKIP","floor":14.0}],"player_experience":1468642,"relics_obtained":[{"floor":9.0,"key":"Potion Belt"}],"event_choices":[{"damage_healed":0.0,"max_hp_gain":0.0,"max_hp_loss":0.0,"gold_gain":0.0,"event_name":"Upgrade Shrine","player_choice":"Upgraded","floor":7.0,"gold_loss":0.0,"damage_taken":0.0,"cards_upgraded":["Riddle With Holes"]}],"is_beta":false,"boss_relics":[],"items_purged_floors":[3],"is_endless":false,"potions_floor_spawned":[4,10,11,14],"killed_by":"Slime Boss","ascension_level":20}