{"gold_per_floor":[114,114,125,135,135,135,166,166,190,33,33,33,48,48],"floor_reached":14,"playtime":206,"items_purged":[],"score":176,"play_id":"b9c25ec2-dbb6-47cf-adea-43a37c8c37da","local_time":"20190417000210","is_ascension_mode":true,"campfire_choices":[{"data":"Zap","floor":6,"key":"SMITH"},{"data":"Dualcast","floor":8,"key":"SMITH"},{"data":"Discovery","floor":12,"key":"SMITH"}],"neow_cost":"NONE","seed_source_timestamp":645833594048483,"circlet_count":0,"master_deck":["AscendersBane","Strike_B","Strike_B","Strike_B","Defend_B","Defend_B","Defend_B","Defend_B","Zap+1","Dualcast+1","Glacier","Skim","Skim","Leap","Coolheaded","Turbo","Discovery+1","Pain","Coolheaded"],"relics":["Cracked Core","NeowsBlessing","Strawberry","Bronze Scales","WarpedTongs"],"potions_floor_usage":[7],"damage_taken":[{"damage":0,"enemies":"Jaw Worm","floor":1,"turns":1},{"damage":0,"enemies":"Small Slimes","floor":3,"turns":1},{"damage":0,"enemies":"Cultist","floor":4,"turns":1},{"damage":59,"enemies":"Gremlin Nob","floor":7,"turns":6},{"damage":7,"enemies":"Exordium Wildlife","floor":13,"turns":4},{"damage":1,"enemies":"2 Fungi Beasts","floor":14,"turns":2}],"seed_played":"-8419091930383540489","potions_obtained":[{"floor":4,"key":"AttackPotion"}],"is_trial":false,"path_per_floor":["M","?","M","M","?","R","E","R","T","$","?","R","M","M"],"character_chosen":"DEFECT","items_purchased":["Turbo","Discovery"],"campfire_rested":0,"item_purchase_floors":[10,10],"current_hp_per_floor":[64,64,64,64,64,64,12,12,12,12,12,12,5,4],"gold":48,"neow_bonus":"THREE_ENEMY_KILL","is_prod":false,"is_daily":false,"chose_seed":false,"campfire_upgraded":3,"win_rate":0,"timestamp":1555430530,"path_taken":["M","?","M","M","?","R","E","R","T","$","?","R","M","M"],"build_version":"2019-01-23","purchased_purges":0,"victory":false,"max_hp_per_floor":[71,71,71,71,71,71,78,78,78,78,78,78,78,78],"card_choices":[{"not_picked":["Coolheaded","Conserve Battery"],"picked":"Glacier","floor":1},{"not_picked":["Reprogram","Barrage"],"picked":"Skim","floor":3},{"not_picked":["Sweeping Beam","Go for the Eyes"],"picked":"Skim","floor":4},{"not_picked":["Glacier","Reprogram"],"picked":"Coolheaded","floor":7},{"not_picked":["Redo","Static Discharge"],"picked":"Coolheaded","floor":13}],"player_experience":1409857,"relics_obtained":[{"floor":7,"key":"Strawberry"},{"floor":9,"key":"Bronze Scales"}],"event_choices":[{"damage_healed":0,"gold_gain":0,"player_choice":"Ignored","damage_taken":0,"max_hp_gain":0,"max_hp_loss":0,"event_name":"Liars Game","floor":2,"gold_loss":0},{"damage_healed":0,"gold_gain":0,"cards_transformed":["Strike_B"],"player_choice":"Change","damage_taken":0,"max_hp_gain":0,"max_hp_loss":0,"event_name":"Living Wall","floor":5,"gold_loss":0,"cards_obtained":["Leap"]},{"damage_healed":0,"gold_gain":0,"player_choice":"Rummage","damage_taken":0,"relics_obtained":["WarpedTongs"],"max_hp_gain":0,"max_hp_loss":0,"event_name":"Accursed Blacksmith","floor":11,"gold_loss":0,"cards_obtained":["Pain"]}],"is_beta":false,"boss_relics":[],"items_purged_floors":[],"is_endless":false,"potions_floor_spawned":[4],"killed_by":"2 Fungi Beasts","ascension_level":20}