{"gold_per_floor":[109,125,141,66,86,86,121,137,162,162,162,182,182,182,182,281,281,299,50,65,65,65,65,95,113,165,265,265,280,280,155,155,255,255,275,286,286,300,45,45,62,74,74,104,133,145,3,21,21,21],"floor_reached":51,"playtime":1647,"items_purged":["Strike_B","Strike_B","Defend_B","Defend_B"],"score":774,"play_id":"8224bb54-96f3-4aa0-bd61-54c839ca1739","local_time":"20190618000621","is_ascension_mode":false,"campfire_choices":[{"data":"Biased Cognition","floor":6.0,"key":"SMITH"},{"data":"Recycle","floor":11.0,"key":"SMITH"},{"data":"Dualcast","floor":13.0,"key":"SMITH"},{"data":"Zap","floor":15.0,"key":"SMITH"},{"data":"Static Discharge","floor":23.0,"key":"SMITH"},{"data":"Skim","floor":28.0,"key":"SMITH"},{"data":"Capacitor","floor":30.0,"key":"SMITH"},{"data":"Defragment","floor":32.0,"key":"SMITH"},{"data":"Fission","floor":40.0,"key":"SMITH"},{"data":"Coolheaded","floor":46.0,"key":"SMITH"},{"data":"Limit Break","floor":49,"key":"SMITH"}],"neow_cost":"CURSE","seed_source_timestamp":42299308967260,"circlet_count":0,"master_deck":["Defend_B","Zap+1","Dualcast+1","Clumsy","Biased Cognition+1","Tempest","Capacitor+1","Recycle+1","Capacitor+1","Tempest","Coolheaded+1","Electrodynamics","Conserve Battery+1","White Noise","Blizzard","Static Discharge+1","Skim+1","Self Repair","Coolheaded+1","Defragment+1","Rainbow","Fission+1","Conserve Battery+1","Glacier","Chill","Self Repair+1","Conserve Battery+1","Rainbow","Burning Pact","BootSequence+1","Sever Soul+1","Limit Break+1","Capacitor","Conserve Battery+1"],"special_seed":0,"relics":["Cracked Core","Anchor","Smiling Mask","Coffee Dripper","MealTicket","Ancient Tea Set","Regal Pillow","Orrery","PrismaticShard","Meat on the Bone","MawBank"],"potions_floor_usage":[50,50,50],"damage_taken":[{"damage":0.0,"enemies":"Cultist","floor":1.0,"turns":3.0},{"damage":0.0,"enemies":"Small Slimes","floor":2.0,"turns":3.0},{"damage":1.0,"enemies":"2 Louse","floor":3.0,"turns":3.0},{"damage":4.0,"enemies":"Gremlin Gang","floor":5.0,"turns":3.0},{"damage":25.0,"enemies":"3 Sentries","floor":7.0,"turns":7.0},{"damage":0.0,"enemies":"2 Fungi Beasts","floor":8.0,"turns":2.0},{"damage":0.0,"enemies":"Looter","floor":12.0,"turns":3.0},{"damage":22.0,"enemies":"The Guardian","floor":16.0,"turns":9.0},{"damage":15.0,"enemies":"2 Thieves","floor":18.0,"turns":3.0},{"damage":0.0,"enemies":"Shell Parasite","floor":20.0,"turns":2.0},{"damage":3.0,"enemies":"Slavers","floor":24.0,"turns":2.0},{"damage":9.0,"enemies":"Sentry and Sphere","floor":25.0,"turns":3.0},{"damage":10.0,"enemies":"Snecko","floor":29.0,"turns":3.0},{"damage":0.0,"enemies":"Champ","floor":33.0,"turns":6.0},{"damage":1.0,"enemies":"3 Shapes","floor":35.0,"turns":4.0},{"damage":0.0,"enemies":"Orb Walker","floor":36.0,"turns":3.0},{"damage":24.0,"enemies":"4 Shapes","floor":38.0,"turns":5.0},{"damage":0.0,"enemies":"Sphere and 2 Shapes","floor":41.0,"turns":2.0},{"damage":4.0,"enemies":"3 Darklings","floor":42.0,"turns":3.0},{"damage":23.0,"enemies":"Nemesis","floor":44.0,"turns":7.0},{"damage":0.0,"enemies":"Jaw Worm Horde","floor":45.0,"turns":4.0},{"damage":5,"enemies":"Transient","floor":48,"turns":5},{"damage":17,"enemies":"Time Eater","floor":50,"turns":5}],"seed_played":"-5285959787897529332","potions_obtained":[{"floor":2.0,"key":"Fire Potion"},{"floor":3.0,"key":"Energy Potion"},{"floor":7.0,"key":"FocusPotion"},{"floor":12.0,"key":"Poison Potion"},{"floor":20.0,"key":"SkillPotion"},{"floor":24.0,"key":"PowerPotion"},{"floor":35.0,"key":"SkillPotion"},{"floor":41.0,"key":"Swift Potion"},{"floor":44.0,"key":"Fruit Juice"}],"is_trial":false,"path_per_floor":["M","M","M","$","M","R","E","M","T","?","R","M","R","?","R","B",null,"M","$","M","?","?","R","E","M","T","?","R","M","R","$","R","B",null,"M","M","?","M","$","R","M","M","T","E","M","R","$","M","R","B",null],"character_chosen":"DEFECT","items_purchased":["MealTicket","Defragment","PrismaticShard","Ancient Potion","Capacitor"],"campfire_rested":0,"item_purchase_floors":[19,31,39,47,47],"current_hp_per_floor":[75,75,74,74,70,70,45,45,45,45,45,45,45,30,30,8,75,60,60,60,60,60,60,57,48,48,48,48,38,38,53,53,60,75,75,75,75,68,75,75,75,71,71,70,80,80,80,80,80,73],"gold":21,"neow_bonus":"THREE_RARE_CARDS","is_prod":false,"is_daily":false,"chose_seed":false,"campfire_upgraded":11,"win_rate":0,"timestamp":1560787581,"path_taken":["M","M","M","$","M","R","E","M","T","?","R","M","R","?","R","BOSS","M","$","M","?","?","R","E","M","T","?","R","M","R","$","R","BOSS","M","?","?","M","$","R","M","M","T","E","M","R","$","M","R","BOSS"],"build_version":"2019-01-23","purchased_purges":4,"victory":true,"max_hp_per_floor":[75,75,75,75,75,75,75,75,75,75,75,75,75,75,75,75,75,75,75,75,75,75,75,75,75,75,75,75,75,75,75,75,75,75,75,75,75,75,75,75,75,75,75,80,80,80,80,80,80,80],"card_choices":[{"not_picked":["Hyperbeam","Machine Learning"],"picked":"Biased Cognition","floor":0.0},{"not_picked":["FTL","Leap"],"picked":"Tempest","floor":1.0},{"not_picked":["Redo","Hologram"],"picked":"Capacitor","floor":2.0},{"not_picked":["Stack","Streamline"],"picked":"Recycle","floor":3.0},{"not_picked":["Beam Cell","Sweeping Beam"],"picked":"Capacitor","floor":5.0},{"not_picked":["Sunder","Redo","Go for the Eyes"],"picked":"SKIP","floor":7.0},{"not_picked":["Rebound","Undo"],"picked":"Tempest","floor":8.0},{"not_picked":["Gash","Buffer"],"picked":"Coolheaded","floor":12.0},{"not_picked":["Reboot","Hyperbeam"],"picked":"Electrodynamics","floor":16.0},{"not_picked":["Force Field","Ball Lightning"],"picked":"Conserve Battery+1","floor":18.0},{"not_picked":["Conserve Battery","Beam Cell"],"picked":"White Noise","floor":20.0},{"not_picked":["Melter","Chaos"],"picked":"Skim","floor":24.0},{"not_picked":["Undo","Streamline"],"picked":"Self Repair","floor":25.0},{"not_picked":["Rip and Tear+1","Rebound"],"picked":"Coolheaded","floor":29.0},{"not_picked":["Buffer","Seek"],"picked":"Rainbow","floor":33.0},{"not_picked":["Go for the Eyes","Sweeping Beam+1"],"picked":"Fission","floor":34.0},{"not_picked":["Meteor Strike","Streamline"],"picked":"Conserve Battery+1","floor":34.0},{"not_picked":["Compile Driver","Stack"],"picked":"Glacier","floor":34.0},{"not_picked":["Cold Snap","Go for the Eyes+1"],"picked":"Chill","floor":34.0},{"not_picked":["Compile Driver","Redo"],"picked":"Self Repair+1","floor":35.0},{"not_picked":["Coolheaded","Cold Snap"],"picked":"Conserve Battery+1","floor":36.0},{"not_picked":["Turbo","BootSequence"],"picked":"Rainbow","floor":38.0},{"not_picked":["Madness+1","Inflame+1"],"picked":"Burning Pact","floor":41.0},{"not_picked":["Beam Cell","BootSequence+1","Conserve Battery"],"picked":"SKIP","floor":42.0},{"not_picked":["Beam Cell","Conserve Battery"],"picked":"BootSequence+1","floor":42.0},{"not_picked":["Quick Slash","Cold Snap"],"picked":"Sever Soul+1","floor":44.0},{"not_picked":["Iron Wave","Fire Breathing+1"],"picked":"Limit Break","floor":45.0},{"not_picked":["Steam+1","Cold Snap"],"picked":"Conserve Battery+1","floor":48}],"player_experience":5374838,"relics_obtained":[{"floor":7.0,"key":"Anchor"},{"floor":9.0,"key":"Smiling Mask"},{"floor":24.0,"key":"Ancient Tea Set"},{"floor":26.0,"key":"Regal Pillow"},{"floor":43.0,"key":"Meat on the Bone"},{"floor":44.0,"key":"MawBank"}],"event_choices":[{"damage_healed":0.0,"max_hp_gain":0.0,"max_hp_loss":0.0,"gold_gain":0.0,"event_name":"Liars Game","player_choice":"Ignored","floor":10.0,"gold_loss":0.0,"damage_taken":0.0},{"damage_healed":0.0,"max_hp_gain":0.0,"max_hp_loss":0.0,"gold_gain":0.0,"event_name":"Shining Light","player_choice":"Entered Light","floor":14.0,"gold_loss":0.0,"damage_taken":15.0,"cards_upgraded":["Capacitor","Coolheaded"]},{"cards_removed":["Strike_B"],"damage_healed":0.0,"max_hp_gain":0.0,"max_hp_loss":0.0,"gold_gain":0.0,"event_name":"Back to Basics","player_choice":"Elegance","floor":21.0,"gold_loss":0.0,"damage_taken":0.0},{"damage_healed":0.0,"max_hp_gain":0.0,"max_hp_loss":0.0,"gold_gain":0.0,"cards_transformed":["Strike_B","Defend_B"],"event_name":"Drug Dealer","player_choice":"Became Test Subject","floor":22.0,"gold_loss":0.0,"damage_taken":0.0,"cards_obtained":["Blizzard","Static Discharge"]},{"damage_healed":0.0,"max_hp_gain":0.0,"max_hp_loss":0.0,"gold_gain":100.0,"event_name":"Golden Shrine","player_choice":"Pray","floor":27.0,"gold_loss":0.0,"damage_taken":0.0},{"damage_healed":0.0,"max_hp_gain":0.0,"max_hp_loss":0.0,"gold_gain":0.0,"event_name":"Lab","player_choice":"Got Potions","floor":37.0,"gold_loss":0.0,"damage_taken":0.0}],"is_beta":false,"boss_relics":[{"not_picked":["Nuclear Battery","Busted Crown"],"picked":"Coffee Dripper"},{"not_picked":["Fusion Hammer","Black Star"],"picked":"Orrery"}],"items_purged_floors":[4,19,31,39],"is_endless":false,"potions_floor_spawned":[2,3,7,12,16,20,24,33,35,41,44,48],"ascension_level":0}