{"gold_per_floor":[109,127,52,68,68,68,84,84,84,84,84,100,100,14,14,112,112,136,159,159,172,172,172,186,186,186,186,209,209,232,286,286,377,377,391,391,391,724,742,776,270,270,294,308,308,339,354,229,229,229,229,229,229,79,113,113],"floor_reached":56,"playtime":2430,"items_purged":["Strike_G","Strike_G","Strike_G","Strike_G"],"score":1940,"play_id":"64cbc923-a83c-45be-8414-1a61b758051f","local_time":"20190406174716","is_ascension_mode":true,"campfire_choices":[{"data":"Bouncing Flask","floor":6.0,"key":"SMITH"},{"data":"Well Laid Plans","floor":8.0,"key":"SMITH"},{"data":"Neutralize","floor":10.0,"key":"SMITH"},{"data":"Magnetism","floor":13.0,"key":"SMITH"},{"data":"Corpse Explosion","floor":15.0,"key":"SMITH"},{"data":"Master of Strategy","floor":23.0,"key":"SMITH"},{"data":"Survivor","floor":25.0,"key":"SMITH"},{"floor":27.0,"key":"RECALL"},{"data":"Defend_G","floor":29.0,"key":"SMITH"},{"data":"Defend_G","floor":32.0,"key":"SMITH"},{"floor":42.0,"key":"REST"},{"data":"Tactician","floor":49.0,"key":"SMITH"},{"data":"Strike_G","floor":53.0,"key":"PURGE"}],"neow_cost":"TEN_PERCENT_HP_LOSS","seed_source_timestamp":22930358121498,"circlet_count":0,"master_deck":["AscendersBane","Defend_G+1","Defend_G","Defend_G+1","Defend_G+1","Defend_G+1","Survivor+1","Neutralize+1","Poisoned Stab","Backstab","Bouncing Flask+1","Master of Strategy+1","Well Laid Plans+1","Corpse Explosion+1","Burst+1","Grand Finale","After Image","Acrobatics+1","Backflip","Tactician+1","Footwork"],"special_seed":0,"relics":["Ring of the Snake","Letter Opener","Runic Dome","War Paint","Orrery","Mercury Hourglass","ClockworkSouvenir","Bag of Preparation","Mango","Peace Pipe","Lantern"],"potions_floor_usage":[],"damage_taken":[{"damage":1.0,"enemies":"Cultist","floor":1.0,"turns":6.0},{"damage":0.0,"enemies":"Small Slimes","floor":2.0,"turns":4.0},{"damage":3.0,"enemies":"2 Louse","floor":4.0,"turns":4.0},{"damage":0.0,"enemies":"Lots of Slimes","floor":7.0,"turns":2.0},{"damage":12.0,"enemies":"Large Slime","floor":12.0,"turns":8.0},{"damage":13.0,"enemies":"Hexaghost","floor":16.0,"turns":7.0},{"damage":0.0,"enemies":"3 Byrds","floor":18.0,"turns":1.0},{"damage":0.0,"enemies":"Spheric Guardian","floor":19.0,"turns":3.0},{"damage":2.0,"enemies":"Snecko","floor":21.0,"turns":4.0},{"damage":5.0,"enemies":"Cultist and Chosen","floor":24.0,"turns":3.0},{"damage":0.0,"enemies":"Sentry and Sphere","floor":28.0,"turns":2.0},{"damage":8.0,"enemies":"Centurion and Healer","floor":30.0,"turns":4.0},{"damage":27.0,"enemies":"Collector","floor":33.0,"turns":8.0},{"damage":0.0,"enemies":"3 Shapes","floor":35.0,"turns":3.0},{"damage":0.0,"enemies":"Orb Walker","floor":39.0,"turns":3.0},{"damage":44.0,"enemies":"Giant Head","floor":40.0,"turns":8.0},{"damage":9.0,"enemies":"4 Shapes","floor":44.0,"turns":6.0},{"damage":0.0,"enemies":"Nemesis","floor":46.0,"turns":7.0},{"damage":0.0,"enemies":"Sphere and 2 Shapes","floor":47.0,"turns":4.0},{"damage":0.0,"enemies":"Donu and Deca","floor":50.0,"turns":8.0},{"damage":22.0,"enemies":"Time Eater","floor":51.0,"turns":12.0},{"damage":8.0,"enemies":"Shield and Spear","floor":55.0,"turns":8.0},{"damage":58,"enemies":"The Heart","floor":56,"turns":8}],"seed_played":"-3814608244800200137","potions_obtained":[{"floor":1.0,"key":"Explosive Potion"},{"floor":4.0,"key":"AttackPotion"},{"floor":18.0,"key":"Dexterity Potion"},{"floor":35.0,"key":"Explosive Potion"},{"floor":39.0,"key":"Fruit Juice"},{"floor":47.0,"key":"SkillPotion"}],"is_trial":false,"path_per_floor":["M","M","$","M","?","R","M","R","T","R","?","M","R","$","R","B",null,"M","M","?","M","?","R","M","R","T","R","M","R","M","T","R","B",null,"M","?","?","?","M","E","$","R","T","M","T","E","M","$","R","B","B",null,"R","$","E","B"],"character_chosen":"THE_SILENT","items_purchased":["Corpse Explosion","ClockworkSouvenir","EntropicBrew","Regen Potion"],"campfire_rested":1,"item_purchase_floors":[14,41,41,41],"current_hp_per_floor":[58,58,58,55,55,55,55,55,55,55,34,22,22,22,22,9,47,47,47,47,45,45,45,40,40,40,40,40,40,32,32,32,5,46,46,46,46,46,46,7,7,26,26,32,46,46,46,46,46,46,24,65,65,65,57,0],"gold":113,"neow_bonus":"RANDOM_COLORLESS_2","is_prod":false,"is_daily":false,"chose_seed":false,"campfire_upgraded":10,"win_rate":0,"timestamp":1554544036,"path_taken":["M","M","$","?","?","R","M","R","T","R","?","M","R","$","R","BOSS","M","M","?","?","?","R","M","R","T","R","?","R","M","?","R","BOSS","M","?","?","?","M","E","$","R","T","M","?","E","M","$","R","BOSS","BOSS","R","$","E","BOSS"],"build_version":"2019-01-23","purchased_purges":4,"victory":false,"max_hp_per_floor":[60,60,60,60,60,60,60,60,60,60,60,60,60,60,60,60,60,60,60,60,60,60,60,60,60,60,60,60,60,60,60,60,60,60,60,60,60,60,60,65,65,65,65,65,79,79,79,79,79,79,79,79,79,79,79,79],"card_choices":[{"not_picked":["Prepared","PiercingWail"],"picked":"Poisoned Stab","floor":1.0},{"not_picked":["Distraction","Sucker Punch"],"picked":"Backstab","floor":2.0},{"not_picked":["Underhanded Strike","Poisoned Stab"],"picked":"Bouncing Flask","floor":4.0},{"not_picked":["Bouncing Flask","Dagger Spray"],"picked":"Well Laid Plans","floor":7.0},{"not_picked":["Underhanded Strike","Dodge and Roll","Dagger Spray"],"picked":"SKIP","floor":12.0},{"not_picked":["Venomology","Phantasmal Killer"],"picked":"Burst","floor":16.0},{"not_picked":["Underhanded Strike","Sucker Punch","Dagger Spray"],"picked":"SKIP","floor":18.0},{"not_picked":["Dagger Throw","All Out Attack","Deflect"],"picked":"SKIP","floor":19.0},{"not_picked":["Dagger Throw","Deflect","Eviscerate"],"picked":"SKIP","floor":21.0},{"not_picked":["Dodge and Roll","Dagger Throw","Blade Dance"],"picked":"SKIP","floor":24.0},{"not_picked":["Deadly Poison","Dodge and Roll","Skewer+1"],"picked":"SKIP","floor":28.0},{"not_picked":["Distraction","Terror","Outmaneuver"],"picked":"SKIP","floor":30.0},{"not_picked":["Storm of Steel","A Thousand Cuts"],"picked":"Grand Finale","floor":33.0},{"not_picked":["Deflect","Finisher"],"picked":"After Image","floor":34.0},{"not_picked":["Outmaneuver+1","Sucker Punch"],"picked":"Acrobatics+1","floor":34.0},{"not_picked":["Cloak And Dagger","Quick Slash"],"picked":"Backflip","floor":34.0},{"not_picked":["Backflip","Calculated Gamble+1"],"picked":"Tactician","floor":35.0},{"not_picked":["Bane","Well Laid Plans","Choke+1"],"picked":"SKIP","floor":39.0},{"not_picked":["Leg Sweep","Deadly Poison","Prepared+1"],"picked":"SKIP","floor":40.0},{"not_picked":["Bouncing Flask","Slice+1","Accuracy"],"picked":"SKIP","floor":44.0},{"not_picked":["Riddle With Holes","Tools of the Trade","Dagger Spray"],"picked":"SKIP","floor":46.0},{"not_picked":["Infinite Blades","Quick Slash"],"picked":"Footwork","floor":47.0},{"not_picked":["Well Laid Plans","Quick Slash","Envenom"],"picked":"SKIP","floor":55.0}],"player_experience":4092542,"relics_obtained":[{"floor":9.0,"key":"Letter Opener"},{"floor":31.0,"key":"War Paint"},{"floor":40.0,"key":"Mercury Hourglass"},{"floor":43.0,"key":"Bag of Preparation"},{"floor":45.0,"key":"Mango"},{"floor":46.0,"key":"Peace Pipe"},{"floor":55.0,"key":"Lantern"}],"event_choices":[{"damage_healed":0.0,"max_hp_gain":0.0,"max_hp_loss":0.0,"gold_gain":0.0,"cards_transformed":["Deep Breath"],"event_name":"Living Wall","player_choice":"Change","floor":5.0,"gold_loss":0.0,"damage_taken":0.0,"cards_obtained":["Master of Strategy"]},{"damage_healed":0.0,"max_hp_gain":0.0,"max_hp_loss":0.0,"gold_gain":0.0,"event_name":"Golden Idol","player_choice":"Take Damage","floor":11.0,"gold_loss":0.0,"damage_taken":21.0,"relics_obtained":["Golden Idol"]},{"damage_healed":0.0,"max_hp_gain":0.0,"max_hp_loss":0.0,"gold_gain":0.0,"event_name":"Lab","player_choice":"Got Potions","floor":20.0,"gold_loss":0.0,"damage_taken":0.0},{"damage_healed":0.0,"max_hp_gain":0.0,"max_hp_loss":0.0,"gold_gain":0.0,"event_name":"Upgrade Shrine","player_choice":"Upgraded","floor":22.0,"gold_loss":0.0,"damage_taken":0.0,"cards_upgraded":["Burst"]},{"cards_removed":["Magnetism"],"damage_healed":0.0,"max_hp_gain":0.0,"max_hp_loss":0.0,"gold_gain":0.0,"event_name":"Falling","player_choice":"Removed Power","floor":36.0,"gold_loss":0.0,"damage_taken":0.0},{"damage_healed":0.0,"max_hp_gain":0.0,"max_hp_loss":0.0,"gold_gain":0.0,"event_name":"Tomb of Lord Red Mask","player_choice":"Ignored","floor":37.0,"gold_loss":0.0,"damage_taken":0.0},{"damage_healed":0.0,"max_hp_gain":0.0,"max_hp_loss":0.0,"gold_gain":333.0,"event_name":"The Moai Head","player_choice":"Gave Idol","floor":38.0,"relics_lost":["Golden Idol"],"gold_loss":0.0,"damage_taken":0.0}],"is_beta":false,"boss_relics":[{"not_picked":["Ectoplasm","HoveringKite"],"picked":"Runic Dome"},{"not_picked":["Cursed Key","Sozu"],"picked":"Orrery"}],"items_purged_floors":[3,41,48,54],"is_endless":false,"potions_floor_spawned":[1,4,18,19,35,39,47],"killed_by":"The Heart","ascension_level":20}