{"gold_per_floor":[116,126,22,22,82,82,142,142,142,192,205,127,177,202,202,306,306,320,370,335,38,88,88,120,136,162,162,191,191,209,259,259,356,356,368,518,210,310,330,363,379,49,125,125,0,0,50,85,85,85],"floor_reached":51,"playtime":1687,"items_purged":["Strike_R","Strike_R","Strike_R"],"score":812,"play_id":"96b7c0f8-564d-4d6a-a644-38f4bc9da863","local_time":"20181104204808","is_ascension_mode":false,"campfire_choices":[{"data":"Body Slam","floor":6,"key":"SMITH"},{"data":"Power Through","floor":8,"key":"SMITH"},{"data":"True Grit","floor":15,"key":"SMITH"},{"data":"Second Wind","floor":23,"key":"SMITH"},{"data":"Feed","floor":27,"key":"SMITH"},{"floor":29,"key":"REST"},{"data":"Berserk","floor":32,"key":"SMITH"},{"data":"Battle Trance","floor":44,"key":"SMITH"},{"data":"1","floor":46,"key":"LIFT"},{"data":"2","floor":49,"key":"LIFT"}],"neow_cost":"NONE","seed_source_timestamp":379950722420753,"circlet_count":0,"master_deck":["Strike_R+1","Strike_R+1","Defend_R","Defend_R","Defend_R","Defend_R","Bash","Whirlwind+1","Second Wind+1","Power Through+1","Evolve","Body Slam+1","Feed+1","True Grit+1","Battle Trance+1","Berserk+1","Shrug It Off","Offering","Body Slam+1","Shockwave","Power Through+1","Shrug It Off"],"relics":["Burning Blood","NeowsBlessing","SsserpentHead","Happy Flower","Letter Opener","Black Star","Omamori","Oddly Smooth Stone","FossilizedHelix","Magic Flower","Vajra","Boot","Whetstone","Busted Crown","Girya","DollysMirror","Dream Catcher","Juzu Bracelet","Centennial Puzzle","Tiny Chest","Red Mask","Frozen Egg 2","Meat on the Bone","Dodecahedron"],"potions_floor_usage":[16,16,18,28,33,50],"damage_taken":[{"damage":0,"enemies":"Jaw Worm","floor":1,"turns":1},{"damage":0,"enemies":"Cultist","floor":2,"turns":1},{"damage":0,"enemies":"2 Louse","floor":5,"turns":1},{"damage":21,"enemies":"Exordium Thugs","floor":7,"turns":7},{"damage":5,"enemies":"Looter","floor":11,"turns":3},{"damage":31,"enemies":"Gremlin Nob","floor":14,"turns":6},{"damage":25,"enemies":"Slime Boss","floor":16,"turns":9},{"damage":14,"enemies":"2 Thieves","floor":18,"turns":4},{"damage":50,"enemies":"Slavers","floor":24,"turns":7},{"damage":0,"enemies":"Chosen","floor":25,"turns":2},{"damage":51,"enemies":"Gremlin Leader","floor":28,"turns":6},{"damage":4,"enemies":"3 Cultists","floor":30,"turns":4},{"damage":39,"enemies":"Collector","floor":33,"turns":11},{"damage":0,"enemies":"Orb Walker","floor":35,"turns":1},{"damage":0,"enemies":"Mind Bloom Boss Battle","floor":36,"turns":6},{"damage":0,"enemies":"2 Orb Walkers","floor":38,"turns":3},{"damage":0,"enemies":"3 Shapes","floor":39,"turns":4},{"damage":10,"enemies":"Nemesis","floor":40,"turns":7},{"damage":0,"enemies":"3 Darklings","floor":41,"turns":4},{"damage":19,"enemies":"Reptomancer","floor":48,"turns":3},{"damage":88,"enemies":"Time Eater","floor":50,"turns":13}],"seed_played":"-5534093415492751702","potions_obtained":[{"floor":1,"key":"Energy Potion"},{"floor":5,"key":"SteroidPotion"},{"floor":16,"key":"Block Potion"},{"floor":24,"key":"AttackPotion"},{"floor":28,"key":"Regen Potion"},{"floor":33,"key":"Poison Potion"},{"floor":38,"key":"SteroidPotion"},{"floor":48,"key":"SkillPotion"}],"is_trial":false,"path_per_floor":["M","M","$","?","M","R","M","R","T","?","M","$","?","E","R","B",null,"M","?","?","$","?","R","E","M","T","R","E","R","M","?","R","B",null,"M","?","$","?","M","E","M","$","T","R","?","R","T","E","R","B",null],"character_chosen":"IRONCLAD","items_purchased":["Power Through","Evolve","True Grit","Offering","Oddly Smooth Stone","DollysMirror","Centennial Puzzle","Block Potion"],"campfire_rested":1,"item_purchase_floors":[3,3,12,21,21,37,42,42],"current_hp_per_floor":[80,80,80,80,80,80,65,65,65,65,66,66,71,46,46,30,88,80,80,80,80,80,80,39,53,53,53,11,39,50,50,50,44,98,98,102,102,102,102,101,102,102,102,102,102,102,102,92,92,31],"gold":85,"neow_bonus":"THREE_ENEMY_KILL","is_prod":false,"is_daily":false,"chose_seed":false,"campfire_upgraded":7,"win_rate":0,"timestamp":1541335688,"path_taken":["M","M","$","?","?","R","?","R","T","?","M","?","?","E","R","BOSS","M","?","?","$","?","R","E","M","T","R","E","R","M","?","R","BOSS","M","?","$","?","M","E","M","$","T","R","?","R","?","E","R","BOSS"],"build_version":"2018-11-02","purchased_purges":3,"victory":true,"max_hp_per_floor":[80,80,80,80,80,80,80,80,80,80,80,80,85,85,85,88,88,88,88,88,88,88,88,91,94,94,94,94,94,98,98,98,98,98,98,102,102,102,102,102,102,102,102,102,102,102,102,102,102,102],"card_choices":[{"not_picked":["Reckless Charge","Fire Breathing"],"picked":"Whirlwind","floor":1},{"not_picked":["Disarm","Power Through"],"picked":"Second Wind","floor":2},{"not_picked":["Armaments","Warcry"],"picked":"Body Slam","floor":5},{"not_picked":["Fire Breathing","Headbutt","Uppercut"],"picked":"SKIP","floor":7},{"not_picked":["Havoc","Blood for Blood"],"picked":"Feed","floor":11},{"not_picked":["Sword Boomerang","Headbutt"],"picked":"Battle Trance","floor":14},{"not_picked":["Demon Form","Reaper"],"picked":"Berserk","floor":16},{"not_picked":["Headbutt+1","Havoc"],"picked":"Shrug It Off","floor":18},{"not_picked":["Sword Boomerang","Headbutt","Iron Wave"],"picked":"SKIP","floor":24},{"not_picked":["Anger","Havoc+1","Uppercut"],"picked":"SKIP","floor":25},{"not_picked":["Headbutt","Limit Break","Blood for Blood"],"picked":"SKIP","floor":28},{"not_picked":["Iron Wave","Armaments","Headbutt"],"picked":"SKIP","floor":30},{"not_picked":["Wild Strike+1"],"picked":"SKIP","floor":35},{"not_picked":[],"picked":"Shockwave","floor":36},{"not_picked":["True Grit"],"picked":"SKIP","floor":39},{"not_picked":["Perfected Strike"],"picked":"SKIP","floor":40},{"not_picked":["Armaments+1"],"picked":"SKIP","floor":41},{"not_picked":[],"picked":"Shrug It Off","floor":48}],"player_experience":441050,"relics_obtained":[{"floor":9,"key":"Happy Flower"},{"floor":14,"key":"Letter Opener"},{"floor":24,"key":"FossilizedHelix"},{"floor":24,"key":"Magic Flower"},{"floor":26,"key":"Vajra"},{"floor":28,"key":"Boot"},{"floor":28,"key":"Whetstone"},{"floor":36,"key":"Girya"},{"floor":40,"key":"Dream Catcher"},{"floor":40,"key":"Juzu Bracelet"},{"floor":43,"key":"Tiny Chest"},{"floor":47,"key":"Frozen Egg 2"},{"floor":48,"key":"Meat on the Bone"},{"floor":48,"key":"Dodecahedron"}],"event_choices":[{"damage_healed":0,"gold_gain":0,"player_choice":"Trade","damage_taken":0,"relics_obtained":["SsserpentHead"],"max_hp_gain":0,"max_hp_loss":0,"event_name":"FaceTrader","floor":4,"gold_loss":0},{"damage_healed":0,"gold_gain":0,"player_choice":"Upgraded","damage_taken":0,"max_hp_gain":0,"max_hp_loss":0,"event_name":"Upgrade Shrine","floor":10,"gold_loss":0,"cards_upgraded":["Whirlwind"]},{"damage_healed":0,"gold_gain":0,"player_choice":"Donut","damage_taken":0,"max_hp_gain":5,"max_hp_loss":0,"event_name":"Big Fish","floor":13,"gold_loss":0},{"damage_healed":0,"gold_gain":0,"player_choice":"Ignored","damage_taken":0,"max_hp_gain":0,"max_hp_loss":0,"event_name":"Vampires","floor":19,"gold_loss":0},{"damage_healed":0,"gold_gain":0,"player_choice":"Obtained Relic","damage_taken":0,"relics_obtained":["Omamori"],"max_hp_gain":0,"max_hp_loss":0,"event_name":"Addict","floor":20,"gold_loss":85},{"damage_healed":0,"gold_gain":0,"player_choice":"Ignored","damage_taken":0,"max_hp_gain":0,"max_hp_loss":0,"event_name":"Ghosts","floor":22,"gold_loss":0},{"damage_healed":0,"gold_gain":0,"player_choice":"Copied","damage_taken":0,"max_hp_gain":0,"max_hp_loss":0,"event_name":"Duplicator","floor":31,"gold_loss":0,"cards_obtained":["Body Slam"]},{"damage_healed":0,"gold_gain":0,"player_choice":"Fight","damage_taken":0,"max_hp_gain":0,"max_hp_loss":0,"event_name":"MindBloom","floor":36,"gold_loss":0},{"damage_healed":0,"gold_gain":0,"player_choice":"Fight","damage_taken":0,"max_hp_gain":0,"max_hp_loss":0,"event_name":"Mysterious Sphere","floor":38,"gold_loss":0},{"damage_healed":0,"gold_gain":0,"player_choice":"Paid","damage_taken":0,"relics_obtained":["Red Mask"],"max_hp_gain":0,"max_hp_loss":0,"event_name":"Tomb of Lord Red Mask","floor":45,"gold_loss":175}],"is_beta":true,"boss_relics":[{"not_picked":["Lizard Tail","Velvet Choker"],"picked":"Black Star"},{"not_picked":["Runic Cube","Eternal Feather"],"picked":"Busted Crown"}],"items_purged_floors":[12,37,42],"is_endless":false,"potions_floor_spawned":[1,5,16,24,28,33,38,48],"ascension_level":0}