{"gold_per_floor":[117,42,52,52,52,52,93,93,93,107,107,122,122,137,137,137],"floor_reached":16,"playtime":536,"items_purged":["Outmaneuver"],"score":200,"play_id":"925c5294-7af8-4a46-be63-bbf57902a4d6","local_time":"20190220181402","is_ascension_mode":true,"campfire_choices":[{"data":"Noxious Fumes","floor":6.0,"key":"SMITH"},{"data":"Neutralize","floor":8.0,"key":"SMITH"},{"data":"Crippling Poison","floor":11.0,"key":"SMITH"},{"floor":15,"key":"REST"}],"neow_cost":"NONE","seed_source_timestamp":24885576461323,"circlet_count":0,"master_deck":["AscendersBane","Survivor","Neutralize+1","Well Laid Plans","Caltrops","Calculated Gamble","Underhanded Strike","Infinite Blades","Tools of the Trade","Noxious Fumes+1","Underhanded Strike","Crippling Poison+1","Terror","A Thousand Cuts"],"special_seed":0,"relics":["Pandora\u0027s Box","Golden Idol","Bottled Lightning","Centennial Puzzle"],"potions_floor_usage":[14],"damage_taken":[{"damage":11.0,"enemies":"2 Louse","floor":1.0,"turns":3.0},{"damage":1.0,"enemies":"Small Slimes","floor":3.0,"turns":4.0},{"damage":19.0,"enemies":"Gremlin Nob","floor":7.0,"turns":4.0},{"damage":6.0,"enemies":"Jaw Worm","floor":10.0,"turns":4.0},{"damage":16.0,"enemies":"3 Louse","floor":12.0,"turns":2.0},{"damage":10,"enemies":"Gremlin Gang","floor":14,"turns":2},{"damage":28,"enemies":"Slime Boss","floor":16,"turns":3}],"seed_played":"3486174840394892593","potions_obtained":[{"floor":1.0,"key":"Block Potion"},{"floor":7.0,"key":"AttackPotion"}],"is_trial":false,"path_per_floor":["M","$","M","?","?","R","E","R","T","M","R","M","?","M","R","B"],"character_chosen":"THE_SILENT","items_purchased":[],"campfire_rested":1,"item_purchase_floors":[],"current_hp_per_floor":[48,48,47,66,60,60,41,41,41,35,35,19,19,9,27,0],"gold":137,"neow_bonus":"BOSS_RELIC","is_prod":false,"is_daily":false,"chose_seed":false,"campfire_upgraded":3,"win_rate":0,"timestamp":1550657642,"path_taken":["M","$","M","?","?","R","E","R","T","M","R","M","?","M","R","BOSS"],"build_version":"2019-01-23","purchased_purges":1,"victory":false,"max_hp_per_floor":[66,66,66,66,60,60,60,60,60,60,60,60,60,60,60,60],"card_choices":[{"not_picked":["Crippling Poison","Backstab","Flying Knee"],"picked":"SKIP","floor":1.0},{"not_picked":["Sucker Punch","Deflect","Dodge and Roll"],"picked":"SKIP","floor":3.0},{"not_picked":["Blade Dance","Distraction","Flying Knee"],"picked":"SKIP","floor":7.0},{"not_picked":["Blade Dance","Cloak And Dagger"],"picked":"Terror","floor":10.0},{"not_picked":["Dagger Throw","Terror","A Thousand Cuts"],"picked":"SKIP","floor":12.0},{"not_picked":["Dagger Throw","Terror"],"picked":"A Thousand Cuts","floor":12.0},{"not_picked":["Backstab","Sucker Punch","Poisoned Stab"],"picked":"SKIP","floor":14}],"player_experience":2997718,"relics_obtained":[{"floor":7.0,"key":"Bottled Lightning"}],"event_choices":[{"damage_healed":22.0,"max_hp_gain":0.0,"max_hp_loss":0.0,"gold_gain":0.0,"event_name":"Big Fish","player_choice":"Banana","floor":4.0,"gold_loss":0.0,"damage_taken":0.0},{"damage_healed":0.0,"max_hp_gain":0.0,"max_hp_loss":6.0,"gold_gain":0.0,"event_name":"Golden Idol","player_choice":"Lose Max HP","floor":5.0,"gold_loss":0.0,"damage_taken":0.0,"relics_obtained":["Golden Idol"]},{"damage_healed":0,"gold_gain":0,"player_choice":"Searched \u00271\u0027 times","damage_taken":0,"relics_obtained":["Centennial Puzzle"],"max_hp_gain":0,"max_hp_loss":0,"event_name":"Dead Adventurer","floor":13,"gold_loss":0}],"is_beta":false,"boss_relics":[],"items_purged_floors":[2],"is_endless":false,"potions_floor_spawned":[1,7],"killed_by":"Slime Boss","ascension_level":20}