{"gold_per_floor":[109,122,135,155,6,6,24,37,37,37,49,49,67,87,87,162,162,181,181,192,29,49,49,49],"floor_reached":24,"playtime":1029,"items_purged":["Strike_R"],"score":384,"play_id":"d38ff452-f209-4956-afc4-b8ac2343eb97","local_time":"20190211164629","is_ascension_mode":true,"campfire_choices":[{"data":"Evolve","floor":6.0,"key":"SMITH"},{"data":"Power Through","floor":12.0,"key":"SMITH"},{"data":"Demon Form","floor":15.0,"key":"SMITH"},{"floor":23,"key":"REST"}],"neow_cost":"NONE","seed_source_timestamp":1208308883222783,"circlet_count":0,"master_deck":["AscendersBane","Strike_R","Strike_R","Strike_R","Strike_R","Defend_R","Defend_R","Defend_R","Defend_R","Bash","Parasite","Clumsy","Decay","Evolve+1","Reaper","Power Through+1","Demon Form+1","Barricade","Power Through+1","True Grit","Second Wind","Reaper"],"special_seed":0,"relics":["Calling Bell","Vajra","Paper Frog","Bird Faced Urn","Charon\u0027s Ashes","Odd Mushroom","Runic Pyramid"],"potions_floor_usage":[20,22,24],"damage_taken":[{"damage":9.0,"enemies":"Cultist","floor":1.0,"turns":4.0},{"damage":11.0,"enemies":"Small Slimes","floor":2.0,"turns":4.0},{"damage":3.0,"enemies":"2 Louse","floor":3.0,"turns":4.0},{"damage":10.0,"enemies":"2 Fungi Beasts","floor":4.0,"turns":4.0},{"damage":22.0,"enemies":"3 Louse","floor":7.0,"turns":7.0},{"damage":30.0,"enemies":"Lots of Slimes","floor":8.0,"turns":7.0},{"damage":10.0,"enemies":"Looter","floor":11.0,"turns":5.0},{"damage":13.0,"enemies":"2 Fungi Beasts","floor":13.0,"turns":4.0},{"damage":27.0,"enemies":"The Mushroom Lair","floor":14.0,"turns":5.0},{"damage":22.0,"enemies":"Slime Boss","floor":16.0,"turns":7.0},{"damage":74.0,"enemies":"Shell Parasite","floor":18.0,"turns":8.0},{"damage":33,"enemies":"3 Byrds","floor":20,"turns":6},{"damage":16,"enemies":"Centurion and Healer","floor":22,"turns":13},{"damage":42,"enemies":"Slavers","floor":24,"turns":3}],"seed_played":"8295812449950215978","potions_obtained":[{"floor":3.0,"key":"Strength Potion"},{"floor":11.0,"key":"Poison Potion"},{"floor":13.0,"key":"Block Potion"},{"floor":16.0,"key":"BloodPotion"},{"floor":20,"key":"SkillPotion"},{"floor":22,"key":"FearPotion"}],"is_trial":false,"path_per_floor":["M","M","M","M","$","R","M","M","T","$","M","R","M","?","R","B",null,"M","?","M","$","M","R","E"],"character_chosen":"IRONCLAD","items_purchased":["Reaper","Second Wind"],"campfire_rested":1,"item_purchase_floors":[5,21],"current_hp_per_floor":[59,48,45,37,37,37,32,24,24,24,21,21,20,5,5,15,60,17,17,3,3,4,26,0],"gold":49,"neow_bonus":"BOSS_RELIC","is_prod":false,"is_daily":false,"chose_seed":false,"campfire_upgraded":3,"win_rate":0,"timestamp":1549874789,"path_taken":["M","?","M","M","$","R","?","M","T","$","M","R","M","?","R","BOSS","M","?","?","$","?","R","E"],"build_version":"2019-01-23","purchased_purges":1,"victory":false,"max_hp_per_floor":[75,75,75,75,75,75,75,75,75,75,75,75,75,75,75,75,75,75,75,75,75,75,75,75],"card_choices":[{"not_picked":["Ghostly Armor","Clothesline","Sever Soul"],"picked":"SKIP","floor":1.0},{"not_picked":["Cleave","Clothesline","Sever Soul"],"picked":"SKIP","floor":2.0},{"not_picked":["Warcry","Twin Strike"],"picked":"Evolve","floor":3.0},{"not_picked":["Clash","Infernal Blade","Twin Strike"],"picked":"SKIP","floor":4.0},{"not_picked":["Feel No Pain","Pommel Strike"],"picked":"Power Through","floor":7.0},{"not_picked":["Flex","Headbutt","Dual Wield"],"picked":"SKIP","floor":8.0},{"not_picked":["Bloodletting","Uppercut","Pommel Strike"],"picked":"SKIP","floor":11.0},{"not_picked":["Clash","Rage","Corruption"],"picked":"SKIP","floor":13.0},{"not_picked":["Shrug It Off","Searing Blow"],"picked":"Demon Form","floor":14.0},{"not_picked":["Immolate","Berserk"],"picked":"Barricade","floor":16.0},{"not_picked":["Perfected Strike","Thunderclap","Heavy Blade"],"picked":"SKIP","floor":18.0},{"not_picked":["Rampage","Thunderclap"],"picked":"True Grit","floor":20},{"not_picked":["Armaments","Rupture"],"picked":"Reaper","floor":22}],"player_experience":724969,"relics_obtained":[{"floor":0.0,"key":"Vajra"},{"floor":0.0,"key":"Paper Frog"},{"floor":0.0,"key":"Bird Faced Urn"},{"floor":9.0,"key":"Charon\u0027s Ashes"},{"floor":14.0,"key":"Odd Mushroom"}],"event_choices":[{"damage_healed":0.0,"max_hp_gain":0.0,"max_hp_loss":0.0,"gold_gain":0.0,"event_name":"Mushrooms","player_choice":"Fought Mushrooms","floor":14.0,"gold_loss":0.0,"damage_taken":0.0},{"damage_healed":0,"gold_gain":0,"player_choice":"Copied","damage_taken":0,"max_hp_gain":0,"max_hp_loss":0,"event_name":"Duplicator","floor":19,"gold_loss":0,"cards_obtained":["Power Through"]}],"is_beta":false,"boss_relics":[{"not_picked":["Black Star","Runic Dome"],"picked":"Runic Pyramid"}],"items_purged_floors":[21],"is_endless":false,"potions_floor_spawned":[3,11,13,16,20,22],"killed_by":"Slavers","ascension_level":20}