{"gold_per_floor":[114,129,129,144,69,69,96,109,109,136,136,168,184,109,109,109],"floor_reached":16,"playtime":455,"items_purged":["Injury"],"score":240,"play_id":"c00f7bfd-05bd-4ff1-8198-b7e988206571","local_time":"20190323013246","is_ascension_mode":true,"campfire_choices":[{"data":"Sunder","floor":6.0,"key":"SMITH"},{"data":"Dualcast","floor":11.0,"key":"SMITH"},{"data":"Recycle","floor":15.0,"key":"SMITH"}],"neow_cost":"CURSE","seed_source_timestamp":59290424567134,"circlet_count":0,"master_deck":["AscendersBane","Strike_B","Strike_B","Strike_B","Defend_B","Defend_B","Defend_B","Defend_B","Zap","Dualcast+1","Impatience","Bandage Up","Turbo","Sunder+1","Ball Lightning","All For One","Chill","Recycle+1"],"special_seed":0,"relics":["Cracked Core","Ornamental Fan","Smiling Mask","Torii"],"potions_floor_usage":[16,16],"damage_taken":[{"damage":2.0,"enemies":"Jaw Worm","floor":1.0,"turns":4.0},{"damage":13.0,"enemies":"Small Slimes","floor":2.0,"turns":3.0},{"damage":0.0,"enemies":"Cultist","floor":4.0,"turns":2.0},{"damage":15.0,"enemies":"3 Sentries","floor":7.0,"turns":6.0},{"damage":22.0,"enemies":"Gremlin Gang","floor":8.0,"turns":4.0},{"damage":15.0,"enemies":"Lagavulin","floor":10.0,"turns":6.0},{"damage":11.0,"enemies":"Gremlin Nob","floor":12.0,"turns":3.0},{"damage":7.0,"enemies":"Looter","floor":13.0,"turns":3.0},{"damage":20,"enemies":"Hexaghost","floor":16,"turns":8}],"seed_played":"-5333960741177916327","potions_obtained":[{"floor":1.0,"key":"AttackPotion"},{"floor":2.0,"key":"PowerPotion"},{"floor":8.0,"key":"Dexterity Potion"}],"is_trial":false,"path_per_floor":["M","M","?","M","$","R","E","M","T","E","R","E","M","?","R","B"],"character_chosen":"DEFECT","items_purchased":[],"campfire_rested":0,"item_purchase_floors":[],"current_hp_per_floor":[66,57,62,66,66,66,55,37,37,26,26,19,16,16,16,0],"gold":109,"neow_bonus":"RANDOM_COLORLESS_2","is_prod":false,"is_daily":false,"chose_seed":false,"campfire_upgraded":3,"win_rate":0,"timestamp":1553275966,"path_taken":["M","M","?","M","$","R","E","M","T","E","R","E","M","?","R","BOSS"],"build_version":"2019-01-23","purchased_purges":1,"victory":false,"max_hp_per_floor":[71,71,76,76,76,76,76,76,76,76,76,76,76,76,76,76],"card_choices":[{"not_picked":["Redo","Sweeping Beam"],"picked":"Turbo","floor":1.0},{"not_picked":["Beam Cell","Cold Snap"],"picked":"Sunder","floor":2.0},{"not_picked":["Hello World","Capacitor"],"picked":"Ball Lightning","floor":4.0},{"not_picked":["Melter","Go for the Eyes","Gash"],"picked":"SKIP","floor":7.0},{"not_picked":["Blizzard","Reinforced Body"],"picked":"All For One","floor":8.0},{"not_picked":["Leap","Ball Lightning","All For One"],"picked":"SKIP","floor":10.0},{"not_picked":["Gash","Conserve Battery"],"picked":"Chill","floor":12.0},{"not_picked":["Chaos","Hologram"],"picked":"Recycle","floor":13.0}],"player_experience":3807117,"relics_obtained":[{"floor":7.0,"key":"Ornamental Fan"},{"floor":10.0,"key":"Smiling Mask"},{"floor":12.0,"key":"Torii"}],"event_choices":[{"damage_healed":0.0,"max_hp_gain":5.0,"max_hp_loss":0.0,"gold_gain":0.0,"event_name":"Big Fish","player_choice":"Donut","floor":3.0,"gold_loss":0.0,"damage_taken":0.0},{"cards_removed":["Strike_B"],"damage_healed":0.0,"max_hp_gain":0.0,"max_hp_loss":0.0,"gold_gain":0.0,"event_name":"The Cleric","player_choice":"Card Removal","floor":14.0,"gold_loss":75.0,"damage_taken":0.0}],"is_beta":false,"boss_relics":[],"items_purged_floors":[5],"is_endless":false,"potions_floor_spawned":[1,2,8,10,13],"killed_by":"Hexaghost","ascension_level":20}