{"gold_per_floor":[117,117,135,155,6,31,31,61,84,116,116,127,144,93,93,93],"floor_reached":16,"playtime":344,"items_purged":[],"score":240,"play_id":"93bf96c6-8f17-4eda-98d0-2ca7fca14b77","local_time":"20181228162253","is_ascension_mode":true,"campfire_choices":[{"data":"Neutralize","floor":7.0,"key":"SMITH"},{"data":"Bane","floor":11,"key":"SMITH"},{"data":"Deadly Poison","floor":15,"key":"SMITH"}],"neow_cost":"NONE","seed_source_timestamp":17901855748176,"circlet_count":0,"master_deck":["AscendersBane","Defend_G","Defend_G","Defend_G","Defend_G","Defend_G","Strike_G","Strike_G","Strike_G","Strike_G","Strike_G","Survivor","Neutralize+1","Dash","Quick Slash","Well Laid Plans","Poisoned Stab","Bane+1","Backstab","Flying Knee","Deadly Poison+1"],"special_seed":0,"relics":["Ring of the Snake","NeowsBlessing","Omamori","Strawberry","Anchor","Mercury Hourglass"],"potions_floor_usage":[10,10,13],"damage_taken":[{"damage":0.0,"enemies":"2 Louse","floor":1.0,"turns":1.0},{"damage":0.0,"enemies":"Cultist","floor":3.0,"turns":1.0},{"damage":0.0,"enemies":"Small Slimes","floor":4.0,"turns":1.0},{"damage":27.0,"enemies":"3 Sentries","floor":6.0,"turns":9.0},{"damage":24,"enemies":"Gremlin Nob","floor":8,"turns":4},{"damage":6,"enemies":"Lagavulin","floor":10,"turns":6},{"damage":0,"enemies":"Looter","floor":12,"turns":2},{"damage":1,"enemies":"Exordium Thugs","floor":13,"turns":3},{"damage":6,"enemies":"Hexaghost","floor":16,"turns":5}],"seed_played":"-169885384142969261","potions_obtained":[{"floor":1.0,"key":"LiquidBronze"},{"floor":4.0,"key":"GhostInAJar"},{"floor":8,"key":"Ancient Potion"},{"floor":12,"key":"Explosive Potion"}],"is_trial":false,"path_per_floor":["M","M","M","$","E","R","T","E","R","M","M","?","R","B"],"character_chosen":"THE_SILENT","items_purchased":["Well Laid Plans","Poisoned Stab","Bane"],"campfire_rested":0,"item_purchase_floors":[5,5,5],"current_hp_per_floor":[59,59,59,59,59,32,32,15,15,9,9,9,8,8,8,2],"gold":93,"neow_bonus":"THREE_ENEMY_KILL","is_prod":false,"is_daily":false,"chose_seed":false,"campfire_upgraded":3,"win_rate":0,"timestamp":1545985373,"path_taken":["M","?","?","M","$","E","R","E","T","E","R","M","M","?","R","BOSS"],"build_version":"2018-12-25","purchased_purges":0,"victory":false,"max_hp_per_floor":[66,66,66,66,66,66,66,73,73,73,73,73,73,73,73,73],"card_choices":[{"not_picked":["Setup","Slice","Bane"],"picked":"SKIP","floor":1.0},{"not_picked":["Bane","Crippling Poison"],"picked":"Dash","floor":3.0},{"not_picked":["Dodge and Roll","Acrobatics"],"picked":"Quick Slash","floor":4.0},{"not_picked":["Underhanded Strike","Accuracy"],"picked":"Backstab","floor":6.0},{"not_picked":["Dodge and Roll","Concentrate","Burst"],"picked":"SKIP","floor":8},{"not_picked":["Skewer","PiercingWail"],"picked":"Flying Knee","floor":10},{"not_picked":["Finisher","Dodge and Roll","Catalyst"],"picked":"SKIP","floor":12},{"not_picked":["Sucker Punch","Underhanded Strike"],"picked":"Deadly Poison","floor":13}],"player_experience":1248663,"relics_obtained":[{"floor":6.0,"key":"Omamori"},{"floor":8,"key":"Strawberry"},{"floor":9,"key":"Anchor"},{"floor":10,"key":"Mercury Hourglass"}],"event_choices":[{"damage_healed":0.0,"max_hp_gain":0.0,"max_hp_loss":0.0,"gold_gain":0.0,"event_name":"Match and Keep!","player_choice":"0 cards matched","floor":2.0,"gold_loss":0.0,"damage_taken":0.0,"cards_obtained":[]},{"damage_healed":0,"gold_gain":0,"player_choice":"Left Gold","damage_taken":0,"max_hp_gain":0,"max_hp_loss":0,"event_name":"World of Goop","floor":14,"gold_loss":51}],"is_beta":true,"boss_relics":[],"items_purged_floors":[],"is_endless":false,"potions_floor_spawned":[1,4,8,12],"killed_by":"Hexaghost","ascension_level":20}