{"gold_per_floor":[114,114,114,131,56,56,56,56,56,91,91,107,126,142,142,221,221,235,254,254,266,191,221,241,241,241,258,258,285,285,320,320,320],"floor_reached":33,"playtime":848,"items_purged":["Strike_G"],"score":621,"play_id":"46db84d5-f4e9-414b-8b51-9c0970f4bd9c","local_time":"20190218223019","is_ascension_mode":true,"campfire_choices":[{"data":"Neutralize","floor":6,"key":"SMITH"},{"data":"Malaise","floor":8,"key":"SMITH"},{"data":"Flechettes","floor":15,"key":"SMITH"},{"floor":25,"key":"REST"},{"data":"Masterful Stab","floor":30,"key":"SMITH"},{"floor":32,"key":"REST"}],"neow_cost":"NONE","seed_source_timestamp":95269135561060,"circlet_count":0,"master_deck":["AscendersBane","Defend_G","Defend_G","Defend_G","Defend_G","Defend_G","Strike_G","Survivor","Neutralize+1","Masterful Stab+1","Malaise+1","Tactician+1","Flechettes+1","Deadly Poison+1","Corpse Explosion+1","Catalyst+1","Footwork+1"],"relics":["Ring of the Snake","NeowsBlessing","StoneCalendar","Snake Skull","Toxic Egg 2","Sozu","Omamori","Mercury Hourglass","Unceasing Top","Ice Cream"],"potions_floor_usage":[33],"damage_taken":[{"damage":0,"enemies":"Cultist","floor":1,"turns":1},{"damage":0,"enemies":"2 Louse","floor":4,"turns":1},{"damage":0,"enemies":"Lagavulin","floor":10,"turns":1},{"damage":0,"enemies":"Small Slimes","floor":12,"turns":4},{"damage":0,"enemies":"Red Slaver","floor":13,"turns":6},{"damage":0,"enemies":"2 Fungi Beasts","floor":14,"turns":4},{"damage":9,"enemies":"Hexaghost","floor":16,"turns":11},{"damage":10,"enemies":"Shell Parasite","floor":18,"turns":6},{"damage":0,"enemies":"Chosen","floor":19,"turns":4},{"damage":1,"enemies":"Snake Plant","floor":21,"turns":5},{"damage":16,"enemies":"Book of Stabbing","floor":23,"turns":6},{"damage":3,"enemies":"Centurion and Healer","floor":24,"turns":3},{"damage":2,"enemies":"Snecko","floor":27,"turns":5},{"damage":10,"enemies":"Slavers","floor":29,"turns":2},{"damage":9,"enemies":"Gremlin Leader","floor":31,"turns":6},{"damage":4,"enemies":"Champ","floor":33,"turns":9}],"seed_played":"-6620372687106196924","potions_obtained":[{"floor":1,"key":"LiquidBronze"},{"floor":16,"key":"Weak Potion"}],"is_trial":false,"path_per_floor":["M","T","?","M","?","R","$","R","T","E","?","M","M","M","R","B",null,"M","M","?","M","$","E","M","R","T","M","?","E","R","E","R","B"],"character_chosen":"THE_SILENT","items_purchased":[],"campfire_rested":2,"item_purchase_floors":[],"current_hp_per_floor":[59,59,59,59,59,59,59,59,59,59,59,59,59,59,59,50,62,52,52,52,51,51,35,32,51,51,49,49,39,39,30,49,45],"gold":320,"neow_bonus":"THREE_ENEMY_KILL","is_prod":false,"is_daily":false,"chose_seed":false,"campfire_upgraded":4,"win_rate":0,"timestamp":1550500219,"path_taken":["M","?","?","M","?","R","$","R","T","E","?","?","M","M","R","BOSS","M","M","?","M","$","E","M","R","T","M","?","E","R","E","R","BOSS"],"build_version":"2019-01-23","purchased_purges":1,"victory":false,"max_hp_per_floor":[66,66,66,66,66,66,66,66,66,66,66,66,66,66,66,66,66,66,66,66,66,66,66,66,66,66,66,66,66,66,66,66,66],"card_choices":[{"not_picked":["Reflex","Outmaneuver"],"picked":"Masterful Stab","floor":1},{"not_picked":["Expertise","Bane","PiercingWail"],"picked":"SKIP","floor":4},{"not_picked":["Finisher","Slice","Sucker Punch"],"picked":"SKIP","floor":10},{"not_picked":["Prepared+1","Dodge and Roll+1"],"picked":"Tactician+1","floor":12},{"not_picked":["Endless Agony","Setup+1"],"picked":"Flechettes","floor":13},{"not_picked":["Glass Knife","Cloak And Dagger+1"],"picked":"Deadly Poison+1","floor":14},{"not_picked":["After Image","Die Die Die"],"picked":"Corpse Explosion+1","floor":16},{"not_picked":["Bouncing Flask+1","Slice","Blade Dance+1"],"picked":"SKIP","floor":18},{"not_picked":["Blade Dance+1","Heel Hook+1","Poisoned Stab"],"picked":"SKIP","floor":19},{"not_picked":["Dash","Corpse Explosion+1","Flying Knee"],"picked":"SKIP","floor":21},{"not_picked":["Dash","Corpse Explosion+1","Flying Knee"],"picked":"SKIP","floor":21},{"not_picked":["Dagger Throw","Deflect+1","Deadly Poison+1"],"picked":"SKIP","floor":23},{"not_picked":["Dodge and Roll+1","Quick Slash","PiercingWail+1"],"picked":"SKIP","floor":24},{"not_picked":["Prepared+1","Acrobatics+1"],"picked":"Footwork+1","floor":27},{"not_picked":["Cloak And Dagger+1","Heel Hook","Endless Agony"],"picked":"SKIP","floor":29},{"not_picked":["Quick Slash","PiercingWail+1","Distraction+1"],"picked":"SKIP","floor":31}],"player_experience":826425,"relics_obtained":[{"floor":2,"key":"StoneCalendar"},{"floor":9,"key":"Snake Skull"},{"floor":10,"key":"Toxic Egg 2"},{"floor":23,"key":"Omamori"},{"floor":26,"key":"Mercury Hourglass"},{"floor":29,"key":"Unceasing Top"},{"floor":31,"key":"Ice Cream"}],"event_choices":[{"damage_healed":0,"gold_gain":0,"cards_transformed":["Strike_G"],"player_choice":"Change","damage_taken":0,"max_hp_gain":0,"max_hp_loss":0,"event_name":"Living Wall","floor":3,"gold_loss":0,"cards_obtained":["Malaise"]},{"cards_removed":["Strike_G"],"damage_healed":0,"gold_gain":0,"player_choice":"Card Removal","damage_taken":0,"max_hp_gain":0,"max_hp_loss":0,"event_name":"The Cleric","floor":5,"gold_loss":75},{"cards_removed":["Strike_G"],"damage_healed":0,"gold_gain":0,"player_choice":"Purged","damage_taken":0,"max_hp_gain":0,"max_hp_loss":0,"event_name":"Purifier","floor":11,"gold_loss":0},{"damage_healed":0,"gold_gain":0,"player_choice":"Read","damage_taken":0,"max_hp_gain":0,"max_hp_loss":0,"event_name":"The Library","floor":20,"gold_loss":0,"cards_obtained":["Catalyst"]},{"damage_healed":0,"gold_gain":0,"player_choice":"Ignored","damage_taken":0,"max_hp_gain":0,"max_hp_loss":0,"event_name":"N\u0027loth","floor":28,"gold_loss":0}],"is_beta":false,"boss_relics":[{"not_picked":["Cursed Key","WristBlade"],"picked":"Sozu"}],"items_purged_floors":[22],"is_endless":false,"potions_floor_spawned":[1,16,21,23,24,29],"killed_by":"Champ","ascension_level":15}