{"gold_per_floor":[362,377,12,30,45,45,45,45,45,55,55,68,68,68,68,140,140,158,158,158,42,92,92,103,132,132,132,132,150,150,170,170,246,246,260,275,45,45,45,45,62,62,115,115,129,129,129,147,147,147],"floor_reached":51,"playtime":2002,"items_purged":[],"score":1184,"play_id":"8f07c270-c23d-4c4d-96e5-763bd2abd798","local_time":"20181013100014","is_ascension_mode":true,"campfire_choices":[{"data":"Deadly Poison","floor":6,"key":"SMITH"},{"data":"Well Laid Plans","floor":8,"key":"SMITH"},{"data":"Neutralize","floor":11,"key":"SMITH"},{"data":"Poisoned Stab","floor":13,"key":"SMITH"},{"data":"Survivor","floor":15,"key":"SMITH"},{"data":"Leg Sweep","floor":23,"key":"SMITH"},{"data":"Bouncing Flask","floor":28,"key":"SMITH"},{"data":"Malaise","floor":32,"key":"SMITH"},{"data":"Corpse Explosion","floor":40,"key":"SMITH"},{"data":"Backflip","floor":44,"key":"SMITH"},{"data":"PiercingWail","floor":46,"key":"SMITH"},{"data":"PiercingWail","floor":49,"key":"SMITH"}],"neow_cost":"PERCENT_DAMAGE","seed_source_timestamp":2316061142793,"circlet_count":0,"master_deck":["Defend_G+1","Defend_G+1","Defend_G+1","Defend_G+1","Defend_G+1","Strike_G+1","Strike_G+1","Strike_G+1","Strike_G+1","Survivor+1","Neutralize+1","AscendersBane","Deadly Poison+1","Well Laid Plans+1","Poisoned Stab+1","Malaise+1","Bouncing Flask+1","Backflip+1","PiercingWail+1","Leg Sweep+1","Deadly Poison+1","Corpse Explosion+1","Poisoned Stab+1","PiercingWail+1","Prepared+1","Leg Sweep+1","Outmaneuver+1"],"relics":["Ring of the Snake","Paper Crane","Pear","Ninja Scroll","Orrery","Frozen Egg 2","Philosopher\u0027s Stone","Lee\u0027s Waffle","Smiling Mask"],"potions_floor_usage":[5,12,18,25,29,36,50,50],"damage_taken":[{"damage":4,"enemies":"Small Slimes","floor":1,"turns":6},{"damage":0,"enemies":"Cultist","floor":2,"turns":5},{"damage":0,"enemies":"2 Louse","floor":4,"turns":3},{"damage":11,"enemies":"Lots of Slimes","floor":5,"turns":5},{"damage":1,"enemies":"Exordium Thugs","floor":10,"turns":5},{"damage":0,"enemies":"Exordium Wildlife","floor":12,"turns":6},{"damage":9,"enemies":"The Guardian","floor":16,"turns":9},{"damage":8,"enemies":"Spheric Guardian","floor":18,"turns":7},{"damage":0,"enemies":"3 Byrds","floor":24,"turns":8},{"damage":4,"enemies":"Book of Stabbing","floor":25,"turns":7},{"damage":6,"enemies":"3 Cultists","floor":29,"turns":9},{"damage":0,"enemies":"Snake Plant","floor":31,"turns":4},{"damage":42,"enemies":"Automaton","floor":33,"turns":17},{"damage":0,"enemies":"3 Shapes","floor":35,"turns":6},{"damage":54,"enemies":"3 Darklings","floor":36,"turns":9},{"damage":0,"enemies":"4 Shapes","floor":41,"turns":5},{"damage":0,"enemies":"Maw","floor":45,"turns":7},{"damage":0,"enemies":"Spire Growth","floor":48,"turns":8},{"damage":51,"enemies":"Donu and Deca","floor":50,"turns":10}],"seed_played":"-5347953178666070436","potions_obtained":[{"floor":2,"key":"LiquidBronze"},{"floor":10,"key":"AttackPotion"},{"floor":16,"key":"Dexterity Potion"},{"floor":33,"key":"SpeedPotion"},{"floor":41,"key":"Dexterity Potion"},{"floor":45,"key":"FearPotion"}],"is_trial":false,"path_per_floor":["M","M","$","M","M","R","?","R","T","M","R","M","R","T","R","B",null,"M","?","?","$","?","R","M","E","T","$","R","M","$","M","R","B",null,"M","M","$","?","?","R","M","$","T","R","M","R","?","M","R","B"],"character_chosen":"THE_SILENT","items_purchased":["Well Laid Plans","Paper Crane","AttackPotion","FearPotion","Lee\u0027s Waffle"],"campfire_rested":0,"item_purchase_floors":[3,3,21,21,37],"current_hp_per_floor":[40,40,40,40,29,29,29,29,39,38,38,38,38,38,38,29,64,56,56,56,56,56,56,56,52,52,52,52,46,46,46,46,4,58,58,4,83,83,83,83,83,83,83,83,83,83,83,83,83,32],"gold":147,"neow_bonus":"TWO_FIFTY_GOLD","is_prod":false,"is_daily":false,"chose_seed":false,"campfire_upgraded":12,"win_rate":0,"timestamp":1539396014,"path_taken":["M","M","$","M","M","R","?","R","T","?","R","M","R","?","R","BOSS","M","?","?","$","?","R","?","E","T","$","R","M","?","M","R","BOSS","M","M","$","?","?","R","M","$","T","R","M","R","?","M","R","BOSS"],"build_version":"2018-10-11","purchased_purges":0,"victory":true,"max_hp_per_floor":[66,66,66,66,66,66,66,66,76,76,76,76,76,76,76,76,76,76,76,76,76,76,76,76,76,76,76,76,76,76,76,76,76,76,76,76,83,83,83,83,83,83,83,83,83,83,83,83,83,83],"card_choices":[{"not_picked":["Backflip","Poisoned Stab"],"picked":"Deadly Poison","floor":1},{"not_picked":["Dodge and Roll","Slice","Poisoned Stab"],"picked":"SKIP","floor":2},{"not_picked":["Choke","Cloak And Dagger","Skewer"],"picked":"SKIP","floor":4},{"not_picked":["Accuracy","Acrobatics","Heel Hook"],"picked":"SKIP","floor":5},{"not_picked":["Dagger Spray","Acrobatics","Infinite Blades"],"picked":"SKIP","floor":10},{"not_picked":["All Out Attack","Slice"],"picked":"Poisoned Stab","floor":12},{"not_picked":["Grand Finale","Tools of the Trade"],"picked":"Malaise","floor":16},{"not_picked":["Outmaneuver","Terror"],"picked":"Bouncing Flask","floor":17},{"not_picked":["Riddle With Holes","Flechettes"],"picked":"Backflip","floor":17},{"not_picked":["Poisoned Stab","Underhanded Strike"],"picked":"PiercingWail","floor":17},{"not_picked":["Outmaneuver","Sucker Punch"],"picked":"Leg Sweep","floor":18},{"not_picked":["Terror","Bane","Slice"],"picked":"SKIP","floor":24},{"not_picked":["Eviscerate+1","Blade Dance","All Out Attack+1"],"picked":"SKIP","floor":25},{"not_picked":["Underhanded Strike","Sucker Punch","Flechettes"],"picked":"SKIP","floor":29},{"not_picked":["Blade Dance","Riddle With Holes"],"picked":"Deadly Poison+1","floor":31},{"not_picked":["Envenom+1","Burst"],"picked":"Corpse Explosion","floor":33},{"not_picked":["Deflect","Flying Knee+1"],"picked":"Poisoned Stab+1","floor":35},{"not_picked":["Predator","Cloak And Dagger"],"picked":"PiercingWail","floor":36},{"not_picked":["Sucker Punch","Caltrops+1","Concentrate"],"picked":"SKIP","floor":41},{"not_picked":["Calculated Gamble","Outmaneuver"],"picked":"Prepared+1","floor":45},{"not_picked":["Slice","Dagger Throw"],"picked":"Outmaneuver+1","floor":48}],"player_experience":142685,"relics_obtained":[{"floor":9,"key":"Pear"},{"floor":14,"key":"Ninja Scroll"},{"floor":25,"key":"Frozen Egg 2"},{"floor":43,"key":"Smiling Mask"}],"event_choices":[{"event_name":"FaceTrader","player_choice":"Leave","floor":7,"damage_taken":0},{"event_name":"Back to Basics","player_choice":"Simplicity","floor":19,"damage_taken":0},{"event_name":"Beggar","player_choice":"Ignored","floor":20,"damage_taken":0},{"event_name":"Nest","player_choice":"Stole From Cult","floor":22,"damage_taken":0},{"event_name":"SecretPortal","player_choice":"Rejected Portal.","floor":38,"damage_taken":0},{"event_name":"Falling","player_choice":"Removed Attack","floor":39,"damage_taken":0},{"event_name":"Duplicator","player_choice":"One dupe","floor":47,"damage_taken":0}],"is_beta":false,"boss_relics":[{"not_picked":["Snecko Eye","Black Star"],"picked":"Orrery"},{"not_picked":["Calling Bell","Ring of the Serpent"],"picked":"Philosopher\u0027s Stone"}],"items_purged_floors":[],"is_endless":false,"potions_floor_spawned":[2,10,16,24,33,41,45],"ascension_level":16}