{"gold_per_floor":[17,17,34,44,61,61,86,86,86,86],"floor_reached":10,"playtime":378,"items_purged":[],"score":136,"play_id":"e506b0bf-c532-4a09-a3a8-d2b594d9c4dd","local_time":"20181116195310","is_ascension_mode":true,"campfire_choices":[{"data":"Glass Knife","floor":6,"key":"SMITH"},{"data":"Noxious Fumes","floor":8,"key":"SMITH"}],"neow_cost":"NO_GOLD","seed_source_timestamp":1414760583560845,"circlet_count":0,"master_deck":["AscendersBane","Defend_G","Defend_G","Defend_G","Defend_G","Defend_G","Strike_G","Strike_G","Strike_G","Survivor","Neutralize","Heel Hook","Escape Plan","Noxious Fumes+1","Glass Knife+1","Tactician","Concentrate","Backflip"],"special_seed":0,"relics":["Ring of the Snake","Bag of Preparation","Pantograph"],"potions_floor_usage":[7,7],"damage_taken":[{"damage":0.0,"enemies":"2 Louse","floor":1.0,"turns":3.0},{"damage":0,"enemies":"Cultist","floor":3,"turns":3},{"damage":9,"enemies":"Jaw Worm","floor":4,"turns":4},{"damage":14,"enemies":"Lots of Slimes","floor":5,"turns":5},{"damage":19,"enemies":"3 Sentries","floor":7,"turns":10},{"damage":32,"enemies":"Gremlin Nob","floor":10,"turns":3}],"seed_played":"-4042030971222022966","potions_obtained":[{"floor":3,"key":"Block Potion"},{"floor":5,"key":"AttackPotion"},{"floor":7,"key":"Explosive Potion"}],"is_trial":false,"path_per_floor":["M","?","M","M","M","R","E","R","T","E"],"character_chosen":"THE_SILENT","items_purchased":[],"campfire_rested":0,"item_purchase_floors":[],"current_hp_per_floor":[59,59,59,50,36,36,17,17,17,0],"gold":86,"neow_bonus":"TRANSFORM_TWO_CARDS","is_prod":false,"is_daily":false,"chose_seed":false,"campfire_upgraded":2,"win_rate":0,"timestamp":1542369190,"path_taken":["M","?","M","M","?","R","E","R","T","E"],"build_version":"2018-11-14","purchased_purges":0,"victory":false,"max_hp_per_floor":[66,66,66,66,66,66,66,66,66,66],"card_choices":[{"not_picked":["Deflect","Flying Knee"],"picked":"Noxious Fumes","floor":1.0},{"not_picked":["Distraction","Quick Slash"],"picked":"Tactician","floor":3},{"not_picked":["Tactician","Flying Knee"],"picked":"Concentrate","floor":4},{"not_picked":["Dagger Spray","Dagger Throw"],"picked":"Backflip","floor":5},{"not_picked":["Masterful Stab","Endless Agony","Skewer"],"picked":"SKIP","floor":7}],"player_experience":500023,"relics_obtained":[{"floor":7,"key":"Bag of Preparation"},{"floor":9,"key":"Pantograph"}],"event_choices":[{"damage_healed":0,"gold_gain":0,"player_choice":"1 cards matched","damage_taken":0,"max_hp_gain":0,"max_hp_loss":0,"event_name":"Match and Keep!","floor":2,"gold_loss":0,"cards_obtained":["Glass Knife"]}],"is_beta":true,"boss_relics":[],"items_purged_floors":[],"is_endless":false,"potions_floor_spawned":[3,5,7],"killed_by":"Gremlin Nob","ascension_level":20}