{"gold_per_floor":[111,36,50,62,76,76,86,86,112,137,181,193,223,266,278,363,375,404,76,76,76,76,105,105,117,186,186,106,138,158,176,176,255,255,267,34,34,80,80,113,113,127,127,127,127,154,154,188,188,188,188,188,188,38,71,71],"floor_reached":57,"playtime":2782,"items_purged":["Strike_G","Strike_G","Strike_G","Strike_G+1"],"score":3447,"play_id":"0d80a26a-68a9-45fd-a27e-7071978f78ea","local_time":"20190329121211","is_ascension_mode":true,"campfire_choices":[{"data":"Deadly Poison","floor":6.0,"key":"SMITH"},{"data":"Catalyst","floor":8.0,"key":"SMITH"},{"data":"Calculated Gamble","floor":12.0,"key":"SMITH"},{"data":"Prepared","floor":15.0,"key":"SMITH"},{"floor":24.0,"key":"RECALL"},{"floor":27.0,"key":"REST"},{"floor":32.0,"key":"REST"}],"neow_cost":"PERCENT_DAMAGE","seed_source_timestamp":86345410754862,"circlet_count":0,"master_deck":["AscendersBane","Defend_G+1","Defend_G+1","Defend_G+1","Defend_G+1","Defend_G+1","Survivor+1","Neutralize+1","Panache+1","Dark Shackles+1","Calculated Gamble+1","Cloak And Dagger+1","Expertise+1","Deadly Poison+1","Catalyst+1","Prepared+1","Acrobatics+1","Corpse Explosion+1","Burst+1","Reflex+1","Ghostly+1","Ghostly+1","Ghostly+1","Tactician+1","Well Laid Plans+1","Night Terror+1","Purity+1","Backflip+1"],"special_seed":0,"relics":["Ring of the Snake","MawBank","War Paint","Juzu Bracelet","Fusion Hammer","Bag of Preparation","Mercury Hourglass","Coffee Dripper","StoneCalendar","Mark of the Bloom","Bird Faced Urn","Ginger","Happy Flower","Pen Nib","Ice Cream"],"potions_floor_usage":[56,56,56,56],"damage_taken":[{"damage":6.0,"enemies":"Cultist","floor":1.0,"turns":6.0},{"damage":9.0,"enemies":"Jaw Worm","floor":3.0,"turns":8.0},{"damage":0.0,"enemies":"Small Slimes","floor":4.0,"turns":4.0},{"damage":4.0,"enemies":"2 Fungi Beasts","floor":5.0,"turns":3.0},{"damage":0.0,"enemies":"3 Louse","floor":7.0,"turns":3.0},{"damage":1.0,"enemies":"Looter","floor":10.0,"turns":4.0},{"damage":4.0,"enemies":"Lagavulin","floor":11.0,"turns":5.0},{"damage":0.0,"enemies":"2 Fungi Beasts","floor":13.0,"turns":4.0},{"damage":5.0,"enemies":"Gremlin Nob","floor":14.0,"turns":3.0},{"damage":0.0,"enemies":"The Guardian","floor":16.0,"turns":11.0},{"damage":0.0,"enemies":"Chosen","floor":18.0,"turns":3.0},{"damage":0.0,"enemies":"Slavers","floor":23.0,"turns":3.0},{"damage":2.0,"enemies":"Spheric Guardian","floor":25.0,"turns":6.0},{"damage":0.0,"enemies":"Gremlin Leader","floor":29.0,"turns":6.0},{"damage":0.0,"enemies":"Chosen and Byrds","floor":30.0,"turns":2.0},{"damage":0.0,"enemies":"Centurion and Healer","floor":31.0,"turns":5.0},{"damage":0.0,"enemies":"Automaton","floor":33.0,"turns":7.0},{"damage":0.0,"enemies":"Orb Walker","floor":35.0,"turns":3.0},{"damage":2.0,"enemies":"2 Orb Walkers","floor":38.0,"turns":2.0},{"damage":0.0,"enemies":"Nemesis","floor":40.0,"turns":5.0},{"damage":0.0,"enemies":"3 Darklings","floor":42.0,"turns":2.0},{"damage":0.0,"enemies":"Reptomancer","floor":46.0,"turns":4.0},{"damage":0.0,"enemies":"Giant Head","floor":48.0,"turns":3.0},{"damage":0.0,"enemies":"Donu and Deca","floor":50.0,"turns":5.0},{"damage":0.0,"enemies":"Awakened One","floor":51.0,"turns":5.0},{"damage":1.0,"enemies":"Shield and Spear","floor":55.0,"turns":5.0},{"damage":0,"enemies":"The Heart","floor":56,"turns":7}],"seed_played":"5420592092187031875","potions_obtained":[{"floor":4.0,"key":"Dexterity Potion"},{"floor":5.0,"key":"EssenceOfSteel"},{"floor":10.0,"key":"PowerPotion"},{"floor":11.0,"key":"Regen Potion"},{"floor":14.0,"key":"Fire Potion"},{"floor":29.0,"key":"EntropicBrew"},{"floor":40.0,"key":"SpeedPotion"},{"floor":55.0,"key":"Energy Potion"}],"is_trial":false,"path_per_floor":["M","$","M","M","M","R","M","R","T","M","E","R","M","E","R","B",null,"M","$","?","?","?","E","R","M","T","R","$","E","M","M","R","B",null,"M","$","?","?","?","E","R","M","T","?","R","E","?","E","R","B","B",null,"R","$","E","B",null],"character_chosen":"THE_SILENT","items_purchased":["Bag of Preparation","Reflex","Well Laid Plans","Purity"],"campfire_rested":2,"item_purchase_floors":[19,19,28,36],"current_hp_per_floor":[38,38,29,29,25,25,25,25,25,24,20,20,20,27,27,27,56,56,56,38,35,35,35,35,33,33,35,35,35,35,35,35,35,35,35,35,35,33,33,33,33,33,33,33,33,33,33,33,33,33,33,33,33,33,32,32],"gold":71,"neow_bonus":"RANDOM_COLORLESS_2","is_prod":false,"is_daily":false,"chose_seed":false,"campfire_upgraded":4,"win_rate":0,"timestamp":1553832731,"path_taken":["M","$","M","M","M","R","M","R","T","M","E","R","M","E","R","BOSS","M","$","?","?","?","E","R","M","T","R","$","E","M","M","R","BOSS","M","$","?","?","?","E","R","M","T","?","R","E","?","E","R","BOSS","BOSS","R","$","E","BOSS"],"build_version":"2019-01-23","purchased_purges":4,"victory":true,"max_hp_per_floor":[66,66,66,66,66,66,66,66,66,66,66,66,66,66,66,66,66,66,66,71,35,35,35,35,35,35,35,35,35,35,35,35,35,35,35,35,35,35,35,35,35,35,35,35,35,35,35,35,35,35,35,35,35,35,35,35],"card_choices":[{"not_picked":["Masterful Stab","Sucker Punch"],"picked":"Calculated Gamble","floor":1.0},{"not_picked":["Outmaneuver","Dagger Spray"],"picked":"Cloak And Dagger","floor":3.0},{"not_picked":["Underhanded Strike","Quick Slash"],"picked":"Expertise","floor":4.0},{"not_picked":["Calculated Gamble","Cloak And Dagger"],"picked":"Deadly Poison","floor":5.0},{"not_picked":["Setup","PiercingWail"],"picked":"Catalyst","floor":7.0},{"not_picked":["Dagger Spray","Leg Sweep"],"picked":"Prepared","floor":10.0},{"not_picked":["Deflect","Prepared"],"picked":"Acrobatics","floor":11.0},{"not_picked":["Flying Knee","Heel Hook"],"picked":"Corpse Explosion","floor":13.0},{"not_picked":["Dagger Spray","Terror","Cloak And Dagger"],"picked":"SKIP","floor":14.0},{"not_picked":["Malaise","Corpse Explosion"],"picked":"Burst","floor":16.0},{"not_picked":["Dagger Throw","Flechettes","Deflect"],"picked":"SKIP","floor":18.0},{"not_picked":["Flechettes","Bane","Eviscerate"],"picked":"SKIP","floor":23.0},{"not_picked":["Poisoned Stab","Caltrops"],"picked":"Tactician","floor":25.0},{"not_picked":["Dagger Throw","Dagger Spray","Calculated Gamble"],"picked":"SKIP","floor":29.0},{"not_picked":["Reflex","Finisher","Flechettes"],"picked":"SKIP","floor":30.0},{"not_picked":["Sucker Punch","Slice","Prepared"],"picked":"SKIP","floor":31.0},{"not_picked":["Burst","Phantasmal Killer"],"picked":"Night Terror","floor":33.0},{"not_picked":["PiercingWail","Bane","Outmaneuver"],"picked":"SKIP","floor":35.0},{"not_picked":["Poisoned Stab+1","Prepared","Dodge and Roll"],"picked":"SKIP","floor":40.0},{"not_picked":["Doppelganger","Catalyst"],"picked":"Backflip+1","floor":42.0},{"not_picked":["Deflect","Footwork","Prepared"],"picked":"SKIP","floor":46.0},{"not_picked":["Leg Sweep","Crippling Poison","Blade Dance"],"picked":"SKIP","floor":48.0},{"not_picked":["Blade Dance","Footwork","Underhanded Strike"],"picked":"SKIP","floor":55.0}],"player_experience":3939651,"relics_obtained":[{"floor":9.0,"key":"MawBank"},{"floor":11.0,"key":"War Paint"},{"floor":14.0,"key":"Juzu Bracelet"},{"floor":29.0,"key":"Mercury Hourglass"},{"floor":38.0,"key":"StoneCalendar"},{"floor":40.0,"key":"Bird Faced Urn"},{"floor":43.0,"key":"Ginger"},{"floor":46.0,"key":"Happy Flower"},{"floor":48.0,"key":"Pen Nib"},{"floor":55.0,"key":"Ice Cream"}],"event_choices":[{"damage_healed":0.0,"max_hp_gain":5.0,"max_hp_loss":0.0,"gold_gain":0.0,"event_name":"Forgotten Altar","player_choice":"Shed Blood","floor":20.0,"gold_loss":0.0,"damage_taken":23.0},{"damage_healed":0.0,"max_hp_gain":0.0,"max_hp_loss":36.0,"gold_gain":0.0,"event_name":"Ghosts","player_choice":"Became a Ghost","floor":21.0,"gold_loss":0.0,"damage_taken":0.0,"cards_obtained":["Ghostly","Ghostly","Ghostly"]},{"damage_healed":0.0,"max_hp_gain":0.0,"max_hp_loss":0.0,"gold_gain":0.0,"event_name":"SensoryStone","player_choice":"Memory 1","floor":37.0,"gold_loss":0.0,"damage_taken":0.0},{"damage_healed":0.0,"max_hp_gain":0.0,"max_hp_loss":0.0,"gold_gain":0.0,"event_name":"Mysterious Sphere","player_choice":"Fight","floor":38.0,"gold_loss":0.0,"damage_taken":0.0},{"damage_healed":0.0,"max_hp_gain":0.0,"max_hp_loss":0.0,"gold_gain":0.0,"event_name":"MindBloom","player_choice":"Upgrade","floor":39.0,"gold_loss":0.0,"damage_taken":0.0,"cards_upgraded":["Defend_G","Defend_G","Defend_G","Strike_G","Strike_G","Survivor","Neutralize","Panache","Dark Shackles","Cloak And Dagger","Expertise","Acrobatics","Corpse Explosion","Burst","Reflex","Ghostly","Ghostly","Ghostly","Tactician","Well Laid Plans","Night Terror","Purity"],"relics_obtained":["Mark of the Bloom"]},{"damage_healed":0.0,"max_hp_gain":0.0,"max_hp_loss":0.0,"gold_gain":0.0,"event_name":"Tomb of Lord Red Mask","player_choice":"Ignored","floor":44.0,"gold_loss":0.0,"damage_taken":0.0},{"cards_removed":["Strike_G"],"damage_healed":0.0,"max_hp_gain":0.0,"max_hp_loss":0.0,"gold_gain":0.0,"event_name":"Falling","player_choice":"Removed Attack","floor":47.0,"gold_loss":0.0,"damage_taken":0.0}],"is_beta":false,"boss_relics":[{"not_picked":["WristBlade","Lizard Tail"],"picked":"Fusion Hammer"},{"not_picked":["White Beast Statue","Tiny House"],"picked":"Coffee Dripper"}],"items_purged_floors":[2,19,36,54],"is_endless":false,"potions_floor_spawned":[4,5,10,11,13,14,29,31,40,46,55],"ascension_level":20}