{"gold_per_floor":[119,44,194,36,36,36,71,71,71,88,99,99,111,130,130,204,204,221,255,272,292,292,292,292],"floor_reached":24,"playtime":588,"items_purged":["Strike_B","Doubt"],"score":392,"play_id":"ef75daac-88a6-441d-9b36-ea8d85afadf4","local_time":"20190302131814","is_ascension_mode":true,"campfire_choices":[{"data":"Streamline","floor":6.0,"key":"SMITH"},{"data":"Loop","floor":8.0,"key":"SMITH"},{"data":"Redo","floor":12.0,"key":"SMITH"},{"data":"Dualcast","floor":15.0,"key":"SMITH"},{"data":"Buffer","floor":23,"key":"SMITH"}],"neow_cost":"TEN_PERCENT_HP_LOSS","seed_source_timestamp":8935856906526,"circlet_count":0,"master_deck":["AscendersBane","Strike_B","Strike_B","Strike_B","Defend_B","Defend_B","Defend_B","Defend_B","Zap","Dualcast+1","Biased Cognition+1","Streamline+1","Cold Snap","Loop+1","Consume","Redo+1","Buffer+1","Cold Snap","Ball Lightning"],"special_seed":0,"relics":["Cracked Core","Shuriken","Runic Pyramid","Red Mask"],"potions_floor_usage":[24],"damage_taken":[{"damage":7.0,"enemies":"Small Slimes","floor":1.0,"turns":3.0},{"damage":23.0,"enemies":"Gremlin Nob","floor":7.0,"turns":4.0},{"damage":0.0,"enemies":"Jaw Worm","floor":10.0,"turns":3.0},{"damage":0.0,"enemies":"Cultist","floor":11.0,"turns":3.0},{"damage":0.0,"enemies":"Large Slime","floor":13.0,"turns":4.0},{"damage":7.0,"enemies":"3 Louse","floor":14.0,"turns":4.0},{"damage":16.0,"enemies":"Slime Boss","floor":16.0,"turns":8.0},{"damage":0.0,"enemies":"Chosen","floor":18.0,"turns":4.0},{"damage":51,"enemies":"Masked Bandits","floor":19,"turns":4},{"damage":0,"enemies":"Spheric Guardian","floor":20,"turns":3},{"damage":0,"enemies":"Snecko","floor":21,"turns":5},{"damage":7,"enemies":"Centurion and Healer","floor":24,"turns":1}],"seed_played":"278719747742690565","potions_obtained":[{"floor":1.0,"key":"Regen Potion"},{"floor":11.0,"key":"Explosive Potion"},{"floor":14.0,"key":"PowerPotion"},{"floor":19,"key":"Dexterity Potion"}],"is_trial":false,"path_per_floor":["M","$","?","$","?","R","E","R","T","M","M","R","M","M","R","B",null,"M","?","M","M","?","R","M"],"character_chosen":"DEFECT","items_purchased":["Cold Snap"],"campfire_rested":0,"item_purchase_floors":[4],"current_hp_per_floor":[57,57,57,57,57,57,34,34,34,34,34,34,34,27,27,26,55,55,4,4,4,4,4,0],"gold":292,"neow_bonus":"THREE_RARE_CARDS","is_prod":false,"is_daily":false,"chose_seed":false,"campfire_upgraded":5,"win_rate":0,"timestamp":1551503894,"path_taken":["M","$","?","$","?","R","E","R","T","?","M","R","M","M","R","BOSS","M","?","M","M","?","R","M"],"build_version":"2019-01-23","purchased_purges":2,"victory":false,"max_hp_per_floor":[64,64,64,64,64,64,64,64,64,64,64,64,64,64,64,64,64,64,64,64,64,64,64,64],"card_choices":[{"not_picked":["Core Surge","Rainbow"],"picked":"Biased Cognition","floor":0.0},{"not_picked":["Aggregate","Beam Cell"],"picked":"Streamline","floor":1.0},{"not_picked":["Stack","Go for the Eyes"],"picked":"Loop","floor":7.0},{"not_picked":["Rebound","Redo"],"picked":"Consume","floor":10.0},{"not_picked":["Barrage","Double Energy"],"picked":"Redo","floor":11.0},{"not_picked":["Fusion","Streamline","Aggregate"],"picked":"SKIP","floor":13.0},{"not_picked":["Beam Cell","Turbo","BootSequence"],"picked":"SKIP","floor":14.0},{"not_picked":["Reboot","Amplify"],"picked":"Buffer","floor":16.0},{"not_picked":["Barrage+1","Sunder"],"picked":"Cold Snap","floor":18.0},{"not_picked":["Sweeping Beam","Gash"],"picked":"Ball Lightning","floor":19},{"not_picked":["Sunder","Steam","Barrage"],"picked":"SKIP","floor":20},{"not_picked":["Scrape+1","Steam","Conserve Battery"],"picked":"SKIP","floor":21}],"player_experience":3290123,"relics_obtained":[{"floor":9.0,"key":"Shuriken"},{"floor":19,"key":"Red Mask"}],"event_choices":[{"damage_healed":0.0,"max_hp_gain":0.0,"max_hp_loss":0.0,"gold_gain":150.0,"event_name":"Liars Game","player_choice":"AGREE","floor":3.0,"gold_loss":0.0,"damage_taken":0.0,"cards_obtained":["Doubt"]},{"damage_healed":0.0,"max_hp_gain":0.0,"max_hp_loss":0.0,"gold_gain":0.0,"event_name":"Upgrade Shrine","player_choice":"Upgraded","floor":5.0,"gold_loss":0.0,"damage_taken":0.0,"cards_upgraded":["Biased Cognition"]},{"damage_healed":0,"gold_gain":0,"player_choice":"Fought Bandits","damage_taken":0,"max_hp_gain":0,"max_hp_loss":0,"event_name":"Masked Bandits","floor":19,"gold_loss":0},{"damage_healed":0,"gold_gain":0,"player_choice":"Ignored","damage_taken":0,"max_hp_gain":0,"max_hp_loss":0,"event_name":"The Mausoleum","floor":22,"gold_loss":0}],"is_beta":false,"boss_relics":[{"not_picked":["FrozenCore","Sozu"],"picked":"Runic Pyramid"}],"items_purged_floors":[2,4],"is_endless":false,"potions_floor_spawned":[1,11,14,19],"killed_by":"Centurion and Healer","ascension_level":20}