{"path_per_floor":["M","M","$","M","$","E","R","E","T","?","R","M","E","M","R","B",null,"M","?","?","M","$","R","E","?","T","$","M","R","E","M","R","B",null,"M","?","$","M","M","R","M"],"character_chosen":"DEFECT","items_purchased":["Reinforced Body","Bronze Scales","Apotheosis"],"gold_per_floor":[110,128,61,75,0,35,35,68,68,68,68,82,110,129,129,224,224,239,267,192,211,211,211,246,246,269,113,128,128,162,172,172,267,267,277,277,76,92,109,109,122,122],"floor_reached":42,"campfire_rested":6,"playtime":2764,"current_hp_per_floor":[74,71,71,71,71,64,64,44,44,37,61,44,27,18,42,6,82,72,72,72,55,55,79,36,36,36,36,15,39,27,27,51,24,82,69,69,69,62,26,50,37,0],"items_purged":["Defend_B"],"gold":122,"score":456,"play_id":"4ceff2d6-5f7e-4063-ac63-0879a0efbffb","local_time":"20180428171947","is_prod":false,"is_daily":false,"chose_seed":false,"is_ascension_mode":false,"campfire_upgraded":1,"timestamp":1524928787,"path_taken":["M","M","$","M","$","E","R","E","T","?","R","M","E","?","R","BOSS","M","?","?","?","$","R","E","?","T","$","M","R","E","M","R","BOSS","M","?","$","M","M","R","M","M"],"build_version":"2018-04-27v3","seed_source_timestamp":0,"purchased_purges":1,"victory":false,"master_deck":["Strike_B","Zap+1","Dualcast","Melter","Doom and Gloom","Reinforced Body+1","Self Repair","All For One","Doom and Gloom+1","Go for the Eyes+1","Axe Kick+1","Scrape+1","Hello World","Ball Lightning+1","Prime","Biased Cognition+1","Fusion+1","Skim+1","Sweeping Beam+1","Self Repair+1","Ball Lightning+1","Glacier+1","Beam Cell+1","Creative AI","Conserve Battery+1","Impulse+1","Capacitor+1","Creative AI","Impulse+1","Panache","Apotheosis","Self Repair+1","Auto Shields+1"],"max_hp_per_floor":[75,75,75,75,75,82,82,82,82,82,82,82,82,82,82,82,82,82,82,82,82,82,82,82,82,82,82,82,82,82,82,82,82,82,82,82,82,82,82,82,82,82],"relics":["Cracked Core","Strawberry","Molten Egg 2","Dream Catcher","Vajra","Astrolabe","Red Mask","Happy Flower","War Paint","Bronze Scales","Pantograph","Sozu"],"card_choices":[{"not_picked":["Stack","Rebound"],"picked":"Melter","floor":1.0},{"not_picked":["Leap","Melter"],"picked":"Doom and Gloom","floor":2.0},{"not_picked":["Ball Lightning","Sweeping Beam"],"picked":"Self Repair","floor":4.0},{"not_picked":["Go for the Eyes","Hologram"],"picked":"All For One","floor":6.0},{"not_picked":["Chill","Axe Kick"],"picked":"Doom and Gloom","floor":8.0},{"not_picked":["Streamline","Cold Snap"],"picked":"Go for the Eyes","floor":11.0},{"not_picked":["Capacitor","Chaos"],"picked":"Axe Kick","floor":12.0},{"not_picked":["Hologram","Force Field"],"picked":"Scrape","floor":13.0},{"not_picked":["Capacitor","Rebound"],"picked":"Hello World","floor":14.0},{"not_picked":["Beam Cell","Stack"],"picked":"Ball Lightning","floor":15.0},{"not_picked":["Biased Cognition","Seek"],"picked":"Prime","floor":16.0},{"not_picked":["Go for the Eyes","Melter"],"picked":"Sweeping Beam","floor":19.0},{"not_picked":["Storm","Aggregate"],"picked":"Self Repair","floor":21.0},{"not_picked":["Scrape","Blizzard"],"picked":"Ball Lightning","floor":23},{"not_picked":["Storm","Gash"],"picked":"Glacier","floor":24},{"not_picked":["Sweeping Beam","Darkness"],"picked":"Beam Cell","floor":28},{"not_picked":["Leap","Heatsinks"],"picked":"Creative AI","floor":29},{"not_picked":["Biased Cognition","Doom and Gloom"],"picked":"Conserve Battery","floor":30},{"not_picked":["Defragment","Stack"],"picked":"Impulse","floor":31},{"not_picked":["Hologram","Buffer"],"picked":"Capacitor","floor":32},{"not_picked":["All For One","Rainbow"],"picked":"Creative AI","floor":33},{"not_picked":["Genetic Algorithm","Capacitor"],"picked":"Impulse","floor":35},{"not_picked":["Flash of Steel","Finesse"],"picked":"Panache","floor":36},{"not_picked":["Cold Snap","Hello World"],"picked":"Self Repair","floor":39},{"not_picked":["Defragment","Sweeping Beam"],"picked":"Auto Shields","floor":41}],"player_experience":7481,"potions_floor_usage":[39],"damage_taken":[{"damage":1.0,"enemies":"2 Louse","floor":1.0,"turns":3.0},{"damage":3.0,"enemies":"Jaw Worm","floor":2.0,"turns":4.0},{"damage":0.0,"enemies":"Cultist","floor":4.0,"turns":3.0},{"damage":21.0,"enemies":"Lagavulin","floor":6.0,"turns":7.0},{"damage":27.0,"enemies":"3 Sentries","floor":8.0,"turns":5.0},{"damage":24.0,"enemies":"Exordium Thugs","floor":12.0,"turns":4.0},{"damage":24.0,"enemies":"Gremlin Nob","floor":13.0,"turns":4.0},{"damage":16.0,"enemies":"Red Slaver","floor":14.0,"turns":3.0},{"damage":36.0,"enemies":"Hexaghost","floor":16.0,"turns":6.0},{"damage":10.0,"enemies":"Spheric Guardian","floor":18.0,"turns":3.0},{"damage":0.0,"enemies":"Masked Bandits","floor":19.0,"turns":2.0},{"damage":24.0,"enemies":"3 Byrds","floor":21.0,"turns":4.0},{"damage":53,"enemies":"Slavers","floor":24,"turns":4},{"damage":21,"enemies":"Centurion and Healer","floor":28,"turns":4},{"damage":29,"enemies":"Book of Stabbing","floor":30,"turns":4},{"damage":0,"enemies":"Sentry and Sphere","floor":31,"turns":2},{"damage":52,"enemies":"Automaton","floor":33,"turns":9},{"damage":30,"enemies":"3 Darklings","floor":35,"turns":5},{"damage":24,"enemies":"3 Shapes","floor":38,"turns":5},{"damage":56,"enemies":"3 Darklings","floor":39,"turns":4},{"damage":33,"enemies":"4 Shapes","floor":41,"turns":4},{"damage":37,"enemies":"Maw","floor":42,"turns":8}],"event_choices":[{"event_name":"Golden Wing","player_choice":"Card Removal","floor":10.0,"damage_taken":0.0},{"event_name":"Masked Bandits","player_choice":"Fought over 239 gold","floor":19.0,"damage_taken":0.0},{"event_name":"Beggar","player_choice":"Gave Gold","floor":20.0,"damage_taken":0.0},{"event_name":"Back to Basics","player_choice":"Elegance","floor":25,"damage_taken":0},{"event_name":"SensoryStone","player_choice":"Memory 1","floor":36,"damage_taken":0}],"boss_relics":[{"not_picked":["Inserter","White Beast Statue"],"picked":"Sozu"}],"potions_floor_spawned":[1,6,8,16,18,24,28,30,35,41],"seed_played":"-4800099319948210560","killed_by":"Maw","ascension_level":0,"is_trial":false}