{"gold_per_floor":[114,189,189,45,45,71,71,91,91,12,12],"floor_reached":11,"playtime":119,"items_purged":[],"score":188,"play_id":"a9a345d1-e127-4cd8-ab78-82ac9d5ad466","local_time":"20190221220104","is_ascension_mode":true,"campfire_choices":[{"data":"Hologram","floor":7.0,"key":"SMITH"}],"neow_cost":"NONE","seed_source_timestamp":353194967071398,"circlet_count":0,"master_deck":["AscendersBane","Strike_B","Strike_B","Strike_B","Defend_B","Defend_B","Defend_B","Defend_B","Zap","Dualcast","Turbo","Capacitor","Hologram+1","Self Repair","Reinforced Body","Beam Cell","Stack"],"special_seed":0,"relics":["Cracked Core","NeowsBlessing","Happy Flower","Letter Opener"],"potions_floor_usage":[11],"damage_taken":[{"damage":0.0,"enemies":"Small Slimes","floor":1.0,"turns":1.0},{"damage":0.0,"enemies":"Lagavulin","floor":6.0,"turns":1.0},{"damage":0.0,"enemies":"Jaw Worm","floor":8.0,"turns":1.0},{"damage":41,"enemies":"Gremlin Nob","floor":11,"turns":4}],"seed_played":"8813977503644115630","potions_obtained":[{"floor":8.0,"key":"FearPotion"}],"is_trial":false,"path_per_floor":["M","?","T","$","?","E","R","M","T","$","E"],"character_chosen":"DEFECT","items_purchased":["Capacitor","Hologram","Beam Cell","Stack"],"campfire_rested":0,"item_purchase_floors":[4,4,10,10],"current_hp_per_floor":[64,53,53,53,46,46,46,46,46,46,5],"gold":12,"neow_bonus":"THREE_ENEMY_KILL","is_prod":false,"is_daily":false,"chose_seed":false,"campfire_upgraded":1,"win_rate":0,"timestamp":1550757664,"path_taken":["M","?","?","$","?","E","R","M","T","$","E"],"build_version":"2019-01-23","purchased_purges":0,"victory":false,"max_hp_per_floor":[71,71,71,71,71,71,71,71,71,71,71],"card_choices":[{"not_picked":["Redo","Go for the Eyes"],"picked":"Turbo","floor":1.0},{"not_picked":["Hologram","Chaos"],"picked":"Self Repair","floor":6.0},{"not_picked":["Sweeping Beam","Gash"],"picked":"Reinforced Body","floor":8.0}],"player_experience":892928,"relics_obtained":[{"floor":6.0,"key":"Happy Flower"},{"floor":9.0,"key":"Letter Opener"}],"event_choices":[{"damage_healed":0.0,"max_hp_gain":0.0,"max_hp_loss":0.0,"gold_gain":75.0,"event_name":"World of Goop","player_choice":"Gather Gold","floor":2.0,"gold_loss":0.0,"damage_taken":11.0},{"cards_removed":["Strike_B"],"damage_healed":0.0,"max_hp_gain":0.0,"max_hp_loss":0.0,"gold_gain":0.0,"event_name":"Golden Wing","player_choice":"Card Removal","floor":5.0,"gold_loss":0.0,"damage_taken":7.0}],"is_beta":false,"boss_relics":[],"items_purged_floors":[],"is_endless":false,"potions_floor_spawned":[8],"killed_by":"Gremlin Nob","ascension_level":20}