{"gold_per_floor":[110,110,35,59,72,72,147,147,147,187,112,9,32,70,70,70],"floor_reached":16,"playtime":420,"items_purged":["Strike_R"],"score":216,"play_id":"c7d24b0e-07f8-418e-b342-463280b13ea0","local_time":"20190108222834","is_ascension_mode":true,"campfire_choices":[{"data":"Bash","floor":6,"key":"SMITH"},{"data":"Fiend Fire","floor":8,"key":"SMITH"},{"data":"Inflame","floor":15,"key":"SMITH"}],"neow_cost":"NONE","seed_source_timestamp":39361487401186,"circlet_count":0,"master_deck":["AscendersBane","Strike_R","Strike_R","Defend_R+1","Defend_R","Defend_R","Defend_R","Bash+1","Shrug It Off+1","Fiend Fire+1","True Grit+1","Discovery+1","Dual Wield+1","Inflame+1"],"relics":["Burning Blood","Golden Idol","Shuriken","Toxic Egg 2","War Paint"],"potions_floor_usage":[],"damage_taken":[{"damage":5,"enemies":"Small Slimes","floor":1,"turns":4},{"damage":4,"enemies":"Jaw Worm","floor":4,"turns":5},{"damage":0,"enemies":"2 Louse","floor":5,"turns":3},{"damage":8,"enemies":"Gremlin Nob","floor":10,"turns":3},{"damage":10,"enemies":"Exordium Wildlife","floor":13,"turns":4},{"damage":41,"enemies":"Lagavulin","floor":14,"turns":13},{"damage":0,"enemies":"Slime Boss","floor":16,"turns":3}],"seed_played":"6897957024928013667","potions_obtained":[{"floor":10,"key":"Block Potion"},{"floor":13,"key":"EssenceOfSteel"}],"is_trial":false,"path_per_floor":["M","?","$","M","M","R","?","R","T","E","?","$","M","E","R","B"],"character_chosen":"IRONCLAD","items_purchased":["Discovery+1"],"campfire_rested":0,"item_purchase_floors":[12],"current_hp_per_floor":[69,68,68,68,68,68,57,57,57,55,55,55,51,16,16,16],"gold":70,"neow_bonus":"REMOVE_CARD","is_prod":false,"is_daily":false,"chose_seed":false,"campfire_upgraded":3,"win_rate":0,"timestamp":1546957714,"path_taken":["M","?","$","M","M","R","?","R","T","E","?","$","?","E","R","BOSS"],"build_version":"2019-01-03v4","purchased_purges":1,"victory":false,"max_hp_per_floor":[75,68,68,68,68,68,68,68,68,68,68,68,68,68,68,68],"card_choices":[{"not_picked":["Sword Boomerang","Iron Wave","Wild Strike"],"picked":"SKIP","floor":1},{"not_picked":["Havoc","Pommel Strike"],"picked":"Shrug It Off","floor":4},{"not_picked":["Metallicize","Blood for Blood"],"picked":"Fiend Fire","floor":5},{"not_picked":["Fire Breathing","Clash"],"picked":"True Grit","floor":10},{"not_picked":["Anger","Twin Strike"],"picked":"Dual Wield+1","floor":13},{"not_picked":["Hemokinesis","Rupture"],"picked":"Inflame","floor":14}],"player_experience":1867180,"relics_obtained":[{"floor":9,"key":"Shuriken"},{"floor":10,"key":"Toxic Egg 2"},{"floor":14,"key":"War Paint"}],"event_choices":[{"damage_healed":0,"gold_gain":0,"player_choice":"Lose Max HP","damage_taken":0,"relics_obtained":["Golden Idol"],"max_hp_gain":0,"max_hp_loss":7,"event_name":"Golden Idol","floor":2,"gold_loss":0},{"damage_healed":0,"gold_gain":75,"player_choice":"Gather Gold","damage_taken":11,"max_hp_gain":0,"max_hp_loss":0,"event_name":"World of Goop","floor":7,"gold_loss":0},{"cards_removed":["Strike_R"],"damage_healed":0,"gold_gain":0,"player_choice":"Card Removal","damage_taken":0,"max_hp_gain":0,"max_hp_loss":0,"event_name":"The Cleric","floor":11,"gold_loss":75}],"is_beta":false,"boss_relics":[],"items_purged_floors":[3],"is_endless":false,"potions_floor_spawned":[10,13,14],"killed_by":"Slime Boss","ascension_level":20}