{"gold_per_floor":[118,130,130,130,149,149,163,183,183,183,258,280,280,295,295,295],"floor_reached":16,"playtime":446,"items_purged":[],"score":184,"play_id":"3e34adfa-9697-49fd-a54a-d2940aa1a7eb","local_time":"20190122160349","is_ascension_mode":true,"campfire_choices":[{"data":"Neutralize","floor":6.0,"key":"SMITH"},{"data":"Prepared","floor":13,"key":"SMITH"},{"data":"Eviscerate","floor":15,"key":"SMITH"}],"neow_cost":"NONE","seed_source_timestamp":2583673226942,"circlet_count":0,"master_deck":["AscendersBane","Defend_G","Defend_G","Defend_G+1","Defend_G","Defend_G","Strike_G","Strike_G","Strike_G","Strike_G","Survivor+1","Neutralize+1","Escape Plan","Heel Hook","Acrobatics","Prepared+1","Eviscerate+1"],"special_seed":0,"relics":["Ring of the Snake","NeowsBlessing","Bag of Marbles","Odd Mushroom"],"potions_floor_usage":[16,16],"damage_taken":[{"damage":0.0,"enemies":"2 Louse","floor":1.0,"turns":1.0},{"damage":0.0,"enemies":"Jaw Worm","floor":2.0,"turns":1.0},{"damage":0.0,"enemies":"Small Slimes","floor":5.0,"turns":1.0},{"damage":0.0,"enemies":"Blue Slaver","floor":7.0,"turns":6.0},{"damage":6.0,"enemies":"Exordium Wildlife","floor":8.0,"turns":4.0},{"damage":10,"enemies":"The Mushroom Lair","floor":12,"turns":7},{"damage":6,"enemies":"Lots of Slimes","floor":14,"turns":10},{"damage":0,"enemies":"Slime Boss","floor":16,"turns":3}],"seed_played":"2885324489021281036","potions_obtained":[{"floor":1.0,"key":"GamblersBrew"},{"floor":5.0,"key":"Energy Potion"},{"floor":8.0,"key":"Strength Potion"}],"is_trial":false,"path_per_floor":["?","?","?","?","?"],"character_chosen":"THE_SILENT","items_purchased":[],"campfire_rested":0,"item_purchase_floors":[],"current_hp_per_floor":[59,59,59,39,39,39,39,33,33,33,22,12,12,6,6,6],"gold":295,"neow_bonus":"THREE_ENEMY_KILL","is_prod":false,"is_daily":false,"chose_seed":false,"campfire_upgraded":3,"win_rate":0,"timestamp":1548144229,"path_taken":["M","M","?","?","M","R","M","M","T","?","?","?","R","M","R","BOSS"],"build_version":"2019-01-20","purchased_purges":0,"victory":false,"max_hp_per_floor":[66,66,66,66,66,66,66,66,66,66,66,66,66,66,66,66],"card_choices":[{"not_picked":["Blade Dance","Noxious Fumes"],"picked":"Escape Plan","floor":1.0},{"not_picked":["Slice","Footwork"],"picked":"Heel Hook","floor":2.0},{"not_picked":["Cloak And Dagger","Terror","Underhanded Strike"],"picked":"SKIP","floor":5.0},{"not_picked":["Escape Plan","Masterful Stab"],"picked":"Acrobatics","floor":7.0},{"not_picked":["Cloak And Dagger","Distraction","Underhanded Strike"],"picked":"SKIP","floor":8.0},{"not_picked":["Cloak And Dagger","Distraction","Underhanded Strike"],"picked":"SKIP","floor":8.0},{"not_picked":["Cloak And Dagger","Distraction","Underhanded Strike"],"picked":"SKIP","floor":8.0},{"not_picked":["Deadly Poison","Flying Knee"],"picked":"Prepared","floor":12},{"not_picked":["Poisoned Stab","Masterful Stab"],"picked":"Eviscerate","floor":14}],"player_experience":1310711,"relics_obtained":[{"floor":9.0,"key":"Bag of Marbles"},{"floor":12,"key":"Odd Mushroom"}],"event_choices":[{"damage_healed":0.0,"max_hp_gain":0.0,"max_hp_loss":0.0,"gold_gain":0.0,"event_name":"Liars Game","player_choice":"Ignored","floor":3.0,"gold_loss":0.0,"damage_taken":0.0},{"damage_healed":0.0,"max_hp_gain":0.0,"max_hp_loss":0.0,"gold_gain":0.0,"event_name":"Shining Light","player_choice":"Entered Light","floor":4.0,"gold_loss":0.0,"damage_taken":20.0,"cards_upgraded":["Defend_G","Survivor"]},{"cards_removed":["Strike_G"],"damage_healed":0,"gold_gain":0,"player_choice":"Forget","damage_taken":0,"max_hp_gain":0,"max_hp_loss":0,"event_name":"Living Wall","floor":10,"gold_loss":0},{"damage_healed":0,"gold_gain":75,"player_choice":"Gather Gold","damage_taken":11,"max_hp_gain":0,"max_hp_loss":0,"event_name":"World of Goop","floor":11,"gold_loss":0},{"damage_healed":0,"gold_gain":0,"player_choice":"Fought Mushrooms","damage_taken":0,"max_hp_gain":0,"max_hp_loss":0,"event_name":"Mushrooms","floor":12,"gold_loss":0}],"is_beta":true,"boss_relics":[],"items_purged_floors":[],"is_endless":false,"potions_floor_spawned":[1,5,7,8],"killed_by":"Slime Boss","ascension_level":20}