{"gold_per_floor":[117,292,292,23,33,64,64,64,64,94,94,104,104,131,131,131],"floor_reached":16,"playtime":400,"items_purged":[],"score":219,"play_id":"c94e906b-031b-4f1e-858e-382afdb77874","local_time":"20181011131109","is_ascension_mode":true,"campfire_choices":[{"data":"Defragment","floor":7,"key":"SMITH"},{"floor":11,"key":"REST"},{"data":"Coolheaded","floor":13,"key":"SMITH"},{"data":"Leg Sweep","floor":15,"key":"SMITH"}],"neow_cost":"NONE","seed_source_timestamp":6322155990027,"circlet_count":0,"master_deck":["Strike_B","Strike_B","Strike_B","Strike_B","Defend_B","Defend_B","Defend_B","Defend_B","Zap","Dualcast","AscendersBane","Streamline","Defragment+1","Flame Barrier","Purity","Grand Finale","Coolheaded+1","Leg Sweep+1"],"relics":["Cracked Core","NeowsBlessing","PrismaticShard","Centennial Puzzle","Singing Bowl","Anchor","Regal Pillow"],"potions_floor_usage":[16],"damage_taken":[{"damage":0,"enemies":"Small Slimes","floor":1,"turns":1},{"damage":0,"enemies":"2 Louse","floor":5,"turns":1},{"damage":0,"enemies":"Lagavulin","floor":6,"turns":1},{"damage":30,"enemies":"3 Sentries","floor":10,"turns":7},{"damage":1,"enemies":"Cultist","floor":12,"turns":3},{"damage":16,"enemies":"Lagavulin","floor":14,"turns":8},{"damage":44,"enemies":"Hexaghost","floor":16,"turns":11}],"seed_played":"-2974354688692285201","potions_obtained":[{"floor":10,"key":"Fire Potion"},{"floor":14,"key":"Ancient Potion"}],"is_trial":false,"path_per_floor":["M","?","?","$","M","E","R","$","T","E","R","M","R","E","R"],"character_chosen":"DEFECT","items_purchased":["Defragment","PrismaticShard"],"campfire_rested":1,"item_purchase_floors":[4,4],"current_hp_per_floor":[68,68,68,68,68,68,68,68,68,38,60,59,59,43,43,0],"gold":131,"neow_bonus":"THREE_ENEMY_KILL","is_prod":false,"is_daily":false,"chose_seed":false,"campfire_upgraded":3,"win_rate":0,"timestamp":1539234669,"path_taken":["M","?","?","$","M","E","R","$","T","E","R","M","R","E","R","BOSS"],"build_version":"2018-10-04v2","purchased_purges":0,"victory":false,"max_hp_per_floor":[75,75,75,75,75,75,75,75,75,75,75,75,75,75,75,75],"card_choices":[{"not_picked":["Rebound","Lockon"],"picked":"Streamline","floor":1},{"not_picked":["Force Field","Skewer"],"picked":"Flame Barrier","floor":5},{"not_picked":["Panache","Dodge and Roll"],"picked":"Purity","floor":6},{"not_picked":["Havoc","Anger"],"picked":"Grand Finale","floor":10},{"not_picked":["Slice","FTL"],"picked":"Coolheaded","floor":12},{"not_picked":["Streamline","Uppercut"],"picked":"Leg Sweep","floor":14}],"player_experience":102235,"relics_obtained":[{"floor":6,"key":"Centennial Puzzle"},{"floor":9,"key":"Singing Bowl"},{"floor":10,"key":"Anchor"},{"floor":14,"key":"Regal Pillow"}],"event_choices":[{"event_name":"Liars Game","player_choice":"agreed","floor":2,"damage_taken":0},{"event_name":"Purifier","player_choice":"One Purge","floor":3,"damage_taken":0}],"is_beta":false,"boss_relics":[],"items_purged_floors":[],"is_endless":false,"potions_floor_spawned":[10,14],"killed_by":"Hexaghost","ascension_level":11}