{"gold_per_floor":[112,124,199,199,199,199,228,248,248,248,4,39,51,51,51,125,125,140,175,375,392,292,317,331,331,331,431,230,280,306,319,319,395,395,411,411,427,66,83,83,112,112,112,142,155,174,188,214,214,214,214,214,214,39,65,65],"floor_reached":57,"playtime":4851,"items_purged":["Strike_G","Flying Knee","Deadly Poison","Bouncing Flask+1","Tools of the Trade"],"score":3676,"play_id":"0927f985-c0f6-4911-bf60-03ffe544cc55","local_time":"20190219122854","is_ascension_mode":true,"campfire_choices":[{"data":"Bouncing Flask","floor":6.0,"key":"SMITH"},{"data":"Neutralize","floor":10.0,"key":"SMITH"},{"data":"Tactician","floor":15.0,"key":"SMITH"},{"data":"Acrobatics","floor":25.0,"key":"SMITH"},{"data":"Wraith Form v2","floor":32,"key":"SMITH"},{"data":"Night Terror","floor":40,"key":"SMITH"},{"floor":42,"key":"RECALL"},{"floor":49,"key":"DIG"},{"floor":53,"key":"DIG"}],"neow_cost":"NONE","seed_source_timestamp":1093552780120,"circlet_count":0,"master_deck":["AscendersBane","Survivor+1","Neutralize+1","Backflip","Tactician+1","Deadly Poison+1","Adrenaline","Acrobatics+1","After Image","Underhanded Strike+1","Flying Knee+1","Wraith Form v2+1","Night Terror+1","Well Laid Plans+1","Prepared+1","Calculated Gamble","Blur+1"],"special_seed":0,"relics":["Ring of the Snake","NeowsBlessing","Omamori","Matryoshka","Bag of Preparation","Du-Vu Doll","Pandora\u0027s Box","Red Mask","Pocketwatch","Orichalcum","Torii","Shovel","Sundial","War Paint","Black Star","Medical Kit","Dodecahedron","Snake Skull","Whetstone","Mango","Vajra","Pear","Blood Vial","Shuriken","Mercury Hourglass","Gambling Chip"],"potions_floor_usage":[56,56],"damage_taken":[{"damage":0.0,"enemies":"Jaw Worm","floor":1.0,"turns":1.0},{"damage":0.0,"enemies":"Small Slimes","floor":2.0,"turns":1.0},{"damage":0.0,"enemies":"Lagavulin","floor":7.0,"turns":1.0},{"damage":1.0,"enemies":"2 Louse","floor":8.0,"turns":3.0},{"damage":33.0,"enemies":"3 Sentries","floor":12.0,"turns":12.0},{"damage":1.0,"enemies":"Blue Slaver","floor":13.0,"turns":5.0},{"damage":6.0,"enemies":"The Guardian","floor":16.0,"turns":8.0},{"damage":0.0,"enemies":"Spheric Guardian","floor":18.0,"turns":2.0},{"damage":0.0,"enemies":"Masked Bandits","floor":19.0,"turns":2.0},{"damage":2.0,"enemies":"2 Thieves","floor":21.0,"turns":4.0},{"damage":41.0,"enemies":"Slavers","floor":23.0,"turns":6.0},{"damage":5.0,"enemies":"Shelled Parasite and Fungi","floor":24.0,"turns":3.0},{"damage":0,"enemies":"Colosseum Slavers","floor":27,"turns":4},{"damage":1,"enemies":"Colosseum Nobs","floor":27,"turns":5},{"damage":0,"enemies":"Gremlin Leader","floor":30,"turns":2},{"damage":0,"enemies":"Centurion and Healer","floor":31,"turns":2},{"damage":0,"enemies":"Champ","floor":33,"turns":4},{"damage":0,"enemies":"3 Shapes","floor":35,"turns":4},{"damage":0,"enemies":"3 Darklings","floor":37,"turns":3},{"damage":0,"enemies":"4 Shapes","floor":39,"turns":1},{"damage":0,"enemies":"Giant Head","floor":41,"turns":1},{"damage":0,"enemies":"Reptomancer","floor":44,"turns":2},{"damage":0,"enemies":"Sphere and 2 Shapes","floor":45,"turns":1},{"damage":0,"enemies":"Jaw Worm Horde","floor":46,"turns":3},{"damage":0,"enemies":"Transient","floor":47,"turns":3},{"damage":0,"enemies":"Giant Head","floor":48,"turns":1},{"damage":0,"enemies":"Time Eater","floor":50,"turns":7},{"damage":0,"enemies":"Awakened One","floor":51,"turns":3},{"damage":0,"enemies":"Shield and Spear","floor":55,"turns":1},{"damage":0,"enemies":"The Heart","floor":56,"turns":7}],"seed_played":"8967745614160521383","potions_obtained":[{"floor":1.0,"key":"Fire Potion"},{"floor":12.0,"key":"Poison Potion"},{"floor":13.0,"key":"Explosive Potion"},{"floor":27,"key":"SneckoOil"},{"floor":30,"key":"Dexterity Potion"},{"floor":33,"key":"Weak Potion"}],"is_trial":false,"path_per_floor":["M","M","?","?","?","R","E","M","T","R","$","E","M","?","R","B",null,"M","?","?","M","$","E","M","R","T","?","$","?","E","M","R","B",null,"M","?","M","$","M","R","E","R","T","E","M","M","M","E","R","B","B",null,"R","$","E","B",null],"character_chosen":"THE_SILENT","items_purchased":["Bag of Preparation","Calculated Gamble","Medical Kit"],"campfire_rested":0,"item_purchase_floors":[11,28,38],"current_hp_per_floor":[59,59,48,66,59,59,59,58,58,58,58,25,24,24,24,18,54,54,54,54,52,52,11,6,6,6,5,5,5,5,5,5,5,51,51,51,51,51,51,51,51,51,51,65,65,65,65,75,75,77,79,87,87,87,89,90],"gold":65,"neow_bonus":"THREE_ENEMY_KILL","is_prod":false,"is_daily":false,"chose_seed":false,"campfire_upgraded":6,"win_rate":0,"timestamp":1550550534,"path_taken":["M","M","?","?","?","R","E","M","T","R","?","E","?","?","R","BOSS","M","?","?","M","$","E","?","R","T","?","$","?","E","M","R","BOSS","M","?","M","$","M","R","E","R","T","E","?","M","M","E","R","BOSS","BOSS","R","$","E","BOSS"],"build_version":"2019-01-23","purchased_purges":5,"victory":true,"max_hp_per_floor":[66,66,66,66,66,66,66,66,66,66,66,66,66,66,66,66,66,66,66,66,66,66,66,66,66,66,66,66,66,66,66,66,66,66,66,66,66,66,66,66,66,66,66,80,80,80,80,90,90,90,90,90,90,90,90,90],"card_choices":[{"not_picked":["Bane","Dagger Spray"],"picked":"Bouncing Flask","floor":1.0},{"not_picked":["Cloak And Dagger","Prepared","Blade Dance"],"picked":"SKIP","floor":2.0},{"not_picked":["Slice","Blade Dance","Endless Agony"],"picked":"SKIP","floor":7.0},{"not_picked":["Outmaneuver","Dagger Throw"],"picked":"Backflip","floor":8.0},{"not_picked":["Bane","Eviscerate"],"picked":"Tactician","floor":12.0},{"not_picked":["Outmaneuver","Quick Slash"],"picked":"Deadly Poison","floor":13.0},{"not_picked":["Finisher","Endless Agony","Deflect"],"picked":"SKIP","floor":18.0},{"not_picked":["Dagger Spray","Tactician","Cloak And Dagger"],"picked":"SKIP","floor":21.0},{"not_picked":["Well Laid Plans","Dash","Dodge and Roll"],"picked":"SKIP","floor":23.0},{"not_picked":["Dash","Dodge and Roll"],"picked":"Well Laid Plans","floor":23.0},{"not_picked":["Dodge and Roll","Slice"],"picked":"Prepared+1","floor":24.0},{"not_picked":["Venomology","Eviscerate","Concentrate"],"picked":"SKIP","floor":30},{"not_picked":["Dagger Throw","Flying Knee","PiercingWail"],"picked":"SKIP","floor":31},{"not_picked":["Deadly Poison","Outmaneuver","Blade Dance"],"picked":"SKIP","floor":35},{"not_picked":["Underhanded Strike","Adrenaline","Flechettes"],"picked":"SKIP","floor":37},{"not_picked":["Blade Dance","Acrobatics+1","Sucker Punch"],"picked":"SKIP","floor":39},{"not_picked":["Acrobatics+1","Backflip","Accuracy+1"],"picked":"SKIP","floor":41},{"not_picked":["Skewer","Terror+1","Cloak And Dagger+1"],"picked":"SKIP","floor":44},{"not_picked":["Skewer","Terror+1","Cloak And Dagger+1"],"picked":"SKIP","floor":44},{"not_picked":["Calculated Gamble+1","Deadly Poison","Acrobatics"],"picked":"SKIP","floor":45},{"not_picked":["Backflip","Endless Agony+1","Backstab"],"picked":"SKIP","floor":46},{"not_picked":["Dagger Throw","Noxious Fumes","Deflect+1"],"picked":"SKIP","floor":47},{"not_picked":["All Out Attack","Finisher","Underhanded Strike"],"picked":"SKIP","floor":48},{"not_picked":["Masterful Stab+1","Dagger Spray"],"picked":"Blur+1","floor":55}],"player_experience":1468385,"relics_obtained":[{"floor":7.0,"key":"Omamori"},{"floor":9.0,"key":"Matryoshka"},{"floor":12.0,"key":"Du-Vu Doll"},{"floor":19.0,"key":"Red Mask"},{"floor":23.0,"key":"Pocketwatch"},{"floor":26.0,"key":"Orichalcum"},{"floor":26.0,"key":"Torii"},{"floor":27,"key":"Shovel"},{"floor":27,"key":"Sundial"},{"floor":30,"key":"War Paint"},{"floor":41,"key":"Dodecahedron"},{"floor":41,"key":"Snake Skull"},{"floor":43,"key":"Whetstone"},{"floor":44,"key":"Mango"},{"floor":48,"key":"Vajra"},{"floor":48,"key":"Pear"},{"floor":49,"key":"Blood Vial"},{"floor":53,"key":"Shuriken"},{"floor":55,"key":"Mercury Hourglass"},{"floor":55,"key":"Gambling Chip"}],"event_choices":[{"damage_healed":0.0,"max_hp_gain":0.0,"max_hp_loss":0.0,"gold_gain":75.0,"event_name":"World of Goop","player_choice":"Gather Gold","floor":3.0,"gold_loss":0.0,"damage_taken":11.0},{"damage_healed":22.0,"max_hp_gain":0.0,"max_hp_loss":0.0,"gold_gain":0.0,"event_name":"Big Fish","player_choice":"Banana","floor":4.0,"gold_loss":0.0,"damage_taken":0.0},{"cards_removed":["Strike_G"],"damage_healed":0.0,"max_hp_gain":0.0,"max_hp_loss":0.0,"gold_gain":0.0,"event_name":"Golden Wing","player_choice":"Card Removal","floor":5.0,"gold_loss":0.0,"damage_taken":7.0},{"damage_healed":0.0,"max_hp_gain":0.0,"max_hp_loss":0.0,"gold_gain":0.0,"event_name":"Match and Keep!","player_choice":"2 cards matched","floor":14.0,"gold_loss":0.0,"damage_taken":0.0,"cards_obtained":["Adrenaline","Acrobatics"]},{"damage_healed":0.0,"max_hp_gain":0.0,"max_hp_loss":0.0,"gold_gain":0.0,"event_name":"Masked Bandits","player_choice":"Fought Bandits","floor":19.0,"gold_loss":0.0,"damage_taken":0.0},{"damage_healed":0.0,"max_hp_gain":0.0,"max_hp_loss":0.0,"gold_gain":200.0,"event_name":"Wheel of Change","player_choice":"Gold","floor":20.0,"gold_loss":0.0,"damage_taken":0.0},{"damage_healed":0,"gold_gain":0,"player_choice":"Fight","damage_taken":0,"max_hp_gain":0,"max_hp_loss":0,"event_name":"Colosseum","floor":27,"gold_loss":0},{"damage_healed":0,"gold_gain":0,"player_choice":"Fought Nobs","damage_taken":0,"max_hp_gain":0,"max_hp_loss":0,"event_name":"Colosseum","floor":27,"gold_loss":0},{"damage_healed":0,"gold_gain":50,"player_choice":"Stole From Cult","damage_taken":0,"max_hp_gain":0,"max_hp_loss":0,"event_name":"Nest","floor":29,"gold_loss":0},{"damage_healed":0,"gold_gain":0,"player_choice":"Upgraded","damage_taken":0,"max_hp_gain":0,"max_hp_loss":0,"event_name":"Upgrade Shrine","floor":36,"gold_loss":0,"cards_upgraded":["Well Laid Plans"]}],"is_beta":false,"boss_relics":[{"not_picked":["Runic Dome","Tiny House"],"picked":"Pandora\u0027s Box"},{"not_picked":["Cursed Key","Lizard Tail"],"picked":"Black Star"}],"items_purged_floors":[11,22,28,38,54],"is_endless":false,"potions_floor_spawned":[1,12,13,18,27,30,33,44,45,46,47,48,55],"ascension_level":20}