{"gold_per_floor":[110,110,35,49,62,87,99,99,154,154],"floor_reached":10,"playtime":495,"items_purged":[],"score":136,"play_id":"819c9bce-3ae7-41b3-9a32-1dad39839792","local_time":"20190806192559","is_ascension_mode":true,"campfire_choices":[{"floor":8.0,"key":"REST"}],"neow_cost":"NONE","seed_source_timestamp":33315125454834,"circlet_count":0,"master_deck":["AscendersBane","Strike_B","Strike_B","Strike_B+1","Defend_B","Defend_B","Defend_B","Defend_B","Zap+1","Dualcast","BootSequence","Compile Driver","Rebound","Genetic Algorithm","Rebound"],"special_seed":0,"relics":["Cracked Core","Darkstone Periapt","Regal Pillow"],"potions_floor_usage":[10],"damage_taken":[{"damage":7.0,"enemies":"Jaw Worm","floor":1.0,"turns":3.0},{"damage":0.0,"enemies":"Small Slimes","floor":4.0,"turns":2.0},{"damage":1.0,"enemies":"Cultist","floor":5.0,"turns":4.0},{"damage":32.0,"enemies":"Gremlin Nob","floor":6.0,"turns":4.0},{"damage":19.0,"enemies":"Large Slime","floor":7.0,"turns":8.0},{"damage":27,"enemies":"3 Sentries","floor":10,"turns":5}],"seed_played":"-4780393930052508845","potions_obtained":[{"floor":1.0,"key":"PowerPotion"},{"floor":6.0,"key":"Energy Potion"},{"floor":7.0,"key":"EssenceOfSteel"}],"is_trial":false,"path_per_floor":["M","?","?","M","M","E","M","R","T","E"],"character_chosen":"DEFECT","items_purchased":[],"campfire_rested":1,"item_purchase_floors":[],"current_hp_per_floor":[57,57,57,57,56,24,5,26,26,0],"gold":154,"neow_bonus":"UPGRADE_CARD","is_prod":false,"is_daily":false,"chose_seed":false,"campfire_upgraded":0,"win_rate":0,"timestamp":1565112359,"path_taken":["M","?","?","M","M","E","M","R","T","E"],"build_version":"2019-07-17","purchased_purges":0,"victory":false,"max_hp_per_floor":[71,71,71,71,71,71,71,71,71,71],"card_choices":[{"not_picked":["Scrape","Barrage"],"picked":"BootSequence","floor":1.0},{"not_picked":["Conserve Battery","Stack"],"picked":"Compile Driver","floor":4.0},{"not_picked":["Compile Driver","Steam"],"picked":"Rebound","floor":5.0},{"not_picked":["Cold Snap","Double Energy"],"picked":"Genetic Algorithm","floor":6.0},{"not_picked":["Reboot","Reprogram"],"picked":"Rebound","floor":7.0}],"player_experience":814131,"relics_obtained":[{"floor":6.0,"key":"Darkstone Periapt"},{"floor":9.0,"key":"Regal Pillow"}],"event_choices":[{"damage_healed":0.0,"max_hp_gain":0.0,"max_hp_loss":0.0,"gold_gain":0.0,"event_name":"Living Wall","player_choice":"Grow","floor":2.0,"gold_loss":0.0,"damage_taken":0.0,"cards_upgraded":["Strike_B"]},{"cards_removed":["Strike_B"],"damage_healed":0.0,"max_hp_gain":0.0,"max_hp_loss":0.0,"gold_gain":0.0,"event_name":"The Cleric","player_choice":"Card Removal","floor":3.0,"gold_loss":75.0,"damage_taken":0.0}],"is_beta":false,"boss_relics":[],"items_purged_floors":[],"is_endless":false,"potions_floor_spawned":[1,6,7],"killed_by":"3 Sentries","ascension_level":20}