{"gold_per_floor":[117,42,56,73,85,85,102,102,102,102,131,147,173,199,211,299,311,340,252,252,127,137,137,156,181,181,181,213,213,244,269,269,346,346,360,360,360,210,210,210],"floor_reached":40,"playtime":1391,"items_purged":["Strike_G","Strike_G","Strike_G","Storm of Steel+1"],"score":1225,"play_id":"6be30f31-7180-4db4-9d0a-36402c4951b6","local_time":"20190403204747","is_ascension_mode":true,"campfire_choices":[{"data":"Expertise","floor":6.0,"key":"SMITH"},{"data":"Reflex","floor":8.0,"key":"SMITH"},{"data":"Calculated Gamble","floor":15.0,"key":"SMITH"},{"data":"Concentrate","floor":29.0,"key":"SMITH"},{"data":"Neutralize","floor":32.0,"key":"SMITH"}],"neow_cost":"TEN_PERCENT_HP_LOSS","seed_source_timestamp":117984865779704,"circlet_count":0,"master_deck":["AscendersBane","Defend_G+1","Defend_G+1","Defend_G+1","Defend_G+1","Survivor+1","Neutralize+1","Reflex+1","Backflip+1","Calculated Gamble+1","Grand Finale+1","Grand Finale+1","Tactician+1","Concentrate+1","Grand Finale+1","After Image+1","Grand Finale+1","Acrobatics+1"],"special_seed":0,"relics":["Ring of the Snake","Bronze Scales","Mercury Hourglass","MawBank","Coffee Dripper","Juzu Bracelet","Mummified Hand","Dodecahedron","Orichalcum","Potion Belt","Black Star","Mark of the Bloom"],"potions_floor_usage":[],"damage_taken":[{"damage":1.0,"enemies":"Cultist","floor":1.0,"turns":3.0},{"damage":0.0,"enemies":"2 Louse","floor":3.0,"turns":4.0},{"damage":0.0,"enemies":"Jaw Worm","floor":4.0,"turns":4.0},{"damage":1.0,"enemies":"Blue Slaver","floor":5.0,"turns":5.0},{"damage":0.0,"enemies":"Exordium Thugs","floor":7.0,"turns":3.0},{"damage":22.0,"enemies":"3 Sentries","floor":11.0,"turns":9.0},{"damage":0.0,"enemies":"Looter","floor":12.0,"turns":1.0},{"damage":0.0,"enemies":"Gremlin Nob","floor":13.0,"turns":2.0},{"damage":28.0,"enemies":"Slime Boss","floor":16.0,"turns":6.0},{"damage":0.0,"enemies":"3 Byrds","floor":18.0,"turns":2.0},{"damage":15.0,"enemies":"Spheric Guardian","floor":22.0,"turns":7.0},{"damage":0.0,"enemies":"Shelled Parasite and Fungi","floor":24.0,"turns":1.0},{"damage":0.0,"enemies":"Book of Stabbing","floor":25.0,"turns":3.0},{"damage":0.0,"enemies":"Slavers","floor":28.0,"turns":1.0},{"damage":0.0,"enemies":"Book of Stabbing","floor":30.0,"turns":3.0},{"damage":0.0,"enemies":"Champ","floor":33.0,"turns":9.0},{"damage":0.0,"enemies":"3 Shapes","floor":35.0,"turns":2.0},{"damage":0,"enemies":"Giant Head","floor":40,"turns":5}],"seed_played":"153844895402816178","potions_obtained":[{"floor":1.0,"key":"Fire Potion"},{"floor":3.0,"key":"Weak Potion"},{"floor":13.0,"key":"SteroidPotion"},{"floor":18.0,"key":"GamblersBrew"},{"floor":24.0,"key":"Regen Potion"},{"floor":25.0,"key":"PowerPotion"},{"floor":33.0,"key":"LiquidBronze"}],"is_trial":false,"path_per_floor":["M","$","M","M","M","R","M","R","T","?","E","M","E","T","R","B",null,"M","$","?","$","M","?","M","E","T","?","E","R","E","T","R","B",null,"M","?","?","$","?","E"],"character_chosen":"THE_SILENT","items_purchased":[],"campfire_rested":0,"item_purchase_floors":[],"current_hp_per_floor":[58,58,58,58,57,57,57,57,57,57,35,35,35,35,35,7,47,47,47,47,47,32,70,70,70,70,70,70,70,70,70,70,70,70,70,70,70,70,70,70],"gold":210,"neow_bonus":"TRANSFORM_TWO_CARDS","is_prod":false,"is_daily":false,"chose_seed":true,"campfire_upgraded":5,"win_rate":0,"timestamp":1554295667,"path_taken":["M","?","M","M","M","R","?","R","T","?","E","M","E","?","R","BOSS","M","$","?","?","M","?","M","E","T","?","E","R","E","?","R","BOSS","M","?","?","$","?","E"],"build_version":"2019-01-23","purchased_purges":4,"victory":false,"max_hp_per_floor":[60,60,60,60,60,60,60,60,60,60,60,60,60,60,60,60,60,60,60,60,60,60,70,70,70,70,70,70,70,70,70,70,70,70,70,70,70,70,70,70],"card_choices":[{"not_picked":["Deadly Poison","Dagger Throw"],"picked":"Expertise","floor":1.0},{"not_picked":["Dodge and Roll","Slice"],"picked":"Reflex","floor":3.0},{"not_picked":["Quick Slash","PiercingWail"],"picked":"Backflip","floor":4.0},{"not_picked":["Deflect","Slice"],"picked":"Calculated Gamble","floor":5.0},{"not_picked":["Flechettes","Footwork"],"picked":"Grand Finale","floor":7.0},{"not_picked":["Night Terror","Poisoned Stab","Caltrops"],"picked":"SKIP","floor":11.0},{"not_picked":["Masterful Stab","PiercingWail"],"picked":"Tactician","floor":12.0},{"not_picked":["Finisher","Outmaneuver"],"picked":"Concentrate","floor":13.0},{"not_picked":["Adrenaline","Storm of Steel"],"picked":"Grand Finale","floor":16.0},{"not_picked":["Reflex","Dodge and Roll","Deadly Poison"],"picked":"SKIP","floor":18.0},{"not_picked":["Reflex+1","Flying Knee","Poisoned Stab"],"picked":"SKIP","floor":22.0},{"not_picked":["Sucker Punch","Outmaneuver","Prepared"],"picked":"SKIP","floor":24.0},{"not_picked":["Dagger Throw","Quick Slash","Dodge and Roll"],"picked":"SKIP","floor":25.0},{"not_picked":["Unload","Underhanded Strike","Deflect+1"],"picked":"SKIP","floor":28.0},{"not_picked":["Underhanded Strike","Storm of Steel","Quick Slash+1"],"picked":"SKIP","floor":30.0},{"not_picked":["Bullet Time","Storm of Steel"],"picked":"Grand Finale","floor":33.0},{"not_picked":["PiercingWail","Outmaneuver"],"picked":"Acrobatics","floor":35.0}],"player_experience":4041885,"relics_obtained":[{"floor":11.0,"key":"Bronze Scales"},{"floor":13.0,"key":"Mercury Hourglass"},{"floor":14.0,"key":"MawBank"},{"floor":25.0,"key":"Mummified Hand"},{"floor":28.0,"key":"Dodecahedron"},{"floor":30.0,"key":"Orichalcum"},{"floor":31.0,"key":"Potion Belt"}],"event_choices":[{"damage_healed":0.0,"max_hp_gain":0.0,"max_hp_loss":0.0,"gold_gain":0.0,"cards_transformed":["Strike_G"],"event_name":"Living Wall","player_choice":"Change","floor":10.0,"gold_loss":0.0,"damage_taken":0.0,"cards_obtained":["Grand Finale"]},{"damage_healed":0.0,"max_hp_gain":0.0,"max_hp_loss":0.0,"gold_gain":0.0,"event_name":"WeMeetAgain","player_choice":"Gave Potion","floor":20.0,"gold_loss":0.0,"damage_taken":0.0,"relics_obtained":["Juzu Bracelet"]},{"cards_removed":["Unload"],"damage_healed":28.0,"max_hp_gain":10.0,"max_hp_loss":0.0,"gold_gain":0.0,"event_name":"Bonfire Elementals","player_choice":"Offered Rare","floor":23.0,"gold_loss":0.0,"damage_taken":0.0},{"damage_healed":0.0,"max_hp_gain":0.0,"max_hp_loss":0.0,"gold_gain":0.0,"event_name":"Match and Keep!","player_choice":"1 cards matched","floor":27.0,"gold_loss":0.0,"damage_taken":0.0,"cards_obtained":["After Image"]},{"cards_removed":["Expertise"],"damage_healed":0.0,"max_hp_gain":0.0,"max_hp_loss":0.0,"gold_gain":0.0,"event_name":"Falling","player_choice":"Removed Skill","floor":36.0,"gold_loss":0.0,"damage_taken":0.0},{"damage_healed":0.0,"max_hp_gain":0.0,"max_hp_loss":0.0,"gold_gain":0.0,"event_name":"MindBloom","player_choice":"Upgrade","floor":37.0,"gold_loss":0.0,"damage_taken":0.0,"cards_upgraded":["Defend_G","Defend_G","Defend_G","Defend_G","Survivor","Storm of Steel","Backflip","Grand Finale","Grand Finale","Tactician","Grand Finale","After Image","Grand Finale","Acrobatics"],"relics_obtained":["Mark of the Bloom"]},{"damage_healed":0,"gold_gain":0,"player_choice":"Ignored","damage_taken":0,"max_hp_gain":0,"max_hp_loss":0,"event_name":"Mysterious Sphere","floor":39,"gold_loss":0}],"is_beta":false,"boss_relics":[{"not_picked":["Runic Dome","Tiny House"],"picked":"Coffee Dripper"},{"not_picked":["Lizard Tail","Cursed Key"],"picked":"Black Star"}],"items_purged_floors":[2,19,21,38],"is_endless":false,"potions_floor_spawned":[1,3,13,16,18,24,25,33],"killed_by":"Giant Head","ascension_level":20}