{"gold_per_floor":[363,363,73,73,92,122,138,149,219,219,236,271,271,19,19,123,123,98,98,13,13,13,43,57,88,112,4,22,35,52,79,79,180,180,198,218,218,233,233,259,259,274,298,332,351,351,385,401,401,401,401,401,37,68,68],"floor_reached":56,"playtime":2556,"items_purged":["Strike_R"],"score":1537,"play_id":"7ed81fd6-82e4-4277-ae37-5745d954df56","local_time":"20181104234613","is_ascension_mode":false,"campfire_choices":[{"data":"Havoc","floor":10.0,"key":"SMITH"},{"data":"Flame Barrier","floor":13.0,"key":"SMITH"},{"data":"Second Wind","floor":15.0,"key":"SMITH"},{"data":"Feel No Pain","floor":32.0,"key":"SMITH"},{"floor":41,"key":"RECALL"},{"floor":49,"key":"REST"},{"floor":52,"key":"REST"}],"neow_cost":"PERCENT_DAMAGE","seed_source_timestamp":389291256409238,"circlet_count":0,"master_deck":["Strike_R","Strike_R","Defend_R+1","Defend_R","Defend_R","Defend_R+1","Bash+1","Pommel Strike","Second Wind+1","Rage","Havoc+1","Flame Barrier+1","Warcry","Reaper+1","Exhume+1","Shrug It Off+1","Feel No Pain+1","Evolve+1","Infernal Blade+1","Flex+1","Power Through+1","Limit Break+1","True Grit+1","Armaments+1","Body Slam","Juggernaut","Inflame+1","Shrug It Off+1","Seeing Red+1","Disarm+1"],"special_seed":0,"relics":["Burning Blood","Gambling Chip","Dead Branch","Centennial Puzzle","Blue Candle","Toxic Egg 2","Black Star","Enchiridion","Bird Faced Urn","Juzu Bracelet","StoneCalendar","Thread and Needle","Letter Opener","Mummified Hand","Bag of Marbles","Potion Belt","Omamori","Fusion Hammer","Magic Flower","Unceasing Top","Vajra","Orichalcum","War Paint","Blood Vial","Whetstone","Ginger","Bag of Preparation","Pen Nib"],"potions_floor_usage":[44,54,55,55,55,55,55],"damage_taken":[{"damage":0.0,"enemies":"2 Louse","floor":1.0,"turns":3.0},{"damage":2.0,"enemies":"Small Slimes","floor":5.0,"turns":4.0},{"damage":17.0,"enemies":"3 Sentries","floor":6.0,"turns":8.0},{"damage":0.0,"enemies":"Jaw Worm","floor":7.0,"turns":3.0},{"damage":3.0,"enemies":"Blue Slaver","floor":8.0,"turns":3.0},{"damage":0.0,"enemies":"2 Fungi Beasts","floor":11.0,"turns":3.0},{"damage":0.0,"enemies":"Gremlin Nob","floor":12.0,"turns":3.0},{"damage":24.0,"enemies":"The Guardian","floor":16.0,"turns":12.0},{"damage":1.0,"enemies":"2 Thieves","floor":18.0,"turns":5.0},{"damage":41.0,"enemies":"Slavers","floor":23.0,"turns":6.0},{"damage":19.0,"enemies":"Spheric Guardian","floor":24.0,"turns":7.0},{"damage":7.0,"enemies":"Book of Stabbing","floor":25.0,"turns":7.0},{"damage":3.0,"enemies":"Snake Plant","floor":28.0,"turns":4.0},{"damage":0.0,"enemies":"Chosen and Byrds","floor":29.0,"turns":3.0},{"damage":0.0,"enemies":"Sentry and Sphere","floor":30.0,"turns":2.0},{"damage":0.0,"enemies":"Gremlin Leader","floor":31.0,"turns":3.0},{"damage":9,"enemies":"Automaton","floor":33,"turns":3},{"damage":0,"enemies":"Orb Walker","floor":35,"turns":1},{"damage":0,"enemies":"3 Shapes","floor":36,"turns":4},{"damage":6,"enemies":"3 Darklings","floor":38,"turns":1},{"damage":11,"enemies":"Nemesis","floor":40,"turns":5},{"damage":3,"enemies":"Writhing Mass","floor":42,"turns":7},{"damage":27,"enemies":"Giant Head","floor":44,"turns":9},{"damage":8,"enemies":"Sphere and 2 Shapes","floor":45,"turns":3},{"damage":11,"enemies":"Nemesis","floor":47,"turns":3},{"damage":7,"enemies":"3 Darklings","floor":48,"turns":4},{"damage":4,"enemies":"Donu and Deca","floor":50,"turns":5},{"damage":27,"enemies":"Shield and Spear","floor":54,"turns":4},{"damage":50,"enemies":"The Heart","floor":55,"turns":8}],"seed_played":"-2061980909294661811","potions_obtained":[{"floor":6.0,"key":"AttackPotion"},{"floor":11.0,"key":"Poison Potion"},{"floor":16.0,"key":"Poison Potion"},{"floor":23.0,"key":"Strength Potion"},{"floor":25.0,"key":"Block Potion"},{"floor":28.0,"key":"LiquidBronze"},{"floor":36,"key":"Block Potion"},{"floor":47,"key":"Regen Potion"},{"floor":48,"key":"AttackPotion"},{"floor":54,"key":"AttackPotion"}],"is_trial":false,"path_per_floor":["M","?","$","?","M","E","M","M","T","R","M","E","R","$","R","B",null,"M","?","?","?","?","E","M","E","T","$","M","M","M","E","R","B",null,"M","M","?","M","?","E","R","M","T","E","M","?","E","M","R","B",null,"R","$","E","B",null],"character_chosen":"IRONCLAD","items_purchased":["Dead Branch","Toxic Egg 2","Infernal Blade+1","Seeing Red+1","Ginger"],"campfire_rested":2,"item_purchase_floors":[3,14,27,53,53],"current_hp_per_floor":[62,55,55,55,59,48,54,57,57,57,63,69,69,69,69,59,80,80,64,64,64,49,36,27,34,34,34,48,74,85,85,85,85,85,85,85,85,85,85,83,83,85,85,71,85,85,85,85,85,85,85,85,85,84,68],"gold":68,"neow_bonus":"TWO_FIFTY_GOLD","is_prod":false,"is_daily":false,"chose_seed":false,"campfire_upgraded":4,"win_rate":0,"timestamp":1541346373,"path_taken":["M","?","$","?","M","E","M","M","T","R","M","E","R","$","R","BOSS","M","?","?","?","?","E","M","E","T","$","M","M","M","E","R","BOSS","M","M","?","M","?","E","R","M","T","E","M","?","E","M","R","BOSS","R","$","E","BOSS"],"build_version":"2018-11-02","purchased_purges":1,"victory":true,"max_hp_per_floor":[80,80,80,80,80,80,80,80,80,80,80,80,80,80,80,80,80,80,80,80,80,85,85,85,85,85,85,85,85,85,85,85,85,85,85,85,85,85,85,85,85,85,85,85,85,85,85,85,85,85,85,85,85,85,85],"card_choices":[{"not_picked":["Warcry","Clash"],"picked":"Pommel Strike","floor":1.0},{"not_picked":["Sever Soul","Wild Strike"],"picked":"Rage","floor":5.0},{"not_picked":["Entrench","Blood for Blood","Havoc"],"picked":"SKIP","floor":6.0},{"not_picked":["Entrench","Blood for Blood"],"picked":"Havoc","floor":6.0},{"not_picked":["Heavy Blade","Searing Blow"],"picked":"Flame Barrier","floor":7.0},{"not_picked":["Heavy Blade","Cleave","Berserk"],"picked":"SKIP","floor":8.0},{"not_picked":["Clash","Clothesline"],"picked":"Warcry","floor":11.0},{"not_picked":["Sword Boomerang","Intimidate"],"picked":"Reaper","floor":12.0},{"not_picked":["Brutality","Double Tap+1"],"picked":"Exhume+1","floor":16.0},{"not_picked":["Headbutt+1","Cleave","Heavy Blade"],"picked":"SKIP","floor":18.0},{"not_picked":["Havoc+1","Dropkick"],"picked":"Shrug It Off+1","floor":23.0},{"not_picked":["Ghostly Armor+1","Pommel Strike+1"],"picked":"Feel No Pain","floor":24.0},{"not_picked":["Flame Barrier+1","Combust"],"picked":"Evolve+1","floor":25.0},{"not_picked":["Wild Strike","Rampage+1"],"picked":"Flex+1","floor":28.0},{"not_picked":["Carnage","Wild Strike","Reckless Charge"],"picked":"SKIP","floor":29.0},{"not_picked":["Body Slam","Wild Strike"],"picked":"Power Through+1","floor":30.0},{"not_picked":["Reaper","Thunderclap","Rage+1"],"picked":"SKIP","floor":31.0},{"not_picked":["Feed","Immolate"],"picked":"Limit Break+1","floor":33},{"not_picked":["Havoc+1","Cleave+1"],"picked":"True Grit+1","floor":35},{"not_picked":["Pommel Strike+1","Headbutt","Warcry+1"],"picked":"SKIP","floor":36},{"not_picked":["Whirlwind","Sword Boomerang","Clash+1"],"picked":"SKIP","floor":38},{"not_picked":["Iron Wave","Rage+1"],"picked":"Armaments+1","floor":40},{"not_picked":["Headbutt","Body Slam","Armaments+1"],"picked":"SKIP","floor":42},{"not_picked":["Headbutt","Armaments+1"],"picked":"Body Slam","floor":42},{"not_picked":["Disarm+1","Warcry+1"],"picked":"Juggernaut","floor":44},{"not_picked":["Havoc+1","Intimidate+1"],"picked":"Inflame+1","floor":45},{"not_picked":["Body Slam","Hemokinesis+1","Havoc+1"],"picked":"SKIP","floor":47},{"not_picked":["Headbutt","Body Slam"],"picked":"Shrug It Off+1","floor":48},{"not_picked":["Combust+1","Reckless Charge"],"picked":"Disarm+1","floor":54}],"player_experience":449746,"relics_obtained":[{"floor":6.0,"key":"Centennial Puzzle"},{"floor":12.0,"key":"Blue Candle"},{"floor":19.0,"key":"Enchiridion"},{"floor":23.0,"key":"StoneCalendar"},{"floor":23.0,"key":"Thread and Needle"},{"floor":25.0,"key":"Letter Opener"},{"floor":25.0,"key":"Mummified Hand"},{"floor":26.0,"key":"Bag of Marbles"},{"floor":31.0,"key":"Potion Belt"},{"floor":31.0,"key":"Omamori"},{"floor":40,"key":"Magic Flower"},{"floor":40,"key":"Unceasing Top"},{"floor":43,"key":"Vajra"},{"floor":44,"key":"Orichalcum"},{"floor":44,"key":"War Paint"},{"floor":47,"key":"Blood Vial"},{"floor":47,"key":"Whetstone"},{"floor":54,"key":"Bag of Preparation"},{"floor":54,"key":"Pen Nib"}],"event_choices":[{"damage_healed":0.0,"max_hp_gain":0.0,"max_hp_loss":0.0,"gold_gain":0.0,"event_name":"Scrap Ooze","player_choice":"Success","floor":2.0,"gold_loss":0.0,"damage_taken":7.0,"relics_obtained":["Gambling Chip"]},{"damage_healed":0.0,"max_hp_gain":0.0,"max_hp_loss":0.0,"gold_gain":0.0,"cards_transformed":["Strike_R"],"event_name":"Living Wall","player_choice":"Change","floor":4.0,"gold_loss":0.0,"damage_taken":0.0,"cards_obtained":["Second Wind"]},{"damage_healed":0.0,"max_hp_gain":0.0,"max_hp_loss":0.0,"gold_gain":0.0,"event_name":"Cursed Tome","player_choice":"Obtained Book","floor":19.0,"gold_loss":0.0,"damage_taken":16.0},{"damage_healed":0.0,"max_hp_gain":0.0,"max_hp_loss":0.0,"gold_gain":0.0,"event_name":"Addict","player_choice":"Obtained Relic","floor":20.0,"gold_loss":85.0,"damage_taken":0.0,"relics_obtained":["Bird Faced Urn"]},{"damage_healed":0.0,"max_hp_gain":0.0,"max_hp_loss":0.0,"gold_gain":0.0,"event_name":"The Mausoleum","player_choice":"Opened","floor":21.0,"gold_loss":0.0,"damage_taken":0.0,"relics_obtained":["Juzu Bracelet"],"cards_obtained":["Writhe"]},{"damage_healed":0.0,"max_hp_gain":5.0,"max_hp_loss":0.0,"gold_gain":0.0,"event_name":"Forgotten Altar","player_choice":"Shed Blood","floor":22.0,"gold_loss":0.0,"damage_taken":20.0},{"cards_removed":["Strike_R"],"damage_healed":0,"gold_gain":0,"player_choice":"Offered Basic","damage_taken":0,"max_hp_gain":0,"max_hp_loss":0,"event_name":"Bonfire Elementals","floor":37,"gold_loss":0},{"damage_healed":0,"gold_gain":0,"player_choice":"Ignored","damage_taken":0,"max_hp_gain":0,"max_hp_loss":0,"event_name":"Tomb of Lord Red Mask","floor":39,"gold_loss":0},{"cards_removed":["Writhe"],"damage_healed":0,"gold_gain":0,"player_choice":"Removed Curses","damage_taken":0,"max_hp_gain":0,"max_hp_loss":0,"event_name":"Fountain of Cleansing","floor":46,"gold_loss":0}],"is_beta":true,"boss_relics":[{"not_picked":["Mark of Pain","White Beast Statue"],"picked":"Black Star"},{"not_picked":["Runic Cube","Pandora\u0027s Box"],"picked":"Fusion Hammer"}],"items_purged_floors":[27],"is_endless":false,"potions_floor_spawned":[6,11,16,23,25,28,29,30,36,47,48,54],"ascension_level":0}