{"gold_per_floor":[367,387,404,364,40,71,71,87,87,237,255,285,285,99,99,175,175,187,77,77,88,88,88],"floor_reached":23,"playtime":883,"items_purged":["Strike_G","Doubt"],"score":378,"play_id":"be898d6c-a203-4511-a8ca-f03ca37eccbb","local_time":"20190103123104","is_ascension_mode":true,"campfire_choices":[{"floor":7.0,"key":"REST"},{"data":"Catalyst","floor":13,"key":"SMITH"},{"data":"Noxious Fumes","floor":15,"key":"SMITH"}],"neow_cost":"TEN_PERCENT_HP_LOSS","seed_source_timestamp":1313784106226,"circlet_count":0,"master_deck":["AscendersBane","Defend_G+1","Defend_G","Defend_G","Defend_G","Defend_G","Strike_G","Strike_G","Strike_G","Survivor","Neutralize","Expertise","Backflip","Catalyst+1","Noxious Fumes+1","Tools of the Trade","Storm of Steel","Cloak And Dagger"],"special_seed":0,"relics":["Ring of the Snake","Snake Skull","Bag of Marbles","Kunai","Thread and Needle","Cursed Key"],"potions_floor_usage":[8,16,16,18],"damage_taken":[{"damage":4.0,"enemies":"Cultist","floor":1.0,"turns":4.0},{"damage":0.0,"enemies":"2 Louse","floor":2.0,"turns":5.0},{"damage":12.0,"enemies":"Small Slimes","floor":3.0,"turns":7.0},{"damage":11.0,"enemies":"Looter","floor":4.0,"turns":4.0},{"damage":30.0,"enemies":"3 Sentries","floor":6.0,"turns":7.0},{"damage":3,"enemies":"Exordium Thugs","floor":8,"turns":6},{"damage":4,"enemies":"2 Fungi Beasts","floor":11,"turns":4},{"damage":10,"enemies":"Slime Boss","floor":16,"turns":10},{"damage":12,"enemies":"Chosen","floor":18,"turns":5},{"damage":14,"enemies":"3 Byrds","floor":21,"turns":8},{"damage":0,"enemies":"Slavers","floor":23,"turns":1}],"seed_played":"-6959088948108036292","potions_obtained":[{"floor":6.0,"key":"GhostInAJar"},{"floor":8,"key":"Swift Potion"},{"floor":11,"key":"SkillPotion"},{"floor":16,"key":"AttackPotion"}],"is_trial":false,"path_per_floor":["M","M","M","M","$","E","R","M","T","?","M","?","R","$","R","B",null,"M","?","$","M","?","E"],"character_chosen":"THE_SILENT","items_purchased":["Noxious Fumes","Snake Skull","Energy Potion","GhostInAJar"],"campfire_rested":1,"item_purchase_floors":[5,5,5,14],"current_hp_per_floor":[55,55,43,32,32,2,20,17,17,17,13,13,13,13,13,3,46,34,34,34,20,20,20],"gold":88,"neow_bonus":"TWO_FIFTY_GOLD","is_prod":false,"is_daily":false,"chose_seed":false,"campfire_upgraded":2,"win_rate":0,"timestamp":1546489864,"path_taken":["M","M","?","M","$","E","R","M","T","?","M","?","R","$","R","BOSS","M","?","?","M","?","E"],"build_version":"2018-12-20","purchased_purges":2,"victory":false,"max_hp_per_floor":[60,60,60,60,60,60,60,60,60,60,60,60,60,60,60,60,60,60,60,60,60,60,60],"card_choices":[{"not_picked":["Quick Slash","Bane","Deflect"],"picked":"SKIP","floor":1.0},{"not_picked":["Prepared","Deflect"],"picked":"Expertise","floor":2.0},{"not_picked":["Choke","Bane"],"picked":"Backflip","floor":3.0},{"not_picked":["Deflect","Terror"],"picked":"Catalyst","floor":4.0},{"not_picked":["Blade Dance","Caltrops","Dagger Throw"],"picked":"SKIP","floor":6.0},{"not_picked":["Slice","Flying Knee","Caltrops"],"picked":"SKIP","floor":8},{"not_picked":["Cloak And Dagger","Heel Hook"],"picked":"Tools of the Trade","floor":11},{"not_picked":["Unload","Glass Knife"],"picked":"Storm of Steel","floor":16},{"not_picked":["Poisoned Stab","Dagger Throw","Outmaneuver"],"picked":"SKIP","floor":18},{"not_picked":["Flying Knee","Quick Slash"],"picked":"Cloak And Dagger","floor":21}],"player_experience":1683989,"relics_obtained":[{"floor":6.0,"key":"Bag of Marbles"},{"floor":9,"key":"Kunai"}],"event_choices":[{"damage_healed":0,"gold_gain":150,"player_choice":"AGREE","damage_taken":0,"max_hp_gain":0,"max_hp_loss":0,"event_name":"Liars Game","floor":10,"gold_loss":0,"cards_obtained":["Doubt"]},{"damage_healed":0,"gold_gain":30,"player_choice":"Searched \u00272\u0027 times","damage_taken":0,"relics_obtained":["Thread and Needle"],"max_hp_gain":0,"max_hp_loss":0,"event_name":"Dead Adventurer","floor":12,"gold_loss":0},{"cards_removed":["Strike_G"],"damage_healed":0,"gold_gain":0,"player_choice":"Upgrade and Remove","damage_taken":0,"max_hp_gain":0,"max_hp_loss":0,"event_name":"Designer","floor":19,"gold_loss":110,"cards_upgraded":["Defend_G"]},{"damage_healed":0,"gold_gain":0,"player_choice":"Ignored","damage_taken":0,"max_hp_gain":0,"max_hp_loss":0,"event_name":"The Mausoleum","floor":22,"gold_loss":0}],"is_beta":false,"boss_relics":[{"not_picked":["Tiny House","Orrery"],"picked":"Cursed Key"}],"items_purged_floors":[5,14],"is_endless":false,"potions_floor_spawned":[6,8,11,16],"killed_by":"Slavers","ascension_level":20}