{"gold_per_floor":[119,131,142,158,172,172,207,207,207,25,55,66,86,41,41,114,114,130,146,146,160,179,179,193,193,220,220,239,257,182,192,192,265,265,285,299,299,399,410,435,435,454,454,499,516,536,536,571,571,571,571,571,571,49,75,75],"floor_reached":57,"playtime":2911,"items_purged":["Strike_B"],"score":3264,"play_id":"a46ed6ca-4555-40c3-980f-da5fef008423","local_time":"20190625215952","is_ascension_mode":true,"campfire_choices":[{"data":"Coolheaded","floor":6.0,"key":"SMITH"},{"floor":8.0,"key":"REST"},{"data":"Defragment","floor":15.0,"key":"SMITH"},{"data":"Heatsinks","floor":23.0,"key":"SMITH"},{"data":"Turbo","floor":25.0,"key":"SMITH"},{"data":"Defragment","floor":27.0,"key":"SMITH"},{"data":"Loop","floor":32.0,"key":"SMITH"},{"data":"Aggregate","floor":47.0,"key":"SMITH"},{"floor":49.0,"key":"RECALL"},{"data":"Seek","floor":53.0,"key":"SMITH"}],"neow_cost":"PERCENT_DAMAGE","seed_source_timestamp":28625553858299,"circlet_count":0,"master_deck":["AscendersBane","Defend_B","Defend_B","Defend_B","Zap","Dualcast","Ball Lightning","Cold Snap","Coolheaded+1","Beam Cell","Echo Form","Loop+1","Storm","Defragment+1","Seek+1","Chill","Heatsinks+1","Defragment+1","Turbo+1","Loop+1","Double Energy+1","Heatsinks+1","Darkness","Turbo+1","Coolheaded+1","Seek+1","Streamline+1","Master of Strategy","Panacea","Impatience","Consume+1","White Noise","BootSequence+1","Defragment+1","Aggregate+1","Glacier","Echo Form+1","Panacea","Loop+1"],"special_seed":0,"relics":["Cracked Core","Gambling Chip","Happy Flower","Ornamental Fan","Unceasing Top","Orrery","Astrolabe","Dead Branch","Frozen Egg 2","The Courier","Emotion Chip","Ice Cream","DataDisk","Bag of Preparation","TheAbacus","Anchor"],"potions_floor_usage":[],"damage_taken":[{"damage":1.0,"enemies":"Cultist","floor":1.0,"turns":3.0},{"damage":9.0,"enemies":"2 Louse","floor":2.0,"turns":3.0},{"damage":0.0,"enemies":"Jaw Worm","floor":3.0,"turns":3.0},{"damage":0.0,"enemies":"2 Fungi Beasts","floor":4.0,"turns":3.0},{"damage":2.0,"enemies":"3 Louse","floor":5.0,"turns":5.0},{"damage":26.0,"enemies":"Lagavulin","floor":7.0,"turns":6.0},{"damage":10.0,"enemies":"Gremlin Nob","floor":11.0,"turns":3.0},{"damage":2.0,"enemies":"Large Slime","floor":12.0,"turns":4.0},{"damage":0.0,"enemies":"2 Fungi Beasts","floor":13.0,"turns":4.0},{"damage":0.0,"enemies":"The Guardian","floor":16.0,"turns":9.0},{"damage":6.0,"enemies":"2 Thieves","floor":18.0,"turns":4.0},{"damage":23.0,"enemies":"3 Byrds","floor":19.0,"turns":4.0},{"damage":8.0,"enemies":"Cultist and Chosen","floor":21.0,"turns":4.0},{"damage":3.0,"enemies":"3 Cultists","floor":22.0,"turns":4.0},{"damage":14.0,"enemies":"Chosen and Byrds","floor":24.0,"turns":4.0},{"damage":31.0,"enemies":"Cultist and Chosen","floor":28.0,"turns":4.0},{"damage":0.0,"enemies":"Snecko","floor":29.0,"turns":4.0},{"damage":1.0,"enemies":"Snake Plant","floor":31.0,"turns":3.0},{"damage":0.0,"enemies":"Champ","floor":33.0,"turns":8.0},{"damage":0.0,"enemies":"Orb Walker","floor":35.0,"turns":2.0},{"damage":7.0,"enemies":"3 Darklings","floor":36.0,"turns":4.0},{"damage":0.0,"enemies":"Mind Bloom Boss Battle","floor":38.0,"turns":5.0},{"damage":0.0,"enemies":"Spire Growth","floor":39.0,"turns":4.0},{"damage":0.0,"enemies":"Nemesis","floor":40.0,"turns":5.0},{"damage":0.0,"enemies":"Writhing Mass","floor":42.0,"turns":2.0},{"damage":0.0,"enemies":"2 Orb Walkers","floor":44.0,"turns":3.0},{"damage":0.0,"enemies":"Transient","floor":45.0,"turns":6.0},{"damage":0.0,"enemies":"Spire Growth","floor":46.0,"turns":2.0},{"damage":0.0,"enemies":"Reptomancer","floor":48.0,"turns":3.0},{"damage":7.0,"enemies":"Time Eater","floor":50.0,"turns":15.0},{"damage":0.0,"enemies":"Awakened One","floor":51.0,"turns":9.0},{"damage":0,"enemies":"Shield and Spear","floor":55,"turns":2},{"damage":0,"enemies":"The Heart","floor":56,"turns":6}],"seed_played":"-1747678887270554690","potions_obtained":[{"floor":3.0,"key":"LiquidBronze"},{"floor":7.0,"key":"Swift Potion"},{"floor":11.0,"key":"Fire Potion"},{"floor":16.0,"key":"Ancient Potion"},{"floor":22.0,"key":"Weak Potion"},{"floor":24.0,"key":"FairyPotion"},{"floor":31.0,"key":"Explosive Potion"},{"floor":33.0,"key":"Strength Potion"},{"floor":44.0,"key":"Weak Potion"}],"is_trial":false,"path_per_floor":["M","M","M","M","M","R","E","R","T","$","E","M","M","$","R","B",null,"M","M","?","M","M","R","M","R","T","R","M","M","?","M","R","B",null,"M","M","?","?","M","E","?","M","T","?","M","M","R","E","R","B","B",null,"R","$","E","B",null],"character_chosen":"DEFECT","items_purchased":["EntropicBrew","Defragment","DataDisk","Panacea","Bag of Preparation","TheAbacus"],"campfire_rested":1,"item_purchase_floors":[10,14,54,54,54,54],"current_hp_per_floor":[45,36,36,36,34,34,8,29,29,29,19,17,17,17,17,17,58,52,29,29,21,18,18,4,4,4,4,7,7,7,6,6,6,55,55,48,38,38,38,38,38,38,38,38,38,38,38,38,38,31,31,61,61,61,61,61],"gold":75,"neow_bonus":"ONE_RARE_RELIC","is_prod":false,"is_daily":false,"chose_seed":false,"campfire_upgraded":8,"win_rate":0,"timestamp":1561467592,"path_taken":["M","?","M","?","M","R","E","R","T","$","E","M","M","$","R","BOSS","M","?","?","M","?","R","M","R","T","R","M","M","?","M","R","BOSS","M","M","?","?","M","E","?","M","T","?","?","M","R","E","R","BOSS","BOSS","R","$","E","BOSS"],"build_version":"2019-01-23","purchased_purges":1,"victory":true,"max_hp_per_floor":[71,71,71,71,71,71,71,71,71,71,71,71,71,71,71,71,71,71,71,71,71,71,71,71,71,71,71,71,71,71,71,71,71,71,71,71,71,71,71,71,71,71,71,71,71,71,71,71,71,71,71,71,71,71,71,71],"card_choices":[{"not_picked":["Conserve Battery","Rebound"],"picked":"Ball Lightning","floor":1.0},{"not_picked":["Steam Power","Storm"],"picked":"Cold Snap","floor":2.0},{"not_picked":["Sweeping Beam","Barrage"],"picked":"Coolheaded","floor":3.0},{"not_picked":["Steam","Barrage"],"picked":"Beam Cell","floor":4.0},{"not_picked":["Sweeping Beam","Hologram","Gash"],"picked":"SKIP","floor":5.0},{"not_picked":["Cold Snap","Chaos"],"picked":"Echo Form","floor":7.0},{"not_picked":["Redo","Beam Cell","Rip and Tear"],"picked":"SKIP","floor":11.0},{"not_picked":["Conserve Battery","Tempest"],"picked":"Loop","floor":12.0},{"not_picked":["BootSequence","Force Field"],"picked":"Storm","floor":13.0},{"not_picked":["Echo Form","All For One"],"picked":"Seek","floor":16.0},{"not_picked":["Go for the Eyes","BootSequence"],"picked":"Chill","floor":17.0},{"not_picked":["Sunder","Conserve Battery"],"picked":"Heatsinks","floor":17.0},{"not_picked":["Melter","Cold Snap"],"picked":"Defragment","floor":17.0},{"not_picked":["Leap","Gash"],"picked":"Turbo","floor":17.0},{"not_picked":["Compile Driver","Steam"],"picked":"Loop+1","floor":18.0},{"not_picked":["Go for the Eyes+1","Compile Driver","Capacitor"],"picked":"SKIP","floor":19.0},{"not_picked":["Sweeping Beam","Redo"],"picked":"Double Energy+1","floor":21.0},{"not_picked":["Leap+1","Storm"],"picked":"Heatsinks","floor":22.0},{"not_picked":["Auto Shields","BootSequence","Multi-Cast"],"picked":"SKIP","floor":24.0},{"not_picked":["Barrage","Darkness","BootSequence"],"picked":"SKIP","floor":28.0},{"not_picked":["Barrage","BootSequence"],"picked":"Darkness","floor":28.0},{"not_picked":["Sweeping Beam","Compile Driver","FTL"],"picked":"SKIP","floor":29.0},{"not_picked":["Consume","Leap"],"picked":"Turbo+1","floor":31.0},{"not_picked":["Melter","Auto Shields","Gash+1"],"picked":"SKIP","floor":35.0},{"not_picked":["Beam Cell","Sweeping Beam","Fusion"],"picked":"SKIP","floor":36.0},{"not_picked":["Bandage Up","Impatience"],"picked":"Master of Strategy","floor":37.0},{"not_picked":["Mind Blast","Flash of Steel"],"picked":"Panacea","floor":37.0},{"not_picked":["Dramatic Entrance","Finesse"],"picked":"Impatience","floor":37.0},{"not_picked":["Steam+1","Hologram"],"picked":"Consume+1","floor":38.0},{"not_picked":["Leap","Chill"],"picked":"White Noise","floor":39.0},{"not_picked":["BootSequence+1","Tempest","Steam"],"picked":"SKIP","floor":40.0},{"not_picked":["Tempest","Steam"],"picked":"BootSequence+1","floor":40.0},{"not_picked":["Redo","Fusion+1"],"picked":"Defragment+1","floor":42.0},{"not_picked":["Leap","Turbo"],"picked":"Aggregate","floor":45.0},{"not_picked":["Beam Cell","Rebound"],"picked":"Glacier","floor":46.0},{"not_picked":["Sweeping Beam","Cold Snap"],"picked":"Echo Form+1","floor":48.0},{"not_picked":["Rebound+1","Conserve Battery"],"picked":"Loop+1","floor":55}],"player_experience":614103,"relics_obtained":[{"floor":7.0,"key":"Happy Flower"},{"floor":9.0,"key":"Ornamental Fan"},{"floor":11.0,"key":"Unceasing Top"},{"floor":38.0,"key":"Dead Branch"},{"floor":40.0,"key":"Frozen Egg 2"},{"floor":43.0,"key":"The Courier"},{"floor":44.0,"key":"Emotion Chip"},{"floor":48.0,"key":"Ice Cream"},{"floor":55,"key":"Anchor"}],"event_choices":[{"damage_healed":0.0,"max_hp_gain":0.0,"max_hp_loss":0.0,"gold_gain":0.0,"event_name":"Upgrade Shrine","player_choice":"Upgraded","floor":20.0,"gold_loss":0.0,"damage_taken":0.0,"cards_upgraded":["Heatsinks"]},{"cards_removed":["Strike_B"],"damage_healed":0.0,"max_hp_gain":0.0,"max_hp_loss":0.0,"gold_gain":0.0,"event_name":"Beggar","player_choice":"Gave Gold","floor":30.0,"gold_loss":75.0,"damage_taken":0.0},{"damage_healed":0.0,"max_hp_gain":0.0,"max_hp_loss":0.0,"gold_gain":0.0,"event_name":"SensoryStone","player_choice":"Memory 3","floor":37.0,"gold_loss":0.0,"damage_taken":10.0},{"damage_healed":0.0,"max_hp_gain":0.0,"max_hp_loss":0.0,"gold_gain":0.0,"event_name":"MindBloom","player_choice":"Fight","floor":38.0,"gold_loss":0.0,"damage_taken":0.0},{"damage_healed":0.0,"max_hp_gain":0.0,"max_hp_loss":0.0,"gold_gain":0.0,"event_name":"Tomb of Lord Red Mask","player_choice":"Ignored","floor":41.0,"gold_loss":0.0,"damage_taken":0.0},{"damage_healed":0.0,"max_hp_gain":0.0,"max_hp_loss":0.0,"gold_gain":0.0,"event_name":"Mysterious Sphere","player_choice":"Fight","floor":44.0,"gold_loss":0.0,"damage_taken":0.0}],"is_beta":false,"boss_relics":[{"not_picked":["Tiny House","FrozenCore"],"picked":"Orrery"},{"not_picked":["Lizard Tail","Nuclear Battery"],"picked":"Astrolabe"}],"items_purged_floors":[10],"is_endless":false,"potions_floor_spawned":[3,7,11,13,16,22,24,31,33,38,39,40,44,48],"ascension_level":20}