{"gold_per_floor":[113,113,126,126,126,155,155,182,206,222,147,147,160,179,179,256,306,260,278,295,21,21,21,33,67,92,92,103,103,103,113,113,191,191,205,223,223,238,109,109,134,134,134,144,144,144,159,171,171,171,171],"floor_reached":52,"playtime":3016,"items_purged":["Strike_G","Envenom"],"score":2003,"play_id":"51a94398-c80c-44d9-90ee-0c69e4fc49f7","local_time":"20181117111422","is_ascension_mode":true,"campfire_choices":[{"data":"Dash","floor":7.0,"key":"SMITH"},{"data":"Neutralize","floor":12.0,"key":"SMITH"},{"data":"Malaise","floor":15.0,"key":"SMITH"},{"floor":23.0,"key":"REST"},{"data":"Envenom","floor":27.0,"key":"SMITH"},{"data":"Blur","floor":29.0,"key":"SMITH"},{"data":"Infinite Blades","floor":32.0,"key":"SMITH"},{"data":"Dodge and Roll","floor":40.0,"key":"SMITH"},{"data":"Prepared","floor":42.0,"key":"SMITH"},{"floor":49,"key":"REST"}],"neow_cost":"NONE","seed_source_timestamp":0,"circlet_count":0,"master_deck":["AscendersBane","Defend_G","Defend_G","Defend_G","Defend_G","Strike_G","Strike_G","Survivor","Neutralize+1","Venomology","Dash+1","Malaise+1","Blade Dance+1","Envenom+1","Infinite Blades+1","Blur+1","Prepared+1","PiercingWail+1","Dash+1","Dodge and Roll+1","Backflip","Bandage Up+1","Deflect+1","Deflect+1"],"special_seed":0,"relics":["Ring of the Snake","NeowsBlessing","Oddly Smooth Stone","Shuriken","Lantern","Tiny House","Kunai","PreservedInsect","Potion Belt","Ornamental Fan","Runic Pyramid","Bag of Marbles","Toxic Egg 2"],"potions_floor_usage":[47,48,50,50,50,51,51],"damage_taken":[{"damage":0.0,"enemies":"2 Louse","floor":1.0,"turns":1.0},{"damage":0.0,"enemies":"Cultist","floor":3.0,"turns":1.0},{"damage":0.0,"enemies":"Gremlin Nob","floor":6.0,"turns":1.0},{"damage":4.0,"enemies":"3 Sentries","floor":8.0,"turns":13.0},{"damage":0.0,"enemies":"Small Slimes","floor":10.0,"turns":5.0},{"damage":0.0,"enemies":"Exordium Thugs","floor":13.0,"turns":5.0},{"damage":0.0,"enemies":"3 Louse","floor":14.0,"turns":6.0},{"damage":42.0,"enemies":"Hexaghost","floor":16.0,"turns":16.0},{"damage":12.0,"enemies":"2 Thieves","floor":18.0,"turns":5.0},{"damage":32.0,"enemies":"Spheric Guardian","floor":19.0,"turns":6.0},{"damage":11.0,"enemies":"Centurion and Healer","floor":20.0,"turns":9.0},{"damage":3.0,"enemies":"Snecko","floor":24.0,"turns":5.0},{"damage":2.0,"enemies":"Book of Stabbing","floor":25.0,"turns":9.0},{"damage":7.0,"enemies":"Shelled Parasite and Fungi","floor":28.0,"turns":8.0},{"damage":1.0,"enemies":"Snake Plant","floor":31.0,"turns":6.0},{"damage":0.0,"enemies":"Champ","floor":33.0,"turns":12.0},{"damage":0.0,"enemies":"3 Darklings","floor":35.0,"turns":9.0},{"damage":1.0,"enemies":"Orb Walker","floor":36.0,"turns":6.0},{"damage":6.0,"enemies":"4 Shapes","floor":38.0,"turns":11.0},{"damage":23.0,"enemies":"Nemesis","floor":41.0,"turns":7.0},{"damage":4.0,"enemies":"Writhing Mass","floor":44.0,"turns":12.0},{"damage":17,"enemies":"Transient","floor":47,"turns":6},{"damage":5,"enemies":"Maw","floor":48,"turns":9},{"damage":0,"enemies":"Time Eater","floor":50,"turns":18},{"damage":3,"enemies":"Awakened One","floor":51,"turns":19}],"seed_played":"-6182672423122233672","potions_obtained":[{"floor":1.0,"key":"Swift Potion"},{"floor":3.0,"key":"Dexterity Potion"},{"floor":8.0,"key":"GhostInAJar"},{"floor":16.0,"key":"PowerPotion"},{"floor":25.0,"key":"Regen Potion"},{"floor":28.0,"key":"FearPotion"},{"floor":35.0,"key":"Ancient Potion"}],"is_trial":false,"path_per_floor":["M","?","M","?","?","E","R","E","T","M","$","R","M","M","R","B",null,"M","M","M","$","?","R","M","E","T","R","M","R","?","M","R","B",null,"M","M","?","M","$","R","E","R","T","M","?","?","M","M","R","B","B",null],"character_chosen":"THE_SILENT","items_purchased":["Kunai","Dodge and Roll"],"campfire_rested":2,"item_purchase_floors":[21,39],"current_hp_per_floor":[59,59,59,59,59,59,59,55,55,55,55,55,55,55,55,13,58,46,14,3,3,3,24,21,19,19,19,27,27,27,26,26,26,60,60,59,59,53,53,53,44,44,44,40,40,40,29,30,51,57,60],"gold":171,"neow_bonus":"THREE_ENEMY_KILL","is_prod":false,"is_daily":false,"chose_seed":false,"campfire_upgraded":8,"win_rate":0,"timestamp":1542424462,"path_taken":["M","?","?","?","?","E","R","E","T","M","$","R","M","?","R","BOSS","M","M","M","$","?","R","M","E","T","R","M","R","?","M","R","BOSS","M","M","?","M","$","R","E","R","T","M","?","?","M","M","R","BOSS","BOSS"],"build_version":"2018-11-15","purchased_purges":2,"victory":true,"max_hp_per_floor":[66,66,66,66,66,66,66,66,66,66,66,66,66,66,66,66,71,71,71,71,71,71,71,71,71,71,71,71,71,71,71,71,71,71,71,71,71,71,71,71,71,71,71,71,71,71,71,71,71,71,71],"card_choices":[{"not_picked":["Concentrate","Bane"],"picked":"Catalyst","floor":1.0},{"not_picked":["Dagger Spray","Dodge and Roll","All Out Attack"],"picked":"SKIP","floor":3.0},{"not_picked":["Distraction","Prepared"],"picked":"Dash","floor":6.0},{"not_picked":["Deflect","Expertise","Quick Slash"],"picked":"SKIP","floor":8.0},{"not_picked":["Bane","Poisoned Stab","Slice"],"picked":"SKIP","floor":10.0},{"not_picked":["Backstab","Sucker Punch"],"picked":"Malaise","floor":13.0},{"not_picked":["Finisher","Bane"],"picked":"Blade Dance","floor":14.0},{"not_picked":["Tools of the Trade","Malaise"],"picked":"Envenom","floor":16.0},{"not_picked":["Quick Slash","Leg Sweep"],"picked":"Infinite Blades","floor":18.0},{"not_picked":["Dagger Spray","Masterful Stab","Sucker Punch"],"picked":"SKIP","floor":19.0},{"not_picked":["Dash","Die Die Die","Deadly Poison"],"picked":"SKIP","floor":20.0},{"not_picked":["Dash","Flying Knee","Setup"],"picked":"SKIP","floor":24.0},{"not_picked":["Quick Slash+1","Outmaneuver","Reflex+1"],"picked":"SKIP","floor":25.0},{"not_picked":["Dagger Spray+1","Setup"],"picked":"Blur","floor":28.0},{"not_picked":["Accuracy","Underhanded Strike+1"],"picked":"Prepared","floor":31.0},{"not_picked":["Infinite Blades","Leg Sweep+1"],"picked":"PiercingWail+1","floor":35.0},{"not_picked":["Crippling Poison","Poisoned Stab+1","Outmaneuver"],"picked":"SKIP","floor":36.0},{"not_picked":["Masterful Stab","Dagger Throw"],"picked":"Dash+1","floor":38.0},{"not_picked":["Underhanded Strike+1","Venomology"],"picked":"Backflip","floor":41.0},{"not_picked":["Cloak And Dagger+1","Dagger Throw","Terror+1"],"picked":"SKIP","floor":44.0},{"not_picked":["Discovery+1","Forethought+1"],"picked":"Bandage Up+1","floor":46.0},{"not_picked":["Acrobatics+1","Prepared+1"],"picked":"Deflect+1","floor":47},{"not_picked":["Bane+1","Quick Slash+1"],"picked":"Deflect+1","floor":48}],"player_experience":1084006,"relics_obtained":[{"floor":6.0,"key":"Oddly Smooth Stone"},{"floor":8.0,"key":"Shuriken"},{"floor":9.0,"key":"Lantern"},{"floor":25.0,"key":"PreservedInsect"},{"floor":26.0,"key":"Potion Belt"},{"floor":41.0,"key":"Bag of Marbles"},{"floor":43.0,"key":"Toxic Egg 2"}],"event_choices":[{"cards_removed":["Strike_G"],"damage_healed":0.0,"max_hp_gain":0.0,"max_hp_loss":0.0,"gold_gain":0.0,"event_name":"Purifier","player_choice":"Purged","floor":2.0,"gold_loss":0.0,"damage_taken":0.0},{"damage_healed":0.0,"max_hp_gain":0.0,"max_hp_loss":0.0,"gold_gain":0.0,"event_name":"Liars Game","player_choice":"Ignored","floor":4.0,"gold_loss":0.0,"damage_taken":0.0},{"damage_healed":0.0,"max_hp_gain":0.0,"max_hp_loss":0.0,"gold_gain":0.0,"cards_transformed":["Strike_G"],"event_name":"Transmorgrifier","player_choice":"Transformed","floor":5.0,"gold_loss":0.0,"damage_taken":0.0,"cards_obtained":["Venomology"]},{"damage_healed":0.0,"max_hp_gain":0.0,"max_hp_loss":0.0,"gold_gain":0.0,"cards_transformed":["Defend_G","Catalyst"],"event_name":"Drug Dealer","player_choice":"Became Test Subject","floor":22.0,"gold_loss":0.0,"damage_taken":0.0,"cards_obtained":["Poisoned Stab","Envenom"]},{"cards_removed":["Poisoned Stab"],"damage_healed":0.0,"max_hp_gain":0.0,"max_hp_loss":0.0,"gold_gain":0.0,"event_name":"WeMeetAgain","player_choice":"Gave Card","floor":30.0,"gold_loss":0.0,"damage_taken":0.0,"relics_obtained":["Ornamental Fan"]},{"damage_healed":0.0,"max_hp_gain":0.0,"max_hp_loss":0.0,"gold_gain":0.0,"event_name":"Tomb of Lord Red Mask","player_choice":"Ignored","floor":37.0,"gold_loss":0.0,"damage_taken":0.0},{"damage_healed":0.0,"max_hp_gain":0.0,"max_hp_loss":0.0,"gold_gain":0.0,"event_name":"Mysterious Sphere","player_choice":"Ignored","floor":45.0,"gold_loss":0.0,"damage_taken":0.0},{"damage_healed":0.0,"max_hp_gain":0.0,"max_hp_loss":0.0,"gold_gain":0.0,"event_name":"SensoryStone","player_choice":"Memory 1","floor":46.0,"gold_loss":0.0,"damage_taken":0.0}],"is_beta":true,"boss_relics":[{"not_picked":["Black Star","Eternal Feather"],"picked":"Tiny House"},{"not_picked":["Lizard Tail","HoveringKite"],"picked":"Runic Pyramid"}],"items_purged_floors":[11,39],"is_endless":false,"potions_floor_spawned":[1,3,8,16,24,25,28,31,35],"ascension_level":20}