{"gold_per_floor":[112,127,60,60,80,80,100,118,118,118,152,152,122,136,136,236,236,254,269,51,61,61,61,95,95,95,109,109,125,137,156,156,257,257,275,275,275,175,195,195,226,226,226,237,237,1,0,15,15,15],"floor_reached":51,"playtime":1775,"items_purged":["Strike_G","Defend_G","Defend_G"],"score":749,"play_id":"ffa3335e-377b-4f97-8e98-5a66e04e1955","local_time":"20181030174723","is_ascension_mode":false,"campfire_choices":[{"data":"Deadly Poison","floor":6.0,"key":"SMITH"},{"data":"Corpse Explosion","floor":10.0,"key":"SMITH"},{"data":"Neutralize","floor":12.0,"key":"SMITH"},{"data":"Footwork","floor":15.0,"key":"SMITH"},{"data":"Footwork","floor":23.0,"key":"SMITH"},{"data":"Survivor","floor":25.0,"key":"SMITH"},{"data":"Cloak And Dagger","floor":28.0,"key":"SMITH"},{"data":"Leg Sweep","floor":32.0,"key":"SMITH"},{"data":"Glass Knife","floor":40.0,"key":"SMITH"},{"data":"Blur","floor":42,"key":"SMITH"},{"data":"Defend_G","floor":45,"key":"SMITH"},{"data":"Catalyst","floor":49,"key":"SMITH"}],"neow_cost":"PERCENT_DAMAGE","seed_source_timestamp":26578551543523,"circlet_count":0,"master_deck":["Defend_G+1","Defend_G","Strike_G","Survivor+1","Neutralize+1","Deadly Poison+1","Footwork+1","Corpse Explosion+1","Footwork+1","Venomology","Venomology","Crippling Poison+1","Cloak And Dagger+1","Backflip+1","Leg Sweep+1","Glass Knife+1","Blur+1","Catalyst+1","Infinite Blades"],"special_seed":0,"relics":["Ring of the Snake","Darkstone Periapt","Vajra","Coffee Dripper","Bag of Preparation","Shuriken","Potion Belt","Lizard Tail","Meat on the Bone","Bottled Lightning","Question Card","Red Mask"],"potions_floor_usage":[41,41,48,50,50,50,50],"damage_taken":[{"damage":0.0,"enemies":"2 Louse","floor":1.0,"turns":3.0},{"damage":4.0,"enemies":"Cultist","floor":2.0,"turns":4.0},{"damage":0.0,"enemies":"Small Slimes","floor":5.0,"turns":3.0},{"damage":0.0,"enemies":"Exordium Thugs","floor":7.0,"turns":4.0},{"damage":0.0,"enemies":"Lots of Slimes","floor":8.0,"turns":1.0},{"damage":26.0,"enemies":"Gremlin Nob","floor":11.0,"turns":4.0},{"damage":0.0,"enemies":"Exordium Wildlife","floor":14.0,"turns":3.0},{"damage":13.0,"enemies":"The Guardian","floor":16.0,"turns":9.0},{"damage":12.0,"enemies":"3 Byrds","floor":18.0,"turns":4.0},{"damage":0.0,"enemies":"Shell Parasite","floor":19.0,"turns":4.0},{"damage":0.0,"enemies":"Snecko","floor":21.0,"turns":5.0},{"damage":0.0,"enemies":"Gremlin Leader","floor":24.0,"turns":7.0},{"damage":0.0,"enemies":"3 Cultists","floor":27.0,"turns":3.0},{"damage":0.0,"enemies":"Centurion and Healer","floor":29.0,"turns":5.0},{"damage":0.0,"enemies":"Snake Plant","floor":30.0,"turns":5.0},{"damage":0.0,"enemies":"Cultist and Chosen","floor":31.0,"turns":3.0},{"damage":21.0,"enemies":"Collector","floor":33.0,"turns":9.0},{"damage":0.0,"enemies":"3 Shapes","floor":35.0,"turns":2.0},{"damage":0.0,"enemies":"Orb Walker","floor":39.0,"turns":4.0},{"damage":8,"enemies":"Reptomancer","floor":41,"turns":9},{"damage":0,"enemies":"Maw","floor":44,"turns":8},{"damage":0,"enemies":"Writhing Mass","floor":48,"turns":6},{"damage":1,"enemies":"Awakened One","floor":50,"turns":15}],"seed_played":"-7509625279076723881","potions_obtained":[{"floor":5.0,"key":"Explosive Potion"},{"floor":13.0,"key":"Ancient Potion"},{"floor":13.0,"key":"SteroidPotion"},{"floor":14.0,"key":"Dexterity Potion"},{"floor":31.0,"key":"Regen Potion"},{"floor":48,"key":"Fire Potion"}],"is_trial":false,"path_per_floor":["M","M","$","?","M","R","M","M","T","R","E","R","?","M","R","B",null,"M","M","$","M","?","R","E","R","T","M","R","M","M","M","R","B",null,"M","?","?","$","M","R","E","R","T","M","R","$","?","M","R","B"],"character_chosen":"THE_SILENT","items_purchased":["Footwork","Bag of Preparation","Catalyst","Infinite Blades"],"campfire_rested":0,"item_purchase_floors":[3,20,46,46],"current_hp_per_floor":[49,45,45,45,45,45,45,45,45,45,19,19,19,19,19,6,70,58,58,58,58,58,58,58,58,58,58,58,58,58,58,58,52,70,70,70,70,70,70,70,62,62,62,62,62,62,62,70,70,69],"gold":15,"neow_bonus":"REMOVE_TWO","is_prod":false,"is_daily":false,"chose_seed":false,"campfire_upgraded":12,"win_rate":0,"timestamp":1540892843,"path_taken":["M","M","$","?","M","R","M","M","T","R","E","R","?","?","R","BOSS","M","?","$","M","?","R","E","R","T","M","R","M","M","M","R","BOSS","M","?","?","$","M","R","E","R","T","?","R","$","?","M","R","BOSS"],"build_version":"2018-10-25v2","purchased_purges":3,"victory":true,"max_hp_per_floor":[70,70,70,70,70,70,70,70,70,70,70,70,70,70,70,70,70,70,70,70,70,70,70,70,70,70,70,70,70,70,70,70,70,70,70,70,70,70,70,70,70,70,70,70,70,70,70,70,70,70],"card_choices":[{"not_picked":["Outmaneuver","Dagger Spray"],"picked":"Deadly Poison","floor":1.0},{"not_picked":["Slice","Dodge and Roll","Backstab"],"picked":"SKIP","floor":2.0},{"not_picked":["Poisoned Stab","Quick Slash"],"picked":"Corpse Explosion","floor":5.0},{"not_picked":["Choke","Flechettes","Blade Dance"],"picked":"SKIP","floor":7.0},{"not_picked":["Blade Dance","Dagger Throw"],"picked":"Footwork","floor":8.0},{"not_picked":["Sucker Punch","Acrobatics","A Thousand Cuts"],"picked":"SKIP","floor":11.0},{"not_picked":["Dodge and Roll","Accuracy","Sucker Punch"],"picked":"SKIP","floor":14.0},{"not_picked":["Doppelganger","Envenom"],"picked":"Venomology","floor":16.0},{"not_picked":["Choke","Bouncing Flask","Quick Slash"],"picked":"SKIP","floor":18.0},{"not_picked":["PiercingWail","Deflect","Bane+1"],"picked":"SKIP","floor":19.0},{"not_picked":["Flechettes","Poisoned Stab","Sucker Punch+1"],"picked":"SKIP","floor":21.0},{"not_picked":["Storm of Steel","Predator"],"picked":"Crippling Poison+1","floor":24.0},{"not_picked":["Slice+1","Prepared"],"picked":"Cloak And Dagger","floor":27.0},{"not_picked":["Dodge and Roll+1","Outmaneuver"],"picked":"Backflip+1","floor":29.0},{"not_picked":["Calculated Gamble","Skewer+1"],"picked":"Leg Sweep","floor":30.0},{"not_picked":["Masterful Stab","Outmaneuver","Bane"],"picked":"SKIP","floor":31.0},{"not_picked":["Die Die Die","Envenom"],"picked":"Glass Knife","floor":33.0},{"not_picked":["Distraction","Heel Hook","Outmaneuver"],"picked":"SKIP","floor":35.0},{"not_picked":["Dagger Throw","Choke+1","Blur"],"picked":"SKIP","floor":39.0},{"not_picked":["Dagger Throw","Choke+1"],"picked":"Blur","floor":39.0},{"not_picked":["Masterful Stab+1","Prepared+1","Caltrops"],"picked":"SKIP","floor":41},{"not_picked":["Finisher+1","PiercingWail+1","Prepared","Deflect+1"],"picked":"SKIP","floor":44},{"not_picked":["Deadly Poison","Masterful Stab+1","Poisoned Stab+1","Eviscerate+1"],"picked":"SKIP","floor":48}],"player_experience":741970,"relics_obtained":[{"floor":9.0,"key":"Darkstone Periapt"},{"floor":11.0,"key":"Vajra"},{"floor":24.0,"key":"Shuriken"},{"floor":26.0,"key":"Potion Belt"},{"floor":41,"key":"Bottled Lightning"},{"floor":43,"key":"Question Card"}],"event_choices":[{"cards_removed":["Strike_G"],"damage_healed":0.0,"max_hp_gain":0.0,"max_hp_loss":0.0,"gold_gain":0.0,"event_name":"Bonfire Elementals","player_choice":"Offered Basic","floor":4.0,"gold_loss":0.0,"damage_taken":0.0},{"damage_healed":0.0,"max_hp_gain":0.0,"max_hp_loss":0.0,"gold_gain":0.0,"event_name":"The Woman in Blue","player_choice":"Bought 2 Potions","floor":13.0,"gold_loss":0.0,"damage_taken":0.0},{"damage_healed":0.0,"max_hp_gain":0.0,"max_hp_loss":0.0,"gold_gain":0.0,"event_name":"Duplicator","player_choice":"Copied","floor":22.0,"gold_loss":0.0,"damage_taken":0.0,"cards_obtained":["Venomology"]},{"damage_healed":0.0,"max_hp_gain":0.0,"max_hp_loss":0.0,"gold_gain":0.0,"event_name":"WeMeetAgain","player_choice":"Gave Potion","floor":36.0,"gold_loss":0.0,"damage_taken":0.0,"relics_obtained":["Meat on the Bone"]},{"cards_removed":["Strike_G"],"damage_healed":0.0,"max_hp_gain":0.0,"max_hp_loss":0.0,"gold_gain":0.0,"event_name":"Falling","player_choice":"Removed Attack","floor":37.0,"gold_loss":0.0,"damage_taken":0.0},{"damage_healed":0,"gold_gain":0,"player_choice":"Paid","damage_taken":0,"relics_obtained":["Red Mask"],"max_hp_gain":0,"max_hp_loss":0,"event_name":"Tomb of Lord Red Mask","floor":47,"gold_loss":1}],"is_beta":false,"boss_relics":[{"not_picked":["Pandora\u0027s Box","HoveringKite"],"picked":"Coffee Dripper"},{"not_picked":["Calling Bell","Fusion Hammer"],"picked":"Lizard Tail"}],"items_purged_floors":[20,38,46],"is_endless":false,"potions_floor_spawned":[5,14,18,29,30,31,35,48],"ascension_level":0}