{"gold_per_floor":[116,116,130,30,180,180,215,215,292,328,30,43,87,87,87,183,183,204,27,77,34,34,68,68,89,89,112,112,443,462,482,482,571,571,587,608,608,632,406,450,21,65,92,142,155,155,179,220,220,220,220,220,220,35,71,71],"floor_reached":57,"playtime":1832,"items_purged":["Strike_G","Doubt","Riddle With Holes","Phantasmal Killer"],"score":3092,"play_id":"c5dffe4b-c91e-4ffd-a585-33bf75c3472e","local_time":"20190413230501","is_ascension_mode":true,"campfire_choices":[{"data":"Deadly Poison","floor":6.0,"key":"SMITH"},{"data":"Caltrops","floor":8.0,"key":"SMITH"},{"data":"Blade Dance","floor":15.0,"key":"SMITH"},{"data":"Catalyst","floor":24.0,"key":"SMITH"},{"data":"Catalyst","floor":28.0,"key":"SMITH"},{"data":"Burst","floor":32.0,"key":"SMITH"},{"floor":49.0,"key":"RECALL"},{"data":"Catalyst","floor":53.0,"key":"SMITH"}],"neow_cost":"NONE","seed_source_timestamp":38811230783729,"circlet_count":0,"master_deck":["AscendersBane","Survivor","Neutralize","All Out Attack","Deadly Poison+1","Caltrops+1","Blade Dance+1","Corpse Explosion","Tools of the Trade","Catalyst+1","Distraction","Leg Sweep","Bullet Time","Burst+1","Ghostly","Ghostly","Ghostly","PiercingWail","Concentrate","Catalyst+1","Backflip","Calculated Gamble","Ghostly","Wraith Form v2+1","Night Terror","Catalyst+1","Self Repair"],"special_seed":0,"relics":["Ring of the Snake","NeowsBlessing","Golden Idol","Pocketwatch","The Courier","Bottled Lightning","Shuriken","Pear","Pandora\u0027s Box","TheAbacus","Question Card","Centennial Puzzle","Old Coin","Runic Dome","Pen Nib","Art of War","Medical Kit","Ornamental Fan","Lantern","PrismaticShard","Dodecahedron"],"potions_floor_usage":[56],"damage_taken":[{"damage":0.0,"enemies":"Cultist","floor":1.0,"turns":1.0},{"damage":0.0,"enemies":"Small Slimes","floor":3.0,"turns":1.0},{"damage":0.0,"enemies":"Gremlin Nob","floor":7.0,"turns":1.0},{"damage":17.0,"enemies":"3 Sentries","floor":10.0,"turns":6.0},{"damage":0.0,"enemies":"2 Louse","floor":12.0,"turns":2.0},{"damage":27.0,"enemies":"Lagavulin","floor":13.0,"turns":9.0},{"damage":7.0,"enemies":"The Guardian","floor":16.0,"turns":11.0},{"damage":3.0,"enemies":"Spheric Guardian","floor":18.0,"turns":4.0},{"damage":6.0,"enemies":"Slavers","floor":23.0,"turns":4.0},{"damage":5.0,"enemies":"3 Byrds","floor":25.0,"turns":2.0},{"damage":1.0,"enemies":"Snecko","floor":27.0,"turns":4.0},{"damage":2.0,"enemies":"Gremlin Leader","floor":29.0,"turns":3.0},{"damage":3.0,"enemies":"Snake Plant","floor":30.0,"turns":3.0},{"damage":2.0,"enemies":"Centurion and Healer","floor":31.0,"turns":3.0},{"damage":2.0,"enemies":"Collector","floor":33.0,"turns":5.0},{"damage":0.0,"enemies":"3 Darklings","floor":35.0,"turns":2.0},{"damage":0.0,"enemies":"Orb Walker","floor":36.0,"turns":3.0},{"damage":0.0,"enemies":"4 Shapes","floor":38.0,"turns":1.0},{"damage":3.0,"enemies":"Nemesis","floor":40.0,"turns":3.0},{"damage":0.0,"enemies":"Reptomancer","floor":42.0,"turns":4.0},{"damage":1.0,"enemies":"Sphere and 2 Shapes","floor":45.0,"turns":3.0},{"damage":2.0,"enemies":"Jaw Worm Horde","floor":47.0,"turns":4.0},{"damage":0.0,"enemies":"Giant Head","floor":48.0,"turns":6.0},{"damage":0.0,"enemies":"Time Eater","floor":50.0,"turns":2.0},{"damage":4.0,"enemies":"Donu and Deca","floor":51.0,"turns":5.0},{"damage":4.0,"enemies":"Shield and Spear","floor":55.0,"turns":6.0},{"damage":19,"enemies":"The Heart","floor":56,"turns":6}],"seed_played":"-4744153849638453894","potions_obtained":[{"floor":3.0,"key":"FearPotion"},{"floor":7.0,"key":"SkillPotion"},{"floor":23.0,"key":"Ancient Potion"},{"floor":33.0,"key":"Swift Potion"},{"floor":42.0,"key":"SneckoOil"},{"floor":45.0,"key":"Poison Potion"}],"is_trial":false,"path_per_floor":["M","?","M","$","?","R","E","R","T","E","$","M","E","?","R","B",null,"M","$","?","$","?","E","R","M","T","M","R","E","M","M","R","B",null,"M","M","?","M","$","E","$","E","T","?","M","?","M","E","R","B","B",null,"R","$","E","B",null],"character_chosen":"THE_SILENT","items_purchased":["Deadly Poison","Shuriken","TheAbacus","Block Potion","Wraith Form v2","Art of War","Medical Kit","PrismaticShard"],"campfire_rested":0,"item_purchase_floors":[4,11,19,21,39,41,41,54],"current_hp_per_floor":[59,59,59,59,59,59,59,59,59,42,42,42,25,25,25,18,57,54,54,54,54,35,29,29,24,24,23,23,21,18,16,16,14,30,30,30,30,30,30,27,27,27,27,27,26,26,24,24,24,24,20,31,31,31,27,15],"gold":71,"neow_bonus":"THREE_ENEMY_KILL","is_prod":false,"is_daily":false,"chose_seed":false,"campfire_upgraded":7,"win_rate":0,"timestamp":1555167901,"path_taken":["M","?","M","$","?","R","E","R","T","E","$","M","E","?","R","BOSS","M","$","?","?","?","E","R","M","T","M","R","E","M","M","R","BOSS","M","M","?","M","$","E","?","E","T","?","?","?","M","E","R","BOSS","BOSS","R","$","E","BOSS"],"build_version":"2019-01-23","purchased_purges":4,"victory":true,"max_hp_per_floor":[66,60,60,60,60,60,60,60,60,60,60,60,70,70,70,70,70,70,70,70,70,35,35,35,35,35,35,35,35,35,35,35,35,35,35,35,35,35,35,35,35,35,35,35,35,35,35,35,35,35,35,35,35,35,35,35],"card_choices":[{"not_picked":["Dagger Throw","Choke"],"picked":"All Out Attack","floor":1.0},{"not_picked":["Prepared","Quick Slash","Flying Knee"],"picked":"SKIP","floor":3.0},{"not_picked":["Flying Knee","Cloak And Dagger"],"picked":"Caltrops","floor":7.0},{"not_picked":["Dagger Spray","Deadly Poison","Backstab"],"picked":"SKIP","floor":10.0},{"not_picked":["Acrobatics","Slice","Sucker Punch"],"picked":"SKIP","floor":12.0},{"not_picked":["Riddle With Holes","Dagger Throw","Eviscerate"],"picked":"SKIP","floor":13.0},{"not_picked":["Night Terror","Die Die Die"],"picked":"Corpse Explosion","floor":16.0},{"not_picked":["Distraction","Leg Sweep","Bane"],"picked":"SKIP","floor":18.0},{"not_picked":["Prepared","Noxious Fumes","PiercingWail"],"picked":"SKIP","floor":23.0},{"not_picked":["Prepared","Noxious Fumes"],"picked":"PiercingWail","floor":23.0},{"not_picked":["Cloak And Dagger","Poisoned Stab","Dagger Throw+1"],"picked":"Concentrate","floor":25.0},{"not_picked":["Deadly Poison","Slice","Escape Plan"],"picked":"Catalyst","floor":27.0},{"not_picked":["Underhanded Strike","A Thousand Cuts","Infinite Blades"],"picked":"Backflip","floor":29.0},{"not_picked":["Noxious Fumes+1","Finisher","Skewer","Cloak And Dagger"],"picked":"SKIP","floor":30.0},{"not_picked":["Flying Knee","Caltrops","Endless Agony","Deadly Poison"],"picked":"SKIP","floor":31.0},{"not_picked":["Dodge and Roll","Leg Sweep+1","Crippling Poison+1","Dash+1"],"picked":"SKIP","floor":35.0},{"not_picked":["Flechettes","Deadly Poison+1","Blade Dance+1"],"picked":"Calculated Gamble","floor":36.0},{"not_picked":["Poisoned Stab","Backflip","Slice","Deflect"],"picked":"SKIP","floor":38.0},{"not_picked":["Backstab","Tools of the Trade","Acrobatics"],"picked":"Night Terror","floor":40.0},{"not_picked":["Outmaneuver","Underhanded Strike+1","Dagger Throw"],"picked":"Catalyst","floor":42.0},{"not_picked":["Leg Sweep+1","Cloak And Dagger","All Out Attack+1","Escape Plan+1"],"picked":"SKIP","floor":45.0},{"not_picked":["Masterful Stab","Poisoned Stab+1","Accuracy","Blade Dance"],"picked":"SKIP","floor":47.0},{"not_picked":["Choke","Backflip","Slice+1","Accuracy"],"picked":"SKIP","floor":48.0},{"not_picked":["Body Slam","Deadly Poison","Feel No Pain+1"],"picked":"Self Repair","floor":55.0}],"player_experience":4261664,"relics_obtained":[{"floor":7.0,"key":"Pocketwatch"},{"floor":9.0,"key":"The Courier"},{"floor":10.0,"key":"Bottled Lightning"},{"floor":13.0,"key":"Pear"},{"floor":23.0,"key":"Question Card"},{"floor":26.0,"key":"Centennial Puzzle"},{"floor":29.0,"key":"Old Coin"},{"floor":40.0,"key":"Pen Nib"},{"floor":42.0,"key":"Ornamental Fan"},{"floor":48.0,"key":"Lantern"},{"floor":55.0,"key":"Dodecahedron"}],"event_choices":[{"damage_healed":0.0,"max_hp_gain":0.0,"max_hp_loss":6.0,"gold_gain":0.0,"event_name":"Golden Idol","player_choice":"Lose Max HP","floor":2.0,"gold_loss":0.0,"damage_taken":0.0,"relics_obtained":["Golden Idol"]},{"damage_healed":0.0,"max_hp_gain":0.0,"max_hp_loss":0.0,"gold_gain":150.0,"event_name":"Liars Game","player_choice":"AGREE","floor":5.0,"gold_loss":0.0,"damage_taken":0.0,"cards_obtained":["Doubt"]},{"damage_healed":0.0,"max_hp_gain":0.0,"max_hp_loss":0.0,"gold_gain":0.0,"cards_transformed":["Strike_G"],"event_name":"Transmorgrifier","player_choice":"Transformed","floor":14.0,"gold_loss":0.0,"damage_taken":0.0,"cards_obtained":["Blade Dance"]},{"damage_healed":0.0,"max_hp_gain":0.0,"max_hp_loss":0.0,"gold_gain":50.0,"event_name":"Golden Shrine","player_choice":"Pray","floor":20.0,"gold_loss":0.0,"damage_taken":0.0},{"damage_healed":0.0,"max_hp_gain":0.0,"max_hp_loss":35.0,"gold_gain":0.0,"event_name":"Ghosts","player_choice":"Became a Ghost","floor":22.0,"gold_loss":0.0,"damage_taken":0.0,"cards_obtained":["Ghostly","Ghostly","Ghostly"]},{"damage_healed":0.0,"max_hp_gain":0.0,"max_hp_loss":0.0,"gold_gain":0.0,"event_name":"Duplicator","player_choice":"Copied","floor":37.0,"gold_loss":0.0,"damage_taken":0.0,"cards_obtained":["Ghostly"]},{"damage_healed":0.0,"max_hp_gain":0.0,"max_hp_loss":0.0,"gold_gain":50.0,"event_name":"Golden Shrine","player_choice":"Pray","floor":44.0,"gold_loss":0.0,"damage_taken":0.0},{"damage_healed":0.0,"max_hp_gain":0.0,"max_hp_loss":0.0,"gold_gain":0.0,"event_name":"Upgrade Shrine","player_choice":"Upgraded","floor":46.0,"gold_loss":0.0,"damage_taken":0.0,"cards_upgraded":["Wraith Form v2"]}],"is_beta":false,"boss_relics":[{"not_picked":["Empty Cage","Busted Crown"],"picked":"Pandora\u0027s Box"},{"not_picked":["Snecko Eye","Fusion Hammer"],"picked":"Runic Dome"}],"items_purged_floors":[4,11,39,41],"is_endless":false,"potions_floor_spawned":[3,7,23,25,29,33,35,42,45],"ascension_level":20}