{"gold_per_floor":[113,125,50,63,63,79,79,40,40,115,36,63,75,86,86,160,160,177,188,15,15,29,29,59,73,73,98,110,143,143,160,160,232,232,249,43,61,61,74,107,107,132,132,146,146,161,161,188,188,188,188,188,188,18,53,53],"floor_reached":57,"playtime":3331,"items_purged":["Strike_B"],"score":2883,"play_id":"eb88dad3-9122-4d93-8fc7-541c7ef4a9b4","local_time":"20190324145700","is_ascension_mode":true,"campfire_choices":[{"data":"Discovery","floor":7.0,"key":"SMITH"},{"data":"Defragment","floor":15.0,"key":"SMITH"},{"data":"Blizzard","floor":23.0,"key":"SMITH"},{"data":"Buffer","floor":32.0,"key":"SMITH"},{"data":"Capacitor","floor":41.0,"key":"SMITH"},{"floor":49.0,"key":"RECALL"},{"floor":53.0,"key":"REST"}],"neow_cost":"PERCENT_DAMAGE","seed_source_timestamp":11829992931485,"circlet_count":0,"master_deck":["AscendersBane","Strike_B","Strike_B","Strike_B","Defend_B","Defend_B","Defend_B","Defend_B","Zap","Dualcast","Chrysalis","Discovery+1","Turbo","Tempest","Glacier","Glacier","Blizzard+1","Defragment+1","Capacitor+1","Buffer+1","Ball Lightning","Electrodynamics","Creative AI","Recycle","Apotheosis","Heatsinks+1","Reinforced Body+1","Apotheosis","Defragment"],"special_seed":0,"relics":["Cracked Core","Singing Bowl","Calipers","Snecko Eye","Lantern","Letter Opener","Gremlin Horn","Potion Belt","Enchiridion","Black Star","Omamori","Anchor","Prayer Wheel","Bag of Preparation","Dodecahedron","Oddly Smooth Stone","Meat on the Bone","Mercury Hourglass","Bottled Tornado"],"potions_floor_usage":[56,56,56],"damage_taken":[{"damage":6.0,"enemies":"Cultist","floor":1.0,"turns":4.0},{"damage":8.0,"enemies":"2 Louse","floor":2.0,"turns":4.0},{"damage":2.0,"enemies":"Jaw Worm","floor":4.0,"turns":2.0},{"damage":6.0,"enemies":"3 Louse","floor":6.0,"turns":4.0},{"damage":33.0,"enemies":"Gremlin Nob","floor":12.0,"turns":6.0},{"damage":8.0,"enemies":"Blue Slaver","floor":13.0,"turns":3.0},{"damage":6.0,"enemies":"Exordium Wildlife","floor":14.0,"turns":5.0},{"damage":0.0,"enemies":"Hexaghost","floor":16.0,"turns":9.0},{"damage":0.0,"enemies":"3 Byrds","floor":18.0,"turns":1.0},{"damage":0.0,"enemies":"Shell Parasite","floor":19.0,"turns":6.0},{"damage":0.0,"enemies":"Centurion and Healer","floor":22.0,"turns":7.0},{"damage":6.0,"enemies":"Gremlin Leader","floor":24.0,"turns":9.0},{"damage":0.0,"enemies":"Sentry and Sphere","floor":25.0,"turns":5.0},{"damage":3.0,"enemies":"Book of Stabbing","floor":27.0,"turns":5.0},{"damage":3.0,"enemies":"3 Cultists","floor":28.0,"turns":4.0},{"damage":14.0,"enemies":"Gremlin Leader","floor":29.0,"turns":4.0},{"damage":0.0,"enemies":"Centurion and Healer","floor":31.0,"turns":4.0},{"damage":13.0,"enemies":"Champ","floor":33.0,"turns":10.0},{"damage":6.0,"enemies":"3 Shapes","floor":35.0,"turns":3.0},{"damage":0.0,"enemies":"Orb Walker","floor":37.0,"turns":5.0},{"damage":0.0,"enemies":"Jaw Worm Horde","floor":39.0,"turns":2.0},{"damage":13.0,"enemies":"Giant Head","floor":40.0,"turns":8.0},{"damage":10.0,"enemies":"Reptomancer","floor":42.0,"turns":7.0},{"damage":0.0,"enemies":"Maw","floor":44.0,"turns":6.0},{"damage":0.0,"enemies":"Spire Growth","floor":46.0,"turns":5.0},{"damage":7.0,"enemies":"Nemesis","floor":48.0,"turns":17.0},{"damage":15.0,"enemies":"Donu and Deca","floor":50.0,"turns":9.0},{"damage":8.0,"enemies":"Time Eater","floor":51.0,"turns":12.0},{"damage":30.0,"enemies":"Shield and Spear","floor":55.0,"turns":3.0},{"damage":54,"enemies":"The Heart","floor":56,"turns":16}],"seed_played":"-5695826077197133163","potions_obtained":[{"floor":4.0,"key":"LiquidBronze"},{"floor":6.0,"key":"Regen Potion"},{"floor":13.0,"key":"Poison Potion"},{"floor":16.0,"key":"Regen Potion"},{"floor":19.0,"key":"AttackPotion"},{"floor":24.0,"key":"Explosive Potion"},{"floor":29.0,"key":"Strength Potion"},{"floor":31.0,"key":"SpeedPotion"},{"floor":37.0,"key":"Ancient Potion"},{"floor":40.0,"key":"Energy Potion"},{"floor":55.0,"key":"Fire Potion"}],"is_trial":false,"path_per_floor":["M","M","$","M","?","M","R","$","T","?","$","E","M","M","R","B",null,"M","M","$","?","M","R","E","M","T","E","M","E","?","M","R","B",null,"M","$","M","?","M","E","R","E","T","M","?","M","?","E","R","B","B",null,"R","$","E","B",null],"character_chosen":"DEFECT","items_purchased":["Blizzard","Defragment","Lantern","Apotheosis","GamblersBrew","Defragment"],"campfire_rested":1,"item_purchase_floors":[8,11,20,36,54,54],"current_hp_per_floor":[40,32,32,30,53,47,47,47,47,36,36,18,10,4,4,4,54,56,73,73,73,75,75,71,73,73,70,69,55,34,36,36,25,72,68,68,70,70,70,59,59,51,51,53,72,76,70,65,65,62,54,94,107,107,79,37],"gold":53,"neow_bonus":"RANDOM_COLORLESS_2","is_prod":false,"is_daily":false,"chose_seed":false,"campfire_upgraded":5,"win_rate":0,"timestamp":1553410620,"path_taken":["M","M","$","M","?","M","R","$","T","?","$","E","M","?","R","BOSS","M","M","$","?","M","R","E","M","T","E","M","E","?","M","R","BOSS","M","$","M","?","M","E","R","E","T","M","?","M","?","E","R","BOSS","BOSS","R","$","E","BOSS"],"build_version":"2019-01-23","purchased_purges":1,"victory":true,"max_hp_per_floor":[71,71,71,71,71,71,71,71,71,71,71,71,71,71,71,71,71,73,75,75,75,77,77,79,81,81,81,83,83,83,85,85,87,87,89,89,91,91,91,93,93,95,95,97,97,101,105,107,107,107,107,107,107,107,109,109],"card_choices":[{"not_picked":["Reprogram","Gash"],"picked":"Turbo","floor":1.0},{"not_picked":["Gash","Sweeping Beam"],"picked":"Tempest","floor":2.0},{"not_picked":["Chaos","Redo"],"picked":"Glacier","floor":4.0},{"not_picked":["Cold Snap","Go for the Eyes"],"picked":"Glacier","floor":6.0},{"not_picked":["Heatsinks","Hello World"],"picked":"Capacitor","floor":12.0},{"not_picked":["Beam Cell","Go for the Eyes"],"picked":"Buffer","floor":13.0},{"not_picked":["Turbo","Fusion"],"picked":"Ball Lightning","floor":14.0},{"not_picked":["Thunder Strike","All For One"],"picked":"Electrodynamics","floor":16.0},{"not_picked":["Leap","Hologram","Lockon+1"],"picked":"Singing Bowl","floor":18.0},{"not_picked":["Conserve Battery","Scrape","Steam"],"picked":"Singing Bowl","floor":19.0},{"not_picked":["Chaos+1","Cold Snap","Hello World"],"picked":"Singing Bowl","floor":22.0},{"not_picked":["Gash","Streamline","Barrage"],"picked":"Singing Bowl","floor":24.0},{"not_picked":["Cold Snap","Double Energy","Gash"],"picked":"Singing Bowl","floor":25.0},{"not_picked":["Glacier","Heatsinks"],"picked":"Creative AI","floor":27.0},{"not_picked":["Barrage","Self Repair+1","Cold Snap"],"picked":"Singing Bowl","floor":28.0},{"not_picked":["Cold Snap","Steam"],"picked":"Recycle","floor":29.0},{"not_picked":["Cold Snap","Reprogram","Leap"],"picked":"Singing Bowl","floor":31.0},{"not_picked":["Machine Learning","Electrodynamics","Amplify"],"picked":"Singing Bowl","floor":33.0},{"not_picked":["Skim","Coolheaded","Stack"],"picked":"Singing Bowl","floor":35.0},{"not_picked":["Undo","Fusion","Melter"],"picked":"Singing Bowl","floor":37.0},{"not_picked":["Turbo+1","Streamline"],"picked":"Heatsinks+1","floor":39.0},{"not_picked":["Gash","Recycle","Auto Shields"],"picked":"Singing Bowl","floor":40.0},{"not_picked":["Amplify","Cold Snap","Coolheaded"],"picked":"Singing Bowl","floor":42.0},{"not_picked":["Reinforced Body","Static Discharge","Go for the Eyes"],"picked":"Singing Bowl","floor":44.0},{"not_picked":["Chill","Double Energy"],"picked":"Reinforced Body+1","floor":44.0},{"not_picked":["Rebound+1","Hologram","Auto Shields"],"picked":"Singing Bowl","floor":46.0},{"not_picked":["Barrage","Beam Cell+1","Storm+1"],"picked":"Singing Bowl","floor":46.0},{"not_picked":["Violence","Bandage Up","Forethought"],"picked":"Singing Bowl","floor":47.0},{"not_picked":["Forethought","Impatience","Trip"],"picked":"Singing Bowl","floor":47.0},{"not_picked":["Madness","Good Instincts"],"picked":"Apotheosis","floor":47.0},{"not_picked":["Force Field+1","Self Repair","Chaos"],"picked":"Singing Bowl","floor":48.0},{"not_picked":["Sunder+1","Gash+1","Coolheaded"],"picked":"Singing Bowl","floor":55.0}],"player_experience":3839223,"relics_obtained":[{"floor":9.0,"key":"Singing Bowl"},{"floor":12.0,"key":"Calipers"},{"floor":24.0,"key":"Letter Opener"},{"floor":27.0,"key":"Gremlin Horn"},{"floor":29.0,"key":"Potion Belt"},{"floor":30.0,"key":"Enchiridion"},{"floor":40.0,"key":"Omamori"},{"floor":40.0,"key":"Anchor"},{"floor":42.0,"key":"Prayer Wheel"},{"floor":42.0,"key":"Bag of Preparation"},{"floor":43.0,"key":"Dodecahedron"},{"floor":48.0,"key":"Oddly Smooth Stone"},{"floor":48.0,"key":"Meat on the Bone"},{"floor":55.0,"key":"Mercury Hourglass"},{"floor":55.0,"key":"Bottled Tornado"}],"event_choices":[{"damage_healed":23.0,"max_hp_gain":0.0,"max_hp_loss":0.0,"gold_gain":0.0,"event_name":"Big Fish","player_choice":"Banana","floor":5.0,"gold_loss":0.0,"damage_taken":0.0},{"damage_healed":0.0,"max_hp_gain":0.0,"max_hp_loss":0.0,"gold_gain":75.0,"event_name":"World of Goop","player_choice":"Gather Gold","floor":10.0,"gold_loss":0.0,"damage_taken":11.0},{"damage_healed":0.0,"max_hp_gain":0.0,"max_hp_loss":0.0,"gold_gain":0.0,"event_name":"Ghosts","player_choice":"Ignored","floor":21.0,"gold_loss":0.0,"damage_taken":0.0},{"damage_healed":0.0,"max_hp_gain":0.0,"max_hp_loss":0.0,"gold_gain":0.0,"event_name":"Cursed Tome","player_choice":"Obtained Book","floor":30.0,"gold_loss":0.0,"damage_taken":21.0},{"damage_healed":0.0,"max_hp_gain":0.0,"max_hp_loss":0.0,"gold_gain":0.0,"event_name":"Mysterious Sphere","player_choice":"Ignored","floor":38.0,"gold_loss":0.0,"damage_taken":0.0},{"damage_healed":19.0,"max_hp_gain":0.0,"max_hp_loss":0.0,"gold_gain":0.0,"event_name":"Winding Halls","player_choice":"Writhe","floor":45.0,"gold_loss":0.0,"damage_taken":0.0,"cards_obtained":["Writhe"]},{"damage_healed":0.0,"max_hp_gain":0.0,"max_hp_loss":0.0,"gold_gain":0.0,"event_name":"SensoryStone","player_choice":"Memory 3","floor":47.0,"gold_loss":0.0,"damage_taken":10.0}],"is_beta":false,"boss_relics":[{"not_picked":["Philosopher\u0027s Stone","Cursed Key"],"picked":"Snecko Eye"},{"not_picked":["Velvet Choker","Lizard Tail"],"picked":"Black Star"}],"items_purged_floors":[3],"is_endless":false,"potions_floor_spawned":[4,6,13,16,19,24,25,27,29,31,37,40,55],"ascension_level":20}