{"gold_per_floor":[117,42,42,42,62,89,89,106,163,193,193,223,233,265,265,344,344,363,363,374,374],"floor_reached":21,"playtime":577,"items_purged":[],"score":514,"play_id":"48bb0fe3-7f79-49bb-b363-d5670be2a53c","local_time":"20190414072003","is_ascension_mode":true,"campfire_choices":[{"data":"Darkness","floor":7,"key":"SMITH"},{"data":"Multi-Cast","floor":11,"key":"SMITH"},{"data":"Skim","floor":15,"key":"SMITH"}],"neow_cost":"NONE","seed_source_timestamp":70062738383463,"circlet_count":0,"master_deck":["AscendersBane","Strike_B","Defend_B","Defend_B","Defend_B","Defend_B","Zap","Dualcast","Skim+1","Darkness+1","Multi-Cast+1","Hologram","Recycle","Creative AI","Reinforced Body"],"relics":["Cracked Core","NeowsBlessing","Oddly Smooth Stone","Tiny Chest","Orichalcum","Smiling Mask","Du-Vu Doll","Nuclear Battery"],"potions_floor_usage":[],"damage_taken":[{"damage":0,"enemies":"2 Louse","floor":1,"turns":1},{"damage":0,"enemies":"Jaw Worm","floor":5,"turns":1},{"damage":0,"enemies":"Gremlin Nob","floor":6,"turns":1},{"damage":0,"enemies":"Cultist","floor":8,"turns":4},{"damage":8,"enemies":"Lagavulin","floor":10,"turns":5},{"damage":5,"enemies":"Gremlin Nob","floor":12,"turns":3},{"damage":5,"enemies":"Looter","floor":13,"turns":3},{"damage":0,"enemies":"Lagavulin","floor":14,"turns":4},{"damage":26,"enemies":"Hexaghost","floor":16,"turns":6},{"damage":5,"enemies":"Spheric Guardian","floor":18,"turns":3},{"damage":8,"enemies":"Shell Parasite","floor":20,"turns":7},{"damage":29,"enemies":"Chosen and Byrds","floor":21,"turns":5}],"seed_played":"7792950560568528914","potions_obtained":[{"floor":6,"key":"Explosive Potion"},{"floor":12,"key":"LiquidBronze"}],"is_trial":false,"path_per_floor":["M","?","$","?","M","E","R","M","T","E","R","E","M","E","R","B",null,"M","?","M","M"],"character_chosen":"DEFECT","items_purchased":[],"campfire_rested":0,"item_purchase_floors":[],"current_hp_per_floor":[64,64,64,64,64,64,64,64,64,56,56,51,46,46,46,20,58,53,53,45,16],"gold":374,"neow_bonus":"THREE_ENEMY_KILL","is_prod":false,"is_daily":false,"chose_seed":false,"campfire_upgraded":3,"win_rate":0,"timestamp":1555197603,"path_taken":["M","?","$","?","M","E","R","?","T","E","R","E","M","E","R","BOSS","M","?","?","M"],"build_version":"2019-01-23","purchased_purges":0,"victory":false,"max_hp_per_floor":[71,71,71,71,71,71,71,71,71,71,71,71,71,71,71,71,71,71,71,71,71],"card_choices":[{"not_picked":["Turbo","Redo"],"picked":"Skim","floor":1},{"not_picked":["Leap","Double Energy"],"picked":"Darkness","floor":5},{"not_picked":["Melter","Sunder","Tempest"],"picked":"SKIP","floor":6},{"not_picked":["Leap","Conserve Battery","Compile Driver"],"picked":"SKIP","floor":8},{"not_picked":["Cold Snap","Self Repair"],"picked":"Multi-Cast","floor":10},{"not_picked":["Beam Cell","Steam"],"picked":"Hologram","floor":12},{"not_picked":["Turbo","Leap"],"picked":"Recycle","floor":13},{"not_picked":["Amplify","Gash","Rainbow"],"picked":"SKIP","floor":14},{"not_picked":["Thunder Strike","Multi-Cast"],"picked":"Creative AI","floor":16},{"not_picked":["Leap","Aggregate","Reinforced Body"],"picked":"SKIP","floor":18},{"not_picked":["Streamline","Go for the Eyes","Recycle"],"picked":"SKIP","floor":20}],"player_experience":4274197,"relics_obtained":[{"floor":6,"key":"Oddly Smooth Stone"},{"floor":9,"key":"Tiny Chest"},{"floor":10,"key":"Orichalcum"},{"floor":12,"key":"Smiling Mask"},{"floor":14,"key":"Du-Vu Doll"}],"event_choices":[{"cards_removed":["Strike_B"],"damage_healed":0,"gold_gain":0,"player_choice":"Card Removal","damage_taken":0,"max_hp_gain":0,"max_hp_loss":0,"event_name":"The Cleric","floor":2,"gold_loss":75},{"cards_removed":["Strike_B"],"damage_healed":0,"gold_gain":0,"player_choice":"Offered Basic","damage_taken":0,"max_hp_gain":0,"max_hp_loss":0,"event_name":"Bonfire Elementals","floor":4,"gold_loss":0},{"damage_healed":0,"gold_gain":0,"cards_transformed":["Strike_B"],"player_choice":"Transformed","damage_taken":0,"max_hp_gain":0,"max_hp_loss":0,"event_name":"Transmorgrifier","floor":19,"gold_loss":0,"cards_obtained":["Reinforced Body"]}],"is_beta":false,"boss_relics":[{"not_picked":["Empty Cage","Black Star"],"picked":"Nuclear Battery"}],"items_purged_floors":[],"is_endless":false,"potions_floor_spawned":[6,12,13,14,20],"killed_by":"Chosen and Byrds","ascension_level":20}