{"gold_per_floor":[114,60,60,71,71,99,99,125,125,125,138,52,52,73,73,163,163,179,304,304,319,319,319,2,2,55,71,94,137,153,173,173,272,272],"floor_reached":34,"playtime":957,"items_purged":["Infinite Blades"],"score":800,"play_id":"38dfae1d-dbb4-4889-9f23-1ffd79882618","local_time":"20181127205727","is_ascension_mode":true,"campfire_choices":[{"data":"Flechettes","floor":7.0,"key":"SMITH"},{"data":"Neutralize","floor":10.0,"key":"SMITH"},{"data":"Noxious Fumes","floor":15.0,"key":"SMITH"},{"data":"Prepared","floor":23,"key":"SMITH"},{"data":"Footwork","floor":25,"key":"SMITH"},{"floor":32,"key":"REST"}],"neow_cost":"NONE","seed_source_timestamp":38693516205786,"circlet_count":0,"master_deck":["AscendersBane","Survivor","Neutralize+1","Flechettes+1","Noxious Fumes+1","Backflip","Corpse Explosion","Sucker Punch","Prepared+1","Predator","Deflect","Backflip","Acrobatics+1","Outmaneuver","Skewer","PiercingWail","Footwork+1"],"special_seed":0,"relics":["Ring of the Snake","NeowsBlessing","Turnip","Pear","Blood Vial","Gambling Chip","Golden Idol","Pandora\u0027s Box","The Specimen","Molten Egg 2","Oddly Smooth Stone","Bag of Preparation","Red Mask"],"potions_floor_usage":[],"damage_taken":[{"damage":0.0,"enemies":"Jaw Worm","floor":1.0,"turns":1.0},{"damage":0.0,"enemies":"Cultist","floor":4.0,"turns":1.0},{"damage":0.0,"enemies":"Lagavulin","floor":6.0,"turns":1.0},{"damage":0.0,"enemies":"2 Louse","floor":11.0,"turns":3.0},{"damage":0.0,"enemies":"Blue Slaver","floor":14.0,"turns":5.0},{"damage":25.0,"enemies":"The Guardian","floor":16.0,"turns":13.0},{"damage":14.0,"enemies":"2 Thieves","floor":18.0,"turns":4.0},{"damage":21.0,"enemies":"Colosseum Slavers","floor":19.0,"turns":3.0},{"damage":22.0,"enemies":"Colosseum Nobs","floor":19.0,"turns":4.0},{"damage":0.0,"enemies":"3 Byrds","floor":21.0,"turns":3.0},{"damage":0,"enemies":"3 Cultists","floor":27,"turns":2},{"damage":10,"enemies":"Snecko","floor":28,"turns":5},{"damage":0,"enemies":"Masked Bandits","floor":29,"turns":1},{"damage":19,"enemies":"Shelled Parasite and Fungi","floor":30,"turns":5},{"damage":3,"enemies":"Snake Plant","floor":31,"turns":4},{"damage":10,"enemies":"Automaton","floor":33,"turns":7}],"seed_played":"1418752162999613742","potions_obtained":[{"floor":6.0,"key":"Weak Potion"},{"floor":11.0,"key":"GhostInAJar"},{"floor":19.0,"key":"Weak Potion"}],"is_trial":false,"path_per_floor":["M","?","$","M","?","E","R","T","T","R","M","$","?","M","R","B",null,"M","?","?","M","?","R","$","R","T","M","M","?","M","M","R","B",null],"character_chosen":"THE_SILENT","items_purchased":["Noxious Fumes","Oddly Smooth Stone","Footwork"],"campfire_rested":1,"item_purchase_floors":[12,24,24],"current_hp_per_floor":[59,59,59,59,59,69,69,69,69,69,71,71,69,69,69,44,63,51,12,12,14,28,28,28,28,28,30,22,24,7,6,26,18,18],"gold":272,"neow_bonus":"THREE_ENEMY_KILL","is_prod":false,"is_daily":false,"chose_seed":false,"campfire_upgraded":5,"win_rate":0,"timestamp":1543323447,"path_taken":["M","?","$","?","?","E","R","?","T","R","M","?","?","?","R","BOSS","M","?","?","?","?","R","$","R","T","M","M","?","M","M","R","BOSS"],"build_version":"2018-11-15","purchased_purges":1,"victory":false,"max_hp_per_floor":[66,66,66,66,66,76,76,76,76,76,76,76,69,69,69,69,69,69,69,69,69,69,69,69,69,69,69,69,69,69,69,69,69,69],"card_choices":[{"not_picked":["Flying Knee","Dodge and Roll","Infinite Blades"],"picked":"SKIP","floor":1.0},{"not_picked":["Dagger Throw","Deflect","Outmaneuver"],"picked":"SKIP","floor":4.0},{"not_picked":["Sucker Punch","Terror"],"picked":"Flechettes","floor":6.0},{"not_picked":["Flying Knee","Wraith Form v2","Deflect"],"picked":"SKIP","floor":11.0},{"not_picked":["Slice","Blade Dance"],"picked":"Backflip","floor":14.0},{"not_picked":["Night Terror","Glass Knife"],"picked":"Corpse Explosion","floor":16.0},{"not_picked":["Backstab","Backflip","Dodge and Roll+1"],"picked":"SKIP","floor":18.0},{"not_picked":["Bane+1","Concentrate","Prepared"],"picked":"SKIP","floor":21.0},{"not_picked":["Flying Knee+1","Outmaneuver","Dagger Throw+1"],"picked":"SKIP","floor":27},{"not_picked":["Dodge and Roll","After Image","Blade Dance"],"picked":"SKIP","floor":28},{"not_picked":["Sucker Punch+1","Dagger Throw+1","Burst"],"picked":"SKIP","floor":30},{"not_picked":["Flying Knee+1","Poisoned Stab+1","Backstab+1"],"picked":"SKIP","floor":31}],"player_experience":1168489,"relics_obtained":[{"floor":6.0,"key":"Pear"},{"floor":8.0,"key":"Blood Vial"},{"floor":9.0,"key":"Gambling Chip"},{"floor":19.0,"key":"The Specimen"},{"floor":19.0,"key":"Molten Egg 2"},{"floor":26,"key":"Bag of Preparation"},{"floor":29,"key":"Red Mask"}],"event_choices":[{"damage_healed":0.0,"max_hp_gain":0.0,"max_hp_loss":0.0,"gold_gain":0.0,"event_name":"WeMeetAgain","player_choice":"Paid Gold","floor":2.0,"gold_loss":54.0,"damage_taken":0.0,"relics_obtained":["Turnip"]},{"damage_healed":0.0,"max_hp_gain":0.0,"max_hp_loss":0.0,"gold_gain":0.0,"event_name":"The Cleric","player_choice":"Leave","floor":5.0,"gold_loss":0.0,"damage_taken":0.0},{"damage_healed":0.0,"max_hp_gain":0.0,"max_hp_loss":7.0,"gold_gain":0.0,"event_name":"Golden Idol","player_choice":"Lose Max HP","floor":13.0,"gold_loss":0.0,"damage_taken":0.0,"relics_obtained":["Golden Idol"]},{"damage_healed":0.0,"max_hp_gain":0.0,"max_hp_loss":0.0,"gold_gain":0.0,"event_name":"Colosseum","player_choice":"Fight","floor":19.0,"gold_loss":0.0,"damage_taken":0.0},{"damage_healed":0.0,"max_hp_gain":0.0,"max_hp_loss":0.0,"gold_gain":0.0,"event_name":"Colosseum","player_choice":"Fought Nobs","floor":19.0,"gold_loss":0.0,"damage_taken":0.0},{"damage_healed":0.0,"max_hp_gain":0.0,"max_hp_loss":0.0,"gold_gain":0.0,"event_name":"Accursed Blacksmith","player_choice":"Forge","floor":20.0,"gold_loss":0.0,"damage_taken":0.0,"cards_upgraded":["Acrobatics"]},{"damage_healed":14,"gold_gain":0,"player_choice":"Heal","damage_taken":0,"max_hp_gain":0,"max_hp_loss":0,"event_name":"The Library","floor":22,"gold_loss":0},{"damage_healed":0,"gold_gain":0,"player_choice":"Fought Bandits","damage_taken":0,"max_hp_gain":0,"max_hp_loss":0,"event_name":"Masked Bandits","floor":29,"gold_loss":0}],"is_beta":true,"boss_relics":[{"not_picked":["Astrolabe","Snecko Eye"],"picked":"Pandora\u0027s Box"}],"items_purged_floors":[24],"is_endless":false,"potions_floor_spawned":[6,11,16,19,21,28,31,33],"ascension_level":20}