{"gold_per_floor":[368,384,384,194,194,194,208,208,255,267,144,114,114,131,131,233,283,301,320,114,134,59,59,93,93,164,14,14,30,30,30,30,130,130,143,143,143,155,172,172,200,200,200,200,213,213,228,254,254,254],"floor_reached":51,"playtime":1333,"items_purged":["Strike_G","Strike_G","Strike_G","Strike_G"],"score":861,"play_id":"3560c897-7c6b-4bd4-be4d-0fb12edf5d51","local_time":"20181017164401","is_ascension_mode":false,"campfire_choices":[{"data":"Leg Sweep","floor":6.0,"key":"SMITH"},{"data":"Footwork","floor":8.0,"key":"SMITH"},{"data":"Catalyst","floor":15.0,"key":"SMITH"},{"data":"Wraith Form v2","floor":23.0,"key":"SMITH"},{"data":"Bouncing Flask","floor":25.0,"key":"SMITH"},{"data":"Bouncing Flask","floor":30.0,"key":"SMITH"},{"data":"Deadly Poison","floor":32.0,"key":"SMITH"},{"data":"Defend_G","floor":40,"key":"SMITH"},{"data":"Defend_G","floor":42,"key":"SMITH"},{"data":"Defend_G","floor":44,"key":"SMITH"},{"data":"Defend_G","floor":46,"key":"SMITH"},{"data":"Defend_G","floor":49,"key":"SMITH"}],"neow_cost":"TEN_PERCENT_HP_LOSS","seed_source_timestamp":22522829629489,"circlet_count":0,"master_deck":["Defend_G+1","Defend_G+1","Defend_G+1","Defend_G+1","Defend_G+1","Survivor","Neutralize+1","Noxious Fumes+1","Leg Sweep+1","Footwork+1","Catalyst+1","Bouncing Flask+1","Bouncing Flask+1","Wraith Form v2+1","Deadly Poison+1","Bullet Time","Bouncing Flask+1","Night Terror","Footwork+1","Leg Sweep+1","Noxious Fumes+1"],"special_seed":0,"relics":["Ring of the Snake","FaceOfCleric","MawBank","Tiny House","Anchor","Matryoshka","MutagenicStrength","Runic Pyramid","Darkstone Periapt","Vajra","Frozen Egg 2","Smiling Mask"],"potions_floor_usage":[39,45,47,48,50,50],"damage_taken":[{"damage":0.0,"enemies":"Small Slimes","floor":1.0,"turns":4.0},{"damage":0.0,"enemies":"Cultist","floor":2.0,"turns":5.0},{"damage":0.0,"enemies":"Jaw Worm","floor":7.0,"turns":6.0},{"damage":7.0,"enemies":"Looter","floor":12.0,"turns":4.0},{"damage":2.0,"enemies":"Red Slaver","floor":14.0,"turns":4.0},{"damage":40.0,"enemies":"Hexaghost","floor":16.0,"turns":6.0},{"damage":3.0,"enemies":"Shell Parasite","floor":18.0,"turns":3.0},{"damage":22.0,"enemies":"2 Thieves","floor":19.0,"turns":5.0},{"damage":1.0,"enemies":"Centurion and Healer","floor":21.0,"turns":8.0},{"damage":8.0,"enemies":"Slavers","floor":24.0,"turns":7.0},{"damage":0.0,"enemies":"Snecko","floor":29.0,"turns":4.0},{"damage":25.0,"enemies":"Champ","floor":33.0,"turns":6.0},{"damage":0.0,"enemies":"Orb Walker","floor":35.0,"turns":2.0},{"damage":0,"enemies":"3 Shapes","floor":38,"turns":3},{"damage":0,"enemies":"Maw","floor":39,"turns":4},{"damage":0,"enemies":"Nemesis","floor":41,"turns":5},{"damage":1,"enemies":"Sphere and 2 Shapes","floor":45,"turns":8},{"damage":4,"enemies":"Transient","floor":47,"turns":5},{"damage":8,"enemies":"2 Orb Walkers","floor":48,"turns":4},{"damage":0,"enemies":"Awakened One","floor":50,"turns":12}],"seed_played":"3666020630767177952","potions_obtained":[{"floor":17.0,"key":"Explosive Potion"},{"floor":18.0,"key":"EssenceOfSteel"},{"floor":24.0,"key":"Energy Potion"},{"floor":29.0,"key":"Regen Potion"},{"floor":41,"key":"Regen Potion"},{"floor":45,"key":"Regen Potion"},{"floor":47,"key":"Energy Potion"}],"is_trial":false,"path_per_floor":["M","M","?","$","?","R","M","R","T","?","$","M","?","M","R","B",null,"M","M","$","M","?","R","E","R","T","$","?","M","R","?","R","B",null,"M","?","?","M","M","R","E","R","T","R","M","R","M","E","R","B"],"character_chosen":"THE_SILENT","items_purchased":["Noxious Fumes","Leg Sweep","Catalyst","Bullet Time"],"campfire_rested":0,"item_purchase_floors":[4,4,11,20],"current_hp_per_floor":[63,63,63,63,63,63,64,64,64,64,64,58,63,62,62,23,77,75,54,54,54,54,54,47,47,47,47,47,48,48,48,48,24,83,84,84,84,85,86,86,87,87,87,87,88,88,89,90,90,91],"gold":254,"neow_bonus":"TWO_FIFTY_GOLD","is_prod":false,"is_daily":false,"chose_seed":false,"campfire_upgraded":12,"win_rate":0,"timestamp":1539765841,"path_taken":["M","M","?","$","?","R","M","R","T","?","$","M","?","M","R","BOSS","M","M","$","M","?","R","E","R","T","$","?","?","R","?","R","BOSS","M","?","?","M","M","R","E","R","T","R","M","R","M","E","R","BOSS"],"build_version":"2018-10-11","purchased_purges":4,"victory":true,"max_hp_per_floor":[63,63,63,63,63,63,64,64,64,64,64,65,70,71,71,72,77,78,79,79,80,80,80,81,81,81,81,81,82,82,82,82,83,83,84,84,84,85,86,86,87,87,87,87,88,88,89,90,90,91],"card_choices":[{"not_picked":["Flying Knee","Accuracy","Distraction"],"picked":"SKIP","floor":1.0},{"not_picked":["Quick Slash","Outmaneuver","Sucker Punch"],"picked":"SKIP","floor":2.0},{"not_picked":["Blade Dance","Deflect"],"picked":"Footwork","floor":7.0},{"not_picked":["Underhanded Strike","Die Die Die"],"picked":"Bouncing Flask","floor":12.0},{"not_picked":["Blade Dance","Quick Slash"],"picked":"Bouncing Flask","floor":14.0},{"not_picked":["Die Die Die","Glass Knife"],"picked":"Wraith Form v2","floor":16.0},{"not_picked":["Dagger Spray","Backflip"],"picked":"Deadly Poison","floor":17.0},{"not_picked":["Dagger Throw+1","Underhanded Strike","Poisoned Stab"],"picked":"SKIP","floor":18.0},{"not_picked":["Outmaneuver+1","PiercingWail","Caltrops"],"picked":"SKIP","floor":19.0},{"not_picked":["Sucker Punch","Quick Slash","Terror+1"],"picked":"SKIP","floor":21.0},{"not_picked":["Finisher","Deflect"],"picked":"Bouncing Flask+1","floor":24.0},{"not_picked":["PiercingWail","Eviscerate","Finisher+1"],"picked":"SKIP","floor":29.0},{"not_picked":["After Image","Doppelganger"],"picked":"Night Terror","floor":33.0},{"not_picked":["Endless Agony","Bane+1","Slice"],"picked":"SKIP","floor":35.0},{"not_picked":["Backstab+1","Calculated Gamble","Prepared+1"],"picked":"SKIP","floor":38},{"not_picked":["Tactician","Outmaneuver+1"],"picked":"Footwork+1","floor":39},{"not_picked":["Masterful Stab","Blur+1","All Out Attack"],"picked":"SKIP","floor":41},{"not_picked":["Expertise+1","Dodge and Roll+1"],"picked":"Leg Sweep+1","floor":45},{"not_picked":["Dagger Throw","Prepared+1","Poisoned Stab"],"picked":"SKIP","floor":47},{"not_picked":["Calculated Gamble+1","Dagger Throw+1"],"picked":"Noxious Fumes+1","floor":48}],"player_experience":294426,"relics_obtained":[{"floor":9.0,"key":"MawBank"},{"floor":24.0,"key":"Anchor"},{"floor":26.0,"key":"Matryoshka"},{"floor":41,"key":"Darkstone Periapt"},{"floor":43,"key":"Vajra"},{"floor":43,"key":"Frozen Egg 2"},{"floor":48,"key":"Smiling Mask"}],"event_choices":[{"event_name":"FaceTrader","player_choice":"Trade","floor":3.0,"damage_taken":0.0},{"event_name":"Living Wall","player_choice":"Grow","floor":5.0,"damage_taken":0.0},{"event_name":"Liars Game","player_choice":"disagreed","floor":10.0,"damage_taken":0.0},{"event_name":"Big Fish","player_choice":"Donut","floor":13.0,"damage_taken":0.0},{"event_name":"Beggar","player_choice":"Gave Gold","floor":22.0,"damage_taken":0.0},{"event_name":"Cursed Tome","player_choice":"Ignored","floor":28.0,"damage_taken":0.0},{"event_name":"Drug Dealer","player_choice":"Inject Mutagens","floor":31.0,"damage_taken":0.0},{"event_name":"The Woman in Blue","player_choice":"Bought 0 Potions","floor":36.0,"damage_taken":0.0},{"event_name":"Mysterious Sphere","player_choice":"Ignore","floor":37,"damage_taken":0}],"is_beta":false,"boss_relics":[{"not_picked":["Lizard Tail","WristBlade"],"picked":"Tiny House"},{"not_picked":["Cursed Key","Philosopher\u0027s Stone"],"picked":"Runic Pyramid"}],"items_purged_floors":[4,11,20,27],"is_endless":false,"potions_floor_spawned":[18,24,29,41,45,47],"ascension_level":0}