{"gold_per_floor":[363,208,219,219,219,219,250,250,250,250,280,294,294,314,314,314],"floor_reached":16,"playtime":445,"items_purged":["Strike_G"],"score":216,"play_id":"3538f1a5-9c26-42ae-848c-5145f9ce6903","local_time":"20190204141603","is_ascension_mode":true,"campfire_choices":[{"data":"Bouncing Flask","floor":6.0,"key":"SMITH"},{"data":"Noxious Fumes","floor":8.0,"key":"SMITH"},{"data":"Neutralize","floor":10.0,"key":"SMITH"},{"data":"Escape Plan","floor":15.0,"key":"SMITH"}],"neow_cost":"TEN_PERCENT_HP_LOSS","seed_source_timestamp":18126804259334,"circlet_count":0,"master_deck":["AscendersBane","Defend_G","Defend_G","Defend_G","Defend_G","Defend_G","Strike_G","Strike_G","Strike_G","Survivor","Neutralize+1","Escape Plan+1","Noxious Fumes+1","Bouncing Flask+1"],"special_seed":0,"relics":["Ring of the Snake","Oddly Smooth Stone","Frozen Egg 2","Orichalcum"],"potions_floor_usage":[16,16],"damage_taken":[{"damage":0.0,"enemies":"2 Louse","floor":1.0,"turns":3.0},{"damage":1.0,"enemies":"Cultist","floor":3.0,"turns":5.0},{"damage":12.0,"enemies":"Lagavulin","floor":7.0,"turns":6.0},{"damage":21.0,"enemies":"Gremlin Nob","floor":11.0,"turns":4.0},{"damage":0.0,"enemies":"Jaw Worm","floor":12.0,"turns":3.0},{"damage":0.0,"enemies":"Exordium Thugs","floor":14.0,"turns":5.0},{"damage":0,"enemies":"Slime Boss","floor":16,"turns":8}],"seed_played":"-9215573451698418748","potions_obtained":[{"floor":3.0,"key":"Fire Potion"},{"floor":11.0,"key":"PowerPotion"}],"is_trial":false,"path_per_floor":["M","$","M","?","?","R","E","R","T","R","E","M","?","M","R","B"],"character_chosen":"THE_SILENT","items_purchased":["Noxious Fumes"],"campfire_rested":0,"item_purchase_floors":[2],"current_hp_per_floor":[59,59,58,51,51,51,39,39,39,39,18,18,9,9,9,9],"gold":314,"neow_bonus":"TWO_FIFTY_GOLD","is_prod":false,"is_daily":false,"chose_seed":false,"campfire_upgraded":4,"win_rate":0,"timestamp":1549260963,"path_taken":["M","$","M","?","?","R","E","R","T","R","E","M","?","M","R","BOSS"],"build_version":"2019-01-23","purchased_purges":1,"victory":false,"max_hp_per_floor":[60,60,60,60,60,60,60,60,60,60,60,60,60,60,60,60],"card_choices":[{"not_picked":["Slice","Prepared"],"picked":"Escape Plan","floor":1.0},{"not_picked":["Choke","Eviscerate"],"picked":"Bouncing Flask","floor":3.0},{"not_picked":["Bane","Terror","Distraction"],"picked":"SKIP","floor":7.0},{"not_picked":["Flying Knee","Dagger Spray","Finisher"],"picked":"SKIP","floor":11.0},{"not_picked":["Acrobatics","Outmaneuver","Slice"],"picked":"SKIP","floor":12.0},{"not_picked":["Bane","Skewer","Deflect"],"picked":"SKIP","floor":14.0},{"not_picked":["Bane","Skewer","Deflect"],"picked":"SKIP","floor":14.0}],"player_experience":2504752,"relics_obtained":[{"floor":7.0,"key":"Oddly Smooth Stone"},{"floor":9.0,"key":"Frozen Egg 2"},{"floor":11.0,"key":"Orichalcum"}],"event_choices":[{"cards_removed":["Strike_G"],"damage_healed":0.0,"max_hp_gain":0.0,"max_hp_loss":0.0,"gold_gain":0.0,"event_name":"Golden Wing","player_choice":"Card Removal","floor":4.0,"gold_loss":0.0,"damage_taken":7.0},{"damage_healed":0.0,"max_hp_gain":0.0,"max_hp_loss":0.0,"gold_gain":0.0,"event_name":"Liars Game","player_choice":"Ignored","floor":5.0,"gold_loss":0.0,"damage_taken":0.0},{"damage_healed":0.0,"max_hp_gain":0.0,"max_hp_loss":0.0,"gold_gain":0.0,"event_name":"Wheel of Change","player_choice":"Damaged","floor":13.0,"gold_loss":0.0,"damage_taken":9.0}],"is_beta":false,"boss_relics":[],"items_purged_floors":[2],"is_endless":false,"potions_floor_spawned":[3,11],"killed_by":"Slime Boss","ascension_level":20}