{"gold_per_floor":[211,223,223,253,272,283,130,130,180,180,0,13,25,25,25,125,125,138,26,49,49,49,49,79,94,94,104,19,29,29,29,29,129,129,143,43,58,58,58,58,70,70,70,70,85,85,135,154,154,154],"floor_reached":51,"playtime":1599,"items_purged":["Strike_G","Strike_G"],"score":685,"play_id":"28f1ebd5-e5ce-4187-89ff-01f96f094ae2","local_time":"20181017124543","is_ascension_mode":false,"campfire_choices":[{"data":"Noxious Fumes","floor":8.0,"key":"SMITH"},{"data":"Catalyst","floor":10.0,"key":"SMITH"},{"data":"Apotheosis","floor":15.0,"key":"SMITH"},{"data":"Well Laid Plans","floor":23.0,"key":"SMITH"},{"data":"Footwork","floor":30.0,"key":"SMITH"},{"data":"Noxious Fumes","floor":32.0,"key":"SMITH"},{"data":"Burst","floor":40,"key":"SMITH"},{"data":"Catalyst","floor":42,"key":"SMITH"},{"data":"Deadly Poison","floor":46,"key":"SMITH"},{"data":"Neutralize","floor":49,"key":"SMITH"}],"neow_cost":"NONE","seed_source_timestamp":8241862655092,"circlet_count":0,"master_deck":["Defend_G","Defend_G","Defend_G","Defend_G","Defend_G","Strike_G","Strike_G","Survivor","Neutralize+1","Deadly Poison+1","Backflip","Catalyst+1","Noxious Fumes+1","Apotheosis+1","Well Laid Plans+1","Bullet Time","Footwork+1","Noxious Fumes+1","Backflip","Burst+1","Sucker Punch+1","Well Laid Plans+1","Catalyst+1"],"special_seed":0,"relics":["Ring of the Snake","Pen Nib","Coffee Dripper","Strawberry","Nloth\u0027s Gift","Red Mask","Molten Egg 2","Letter Opener","White Beast Statue","Pear","SsserpentHead"],"potions_floor_usage":[48,50,50],"damage_taken":[{"damage":0.0,"enemies":"Cultist","floor":1.0,"turns":5.0},{"damage":0.0,"enemies":"Small Slimes","floor":2.0,"turns":3.0},{"damage":0.0,"enemies":"Jaw Worm","floor":5.0,"turns":4.0},{"damage":0.0,"enemies":"Exordium Wildlife","floor":6.0,"turns":4.0},{"damage":0.0,"enemies":"Red Slaver","floor":12.0,"turns":4.0},{"damage":0.0,"enemies":"Looter","floor":13.0,"turns":3.0},{"damage":7.0,"enemies":"Slime Boss","floor":16.0,"turns":10.0},{"damage":0.0,"enemies":"Shell Parasite","floor":18.0,"turns":4.0},{"damage":28.0,"enemies":"Masked Bandits","floor":24.0,"turns":6.0},{"damage":3.0,"enemies":"3 Byrds","floor":25.0,"turns":4.0},{"damage":1.0,"enemies":"Snecko","floor":27.0,"turns":5.0},{"damage":0.0,"enemies":"3 Cultists","floor":29.0,"turns":4.0},{"damage":5.0,"enemies":"Collector","floor":33.0,"turns":6.0},{"damage":16,"enemies":"Orb Walker","floor":35,"turns":4},{"damage":0,"enemies":"3 Darklings","floor":37,"turns":5},{"damage":0,"enemies":"Sphere and 2 Shapes","floor":41,"turns":5},{"damage":0,"enemies":"4 Shapes","floor":45,"turns":6},{"damage":12,"enemies":"Transient","floor":48,"turns":5},{"damage":24,"enemies":"Awakened One","floor":50,"turns":10}],"seed_played":"-8870308328857712114","potions_obtained":[{"floor":5.0,"key":"PowerPotion"},{"floor":24.0,"key":"Fire Potion"},{"floor":25.0,"key":"SpeedPotion"},{"floor":35,"key":"Strength Potion"},{"floor":37,"key":"SteroidPotion"},{"floor":45,"key":"SpeedPotion"},{"floor":48,"key":"Poison Potion"}],"is_trial":false,"path_per_floor":["M","M","?","T","M","M","$","R","T","R","$","M","M","$","R","B",null,"M","$","T","?","?","R","?","M","T","M","?","M","R","$","R","B",null,"M","$","M","$","$","R","M","R","T","?","M","R","?","M","R","B"],"character_chosen":"THE_SILENT","items_purchased":["Catalyst","Noxious Fumes","Apotheosis","Footwork"],"campfire_rested":0,"item_purchase_floors":[7,7,11,19],"current_hp_per_floor":[70,70,70,70,70,70,70,70,70,70,70,70,70,70,70,63,70,70,70,77,77,63,63,35,32,32,31,31,31,31,31,31,26,82,66,66,66,66,66,66,66,66,76,76,76,76,76,64,64,40],"gold":154,"neow_bonus":"HUNDRED_GOLD","is_prod":false,"is_daily":false,"chose_seed":false,"campfire_upgraded":10,"win_rate":0,"timestamp":1539751543,"path_taken":["M","M","?","?","M","M","$","R","T","R","$","M","M","?","R","BOSS","M","$","?","?","?","R","?","M","T","M","?","M","R","$","R","BOSS","M","$","?","?","$","R","M","R","T","?","M","R","?","M","R","BOSS"],"build_version":"2018-10-11","purchased_purges":2,"victory":true,"max_hp_per_floor":[70,70,70,70,70,70,70,70,70,70,70,70,70,70,70,70,70,70,70,77,77,82,82,82,82,82,82,82,82,82,82,82,82,82,82,82,82,82,82,82,82,82,92,92,92,92,87,87,87,87],"card_choices":[{"not_picked":["Endless Agony","Sucker Punch"],"picked":"Deadly Poison","floor":1.0},{"not_picked":["Sucker Punch","Prepared","Infinite Blades"],"picked":"SKIP","floor":2.0},{"not_picked":["Bane","PiercingWail","Eviscerate"],"picked":"SKIP","floor":5.0},{"not_picked":["Poisoned Stab","Flechettes"],"picked":"Backflip","floor":6.0},{"not_picked":["Acrobatics","Backflip"],"picked":"Well Laid Plans","floor":12.0},{"not_picked":["Setup","Flying Knee","Outmaneuver"],"picked":"SKIP","floor":13.0},{"not_picked":["Storm of Steel","Unload"],"picked":"Bullet Time","floor":16.0},{"not_picked":["PiercingWail","Predator","Expertise"],"picked":"SKIP","floor":18.0},{"not_picked":["Dash+1","Blade Dance+1"],"picked":"Noxious Fumes","floor":24.0},{"not_picked":["Outmaneuver+1","Setup","Terror+1"],"picked":"SKIP","floor":25.0},{"not_picked":["Setup","Dagger Throw+1"],"picked":"Backflip","floor":27.0},{"not_picked":["Quick Slash+1","Deflect","Grand Finale+1"],"picked":"SKIP","floor":29.0},{"not_picked":["Wraith Form v2","Storm of Steel"],"picked":"Burst","floor":33.0},{"not_picked":["Dagger Throw+1","Tactician+1"],"picked":"Sucker Punch+1","floor":35},{"not_picked":["Dagger Throw+1","Blur+1"],"picked":"Well Laid Plans+1","floor":37},{"not_picked":["Bane+1","Accuracy"],"picked":"Catalyst","floor":41},{"not_picked":["Sucker Punch+1","Outmaneuver+1","Slice+1"],"picked":"SKIP","floor":45},{"not_picked":["Outmaneuver+1","Blade Dance+1","Slice+1"],"picked":"SKIP","floor":48}],"player_experience":280848,"relics_obtained":[{"floor":4.0,"key":"Tiny Chest"},{"floor":9.0,"key":"Pen Nib"},{"floor":20.0,"key":"Strawberry"},{"floor":24.0,"key":"Red Mask"},{"floor":26.0,"key":"Molten Egg 2"},{"floor":43,"key":"Pear"}],"event_choices":[{"event_name":"Purifier","player_choice":"One Purge","floor":3.0,"damage_taken":0.0},{"event_name":"N\u0027loth","player_choice":"Traded a Tiny Chest","floor":21.0,"damage_taken":0.0},{"event_name":"Forgotten Altar","player_choice":"Shed Blood","floor":22.0,"damage_taken":0.0},{"event_name":"Masked Bandits","player_choice":"Fought Bandits","floor":24.0,"damage_taken":0.0},{"event_name":"Addict","player_choice":"Obtained Relic","floor":28.0,"damage_taken":0.0},{"event_name":"FaceTrader","player_choice":"Trade","floor":44,"damage_taken":0},{"event_name":"Winding Halls","player_choice":"Max HP","floor":47,"damage_taken":0}],"is_beta":false,"boss_relics":[{"not_picked":["Busted Crown","Snecko Eye"],"picked":"Coffee Dripper"},{"not_picked":["HoveringKite","Runic Dome"],"picked":"White Beast Statue"}],"items_purged_floors":[19,36],"is_endless":false,"potions_floor_spawned":[5,24,25,35,37,41,45,48],"ascension_level":0}