{"gold_per_floor":[368,385,395,5,18,46,46,80,115,127,151,194,217,229,241,253],"floor_reached":16,"playtime":390,"items_purged":[],"score":244,"play_id":"73049014-339f-48a8-ba0a-131e48ea6d78","local_time":"20190224001006","is_ascension_mode":true,"campfire_choices":[{"floor":7.0,"key":"REST"},{"data":"Turbo","floor":10.0,"key":"SMITH"},{"data":"Zap","floor":15.0,"key":"SMITH"}],"neow_cost":"PERCENT_DAMAGE","seed_source_timestamp":533570969541824,"circlet_count":0,"master_deck":["AscendersBane","Strike_B","Strike_B","Strike_B","Strike_B","Defend_B","Defend_B","Defend_B","Defend_B","Zap+1","Dualcast","Cold Snap","Turbo+1","Blizzard","Biased Cognition","Hologram+1","Ball Lightning","Reinforced Body","Capacitor","Rainbow","Stack"],"special_seed":0,"relics":["Cracked Core","Medical Kit","Bronze Scales","MawBank","Centennial Puzzle","Blood Vial"],"potions_floor_usage":[],"damage_taken":[{"damage":0.0,"enemies":"Cultist","floor":1.0,"turns":3.0},{"damage":10.0,"enemies":"Jaw Worm","floor":2.0,"turns":3.0},{"damage":4.0,"enemies":"Small Slimes","floor":3.0,"turns":3.0},{"damage":11.0,"enemies":"Blue Slaver","floor":5.0,"turns":4.0},{"damage":8.0,"enemies":"Gremlin Nob","floor":6.0,"turns":3.0},{"damage":4.0,"enemies":"3 Sentries","floor":8.0,"turns":5.0},{"damage":7.0,"enemies":"Exordium Thugs","floor":11.0,"turns":4.0},{"damage":13.0,"enemies":"Lagavulin","floor":12.0,"turns":7.0},{"damage":0.0,"enemies":"Large Slime","floor":13.0,"turns":3.0},{"damage":34,"enemies":"The Guardian","floor":16,"turns":2}],"seed_played":"1762581200105407471","potions_obtained":[{"floor":2.0,"key":"Strength Potion"},{"floor":8.0,"key":"EssenceOfSteel"},{"floor":11.0,"key":"Ancient Potion"},{"floor":12.0,"key":"FocusPotion"},{"floor":13.0,"key":"EssenceOfSteel"}],"is_trial":false,"path_per_floor":["M","M","M","$","M","E","R","E","T","R","M","E","M","?","R","B"],"character_chosen":"DEFECT","items_purchased":["Medical Kit","Biased Cognition"],"campfire_rested":1,"item_purchase_floors":[4,4],"current_hp_per_floor":[46,36,32,32,21,13,34,30,30,30,23,10,12,12,12,0],"gold":253,"neow_bonus":"TWO_FIFTY_GOLD","is_prod":false,"is_daily":false,"chose_seed":false,"campfire_upgraded":2,"win_rate":0,"timestamp":1550938206,"path_taken":["M","M","M","$","M","E","R","E","T","R","M","E","?","?","R","BOSS"],"build_version":"2019-01-23","purchased_purges":0,"victory":false,"max_hp_per_floor":[71,71,71,71,71,71,71,71,71,71,71,71,71,71,71,71],"card_choices":[{"not_picked":["Stack","Rebound"],"picked":"Cold Snap","floor":1.0},{"not_picked":["Stack","Leap"],"picked":"Turbo","floor":2.0},{"not_picked":["Leap","Streamline"],"picked":"Blizzard","floor":3.0},{"not_picked":["Multi-Cast","Blizzard"],"picked":"Hologram","floor":5.0},{"not_picked":["Genetic Algorithm","Chill"],"picked":"Ball Lightning","floor":6.0},{"not_picked":["Streamline","Hologram"],"picked":"Reinforced Body","floor":8.0},{"not_picked":["Hologram","Reprogram"],"picked":"Capacitor","floor":11.0},{"not_picked":["Conserve Battery","Rebound"],"picked":"Rainbow","floor":12.0},{"not_picked":["Genetic Algorithm","Gash"],"picked":"Stack","floor":13.0}],"player_experience":955944,"relics_obtained":[{"floor":6.0,"key":"Bronze Scales"},{"floor":8.0,"key":"MawBank"},{"floor":9.0,"key":"Centennial Puzzle"},{"floor":12.0,"key":"Blood Vial"}],"event_choices":[{"damage_healed":0.0,"max_hp_gain":0.0,"max_hp_loss":0.0,"gold_gain":0.0,"event_name":"Upgrade Shrine","player_choice":"Upgraded","floor":14.0,"gold_loss":0.0,"damage_taken":0.0,"cards_upgraded":["Hologram"]}],"is_beta":false,"boss_relics":[],"items_purged_floors":[],"is_endless":false,"potions_floor_spawned":[2,8,11,12,13],"killed_by":"The Guardian","ascension_level":20}