{"gold_per_floor":[18,18,18,41,56,56,56,94,166,166,166,202,215,233,233,331,331,345,25,25,46,61,61,104,19,19,19,58,58,82,123,123,221,221,236,251,251,21,42,85,85,85,109,125,125,166,41,81,81,81],"floor_reached":50,"playtime":3954,"items_purged":["Strike_G"],"score":1342,"play_id":"460fa18a-98e5-43ec-a197-18baee5ea235","local_time":"20190727144830","is_ascension_mode":true,"campfire_choices":[{"floor":6,"key":"REST"},{"floor":10,"key":"REST"},{"floor":11,"key":"REST"},{"data":"Bane","floor":15,"key":"SMITH"},{"floor":23,"key":"REST"},{"floor":27,"key":"REST"},{"floor":29,"key":"REST"},{"floor":32,"key":"REST"},{"floor":41,"key":"RECALL"},{"floor":49,"key":"REST"}],"neow_cost":"NO_GOLD","seed_source_timestamp":184549456511005,"circlet_count":0,"master_deck":["AscendersBane","Strike_G","Strike_G","Strike_G","Defend_G","Defend_G","Defend_G","Defend_G","Defend_G","Survivor","Neutralize","Terror","Slice","Bane+1","Unload","Footwork","Dagger Throw","Malaise+1","Crippling Poison+1","Backflip+1","Caltrops+1","Well Laid Plans+1","Backflip+1","Burst+1","Expertise+1","Backflip+1","Bullet Time+1","Outmaneuver+1","A Thousand Cuts","Madness+1","Madness+1","Dodge and Roll+1","Outmaneuver+1","Bouncing Flask+1"],"relics":["Ring of the Snake","WingedGreaves","Golden Idol","Toxic Egg 2","Mercury Hourglass","Fusion Hammer","Bird Faced Urn","Nloth\u0027s Gift","Meat on the Bone","Turnip","Vajra","Tough Bandages","Runic Pyramid","Chemical X","Bag of Preparation","PreservedInsect","Bottled Lightning","Paper Crane"],"potions_floor_usage":[16,24,33,40,46],"damage_taken":[{"damage":21,"enemies":"Jaw Worm","floor":1,"turns":8},{"damage":3,"enemies":"2 Louse","floor":4,"turns":3},{"damage":1,"enemies":"Cultist","floor":5,"turns":4},{"damage":40,"enemies":"3 Sentries","floor":8,"turns":11},{"damage":13,"enemies":"Lagavulin","floor":12,"turns":4},{"damage":19,"enemies":"Gremlin Gang","floor":13,"turns":3},{"damage":7,"enemies":"Blue Slaver","floor":14,"turns":2},{"damage":0,"enemies":"Slime Boss","floor":16,"turns":8},{"damage":16,"enemies":"Spheric Guardian","floor":18,"turns":4},{"damage":0,"enemies":"3 Byrds","floor":21,"turns":3},{"damage":14,"enemies":"Snake Plant","floor":22,"turns":5},{"damage":15,"enemies":"Gremlin Leader","floor":24,"turns":6},{"damage":44,"enemies":"Slavers","floor":28,"turns":4},{"damage":14,"enemies":"Snecko","floor":30,"turns":5},{"damage":27,"enemies":"Gremlin Leader","floor":31,"turns":6},{"damage":69,"enemies":"Champ","floor":33,"turns":16},{"damage":3,"enemies":"Orb Walker","floor":35,"turns":3},{"damage":2,"enemies":"3 Darklings","floor":36,"turns":4},{"damage":25,"enemies":"Spire Growth","floor":39,"turns":5},{"damage":15,"enemies":"Giant Head","floor":40,"turns":9},{"damage":0,"enemies":"Maw","floor":44,"turns":6},{"damage":16,"enemies":"Reptomancer","floor":46,"turns":6},{"damage":0,"enemies":"Nemesis","floor":48,"turns":5},{"damage":70,"enemies":"Donu and Deca","floor":50,"turns":9}],"seed_played":"-3601472350985718857","potions_obtained":[{"floor":4,"key":"Fire Potion"},{"floor":8,"key":"LiquidBronze"},{"floor":13,"key":"FairyPotion"},{"floor":22,"key":"PowerPotion"},{"floor":30,"key":"GamblersBrew"},{"floor":33,"key":"Regen Potion"},{"floor":36,"key":"GamblersBrew"},{"floor":46,"key":"SpeedPotion"}],"is_trial":false,"path_per_floor":["M","?","?","M","M","R","?","E","T","R","R","E","M","M","R","B",null,"M","$","?","M","M","R","E","?","T","R","E","R","M","E","R","B",null,"M","M","?","$","M","E","R","?","T","M","?","E","$","E","R","B"],"character_chosen":"THE_SILENT","items_purchased":["Bird Faced Urn","Chemical X","Outmaneuver+1"],"campfire_rested":8,"item_purchase_floors":[19,38,47],"current_hp_per_floor":[38,38,31,28,27,45,45,5,5,23,41,28,9,2,2,2,46,30,30,30,32,20,38,27,27,27,45,17,35,37,28,46,18,50,51,55,55,55,35,38,38,27,27,35,35,42,42,50,60,0],"gold":81,"neow_bonus":"ONE_RARE_RELIC","is_prod":false,"is_daily":false,"chose_seed":false,"campfire_upgraded":1,"win_rate":0,"timestamp":1564231710,"path_taken":["M","?","?","M","M","R","?","E","T","R","R","E","M","M","R","BOSS","M","$","?","M","?","R","E","?","T","R","E","R","M","E","R","BOSS","M","M","?","$","?","E","R","?","T","M","?","E","?","E","R","BOSS"],"build_version":"2019-07-17","purchased_purges":1,"victory":false,"max_hp_per_floor":[66,60,60,60,60,60,60,60,60,60,60,60,60,60,60,60,60,60,60,60,60,60,60,60,60,60,60,60,60,60,60,60,60,60,60,60,60,60,60,60,60,60,60,60,60,60,60,60,60,60],"card_choices":[{"not_picked":["Backflip","Outmaneuver"],"picked":"Terror","floor":1},{"not_picked":["Calculated Gamble","Bouncing Flask"],"picked":"Slice","floor":4},{"not_picked":["Cloak And Dagger","Storm of Steel"],"picked":"Bane","floor":5},{"not_picked":["Calculated Gamble","Quick Slash","Setup"],"picked":"SKIP","floor":8},{"not_picked":["Deflect+1","Prepared+1"],"picked":"Footwork","floor":12},{"not_picked":["Quick Slash","Eviscerate","Outmaneuver+1"],"picked":"SKIP","floor":13},{"not_picked":["Blade Dance+1","Sucker Punch"],"picked":"Dagger Throw","floor":14},{"not_picked":["After Image","Glass Knife"],"picked":"Malaise+1","floor":16},{"not_picked":["Blur+1","Setup+1"],"picked":"Crippling Poison+1","floor":18},{"not_picked":["Cloak And Dagger+1","Deflect+1"],"picked":"Backflip+1","floor":21},{"not_picked":["All Out Attack","Finisher"],"picked":"Caltrops+1","floor":22},{"not_picked":["Die Die Die","Accuracy","Riddle With Holes"],"picked":"SKIP","floor":24},{"not_picked":["Terror+1","Dash","Prepared+1"],"picked":"SKIP","floor":28},{"not_picked":["Underhanded Strike+1","Finisher"],"picked":"Well Laid Plans+1","floor":30},{"not_picked":["Distraction+1","Slice"],"picked":"Backflip+1","floor":31},{"not_picked":["Bullet Time+1","Malaise+1"],"picked":"Burst+1","floor":33},{"not_picked":["Sucker Punch","Crippling Poison+1"],"picked":"Expertise+1","floor":35},{"not_picked":["Cloak And Dagger+1","Finisher"],"picked":"Backflip+1","floor":36},{"not_picked":["Blade Dance+1","Acrobatics+1"],"picked":"Outmaneuver+1","floor":39},{"not_picked":["Accuracy","Well Laid Plans"],"picked":"A Thousand Cuts","floor":40},{"not_picked":["Quick Slash","Blade Dance+1"],"picked":"Dodge and Roll+1","floor":44},{"not_picked":["All Out Attack","Setup+1","Underhanded Strike+1"],"picked":"SKIP","floor":46},{"not_picked":["All Out Attack","Setup+1","Underhanded Strike+1"],"picked":"SKIP","floor":46},{"not_picked":["Glass Knife","Cloak And Dagger+1"],"picked":"Bouncing Flask+1","floor":48}],"player_experience":766983,"relics_obtained":[{"floor":8,"key":"Orichalcum"},{"floor":9,"key":"Toxic Egg 2"},{"floor":12,"key":"Mercury Hourglass"},{"floor":24,"key":"Meat on the Bone"},{"floor":28,"key":"Vajra"},{"floor":31,"key":"Tough Bandages"},{"floor":40,"key":"Bag of Preparation"},{"floor":43,"key":"PreservedInsect"},{"floor":46,"key":"Bottled Lightning"},{"floor":48,"key":"Paper Crane"}],"event_choices":[{"damage_healed":0,"gold_gain":0,"player_choice":"Lose Max HP","damage_taken":0,"relics_obtained":["Golden Idol"],"max_hp_gain":0,"max_hp_loss":6,"event_name":"Golden Idol","floor":2,"gold_loss":0},{"cards_removed":["Strike_G"],"damage_healed":0,"gold_gain":0,"player_choice":"Card Removal","damage_taken":7,"max_hp_gain":0,"max_hp_loss":0,"event_name":"Golden Wing","floor":3,"gold_loss":0},{"damage_healed":0,"gold_gain":0,"player_choice":"2 cards matched","damage_taken":0,"max_hp_gain":0,"max_hp_loss":0,"event_name":"Match and Keep!","floor":7,"gold_loss":0,"cards_obtained":["Dagger Throw","Unload"]},{"damage_healed":0,"gold_gain":0,"player_choice":"Traded Relic","damage_taken":0,"relics_obtained":["Nloth\u0027s Gift"],"max_hp_gain":0,"max_hp_loss":0,"event_name":"N\u0027loth","floor":20,"relics_lost":["Orichalcum"],"gold_loss":0},{"damage_healed":0,"gold_gain":0,"player_choice":"Obtained Relic","damage_taken":0,"relics_obtained":["Turnip"],"max_hp_gain":0,"max_hp_loss":0,"event_name":"Addict","floor":25,"gold_loss":85},{"damage_healed":0,"gold_gain":0,"player_choice":"1 cards matched","damage_taken":0,"max_hp_gain":0,"max_hp_loss":0,"event_name":"Match and Keep!","floor":37,"gold_loss":0,"cards_obtained":["Bullet Time"]},{"damage_healed":0,"gold_gain":0,"player_choice":"Embrace Madness","damage_taken":11,"max_hp_gain":0,"max_hp_loss":0,"event_name":"Winding Halls","floor":42,"gold_loss":0,"cards_obtained":["Madness","Madness"]},{"cards_removed":["Dagger Throw"],"damage_healed":0,"gold_gain":0,"player_choice":"Removed Attack","damage_taken":0,"max_hp_gain":0,"max_hp_loss":0,"event_name":"Falling","floor":45,"gold_loss":0}],"is_beta":false,"boss_relics":[{"not_picked":["Ring of the Serpent","Pandora\u0027s Box"],"picked":"Fusion Hammer"},{"not_picked":["White Beast Statue","Empty Cage"],"picked":"Runic Pyramid"}],"items_purged_floors":[47],"is_endless":false,"potions_floor_spawned":[4,8,13,22,30,31,33,36,39,46],"killed_by":"Donu and Deca","ascension_level":20}