{"gold_per_floor":[119,119,131,56,56,84,84,99,99,62,91,110,10,10,10,88,88,104,104,54,104,115,142,155,185,185,185,196,196,212,223,223,297,297,313,313,330,383,258,291,301,335,358,358,208,220,220,239,239,239,239,239,239,64,99,99],"floor_reached":56,"playtime":2655,"items_purged":["Strike_G","Strike_G","Strike_G","Strike_G","Strike_G"],"score":1995,"play_id":"d1a038bf-0507-4a10-8852-aaba657b98ac","local_time":"20181118013019","is_ascension_mode":true,"campfire_choices":[{"data":"Neutralize","floor":7.0,"key":"SMITH"},{"data":"Catalyst","floor":15.0,"key":"SMITH"},{"data":"Footwork","floor":27.0,"key":"SMITH"},{"data":"Grand Finale","floor":29.0,"key":"SMITH"},{"floor":32.0,"key":"REST"},{"floor":47.0,"key":"RECALL"},{"data":"Deadly Poison","floor":49.0,"key":"SMITH"},{"data":"Survivor","floor":53.0,"key":"SMITH"}],"neow_cost":"NONE","seed_source_timestamp":1518513597731007,"circlet_count":0,"master_deck":["AscendersBane","Defend_G","Defend_G","Defend_G","Defend_G","Survivor+1","Neutralize+1","Dagger Throw","Deadly Poison+1","Grand Finale+1","Expertise","Footwork+1","Catalyst+1","Backflip","Acrobatics","Blur"],"special_seed":0,"relics":["Ring of the Snake","NeowsBlessing","Meat on the Bone","Pear","FaceOfCleric","Runic Pyramid","Letter Opener","Paper Crane","Turnip","Busted Crown","Prayer Wheel","Matryoshka","Centennial Puzzle","Ninja Scroll","Bag of Marbles","Art of War","Blood Vial","Bottled Flame"],"potions_floor_usage":[56],"damage_taken":[{"damage":0.0,"enemies":"2 Louse","floor":1.0,"turns":1.0},{"damage":0.0,"enemies":"Cultist","floor":3.0,"turns":1.0},{"damage":0.0,"enemies":"Gremlin Nob","floor":6.0,"turns":1.0},{"damage":9.0,"enemies":"Jaw Worm","floor":8.0,"turns":4.0},{"damage":2.0,"enemies":"3 Sentries","floor":11.0,"turns":2.0},{"damage":0.0,"enemies":"Exordium Thugs","floor":12.0,"turns":7.0},{"damage":12.0,"enemies":"Hexaghost","floor":16.0,"turns":9.0},{"damage":16.0,"enemies":"2 Thieves","floor":18.0,"turns":3.0},{"damage":13.0,"enemies":"Shell Parasite","floor":22.0,"turns":4.0},{"damage":3.0,"enemies":"Gremlin Leader","floor":23.0,"turns":7.0},{"damage":4.0,"enemies":"Snecko","floor":24.0,"turns":6.0},{"damage":31.0,"enemies":"Slavers","floor":25.0,"turns":6.0},{"damage":8.0,"enemies":"Snake Plant","floor":28.0,"turns":5.0},{"damage":13.0,"enemies":"Chosen and Byrds","floor":30.0,"turns":5.0},{"damage":12.0,"enemies":"Cultist and Chosen","floor":31.0,"turns":4.0},{"damage":30.0,"enemies":"Champ","floor":33.0,"turns":10.0},{"damage":0.0,"enemies":"Orb Walker","floor":35.0,"turns":3.0},{"damage":10.0,"enemies":"3 Shapes","floor":37.0,"turns":2.0},{"damage":42.0,"enemies":"2 Orb Walkers","floor":38.0,"turns":5.0},{"damage":10.0,"enemies":"Reptomancer","floor":40.0,"turns":5.0},{"damage":0.0,"enemies":"Sphere and 2 Shapes","floor":41.0,"turns":3.0},{"damage":19.0,"enemies":"Nemesis","floor":42.0,"turns":9.0},{"damage":0.0,"enemies":"Transient","floor":46.0,"turns":6.0},{"damage":9.0,"enemies":"Spire Growth","floor":48.0,"turns":4.0},{"damage":23.0,"enemies":"Time Eater","floor":50.0,"turns":14.0},{"damage":30.0,"enemies":"Donu and Deca","floor":51.0,"turns":11.0},{"damage":41.0,"enemies":"Shield and Spear","floor":55.0,"turns":6.0},{"damage":71,"enemies":"The Heart","floor":56,"turns":6}],"seed_played":"7549446386019260037","potions_obtained":[{"floor":6.0,"key":"Energy Potion"},{"floor":8.0,"key":"SpeedPotion"},{"floor":25.0,"key":"LiquidBronze"},{"floor":28.0,"key":"SneckoOil"},{"floor":30.0,"key":"SneckoOil"},{"floor":31.0,"key":"LiquidBronze"},{"floor":38.0,"key":"LiquidBronze"}],"is_trial":false,"path_per_floor":["M","?","M","$","$","E","R","M","T","$","E","M","$","?","R","B",null,"M","?","$","?","M","E","M","E","T","R","M","R","M","M","R","B",null,"M","?","M","?","$","E","M","E","T","T","$","M","R","M","R","B","B",null,"R","$","E","B"],"character_chosen":"THE_SILENT","items_purchased":["Expertise","Backflip"],"campfire_rested":1,"item_purchase_floors":[10,20],"current_hp_per_floor":[59,50,50,50,50,50,50,41,41,41,49,49,49,49,49,50,70,55,55,55,55,43,41,50,32,32,32,37,37,37,38,63,46,76,77,77,68,39,39,42,55,49,49,49,49,52,52,58,58,50,35,81,81,81,55,0],"gold":99,"neow_bonus":"THREE_ENEMY_KILL","is_prod":false,"is_daily":false,"chose_seed":false,"campfire_upgraded":6,"win_rate":0,"timestamp":1542475819,"path_taken":["M","?","M","?","$","E","R","M","T","?","E","?","$","?","R","BOSS","M","?","$","?","M","E","M","E","T","R","M","R","M","?","R","BOSS","M","?","M","?","$","E","M","E","T","?","$","M","R","M","R","BOSS","BOSS","R","$","E","BOSS"],"build_version":"2018-11-15","purchased_purges":5,"victory":false,"max_hp_per_floor":[66,66,66,66,66,66,66,66,66,66,76,76,76,76,76,77,77,78,78,78,78,79,80,81,82,82,82,83,83,84,85,85,86,86,87,87,88,89,89,90,91,92,92,92,92,93,93,94,94,95,96,96,96,96,97,97],"card_choices":[{"not_picked":["Terror","Accuracy"],"picked":"Dagger Throw","floor":1.0},{"not_picked":["Deflect","Outmaneuver"],"picked":"Deadly Poison","floor":3.0},{"not_picked":["Outmaneuver","Cloak And Dagger"],"picked":"Grand Finale","floor":6.0},{"not_picked":["Backstab","Sucker Punch","Setup"],"picked":"SKIP","floor":8.0},{"not_picked":["Backflip","Quick Slash"],"picked":"Footwork","floor":11.0},{"not_picked":["Dodge and Roll","Outmaneuver"],"picked":"Catalyst","floor":12.0},{"not_picked":["Poisoned Stab+1","Distraction","Backstab"],"picked":"SKIP","floor":18.0},{"not_picked":["Poisoned Stab","Sucker Punch","Dagger Throw"],"picked":"SKIP","floor":22.0},{"not_picked":["Bouncing Flask","Accuracy","Leg Sweep"],"picked":"SKIP","floor":23.0},{"not_picked":["Footwork","Noxious Fumes+1","Masterful Stab"],"picked":"SKIP","floor":24.0},{"not_picked":["Expertise","Catalyst"],"picked":"Acrobatics","floor":25.0},{"not_picked":["Poisoned Stab+1","Dodge and Roll","Quick Slash+1"],"picked":"SKIP","floor":28.0},{"not_picked":["Infinite Blades","Catalyst","Deflect"],"picked":"SKIP","floor":30.0},{"not_picked":["Dodge and Roll","Acrobatics","Blade Dance"],"picked":"SKIP","floor":31.0},{"not_picked":["Deadly Poison+1"],"picked":"SKIP","floor":35.0},{"not_picked":["Cloak And Dagger+1"],"picked":"SKIP","floor":37.0},{"not_picked":["Cloak And Dagger+1"],"picked":"SKIP","floor":40.0},{"not_picked":["Slice"],"picked":"SKIP","floor":41.0},{"not_picked":["PiercingWail"],"picked":"SKIP","floor":41.0},{"not_picked":["Reflex"],"picked":"SKIP","floor":42.0},{"not_picked":["Eviscerate"],"picked":"SKIP","floor":46.0},{"not_picked":["Blade Dance"],"picked":"SKIP","floor":46.0},{"not_picked":[],"picked":"Blur","floor":48.0},{"not_picked":["Quick Slash"],"picked":"SKIP","floor":48.0},{"not_picked":["Predator"],"picked":"SKIP","floor":55.0}],"player_experience":522981,"relics_obtained":[{"floor":6.0,"key":"Meat on the Bone"},{"floor":11.0,"key":"Pear"},{"floor":23.0,"key":"Letter Opener"},{"floor":25.0,"key":"Paper Crane"},{"floor":26.0,"key":"Turnip"},{"floor":38.0,"key":"Prayer Wheel"},{"floor":40.0,"key":"Matryoshka"},{"floor":42.0,"key":"Centennial Puzzle"},{"floor":43.0,"key":"Ninja Scroll"},{"floor":43.0,"key":"Bag of Marbles"},{"floor":44.0,"key":"Art of War"},{"floor":44.0,"key":"Blood Vial"},{"floor":55.0,"key":"Bottled Flame"}],"event_choices":[{"damage_healed":0.0,"max_hp_gain":0.0,"max_hp_loss":0.0,"gold_gain":0.0,"event_name":"Wheel of Change","player_choice":"Damaged","floor":2.0,"gold_loss":0.0,"damage_taken":9.0},{"damage_healed":0.0,"max_hp_gain":0.0,"max_hp_loss":0.0,"gold_gain":0.0,"event_name":"FaceTrader","player_choice":"Trade","floor":14.0,"gold_loss":0.0,"damage_taken":0.0,"relics_obtained":["FaceOfCleric"]},{"damage_healed":0.0,"max_hp_gain":0.0,"max_hp_loss":0.0,"gold_gain":0.0,"event_name":"Vampires","player_choice":"Ignored","floor":19.0,"gold_loss":0.0,"damage_taken":0.0},{"damage_healed":0.0,"max_hp_gain":0.0,"max_hp_loss":0.0,"gold_gain":50.0,"event_name":"Golden Shrine","player_choice":"Pray","floor":21.0,"gold_loss":0.0,"damage_taken":0.0},{"cards_removed":["Defend_G"],"damage_healed":0.0,"max_hp_gain":0.0,"max_hp_loss":0.0,"gold_gain":0.0,"event_name":"Falling","player_choice":"Removed Skill","floor":36.0,"gold_loss":0.0,"damage_taken":0.0},{"damage_healed":0.0,"max_hp_gain":0.0,"max_hp_loss":0.0,"gold_gain":0.0,"event_name":"Mysterious Sphere","player_choice":"Fight","floor":38.0,"gold_loss":0.0,"damage_taken":0.0}],"is_beta":true,"boss_relics":[{"not_picked":["Pandora\u0027s Box","Ectoplasm"],"picked":"Runic Pyramid"},{"not_picked":["White Beast Statue","Orrery"],"picked":"Busted Crown"}],"items_purged_floors":[4,13,39,45,54],"is_endless":false,"potions_floor_spawned":[6,8,11,16,22,25,28,30,31,38,41,42,48],"killed_by":"The Heart","ascension_level":20}