{"gold_per_floor":[114,133,152,168,168,168,168,168,193,46,59,59,86,96,96,200,200,217,217,217,230,410,410,425,437,437,437],"floor_reached":27,"playtime":3349,"items_purged":["Strike_R"],"score":301,"play_id":"8811373e-6d51-4d2c-ab55-66091d85836c","local_time":"20190727090516","is_ascension_mode":true,"campfire_choices":[{"data":"Rage","floor":6,"key":"SMITH"},{"data":"Shrug It Off","floor":8,"key":"SMITH"},{"data":"Rampage","floor":12,"key":"SMITH"},{"data":"Rage","floor":15,"key":"SMITH"},{"floor":23,"key":"REST"}],"neow_cost":"NONE","seed_source_timestamp":588964444122534,"circlet_count":0,"master_deck":["Strike_R","Strike_R","Strike_R+1","Strike_R+1","Defend_R","Defend_R","Defend_R+1","Defend_R","Bash+1","Blind","Sword Boomerang","Shrug It Off+1","Rage+1","Cleave","Rampage+1","Cleave","Rage+1","Barricade","Body Slam+1","Necronomicurse","Body Slam","Body Slam"],"relics":["Burning Blood","Whetstone","Bag of Preparation","Philosopher\u0027s Stone","Necronomicon","Matryoshka"],"potions_floor_usage":[4,13,16,18,25,27],"damage_taken":[{"damage":6,"enemies":"2 Louse","floor":1,"turns":4},{"damage":7,"enemies":"Jaw Worm","floor":2,"turns":3},{"damage":2,"enemies":"Small Slimes","floor":3,"turns":4},{"damage":12,"enemies":"3 Louse","floor":4,"turns":3},{"damage":6,"enemies":"Gremlin Gang","floor":11,"turns":5},{"damage":9,"enemies":"Lagavulin","floor":13,"turns":5},{"damage":0,"enemies":"Looter","floor":14,"turns":3},{"damage":17,"enemies":"Hexaghost","floor":16,"turns":9},{"damage":13,"enemies":"2 Thieves","floor":18,"turns":4},{"damage":0,"enemies":"Spheric Guardian","floor":21,"turns":5},{"damage":1,"enemies":"3 Cultists","floor":24,"turns":6},{"damage":6,"enemies":"Centurion and Healer","floor":25,"turns":6},{"damage":40,"enemies":"Gremlin Leader","floor":27,"turns":6}],"seed_played":"4149399904028229600","potions_obtained":[{"floor":2,"key":"FearPotion"},{"floor":3,"key":"Explosive Potion"},{"floor":4,"key":"Ancient Potion"},{"floor":11,"key":"AttackPotion"},{"floor":16,"key":"Explosive Potion"},{"floor":24,"key":"SkillPotion"},{"floor":25,"key":"Explosive Potion"}],"is_trial":false,"path_per_floor":["M","M","M","M","?","R","?","R","T","$","M","R","E","M","R","B",null,"M","?","?","M","?","R","M","M","T","E"],"character_chosen":"IRONCLAD","items_purchased":["Rampage"],"campfire_rested":1,"item_purchase_floors":[10],"current_hp_per_floor":[72,71,75,69,53,53,53,53,53,53,53,53,50,56,56,45,71,64,48,48,54,14,38,43,43,43,3],"gold":437,"neow_bonus":"RANDOM_COLORLESS","is_prod":false,"is_daily":false,"chose_seed":false,"campfire_upgraded":4,"win_rate":0,"timestamp":1564236316,"path_taken":["M","M","M","M","?","R","?","R","T","?","M","R","E","M","R","BOSS","M","?","?","?","?","R","M","M","T","E"],"build_version":"2019-07-17","purchased_purges":1,"victory":false,"max_hp_per_floor":[80,80,80,80,80,80,80,80,80,80,80,80,80,80,80,80,80,80,80,80,80,80,80,80,80,80,80],"card_choices":[{"not_picked":["Sentinel","Warcry"],"picked":"Sword Boomerang","floor":1},{"not_picked":["Thunderclap","Warcry"],"picked":"Shrug It Off","floor":2},{"not_picked":["Juggernaut","Intimidate"],"picked":"Rage","floor":3},{"not_picked":["Anger","Pummel"],"picked":"Cleave","floor":4},{"not_picked":["Clash","Reckless Charge","True Grit"],"picked":"SKIP","floor":11},{"not_picked":["Armaments","Sever Soul"],"picked":"Cleave","floor":13},{"not_picked":["Clash","Heavy Blade"],"picked":"Rage","floor":14},{"not_picked":["Fiend Fire","Berserk"],"picked":"Barricade","floor":16},{"not_picked":["Heavy Blade","Clash"],"picked":"Body Slam","floor":18},{"not_picked":["Twin Strike+1","Perfected Strike","Corruption+1"],"picked":"SKIP","floor":21},{"not_picked":["Warcry","Blood for Blood"],"picked":"Body Slam","floor":24},{"not_picked":["Sever Soul+1","Armaments"],"picked":"Body Slam","floor":25}],"player_experience":327507,"relics_obtained":[{"floor":9,"key":"Whetstone"},{"floor":13,"key":"Bag of Preparation"},{"floor":19,"key":"Necronomicon"},{"floor":26,"key":"Matryoshka"}],"event_choices":[{"damage_healed":0,"gold_gain":0,"player_choice":"Entered Light","damage_taken":16,"max_hp_gain":0,"max_hp_loss":0,"event_name":"Shining Light","floor":5,"gold_loss":0,"cards_upgraded":["Bash","Defend_R"]},{"damage_healed":0,"gold_gain":0,"player_choice":"Ignored","damage_taken":0,"max_hp_gain":0,"max_hp_loss":0,"event_name":"Liars Game","floor":7,"gold_loss":0},{"damage_healed":0,"gold_gain":0,"player_choice":"Obtained Book","damage_taken":16,"max_hp_gain":0,"max_hp_loss":0,"event_name":"Cursed Tome","floor":19,"gold_loss":0},{"damage_healed":0,"gold_gain":0,"player_choice":"Upgraded","damage_taken":0,"max_hp_gain":0,"max_hp_loss":0,"event_name":"Upgrade Shrine","floor":20,"gold_loss":0,"cards_upgraded":["Body Slam"]},{"damage_healed":0,"gold_gain":180,"player_choice":"GOLD GOLD POTION POTION ","damage_taken":40,"max_hp_gain":0,"max_hp_loss":0,"event_name":"Knowing Skull","floor":22,"potions_obtained":["Ancient Potion","Poison Potion"],"gold_loss":0,"cards_obtained":[]}],"is_beta":false,"boss_relics":[{"not_picked":["Runic Cube","Coffee Dripper"],"picked":"Philosopher\u0027s Stone"}],"items_purged_floors":[10],"is_endless":false,"potions_floor_spawned":[2,3,4,11,16,24,25],"killed_by":"Gremlin Leader","ascension_level":8}