{"gold_per_floor":[109,127,46,63,63,63,63,3,30,30,30],"floor_reached":11,"playtime":178,"items_purged":[],"score":122,"play_id":"0fa9e999-0d1c-4157-aa44-99bbc141c77b","local_time":"20190218214049","is_ascension_mode":true,"campfire_choices":[{"data":"Grand Finale","floor":6,"key":"SMITH"},{"data":"Calculated Gamble","floor":10,"key":"SMITH"}],"neow_cost":"NONE","seed_source_timestamp":49137488790186,"circlet_count":0,"master_deck":["AscendersBane","Defend_G","Defend_G","Defend_G","Defend_G","Defend_G","Strike_G","Strike_G","Strike_G","Strike_G","Survivor","Neutralize","Footwork","Grand Finale+1","Calculated Gamble+1"],"relics":["Philosopher\u0027s Stone","Anchor"],"potions_floor_usage":[],"damage_taken":[{"damage":8,"enemies":"Jaw Worm","floor":1,"turns":5},{"damage":8,"enemies":"Small Slimes","floor":2,"turns":4},{"damage":12,"enemies":"Cultist","floor":4,"turns":5},{"damage":10,"enemies":"Looter","floor":8,"turns":5},{"damage":0,"enemies":"3 Sentries","floor":11,"turns":1}],"seed_played":"-8610869292905609596","potions_obtained":[{"floor":2,"key":"Dexterity Potion"},{"floor":4,"key":"Block Potion"}],"is_trial":false,"path_per_floor":["M","M","$","M","$","R","?","M","T","R","E"],"character_chosen":"THE_SILENT","items_purchased":["Grand Finale"],"campfire_rested":0,"item_purchase_floors":[3],"current_hp_per_floor":[51,43,43,31,31,31,31,21,21,21,21],"gold":30,"neow_bonus":"BOSS_RELIC","is_prod":false,"is_daily":false,"chose_seed":false,"campfire_upgraded":2,"win_rate":0,"timestamp":1550497249,"path_taken":["M","M","$","M","$","R","?","M","T","R","E"],"build_version":"2019-01-23","purchased_purges":0,"victory":false,"max_hp_per_floor":[66,66,66,66,66,66,66,66,66,66,66],"card_choices":[{"not_picked":["Dodge and Roll","Outmaneuver","Riddle With Holes"],"picked":"SKIP","floor":1},{"not_picked":["Dagger Throw","Cloak And Dagger"],"picked":"Footwork","floor":2},{"not_picked":["Outmaneuver","Dagger Spray","Sucker Punch"],"picked":"SKIP","floor":4},{"not_picked":["Slice","Deflect","Blur"],"picked":"SKIP","floor":8}],"player_experience":2923459,"relics_obtained":[{"floor":9,"key":"Anchor"}],"event_choices":[{"damage_healed":0,"gold_gain":0,"cards_transformed":["Strike_G"],"player_choice":"Change","damage_taken":0,"max_hp_gain":0,"max_hp_loss":0,"event_name":"Living Wall","floor":7,"gold_loss":0,"cards_obtained":["Calculated Gamble"]}],"is_beta":false,"boss_relics":[],"items_purged_floors":[],"is_endless":false,"potions_floor_spawned":[2,4],"killed_by":"3 Sentries","ascension_level":20}