{"gold_per_floor":[115,115,0,18,30,30,63,75,155,155,155,174,174,184,184,184],"floor_reached":16,"playtime":410,"items_purged":[],"score":204,"play_id":"41732315-39ac-444a-a499-4b9e511bf616","local_time":"20190109183949","is_ascension_mode":true,"campfire_choices":[{"data":"Defragment","floor":6.0,"key":"SMITH"},{"data":"Darkness","floor":10.0,"key":"SMITH"},{"data":"Capacitor","floor":13,"key":"SMITH"},{"floor":15,"key":"REST"}],"neow_cost":"PERCENT_DAMAGE","seed_source_timestamp":23638228488929,"circlet_count":0,"master_deck":["AscendersBane","Strike_B","Strike_B","Defend_B","Defend_B","Defend_B","Zap","Dualcast","Go for the Eyes","Streamline","Defragment+1","Darkness+1","Rainbow","Capacitor+1","Auto Shields","Genetic Algorithm"],"special_seed":0,"relics":["Cracked Core","Peace Pipe","Mercury Hourglass","Potion Belt"],"potions_floor_usage":[],"damage_taken":[{"damage":2.0,"enemies":"2 Louse","floor":1.0,"turns":4.0},{"damage":0.0,"enemies":"Cultist","floor":4.0,"turns":3.0},{"damage":10.0,"enemies":"Small Slimes","floor":5.0,"turns":3.0},{"damage":12.0,"enemies":"Lagavulin","floor":7.0,"turns":7.0},{"damage":6.0,"enemies":"Looter","floor":8.0,"turns":2.0},{"damage":5,"enemies":"3 Louse","floor":12,"turns":3},{"damage":24,"enemies":"Gremlin Gang","floor":14,"turns":3},{"damage":36,"enemies":"Slime Boss","floor":16,"turns":3}],"seed_played":"1809449486952678093","potions_obtained":[{"floor":4.0,"key":"Regen Potion"},{"floor":5.0,"key":"Fire Potion"},{"floor":8.0,"key":"LiquidBronze"},{"floor":14,"key":"SpeedPotion"}],"is_trial":false,"path_per_floor":["M","?","$","M","M","R","E","M","T","R","?","M","R","M","R","B"],"character_chosen":"DEFECT","items_purchased":["Streamline","Defragment"],"campfire_rested":1,"item_purchase_floors":[3,3],"current_hp_per_floor":[44,44,44,44,34,34,37,31,31,31,31,26,26,2,23,0],"gold":184,"neow_bonus":"REMOVE_TWO","is_prod":false,"is_daily":false,"chose_seed":false,"campfire_upgraded":3,"win_rate":0,"timestamp":1547030389,"path_taken":["M","?","$","M","?","R","E","M","T","R","?","M","R","M","R","BOSS"],"build_version":"2019-01-03v4","purchased_purges":0,"victory":false,"max_hp_per_floor":[71,71,71,71,71,71,71,71,71,71,71,71,71,71,71,71],"card_choices":[{"not_picked":["Stack","Cold Snap"],"picked":"Go for the Eyes","floor":1.0},{"not_picked":["Barrage","Rebound"],"picked":"Darkness","floor":4.0},{"not_picked":["Conserve Battery","Double Energy"],"picked":"Rainbow","floor":5.0},{"not_picked":["Lockon","FTL"],"picked":"Capacitor","floor":7.0},{"not_picked":["Reprogram","Fusion"],"picked":"Auto Shields","floor":8.0},{"not_picked":["Fusion","Double Energy","Stack"],"picked":"SKIP","floor":12},{"not_picked":["Gash","Stack"],"picked":"Genetic Algorithm","floor":14}],"player_experience":1885310,"relics_obtained":[{"floor":7.0,"key":"Peace Pipe"},{"floor":9.0,"key":"Mercury Hourglass"}],"event_choices":[{"cards_removed":["Defend_B"],"damage_healed":0.0,"max_hp_gain":0.0,"max_hp_loss":0.0,"gold_gain":0.0,"event_name":"Bonfire Elementals","player_choice":"Offered Basic","floor":2.0,"gold_loss":0.0,"damage_taken":0.0},{"damage_healed":0,"gold_gain":0,"player_choice":"Searched \u00271\u0027 times","damage_taken":0,"relics_obtained":["Potion Belt"],"max_hp_gain":0,"max_hp_loss":0,"event_name":"Dead Adventurer","floor":11,"gold_loss":0}],"is_beta":false,"boss_relics":[],"items_purged_floors":[],"is_endless":false,"potions_floor_spawned":[4,5,8,14],"killed_by":"Slime Boss","ascension_level":20}