{"gold_per_floor":[17,292,311,5,5,5,17,17,42,54,54,71,71,101,101,172,172,172,172,172,172],"floor_reached":21,"playtime":544,"items_purged":["Regret"],"score":362,"play_id":"1c4bf016-0650-4ca4-ac57-93d95f4d2345","local_time":"20190222210057","is_ascension_mode":true,"campfire_choices":[{"data":"Uppercut","floor":6.0,"key":"SMITH"},{"data":"Darkness","floor":8.0,"key":"SMITH"},{"data":"Immolate","floor":11.0,"key":"SMITH"},{"data":"Deadly Poison","floor":15.0,"key":"SMITH"}],"neow_cost":"NO_GOLD","seed_source_timestamp":38305212715426,"circlet_count":0,"master_deck":["AscendersBane","Strike_R","Strike_R","Strike_R","Strike_R","Strike_R","Defend_R","Defend_R","Defend_R","Defend_R","Bash","Immolate+1","Uppercut+1","Darkness+1","Backflip","Deadly Poison+1","Dark Embrace","Juggernaut","Acrobatics","Deadly Poison+1"],"special_seed":0,"relics":["Burning Blood","PrismaticShard","Bag of Preparation","Boot","Ectoplasm"],"potions_floor_usage":[19],"damage_taken":[{"damage":9.0,"enemies":"Jaw Worm","floor":1.0,"turns":4.0},{"damage":1.0,"enemies":"Cultist","floor":3.0,"turns":3.0},{"damage":3.0,"enemies":"Small Slimes","floor":7.0,"turns":3.0},{"damage":3.0,"enemies":"Looter","floor":10.0,"turns":2.0},{"damage":15.0,"enemies":"Exordium Thugs","floor":12.0,"turns":2.0},{"damage":11.0,"enemies":"Gremlin Nob","floor":14.0,"turns":3.0},{"damage":33.0,"enemies":"Slime Boss","floor":16.0,"turns":9.0},{"damage":16.0,"enemies":"3 Byrds","floor":18.0,"turns":5.0},{"damage":0,"enemies":"Shell Parasite","floor":19,"turns":1},{"damage":44,"enemies":"Centurion and Healer","floor":20,"turns":6},{"damage":46,"enemies":"Cultist and Chosen","floor":21,"turns":5}],"seed_played":"2351990176740689191","potions_obtained":[{"floor":1.0,"key":"Block Potion"},{"floor":16.0,"key":"SmokeBomb"}],"is_trial":false,"path_per_floor":["M","?","M","$","T","R","M","R","T","M","R","M","$","E","R","B",null,"M","M","M","M"],"character_chosen":"IRONCLAD","items_purchased":["PrismaticShard"],"campfire_rested":0,"item_purchase_floors":[4],"current_hp_per_floor":[65,65,70,70,70,70,73,73,73,75,75,66,66,61,61,34,65,55,61,23,0],"gold":172,"neow_bonus":"THREE_RARE_CARDS","is_prod":false,"is_daily":false,"chose_seed":false,"campfire_upgraded":4,"win_rate":0,"timestamp":1550840457,"path_taken":["M","?","M","$","?","R","M","R","T","?","R","M","$","E","R","BOSS","M","M","?","M"],"build_version":"2019-01-23","purchased_purges":1,"victory":false,"max_hp_per_floor":[75,75,75,75,75,75,75,75,75,75,75,75,75,75,75,75,75,75,75,75,75],"card_choices":[{"not_picked":["Dark Embrace","Brutality"],"picked":"Immolate","floor":0.0},{"not_picked":["Iron Wave","Battle Trance"],"picked":"Uppercut","floor":1.0},{"not_picked":["Wild Strike","Headbutt","Flex"],"picked":"SKIP","floor":3.0},{"not_picked":["Armaments","Clash"],"picked":"Darkness","floor":7.0},{"not_picked":["Anger","Sentinel"],"picked":"Backflip","floor":10.0},{"not_picked":["Distraction","Crippling Poison"],"picked":"Deadly Poison","floor":12.0},{"not_picked":["Prepared","Wild Strike"],"picked":"Dark Embrace","floor":14.0},{"not_picked":["Brutality","HandOfGreed"],"picked":"Juggernaut","floor":16.0},{"not_picked":["Cleave","Blade Dance+1"],"picked":"Acrobatics","floor":18.0},{"not_picked":["Sword Boomerang","Heavy Blade"],"picked":"Deadly Poison+1","floor":20}],"player_experience":3055687,"relics_obtained":[{"floor":9.0,"key":"Bag of Preparation"},{"floor":14.0,"key":"Boot"}],"event_choices":[{"damage_healed":0.0,"max_hp_gain":0.0,"max_hp_loss":0.0,"gold_gain":275.0,"event_name":"Golden Shrine","player_choice":"Desecrate","floor":2.0,"gold_loss":0.0,"damage_taken":0.0,"cards_obtained":["Regret"]}],"is_beta":false,"boss_relics":[{"not_picked":["Tiny House","Lizard Tail"],"picked":"Ectoplasm"}],"items_purged_floors":[4],"is_endless":false,"potions_floor_spawned":[1,16],"killed_by":"Cultist and Chosen","ascension_level":20}