{"gold_per_floor":[118,134,150,162,173,173,207,225,280,455,170,170],"floor_reached":12,"playtime":325,"items_purged":["Doubt"],"score":135,"play_id":"166fed5c-edd4-44a9-8b7b-1ffdbff57347","local_time":"20181011234150","is_ascension_mode":true,"campfire_choices":[{"floor":6,"key":"REST"}],"neow_cost":"NONE","seed_source_timestamp":2728088927061,"circlet_count":0,"master_deck":["Strike_R","Strike_R","Strike_R","Strike_R","Strike_R","Defend_R","Defend_R","Defend_R","Defend_R","Bash","AscendersBane","Dark Embrace","Dropkick","Clash","Whirlwind"],"relics":["Burning Blood","Oddly Smooth Stone","Happy Flower","PrismaticShard"],"potions_floor_usage":[5,7],"damage_taken":[{"damage":10,"enemies":"2 Louse","floor":1,"turns":4},{"damage":10,"enemies":"Small Slimes","floor":2,"turns":3},{"damage":11,"enemies":"Jaw Worm","floor":3,"turns":4},{"damage":44,"enemies":"Large Slime","floor":4,"turns":6},{"damage":19,"enemies":"Exordium Wildlife","floor":5,"turns":4},{"damage":30,"enemies":"3 Sentries","floor":7,"turns":9},{"damage":7,"enemies":"Looter","floor":8,"turns":5},{"damage":13,"enemies":"Blue Slaver","floor":12,"turns":1}],"seed_played":"1455712371810674220","potions_obtained":[{"floor":1,"key":"Strength Potion"},{"floor":4,"key":"Explosive Potion"},{"floor":8,"key":"FearPotion"}],"is_trial":false,"path_per_floor":["M","M","M","M","M","R","E","M","T","?","$"],"character_chosen":"IRONCLAD","items_purchased":["PrismaticShard"],"campfire_rested":1,"item_purchase_floors":[11],"current_hp_per_floor":[68,64,59,21,8,32,8,7,7,7,7,0],"gold":170,"neow_bonus":"ONE_RANDOM_RARE_CARD","is_prod":false,"is_daily":false,"chose_seed":false,"campfire_upgraded":0,"win_rate":0,"timestamp":1539272510,"path_taken":["M","M","M","M","M","R","E","M","T","?","$","M"],"build_version":"2018-10-04v2","purchased_purges":1,"victory":false,"max_hp_per_floor":[80,80,80,80,80,80,80,80,80,80,80,80],"card_choices":[{"not_picked":["Entrench","Anger"],"picked":"Dropkick","floor":1},{"not_picked":["Power Through","Body Slam"],"picked":"Clash","floor":2},{"not_picked":["Flame Barrier","Battle Trance","Flex"],"picked":"SKIP","floor":3},{"not_picked":["Intimidate","Shrug It Off","Havoc"],"picked":"SKIP","floor":4},{"not_picked":["Anger","Havoc","Armaments"],"picked":"SKIP","floor":5},{"not_picked":["Rupture","Body Slam","Power Through"],"picked":"SKIP","floor":7},{"not_picked":["Dark Embrace","Heavy Blade"],"picked":"Whirlwind","floor":8}],"player_experience":113211,"relics_obtained":[{"floor":7,"key":"Oddly Smooth Stone"},{"floor":9,"key":"Happy Flower"}],"event_choices":[{"event_name":"Liars Game","player_choice":"agreed","floor":10,"damage_taken":0}],"is_beta":false,"boss_relics":[],"items_purged_floors":[11],"is_endless":false,"potions_floor_spawned":[1,4,8],"killed_by":"Blue Slaver","ascension_level":13}