{"gold_per_floor":[112,112,60,77,93,125,125,150,150,168,148,148,163,173,173,270,270,286,286],"floor_reached":19,"playtime":766,"items_purged":[],"score":179,"play_id":"7880623a-3a46-4081-aedf-0e01dbb5e1c5","local_time":"20181104210154","is_ascension_mode":false,"campfire_choices":[{"data":"Neutralize","floor":7.0,"key":"SMITH"},{"data":"Skewer","floor":12.0,"key":"SMITH"},{"data":"Footwork","floor":15.0,"key":"SMITH"}],"neow_cost":"TEN_PERCENT_HP_LOSS","seed_source_timestamp":381673431460757,"circlet_count":0,"master_deck":["Defend_G","Defend_G","Defend_G","Defend_G","Defend_G","Strike_G","Strike_G","Strike_G","Strike_G","Survivor","Neutralize+1","Well Laid Plans","Backflip","Dagger Throw","Poisoned Stab","Skewer+1","Footwork+1","Venomology+1"],"special_seed":0,"relics":["Ring of the Snake","Torii","FossilizedHelix","Kunai","Toxic Egg 2","Lizard Tail"],"potions_floor_usage":[],"damage_taken":[{"damage":0.0,"enemies":"2 Louse","floor":1.0,"turns":3.0},{"damage":1.0,"enemies":"Cultist","floor":4.0,"turns":5.0},{"damage":0.0,"enemies":"Small Slimes","floor":5.0,"turns":3.0},{"damage":2.0,"enemies":"Gremlin Nob","floor":6.0,"turns":4.0},{"damage":15.0,"enemies":"Lagavulin","floor":8.0,"turns":8.0},{"damage":0.0,"enemies":"Looter","floor":10.0,"turns":3.0},{"damage":0.0,"enemies":"2 Fungi Beasts","floor":13.0,"turns":3.0},{"damage":0.0,"enemies":"Red Slaver","floor":14.0,"turns":3.0},{"damage":31.0,"enemies":"Hexaghost","floor":16.0,"turns":23.0},{"damage":0,"enemies":"Chosen","floor":18,"turns":5},{"damage":0,"enemies":"Masked Bandits","floor":19,"turns":1}],"seed_played":"3398637392452220157","potions_obtained":[{"floor":1.0,"key":"Poison Potion"},{"floor":6.0,"key":"Block Potion"},{"floor":11.0,"key":"SneckoOil"},{"floor":13.0,"key":"SkillPotion"}],"is_trial":false,"path_per_floor":["M","?","$","M","M","E","R","E","T","M","?","R","M","M","R","B",null,"M","?"],"character_chosen":"THE_SILENT","items_purchased":["Backflip"],"campfire_rested":0,"item_purchase_floors":[3],"current_hp_per_floor":[63,63,63,62,62,60,60,45,45,45,45,45,45,45,45,14,63,63,63],"gold":286,"neow_bonus":"ONE_RARE_RELIC","is_prod":false,"is_daily":false,"chose_seed":false,"campfire_upgraded":3,"win_rate":0,"timestamp":1541336514,"path_taken":["M","?","$","?","M","E","R","E","T","M","?","R","?","M","R","BOSS","M","?"],"build_version":"2018-11-02","purchased_purges":0,"victory":false,"max_hp_per_floor":[63,63,63,63,63,63,63,63,63,63,63,63,63,63,63,63,63,63,63],"card_choices":[{"not_picked":["Outmaneuver","Underhanded Strike"],"picked":"Well Laid Plans","floor":1.0},{"not_picked":["Leg Sweep","Flying Knee"],"picked":"Dagger Throw","floor":4.0},{"not_picked":["Dagger Throw","Choke"],"picked":"Poisoned Stab","floor":5.0},{"not_picked":["Catalyst","PiercingWail","Blade Dance"],"picked":"SKIP","floor":6.0},{"not_picked":["PiercingWail","Skewer","Masterful Stab"],"picked":"SKIP","floor":8.0},{"not_picked":["PiercingWail","Masterful Stab"],"picked":"Skewer","floor":8.0},{"not_picked":["Caltrops","Masterful Stab","Well Laid Plans"],"picked":"SKIP","floor":10.0},{"not_picked":["Backflip+1","Wraith Form v2","Bane"],"picked":"SKIP","floor":13.0},{"not_picked":["Dash","Deflect+1"],"picked":"Footwork","floor":14.0},{"not_picked":["Glass Knife","Tools of the Trade"],"picked":"Venomology+1","floor":16.0},{"not_picked":["Backflip+1","Endless Agony","Sucker Punch"],"picked":"SKIP","floor":18}],"player_experience":442737,"relics_obtained":[{"floor":6.0,"key":"FossilizedHelix"},{"floor":8.0,"key":"Kunai"},{"floor":9.0,"key":"Toxic Egg 2"}],"event_choices":[{"cards_removed":["Strike_G"],"damage_healed":0.0,"max_hp_gain":0.0,"max_hp_loss":0.0,"gold_gain":0.0,"event_name":"Bonfire Elementals","player_choice":"Offered Basic","floor":2.0,"gold_loss":0.0,"damage_taken":0.0},{"damage_healed":0.0,"max_hp_gain":0.0,"max_hp_loss":0.0,"gold_gain":0.0,"event_name":"The Woman in Blue","player_choice":"Bought 1 Potion","floor":11.0,"gold_loss":0.0,"damage_taken":0.0},{"damage_healed":0,"gold_gain":0,"player_choice":"Fought Bandits","damage_taken":0,"max_hp_gain":0,"max_hp_loss":0,"event_name":"Masked Bandits","floor":19,"gold_loss":0}],"is_beta":true,"boss_relics":[{"not_picked":["Velvet Choker","Calling Bell"],"picked":"Lizard Tail"}],"items_purged_floors":[],"is_endless":false,"potions_floor_spawned":[1,6,13],"killed_by":"Masked Bandits","ascension_level":0}