{"gold_per_floor":[109,125,144,144,160,160,193,193,240,240,303,43,56,68,68,143,143,159,159,209,225,16,16,32,61,129,129,140,140,152,187,187,187],"floor_reached":33,"playtime":2541,"items_purged":[],"score":520,"play_id":"99911b12-6a6f-420a-b677-84cada4c1ceb","local_time":"20190428174427","is_ascension_mode":true,"campfire_choices":[{"data":"Neutralize","floor":6,"key":"SMITH"},{"floor":8,"key":"REST"},{"floor":10,"key":"REST"},{"floor":15,"key":"REST"},{"data":"Noxious Fumes","floor":23,"key":"SMITH"},{"floor":29,"key":"REST"},{"floor":32,"key":"REST"}],"neow_cost":"NONE","seed_source_timestamp":20608767898311,"circlet_count":0,"master_deck":["AscendersBane","Defend_G+1","Defend_G+1","Defend_G+1","Defend_G+1","Defend_G+1","Strike_G+1","Strike_G+1","Strike_G+1","Strike_G+1","Strike_G+1","Survivor","Neutralize+1","Sucker Punch","Deflect","Backflip","Unload","Well Laid Plans","Cloak And Dagger+1","Deadly Poison+1","Doppelganger+1","Slice","Noxious Fumes+1","Doppelganger+1","Leg Sweep+1","Escape Plan+1"],"relics":["Ring of the Snake","Ornamental Fan","Lantern","Tiny Chest","Toxic Egg 2","Sozu","Membership Card","Bag of Marbles","Bottled Lightning","Girya"],"potions_floor_usage":[7,16,24],"damage_taken":[{"damage":0,"enemies":"Small Slimes","floor":1,"turns":7},{"damage":1,"enemies":"2 Louse","floor":2,"turns":3},{"damage":1,"enemies":"Cultist","floor":3,"turns":5},{"damage":9,"enemies":"Exordium Thugs","floor":5,"turns":9},{"damage":15,"enemies":"Gremlin Nob","floor":7,"turns":5},{"damage":23,"enemies":"Lagavulin","floor":11,"turns":8},{"damage":1,"enemies":"3 Louse","floor":13,"turns":4},{"damage":0,"enemies":"Blue Slaver","floor":14,"turns":3},{"damage":53,"enemies":"Slime Boss","floor":16,"turns":19},{"damage":0,"enemies":"Shell Parasite","floor":18,"turns":5},{"damage":0,"enemies":"3 Byrds","floor":21,"turns":5},{"damage":4,"enemies":"Shelled Parasite and Fungi","floor":24,"turns":5},{"damage":32,"enemies":"Slavers","floor":25,"turns":7},{"damage":14,"enemies":"Snecko","floor":28,"turns":4},{"damage":0,"enemies":"Centurion and Healer","floor":30,"turns":6},{"damage":15,"enemies":"Gremlin Leader","floor":31,"turns":7},{"damage":50,"enemies":"Automaton","floor":33,"turns":6}],"seed_played":"-8281401713150596073","potions_obtained":[{"floor":3,"key":"Block Potion"},{"floor":5,"key":"Fire Potion"},{"floor":13,"key":"Fire Potion"}],"is_trial":false,"path_per_floor":["M","M","M","?","M","R","E","R","T","R","E","$","M","M","R","B",null,"M","?","?","M","$","R","M","E","T","?","M","R","M","E","R","B"],"character_chosen":"THE_SILENT","items_purchased":["Toxic Egg 2","Membership Card"],"campfire_rested":5,"item_purchase_floors":[12,22],"current_hp_per_floor":[65,64,63,41,32,32,17,38,38,59,36,36,35,35,56,3,55,55,55,55,55,55,55,51,19,19,19,5,26,26,11,32,0],"gold":187,"neow_bonus":"TEN_PERCENT_HP_BONUS","is_prod":false,"is_daily":false,"chose_seed":false,"campfire_upgraded":2,"win_rate":0,"timestamp":1556466267,"path_taken":["M","M","M","?","M","R","E","R","T","R","E","$","M","M","R","BOSS","M","?","?","M","$","R","M","E","T","?","M","R","?","E","R","BOSS"],"build_version":"2019-01-23","purchased_purges":0,"victory":false,"max_hp_per_floor":[72,72,72,72,72,72,72,72,72,72,72,72,72,72,72,72,72,72,72,72,72,72,72,72,72,72,72,72,72,72,72,72,72],"card_choices":[{"not_picked":["Accuracy","Backflip"],"picked":"Sucker Punch","floor":1},{"not_picked":["Backflip","Dagger Throw"],"picked":"Deflect","floor":2},{"not_picked":["Distraction","Deflect"],"picked":"Backflip","floor":3},{"not_picked":["Deadly Poison","Masterful Stab"],"picked":"Unload","floor":5},{"not_picked":["Heel Hook","Skewer","Choke"],"picked":"SKIP","floor":7},{"not_picked":["Predator","Catalyst"],"picked":"Well Laid Plans","floor":11},{"not_picked":["Quick Slash","Backflip+1"],"picked":"Cloak And Dagger+1","floor":13},{"not_picked":["Underhanded Strike","Deflect+1"],"picked":"Deadly Poison+1","floor":14},{"not_picked":["Burst+1","Glass Knife"],"picked":"Doppelganger+1","floor":16},{"not_picked":["Riddle With Holes+1","Underhanded Strike"],"picked":"Slice","floor":18},{"not_picked":["Dagger Spray","Bouncing Flask+1"],"picked":"Noxious Fumes","floor":21},{"not_picked":["Underhanded Strike","Dagger Spray","Poisoned Stab"],"picked":"SKIP","floor":24},{"not_picked":["Underhanded Strike","Reflex+1"],"picked":"Doppelganger+1","floor":25},{"not_picked":["Poisoned Stab","Infinite Blades"],"picked":"Leg Sweep+1","floor":28},{"not_picked":["Dagger Throw","Dodge and Roll+1"],"picked":"Escape Plan+1","floor":30},{"not_picked":["Sucker Punch","Poisoned Stab","Dagger Spray+1"],"picked":"SKIP","floor":31}],"player_experience":522416,"relics_obtained":[{"floor":7,"key":"Ornamental Fan"},{"floor":9,"key":"Lantern"},{"floor":11,"key":"Tiny Chest"},{"floor":25,"key":"Bag of Marbles"},{"floor":26,"key":"Bottled Lightning"},{"floor":31,"key":"Girya"}],"event_choices":[{"damage_healed":0,"gold_gain":0,"player_choice":"Entered Light","damage_taken":22,"max_hp_gain":0,"max_hp_loss":0,"event_name":"Shining Light","floor":4,"gold_loss":0,"cards_upgraded":["Defend_G","Strike_G"]},{"damage_healed":0,"gold_gain":0,"player_choice":"Simplicity","damage_taken":0,"max_hp_gain":0,"max_hp_loss":0,"event_name":"Back to Basics","floor":19,"gold_loss":0,"cards_upgraded":["Defend_G","Defend_G","Defend_G","Defend_G","Strike_G","Strike_G","Strike_G","Strike_G"]},{"damage_healed":0,"gold_gain":50,"player_choice":"Stole From Cult","damage_taken":0,"max_hp_gain":0,"max_hp_loss":0,"event_name":"Nest","floor":20,"gold_loss":0},{"damage_healed":0,"gold_gain":0,"player_choice":"Got Potions","damage_taken":0,"max_hp_gain":0,"max_hp_loss":0,"event_name":"Lab","floor":27,"gold_loss":0}],"is_beta":false,"boss_relics":[{"not_picked":["Black Star","Tiny House"],"picked":"Sozu"}],"items_purged_floors":[],"is_endless":false,"potions_floor_spawned":[3,5,13,21,28,30],"killed_by":"Automaton","ascension_level":15}