{"gold_per_floor":[117,133,147,147,72,72,99,99,99,99,116,146,146,196,196,269,269,279,292,308,324,359,359,385,404,427,427,444,444,444,464,464,541,541,552,229,245,262,279,279,304,304,304,304,315,315,335,349,349,349,349,349,349,141,176,176],"floor_reached":57,"playtime":8344,"items_purged":["Strike_G","Strike_G","Strike_G"],"score":3132,"play_id":"0723b20a-9134-4784-a872-c15c7197fe64","local_time":"20190622144951","is_ascension_mode":true,"campfire_choices":[{"data":"Deadly Poison","floor":6.0,"key":"SMITH"},{"data":"Corpse Explosion","floor":8.0,"key":"SMITH"},{"data":"Neutralize","floor":10.0,"key":"SMITH"},{"data":"Well Laid Plans","floor":13.0,"key":"SMITH"},{"data":"Backflip","floor":15.0,"key":"SMITH"},{"data":"Wraith Form v2","floor":23.0,"key":"SMITH"},{"data":"Leg Sweep","floor":27.0,"key":"SMITH"},{"floor":30.0,"key":"RECALL"},{"data":"Survivor","floor":32.0,"key":"SMITH"},{"data":"Catalyst","floor":40.0,"key":"SMITH"},{"data":"Tactician","floor":42.0,"key":"SMITH"},{"data":"Wraith Form v2","floor":46.0,"key":"SMITH"},{"data":"Setup","floor":49.0,"key":"SMITH"},{"data":"Defend_G","floor":53.0,"key":"SMITH"}],"neow_cost":"NONE","seed_source_timestamp":10760661343466,"circlet_count":0,"master_deck":["AscendersBane","Defend_G+1","Defend_G","Defend_G","Defend_G","Defend_G","Strike_G","Strike_G","Survivor+1","Neutralize+1","Backflip+1","Deadly Poison+1","Leg Sweep+1","Corpse Explosion+1","Well Laid Plans+1","Wraith Form v2+1","Wraith Form v2+1","Wraith Form v2+1","Tactician+1","Catalyst+1","Acrobatics+1","Setup+1","Catalyst+1"],"special_seed":0,"relics":["Ring of the Serpent","Lantern","Paper Crane","Art of War","Thread and Needle","Red Mask","Boot","Centennial Puzzle","Runic Pyramid","DollysMirror","Mercury Hourglass","Happy Flower"],"potions_floor_usage":[55,56],"damage_taken":[{"damage":2.0,"enemies":"Cultist","floor":1.0,"turns":5.0},{"damage":0.0,"enemies":"2 Louse","floor":2.0,"turns":5.0},{"damage":0.0,"enemies":"Small Slimes","floor":3.0,"turns":4.0},{"damage":14.0,"enemies":"Lagavulin","floor":7.0,"turns":8.0},{"damage":2.0,"enemies":"Looter","floor":11.0,"turns":3.0},{"damage":10.0,"enemies":"Gremlin Nob","floor":12.0,"turns":4.0},{"damage":0.0,"enemies":"The Guardian","floor":16.0,"turns":10.0},{"damage":13.0,"enemies":"2 Thieves","floor":18.0,"turns":4.0},{"damage":0.0,"enemies":"Shell Parasite","floor":19.0,"turns":6.0},{"damage":0.0,"enemies":"Snake Plant","floor":20.0,"turns":5.0},{"damage":1.0,"enemies":"Sentry and Sphere","floor":21.0,"turns":5.0},{"damage":0.0,"enemies":"Masked Bandits","floor":22.0,"turns":3.0},{"damage":0.0,"enemies":"Book of Stabbing","floor":24.0,"turns":8.0},{"damage":0.0,"enemies":"Cultist and Chosen","floor":25.0,"turns":5.0},{"damage":0.0,"enemies":"Snake Plant","floor":28.0,"turns":5.0},{"damage":0.0,"enemies":"Shelled Parasite and Fungi","floor":31.0,"turns":5.0},{"damage":20.0,"enemies":"Champ","floor":33.0,"turns":15.0},{"damage":0.0,"enemies":"3 Darklings","floor":35.0,"turns":5.0},{"damage":0.0,"enemies":"Orb Walker","floor":37.0,"turns":6.0},{"damage":0.0,"enemies":"Writhing Mass","floor":38.0,"turns":10.0},{"damage":0.0,"enemies":"Spire Growth","floor":39.0,"turns":10.0},{"damage":0.0,"enemies":"Giant Head","floor":41.0,"turns":12.0},{"damage":0.0,"enemies":"4 Shapes","floor":45.0,"turns":3.0},{"damage":0.0,"enemies":"Jaw Worm Horde","floor":47.0,"turns":3.0},{"damage":0.0,"enemies":"Spire Growth","floor":48.0,"turns":5.0},{"damage":0.0,"enemies":"Awakened One","floor":50.0,"turns":26.0},{"damage":0.0,"enemies":"Time Eater","floor":51.0,"turns":16.0},{"damage":0,"enemies":"Shield and Spear","floor":55,"turns":7},{"damage":21,"enemies":"The Heart","floor":56,"turns":9}],"seed_played":"-2356477960873246843","potions_obtained":[{"floor":1.0,"key":"SteroidPotion"},{"floor":3.0,"key":"Poison Potion"},{"floor":11.0,"key":"Fire Potion"},{"floor":20.0,"key":"SkillPotion"},{"floor":25.0,"key":"PowerPotion"},{"floor":45.0,"key":"PowerPotion"},{"floor":47.0,"key":"Regen Potion"}],"is_trial":false,"path_per_floor":["M","M","M","?","$","R","E","R","T","R","M","E","R","?","R","B",null,"M","M","M","M","?","R","E","M","T","R","M","?","R","M","R","B",null,"M","$","M","M","M","R","E","R","T","?","M","R","M","M","R","B","B",null,"R","$","E","B",null],"character_chosen":"THE_SILENT","items_purchased":["DollysMirror","GhostInAJar"],"campfire_rested":0,"item_purchase_floors":[36,54],"current_hp_per_floor":[57,57,57,62,62,62,48,48,48,48,46,36,36,29,29,29,61,48,48,48,47,47,47,47,47,47,47,47,43,43,43,43,23,59,59,59,59,59,59,59,59,59,59,59,59,59,59,71,71,71,71,71,71,71,71,50],"gold":176,"neow_bonus":"RANDOM_COMMON_RELIC","is_prod":false,"is_daily":false,"chose_seed":false,"campfire_upgraded":13,"win_rate":0,"timestamp":1561186191,"path_taken":["M","M","?","?","$","R","E","R","T","R","M","E","R","?","R","BOSS","M","M","?","?","?","R","E","M","T","R","M","?","R","?","R","BOSS","M","$","M","M","?","R","E","R","T","?","M","R","M","M","R","BOSS","BOSS","R","$","E","BOSS"],"build_version":"2019-01-23","purchased_purges":3,"victory":true,"max_hp_per_floor":[66,66,66,71,71,71,71,71,71,71,71,71,71,71,71,71,71,71,71,71,71,71,71,71,71,71,71,71,71,71,71,71,71,71,71,71,71,71,71,71,71,71,71,71,71,71,71,71,71,71,71,71,71,71,71,71],"card_choices":[{"not_picked":["Accuracy","Heel Hook"],"picked":"Backflip","floor":1.0},{"not_picked":["Accuracy","Backflip"],"picked":"Deadly Poison","floor":2.0},{"not_picked":["Sucker Punch","Crippling Poison"],"picked":"Leg Sweep","floor":3.0},{"not_picked":["Acrobatics","Blade Dance"],"picked":"Corpse Explosion","floor":7.0},{"not_picked":["Deadly Poison","Dodge and Roll"],"picked":"Well Laid Plans","floor":11.0},{"not_picked":["Sucker Punch","Dodge and Roll","Choke"],"picked":"SKIP","floor":12.0},{"not_picked":["A Thousand Cuts","Grand Finale"],"picked":"Wraith Form v2","floor":16.0},{"not_picked":["Outmaneuver","All Out Attack","Distraction"],"picked":"SKIP","floor":18.0},{"not_picked":["Dagger Spray","Poisoned Stab","Backstab"],"picked":"SKIP","floor":19.0},{"not_picked":["Dagger Spray","Bane+1","Distraction+1"],"picked":"SKIP","floor":20.0},{"not_picked":["Finisher","Cloak And Dagger","Deadly Poison"],"picked":"SKIP","floor":21.0},{"not_picked":["Predator","Bane","Outmaneuver"],"picked":"SKIP","floor":24.0},{"not_picked":["Envenom","Cloak And Dagger","Outmaneuver"],"picked":"SKIP","floor":25.0},{"not_picked":["PiercingWail","Flying Knee","Dodge and Roll"],"picked":"SKIP","floor":28.0},{"not_picked":["Finisher+1","Flying Knee","Dagger Spray"],"picked":"SKIP","floor":31.0},{"not_picked":["Adrenaline","Malaise"],"picked":"Wraith Form v2","floor":33.0},{"not_picked":["Cloak And Dagger","PiercingWail","Escape Plan"],"picked":"SKIP","floor":35.0},{"not_picked":["Eviscerate","Flying Knee"],"picked":"Tactician","floor":37.0},{"not_picked":["Predator","PiercingWail","Deadly Poison"],"picked":"SKIP","floor":38.0},{"not_picked":["Deadly Poison+1","Prepared"],"picked":"Catalyst","floor":39.0},{"not_picked":["Poisoned Stab","Phantasmal Killer","Underhanded Strike"],"picked":"SKIP","floor":41.0},{"not_picked":["Prepared","Blade Dance","Heel Hook"],"picked":"SKIP","floor":45.0},{"not_picked":["Setup","Blur"],"picked":"Acrobatics+1","floor":47.0},{"not_picked":["Setup","Flying Knee","Backflip"],"picked":"SKIP","floor":48.0},{"not_picked":["Flying Knee","Backflip"],"picked":"Setup","floor":48.0},{"not_picked":["Dash+1","Distraction"],"picked":"Catalyst+1","floor":55}],"player_experience":5520514,"relics_obtained":[{"floor":7.0,"key":"Paper Crane"},{"floor":9.0,"key":"Art of War"},{"floor":12.0,"key":"Thread and Needle"},{"floor":22.0,"key":"Red Mask"},{"floor":24.0,"key":"Boot"},{"floor":26.0,"key":"Centennial Puzzle"},{"floor":41.0,"key":"Mercury Hourglass"},{"floor":55,"key":"Happy Flower"}],"event_choices":[{"damage_healed":0.0,"max_hp_gain":5.0,"max_hp_loss":0.0,"gold_gain":0.0,"event_name":"Big Fish","player_choice":"Donut","floor":4.0,"gold_loss":0.0,"damage_taken":0.0},{"damage_healed":0.0,"max_hp_gain":0.0,"max_hp_loss":0.0,"gold_gain":50.0,"event_name":"FaceTrader","player_choice":"Touch","floor":14.0,"gold_loss":0.0,"damage_taken":7.0},{"damage_healed":0.0,"max_hp_gain":0.0,"max_hp_loss":0.0,"gold_gain":0.0,"event_name":"Masked Bandits","player_choice":"Fought Bandits","floor":22.0,"gold_loss":0.0,"damage_taken":0.0},{"damage_healed":0.0,"max_hp_gain":0.0,"max_hp_loss":0.0,"gold_gain":0.0,"event_name":"The Woman in Blue","player_choice":"Bought 0 Potions","floor":29.0,"gold_loss":0.0,"damage_taken":0.0},{"damage_healed":0.0,"max_hp_gain":0.0,"max_hp_loss":0.0,"gold_gain":0.0,"event_name":"Lab","player_choice":"Got Potions","floor":44.0,"gold_loss":0.0,"damage_taken":0.0}],"is_beta":false,"boss_relics":[{"not_picked":["Ectoplasm","HoveringKite"],"picked":"Ring of the Serpent"},{"not_picked":["Snecko Eye","Orrery"],"picked":"Runic Pyramid"}],"items_purged_floors":[5,36,54],"is_endless":false,"potions_floor_spawned":[1,3,11,18,20,25,28,33,35,37,39,45,47],"ascension_level":20}