{"gold_per_floor":[114,133,150,160,160,160,189,207,207,207,132,147,72,72,72,149,149,165,165,65,77,96,96,113,113,113,141,141,56,56,69,69,145,145,165,165,165,184,204,204,204,204,230,261,261,281,381,392,392,392],"floor_reached":50,"playtime":1684,"items_purged":["Strike_G","Strike_G"],"score":1009,"play_id":"200cd361-d1e8-4ffd-b0e5-0c3295bd38ef","local_time":"20181115224943","is_ascension_mode":true,"campfire_choices":[{"data":"Footwork","floor":6,"key":"SMITH"},{"data":"Neutralize","floor":10,"key":"SMITH"},{"data":"Masterful Stab","floor":15,"key":"SMITH"},{"data":"Flechettes","floor":23,"key":"SMITH"},{"data":"Footwork","floor":25,"key":"SMITH"},{"data":"Footwork","floor":28,"key":"SMITH"},{"data":"Cloak And Dagger","floor":32,"key":"SMITH"},{"data":"Footwork","floor":40,"key":"SMITH"},{"floor":45,"key":"REST"},{"floor":49,"key":"REST"}],"neow_cost":"NONE","seed_source_timestamp":16340484522456,"circlet_count":0,"master_deck":["AscendersBane","Defend_G","Defend_G","Defend_G","Defend_G","Survivor","Neutralize+1","Skewer+1","Doppelganger+1","Expertise+1","Footwork+1","Escape Plan","Masterful Stab+1","Backflip","Escape Plan","Corpse Explosion","Backstab+1","Flechettes+1","Footwork+1","Footwork+1","Blade Dance","Cloak And Dagger+1","After Image","Footwork+1","Writhe","Blur"],"relics":["Astrolabe","Juzu Bracelet","Mercury Hourglass","Ninja Scroll","WristBlade","MutagenicStrength","Prayer Wheel","Centennial Puzzle","Oddly Smooth Stone","Runic Pyramid","Ancient Tea Set","Snake Skull","Whetstone","The Specimen"],"potions_floor_usage":[16,33],"damage_taken":[{"damage":0,"enemies":"2 Louse","floor":1,"turns":3},{"damage":10,"enemies":"Small Slimes","floor":2,"turns":3},{"damage":2,"enemies":"Jaw Worm","floor":3,"turns":3},{"damage":1,"enemies":"2 Fungi Beasts","floor":4,"turns":6},{"damage":14,"enemies":"Lagavulin","floor":7,"turns":12},{"damage":3,"enemies":"Lots of Slimes","floor":8,"turns":4},{"damage":4,"enemies":"Exordium Wildlife","floor":12,"turns":4},{"damage":1,"enemies":"Slime Boss","floor":16,"turns":5},{"damage":6,"enemies":"2 Thieves","floor":18,"turns":2},{"damage":0,"enemies":"3 Byrds","floor":21,"turns":2},{"damage":0,"enemies":"Sentry and Sphere","floor":22,"turns":2},{"damage":0,"enemies":"Centurion and Healer","floor":24,"turns":1},{"damage":24,"enemies":"Book of Stabbing","floor":27,"turns":3},{"damage":0,"enemies":"Snecko","floor":31,"turns":3},{"damage":12,"enemies":"Collector","floor":33,"turns":10},{"damage":0,"enemies":"Orb Walker","floor":35,"turns":2},{"damage":0,"enemies":"3 Darklings","floor":38,"turns":4},{"damage":34,"enemies":"Jaw Worm Horde","floor":39,"turns":2},{"damage":9,"enemies":"Nemesis","floor":44,"turns":9},{"damage":0,"enemies":"Transient","floor":46,"turns":6},{"damage":0,"enemies":"Mind Bloom Boss Battle","floor":47,"turns":4},{"damage":15,"enemies":"Writhing Mass","floor":48,"turns":10},{"damage":82,"enemies":"Time Eater","floor":50,"turns":9}],"seed_played":"-5142778775494953441","potions_obtained":[{"floor":4,"key":"Ancient Potion"},{"floor":7,"key":"FearPotion"},{"floor":8,"key":"GhostInAJar"},{"floor":16,"key":"Poison Potion"},{"floor":24,"key":"Fire Potion"},{"floor":35,"key":"EssenceOfSteel"},{"floor":47,"key":"EssenceOfSteel"}],"is_trial":false,"path_per_floor":["M","M","M","M","?","R","E","M","T","R","$","M","?","$","R","B",null,"M","?","$","M","M","R","M","R","T","E","R","?","?","M","R","B",null,"M","?","?","M","M","R","?","T","T","E","R","M","?","M","R","B"],"character_chosen":"THE_SILENT","items_purchased":[],"campfire_rested":2,"item_purchase_floors":[],"current_hp_per_floor":[59,49,47,46,28,28,14,11,11,11,11,7,7,7,7,6,51,45,45,45,45,45,45,45,45,45,21,21,21,21,21,21,9,52,52,52,52,52,18,18,31,31,31,22,41,41,41,26,45,0],"gold":392,"neow_bonus":"BOSS_RELIC","is_prod":false,"is_daily":false,"chose_seed":false,"campfire_upgraded":8,"win_rate":0,"timestamp":1542293383,"path_taken":["M","M","M","M","?","R","E","M","T","R","$","M","?","$","R","BOSS","M","?","$","M","M","R","M","R","T","E","R","?","?","M","R","BOSS","M","?","?","M","M","R","?","?","T","E","R","M","?","M","R","BOSS"],"build_version":"2018-11-14","purchased_purges":2,"victory":false,"max_hp_per_floor":[66,66,66,66,66,66,66,66,66,66,66,66,66,66,66,66,66,66,66,66,66,66,66,66,66,66,66,66,66,66,66,66,66,66,66,66,66,66,66,66,66,66,66,66,66,66,66,66,66,66],"card_choices":[{"not_picked":["Dagger Spray","Slice","Quick Slash"],"picked":"SKIP","floor":1},{"not_picked":["Dagger Spray","Deadly Poison"],"picked":"Footwork","floor":2},{"not_picked":["Prepared","Bouncing Flask"],"picked":"Escape Plan","floor":3},{"not_picked":["Dagger Throw","Skewer","Backstab"],"picked":"SKIP","floor":4},{"not_picked":["Crippling Poison","Flying Knee"],"picked":"Masterful Stab","floor":7},{"not_picked":["Dodge and Roll","Cloak And Dagger"],"picked":"Backflip","floor":8},{"not_picked":["Dagger Throw","Flechettes"],"picked":"Escape Plan","floor":12},{"not_picked":["Night Terror","Die Die Die"],"picked":"Corpse Explosion","floor":16},{"not_picked":["Distraction","Calculated Gamble"],"picked":"Backstab","floor":18},{"not_picked":["Caltrops","Underhanded Strike"],"picked":"Flechettes","floor":21},{"not_picked":["Flying Knee","Flechettes","PiercingWail"],"picked":"SKIP","floor":22},{"not_picked":["Prepared+1","Blade Dance"],"picked":"Footwork","floor":24},{"not_picked":["Blur","Blade Dance"],"picked":"Footwork","floor":27},{"not_picked":["Riddle With Holes","All Out Attack"],"picked":"Blade Dance","floor":31},{"not_picked":["Acrobatics","Prepared"],"picked":"Cloak And Dagger","floor":31},{"not_picked":["Tools of the Trade","Adrenaline"],"picked":"After Image","floor":33},{"not_picked":["Crippling Poison","Poisoned Stab"],"picked":"Footwork","floor":35},{"not_picked":["Terror","Acrobatics","Quick Slash"],"picked":"SKIP","floor":35},{"not_picked":["Acrobatics","Quick Slash","Flying Knee+1"],"picked":"SKIP","floor":38},{"not_picked":["Dagger Spray+1","Terror+1","Masterful Stab"],"picked":"SKIP","floor":38},{"not_picked":["Dagger Spray","Dodge and Roll","Accuracy"],"picked":"SKIP","floor":39},{"not_picked":["Flying Knee","Outmaneuver+1","Grand Finale"],"picked":"SKIP","floor":39},{"not_picked":["Deflect+1","Heel Hook+1"],"picked":"Blur","floor":44},{"not_picked":["Blade Dance","Dagger Spray","PiercingWail"],"picked":"SKIP","floor":46},{"not_picked":["Flechettes","Finisher","Predator"],"picked":"SKIP","floor":46},{"not_picked":["Sucker Punch","Poisoned Stab","Expertise"],"picked":"SKIP","floor":48},{"not_picked":["Sucker Punch+1","Bane","Blade Dance"],"picked":"SKIP","floor":48}],"player_experience":1071776,"relics_obtained":[{"floor":7,"key":"Mercury Hourglass"},{"floor":9,"key":"Ninja Scroll"},{"floor":26,"key":"Prayer Wheel"},{"floor":27,"key":"Centennial Puzzle"},{"floor":42,"key":"Ancient Tea Set"},{"floor":43,"key":"Snake Skull"},{"floor":44,"key":"Whetstone"},{"floor":47,"key":"The Specimen"}],"event_choices":[{"damage_healed":0,"gold_gain":0,"player_choice":"Success","damage_taken":18,"relics_obtained":["Juzu Bracelet"],"max_hp_gain":0,"max_hp_loss":0,"event_name":"Scrap Ooze","floor":5,"gold_loss":0},{"cards_removed":["Defend_G"],"damage_healed":0,"gold_gain":0,"player_choice":"Card Removal","damage_taken":0,"max_hp_gain":0,"max_hp_loss":0,"event_name":"The Cleric","floor":13,"gold_loss":75},{"damage_healed":0,"gold_gain":0,"player_choice":"Inject Mutagens","damage_taken":0,"relics_obtained":["MutagenicStrength"],"max_hp_gain":0,"max_hp_loss":0,"event_name":"Drug Dealer","floor":19,"gold_loss":0},{"damage_healed":0,"gold_gain":0,"player_choice":"Obtained Relic","damage_taken":0,"relics_obtained":["Oddly Smooth Stone"],"max_hp_gain":0,"max_hp_loss":0,"event_name":"Addict","floor":29,"gold_loss":85},{"damage_healed":0,"gold_gain":0,"player_choice":"Ignored","damage_taken":0,"max_hp_gain":0,"max_hp_loss":0,"event_name":"Vampires","floor":30,"gold_loss":0},{"damage_healed":0,"gold_gain":0,"player_choice":"0 cards matched","damage_taken":0,"max_hp_gain":0,"max_hp_loss":0,"event_name":"Match and Keep!","floor":36,"gold_loss":0,"cards_obtained":[]},{"damage_healed":0,"gold_gain":0,"player_choice":"Ignored","damage_taken":0,"max_hp_gain":0,"max_hp_loss":0,"event_name":"Tomb of Lord Red Mask","floor":37,"gold_loss":0},{"damage_healed":13,"gold_gain":0,"player_choice":"Writhe","damage_taken":0,"max_hp_gain":0,"max_hp_loss":0,"event_name":"Winding Halls","floor":41,"gold_loss":0,"cards_obtained":["Writhe"]},{"damage_healed":0,"gold_gain":0,"player_choice":"Fight","damage_taken":0,"max_hp_gain":0,"max_hp_loss":0,"event_name":"MindBloom","floor":47,"gold_loss":0}],"is_beta":true,"boss_relics":[{"not_picked":["Velvet Choker","Tiny House"],"picked":"WristBlade"},{"not_picked":["Philosopher\u0027s Stone","Lizard Tail"],"picked":"Runic Pyramid"}],"items_purged_floors":[11,20],"is_endless":false,"potions_floor_spawned":[4,7,8,16,24,31,35,38,39,47],"killed_by":"Time Eater","ascension_level":20}