{"gold_per_floor":[360,44,63,63,63,63,63,398,398,398,441,459,478,478],"floor_reached":14,"playtime":470,"items_purged":[],"score":196,"play_id":"ddbc66cc-1865-4397-a305-047cfe2c9500","local_time":"20181129171635","is_ascension_mode":true,"campfire_choices":[{"data":"Predator","floor":6.0,"key":"SMITH"},{"data":"Well Laid Plans","floor":10.0,"key":"SMITH"}],"neow_cost":"PERCENT_DAMAGE","seed_source_timestamp":24569234366413,"circlet_count":0,"master_deck":["AscendersBane","Defend_G","Defend_G","Defend_G","Defend_G","Defend_G","Strike_G","Strike_G","Strike_G","Strike_G","Strike_G","Survivor","Neutralize","Acrobatics","Well Laid Plans+1","Predator+1","Deadly Poison","Tactician"],"special_seed":0,"relics":["Ring of the Snake","OrangePellets","Golden Idol","Old Coin","PreservedInsect","Bag of Marbles"],"potions_floor_usage":[],"damage_taken":[{"damage":0.0,"enemies":"Jaw Worm","floor":1.0,"turns":5.0},{"damage":0.0,"enemies":"Small Slimes","floor":3.0,"turns":4.0},{"damage":22.0,"enemies":"3 Sentries","floor":8.0,"turns":12.0},{"damage":6.0,"enemies":"Gremlin Nob","floor":11.0,"turns":3.0},{"damage":0.0,"enemies":"Cultist","floor":12.0,"turns":2.0},{"damage":4.0,"enemies":"Large Slime","floor":13.0,"turns":7.0},{"damage":0,"enemies":"Gremlin Gang","floor":14,"turns":1}],"seed_played":"-6547490566959067333","potions_obtained":[{"floor":3.0,"key":"Swift Potion"},{"floor":8.0,"key":"Swift Potion"},{"floor":11.0,"key":"Block Potion"}],"is_trial":false,"path_per_floor":["M","$","M","?","$","R","?","E","T","R","E","M","M","M"],"character_chosen":"THE_SILENT","items_purchased":["OrangePellets","Well Laid Plans"],"campfire_rested":0,"item_purchase_floors":[2,2],"current_hp_per_floor":[44,44,44,44,44,44,49,27,27,27,21,21,17,17],"gold":478,"neow_bonus":"TWO_FIFTY_GOLD","is_prod":false,"is_daily":false,"chose_seed":true,"campfire_upgraded":2,"win_rate":0,"timestamp":1543482995,"path_taken":["M","$","M","?","$","R","?","E","T","R","E","M","M","M"],"build_version":"2018-11-15","purchased_purges":0,"victory":false,"max_hp_per_floor":[66,66,66,60,60,60,65,65,65,65,65,65,65,65],"card_choices":[{"not_picked":["PiercingWail","Slice"],"picked":"Acrobatics","floor":1.0},{"not_picked":["Cloak And Dagger","PiercingWail"],"picked":"Predator","floor":3.0},{"not_picked":["Deflect","PiercingWail"],"picked":"Deadly Poison","floor":8.0},{"not_picked":["Acrobatics","Dagger Throw","Deflect"],"picked":"SKIP","floor":11.0},{"not_picked":["Deflect","Flying Knee","Dagger Throw"],"picked":"SKIP","floor":12.0},{"not_picked":["All Out Attack","Bane"],"picked":"Tactician","floor":13.0}],"player_experience":1184132,"relics_obtained":[{"floor":8.0,"key":"Old Coin"},{"floor":9.0,"key":"PreservedInsect"},{"floor":11.0,"key":"Bag of Marbles"}],"event_choices":[{"damage_healed":0.0,"max_hp_gain":0.0,"max_hp_loss":6.0,"gold_gain":0.0,"event_name":"Golden Idol","player_choice":"Lose Max HP","floor":4.0,"gold_loss":0.0,"damage_taken":0.0,"relics_obtained":["Golden Idol"]},{"damage_healed":0.0,"max_hp_gain":5.0,"max_hp_loss":0.0,"gold_gain":0.0,"event_name":"Big Fish","player_choice":"Donut","floor":7.0,"gold_loss":0.0,"damage_taken":0.0}],"is_beta":false,"boss_relics":[],"items_purged_floors":[],"is_endless":false,"potions_floor_spawned":[3,8,11],"killed_by":"Gremlin Gang","ascension_level":20}