{"gold_per_floor":[116,116,136,136,156,156,183,183,183,195,32,65,65,91,91,170,170,189,23,23,23,38,38,38,38,38,68,68,93,93,112,112,187,187,201,212,222,122,1121,1153,1153,1186,1232,1252,1252,581,581,593,593,593,593,593,593,74,101,101],"floor_reached":57,"playtime":2709,"items_purged":["Strike_B","Strike_B","Defend_B","Defend_B"],"score":3099,"play_id":"d18637a1-6b5b-431c-9eda-793d607c6d1d","local_time":"20190227131206","is_ascension_mode":true,"campfire_choices":[{"data":"Consume","floor":6.0,"key":"SMITH"},{"data":"Capacitor","floor":8.0,"key":"SMITH"},{"data":"Dualcast","floor":10.0,"key":"SMITH"},{"data":"Defragment","floor":15.0,"key":"SMITH"},{"data":"Defragment","floor":23.0,"key":"SMITH"},{"data":"Loop","floor":25.0,"key":"SMITH"},{"floor":28.0,"key":"RECALL"},{"data":"Defend_B","floor":30.0,"key":"SMITH"},{"data":"Seek","floor":32.0,"key":"SMITH"},{"data":"Coolheaded","floor":45.0,"key":"SMITH"},{"data":"Rainbow","floor":47.0,"key":"SMITH"},{"data":"Recycle","floor":49.0,"key":"SMITH"},{"data":"Rainbow","floor":53.0,"key":"SMITH"}],"neow_cost":"NONE","seed_source_timestamp":5296347987263,"circlet_count":0,"master_deck":["AscendersBane","Defend_B+1","Defend_B+1","Zap+1","Dualcast+1","Capacitor+1","Cold Snap","Consume+1","Cold Snap","Defragment+1","Ball Lightning","Defragment+1","Core Surge","Conserve Battery+1","Capacitor+1","Loop+1","Glacier+1","Seek+1","Rainbow+1","Darkness+1","Coolheaded+1","Capacitor+1","White Noise","Rainbow+1","Recycle+1","Capacitor+1"],"special_seed":0,"relics":["Cracked Core","Kunai","MawBank","Blood Vial","Art of War","Velvet Choker","DataDisk","Omamori","Matryoshka","War Paint","Runic Pyramid","Bronze Scales","Frozen Egg 2","Dodecahedron","Lantern","Lee\u0027s Waffle","Bottled Lightning","Unceasing Top"],"potions_floor_usage":[56,56],"damage_taken":[{"damage":7.0,"enemies":"Jaw Worm","floor":1.0,"turns":3.0},{"damage":7.0,"enemies":"Small Slimes","floor":3.0,"turns":3.0},{"damage":0.0,"enemies":"Cultist","floor":5.0,"turns":4.0},{"damage":13.0,"enemies":"3 Sentries","floor":7.0,"turns":9.0},{"damage":5.0,"enemies":"Lagavulin","floor":12.0,"turns":7.0},{"damage":0.0,"enemies":"Gremlin Nob","floor":14.0,"turns":4.0},{"damage":0.0,"enemies":"Slime Boss","floor":16.0,"turns":8.0},{"damage":8.0,"enemies":"Shell Parasite","floor":18.0,"turns":5.0},{"damage":0.0,"enemies":"3 Byrds","floor":22.0,"turns":4.0},{"damage":18.0,"enemies":"Gremlin Leader","floor":27.0,"turns":6.0},{"damage":5.0,"enemies":"Book of Stabbing","floor":29.0,"turns":6.0},{"damage":26.0,"enemies":"Shelled Parasite and Fungi","floor":31.0,"turns":4.0},{"damage":0.0,"enemies":"Champ","floor":33.0,"turns":14.0},{"damage":4.0,"enemies":"Orb Walker","floor":35.0,"turns":3.0},{"damage":1.0,"enemies":"3 Shapes","floor":36.0,"turns":4.0},{"damage":0.0,"enemies":"Spire Growth","floor":37.0,"turns":5.0},{"damage":0.0,"enemies":"Giant Head","floor":40.0,"turns":13.0},{"damage":0.0,"enemies":"Nemesis","floor":42.0,"turns":7.0},{"damage":6.0,"enemies":"Writhing Mass","floor":44.0,"turns":5.0},{"damage":3.0,"enemies":"Sphere and 2 Shapes","floor":48.0,"turns":4.0},{"damage":17.0,"enemies":"Donu and Deca","floor":50.0,"turns":10.0},{"damage":7.0,"enemies":"Time Eater","floor":51.0,"turns":9.0},{"damage":65.0,"enemies":"Shield and Spear","floor":55.0,"turns":9.0},{"damage":20,"enemies":"The Heart","floor":56,"turns":11}],"seed_played":"5716126404466241124","potions_obtained":[{"floor":1.0,"key":"Ancient Potion"},{"floor":3.0,"key":"EssenceOfSteel"},{"floor":14.0,"key":"Fire Potion"},{"floor":31.0,"key":"Explosive Potion"},{"floor":35.0,"key":"FocusPotion"},{"floor":37.0,"key":"Strength Potion"},{"floor":42.0,"key":"Explosive Potion"},{"floor":44.0,"key":"SkillPotion"},{"floor":55.0,"key":"Dexterity Potion"}],"is_trial":false,"path_per_floor":["M","?","M","?","M","R","E","R","T","R","$","E","?","E","R","B",null,"M","$","?","$","M","R","$","R","T","E","R","E","R","M","R","B",null,"M","M","M","$","?","E","?","E","T","M","R","$","R","M","R","B","B",null,"R","$","E","B",null],"character_chosen":"DEFECT","items_purchased":["Defragment","Ball Lightning","DataDisk","Lee\u0027s Waffle","Capacitor+1","White Noise","Rainbow","Capacitor+1","Bottled Lightning"],"campfire_rested":0,"item_purchase_floors":[11,11,19,46,46,46,46,54,54],"current_hp_per_floor":[57,57,50,81,81,81,68,68,68,68,68,63,56,58,58,60,76,70,70,70,70,72,72,72,72,72,56,56,53,53,29,29,31,69,67,68,70,70,70,72,72,74,74,70,70,88,88,85,85,70,65,82,82,82,19,1],"gold":101,"neow_bonus":"UPGRADE_CARD","is_prod":false,"is_daily":false,"chose_seed":false,"campfire_upgraded":12,"win_rate":0,"timestamp":1551244326,"path_taken":["M","?","M","?","?","R","E","R","T","R","?","E","?","E","R","BOSS","M","$","?","?","M","R","$","R","T","E","R","E","R","M","R","BOSS","M","M","M","$","?","E","?","E","T","?","R","$","R","M","R","BOSS","BOSS","R","$","E","BOSS"],"build_version":"2019-01-23","purchased_purges":4,"victory":true,"max_hp_per_floor":[71,71,71,81,81,81,81,81,81,81,81,81,81,81,81,81,81,81,81,81,81,81,81,81,81,81,81,81,81,81,81,81,81,81,81,81,81,81,81,81,81,81,81,81,81,88,88,88,88,88,88,88,88,88,88,88],"card_choices":[{"not_picked":["Rip and Tear","Rebound"],"picked":"Capacitor","floor":1.0},{"not_picked":["Go for the Eyes","Steam"],"picked":"Cold Snap","floor":3.0},{"not_picked":["Undo","Compile Driver"],"picked":"Consume","floor":5.0},{"not_picked":["Hello World","Fusion"],"picked":"Cold Snap","floor":7.0},{"not_picked":["Reprogram","Stack","Go for the Eyes"],"picked":"SKIP","floor":12.0},{"not_picked":["FTL","Coolheaded"],"picked":"Defragment","floor":14.0},{"not_picked":["Electrodynamics","Echo Form"],"picked":"Core Surge","floor":16.0},{"not_picked":["Sweeping Beam","Blizzard"],"picked":"Conserve Battery+1","floor":18.0},{"not_picked":["Conserve Battery+1","Cold Snap"],"picked":"Loop","floor":22.0},{"not_picked":["Stack","Rebound","Turbo"],"picked":"SKIP","floor":27.0},{"not_picked":["Streamline","Compile Driver"],"picked":"Glacier","floor":29.0},{"not_picked":["Glacier","Tempest"],"picked":"Seek","floor":31.0},{"not_picked":["Meteor Strike","Seek"],"picked":"Rainbow","floor":33.0},{"not_picked":["Double Energy","Beam Cell","FTL"],"picked":"SKIP","floor":35.0},{"not_picked":["Stack+1","BootSequence+1"],"picked":"Darkness+1","floor":36.0},{"not_picked":["FTL","Compile Driver","Hello World"],"picked":"SKIP","floor":37.0},{"not_picked":["Reprogram","Doom and Gloom","Go for the Eyes"],"picked":"SKIP","floor":40.0},{"not_picked":["Barrage","Auto Shields+1"],"picked":"Coolheaded","floor":42.0},{"not_picked":["Streamline","Barrage","Melter"],"picked":"SKIP","floor":44.0},{"not_picked":["Hologram","Double Energy"],"picked":"Recycle","floor":48.0},{"not_picked":["Sweeping Beam","Cold Snap+1","Steam Power"],"picked":"SKIP","floor":55.0}],"player_experience":3189797,"relics_obtained":[{"floor":7.0,"key":"Kunai"},{"floor":9.0,"key":"MawBank"},{"floor":12.0,"key":"Blood Vial"},{"floor":14.0,"key":"Art of War"},{"floor":26.0,"key":"Omamori"},{"floor":27.0,"key":"Matryoshka"},{"floor":29.0,"key":"War Paint"},{"floor":40.0,"key":"Bronze Scales"},{"floor":42.0,"key":"Dodecahedron"},{"floor":43.0,"key":"Lantern"},{"floor":55.0,"key":"Unceasing Top"}],"event_choices":[{"damage_healed":0.0,"max_hp_gain":0.0,"max_hp_loss":0.0,"gold_gain":0.0,"cards_transformed":["Strike_B"],"event_name":"Living Wall","player_choice":"Change","floor":2.0,"gold_loss":0.0,"damage_taken":0.0,"cards_obtained":["Machine Learning"]},{"cards_removed":["Machine Learning"],"damage_healed":21.0,"max_hp_gain":10.0,"max_hp_loss":0.0,"gold_gain":0.0,"event_name":"Bonfire Elementals","player_choice":"Offered Rare","floor":4.0,"gold_loss":0.0,"damage_taken":0.0},{"cards_removed":["Strike_B"],"damage_healed":0.0,"max_hp_gain":0.0,"max_hp_loss":0.0,"gold_gain":0.0,"event_name":"Golden Wing","player_choice":"Card Removal","floor":13.0,"gold_loss":0.0,"damage_taken":7.0},{"damage_healed":0.0,"max_hp_gain":0.0,"max_hp_loss":0.0,"gold_gain":0.0,"event_name":"Duplicator","player_choice":"Copied","floor":20.0,"gold_loss":0.0,"damage_taken":0.0,"cards_obtained":["Capacitor"]},{"damage_healed":0.0,"max_hp_gain":0.0,"max_hp_loss":0.0,"gold_gain":999.0,"event_name":"MindBloom","player_choice":"Gold","floor":39.0,"gold_loss":0.0,"damage_taken":0.0,"cards_obtained":["Normality","Normality"]},{"damage_healed":0.0,"max_hp_gain":0.0,"max_hp_loss":0.0,"gold_gain":0.0,"event_name":"WeMeetAgain","player_choice":"Gave Potion","floor":41.0,"gold_loss":0.0,"damage_taken":0.0,"relics_obtained":["Frozen Egg 2"]}],"is_beta":false,"boss_relics":[{"not_picked":["FrozenCore","Ectoplasm"],"picked":"Velvet Choker"},{"not_picked":["Empty Cage","Black Star"],"picked":"Runic Pyramid"}],"items_purged_floors":[11,38,46,54],"is_endless":false,"potions_floor_spawned":[1,3,14,31,33,35,37,42,44,55],"ascension_level":20}