{"gold_per_floor":[119,44,44,194,194,194,194,194,194,238,258,258,333,4,4,100,100,76,76,96,111,111,111,185,205,231,247,247,285,185,220,220,314,314,330,1329,1329,1354,650,650,693,96,96,114,135,135,151,484,484,484,484,484,484,17,44,44],"floor_reached":57,"playtime":3503,"items_purged":["Strike_G","Bite","Bite","Bite","Bite"],"score":3043,"play_id":"d4506d5c-f7de-4f18-8301-0517b7704125","local_time":"20190219180137","is_ascension_mode":true,"campfire_choices":[{"data":"Neutralize","floor":6.0,"key":"SMITH"},{"data":"Survivor","floor":8.0,"key":"SMITH"},{"data":"Noxious Fumes","floor":12.0,"key":"SMITH"},{"data":"Blade Dance","floor":15.0,"key":"SMITH"},{"data":"Catalyst","floor":23.0,"key":"SMITH"},{"data":"Cloak And Dagger","floor":28.0,"key":"SMITH"},{"data":"Blade Dance","floor":32.0,"key":"SMITH"},{"data":"Wraith Form v2","floor":40.0,"key":"SMITH"},{"data":"Footwork","floor":46.0,"key":"SMITH"},{"floor":49.0,"key":"RECALL"},{"data":"Adrenaline","floor":53.0,"key":"SMITH"}],"neow_cost":"NONE","seed_source_timestamp":30991941016333,"circlet_count":0,"master_deck":["AscendersBane","Defend_G","Defend_G","Defend_G","Defend_G","Defend_G","Survivor+1","Neutralize+1","Catalyst+1","Noxious Fumes+1","Blade Dance+1","Adrenaline+1","Blur","Deflect","Bite","Wraith Form v2+1","Blade Dance+1","Cloak And Dagger+1","Catalyst+1","Malaise","Escape Plan","Infinite Blades","Footwork+1","After Image","PanicButton"],"special_seed":0,"relics":["Ring of the Snake","NeowsBlessing","Boot","Kunai","Dead Branch","Paper Crane","Runic Dome","Tiny Chest","Vajra","Bottled Flame","Omamori","Orrery","Chemical X","Meat on the Bone","Strawberry","Membership Card","Gambling Chip","Gremlin Horn","Letter Opener","Sling","Orichalcum","Pen Nib"],"potions_floor_usage":[56,56],"damage_taken":[{"damage":0.0,"enemies":"Small Slimes","floor":1.0,"turns":1.0},{"damage":0.0,"enemies":"Lagavulin","floor":10.0,"turns":1.0},{"damage":0.0,"enemies":"2 Louse","floor":11.0,"turns":1.0},{"damage":2.0,"enemies":"The Guardian","floor":16.0,"turns":10.0},{"damage":2.0,"enemies":"2 Thieves","floor":18.0,"turns":5.0},{"damage":0.0,"enemies":"Chosen","floor":20.0,"turns":4.0},{"damage":24.0,"enemies":"Snecko","floor":21.0,"turns":6.0},{"damage":8.0,"enemies":"Slavers","floor":24.0,"turns":4.0},{"damage":0.0,"enemies":"Snake Plant","floor":25.0,"turns":4.0},{"damage":0.0,"enemies":"Chosen and Byrds","floor":27.0,"turns":5.0},{"damage":0.0,"enemies":"Book of Stabbing","floor":29.0,"turns":4.0},{"damage":0.0,"enemies":"Gremlin Leader","floor":31.0,"turns":5.0},{"damage":3.0,"enemies":"Automaton","floor":33.0,"turns":7.0},{"damage":0.0,"enemies":"Orb Walker","floor":35.0,"turns":4.0},{"damage":19.0,"enemies":"3 Darklings","floor":38.0,"turns":4.0},{"damage":0.0,"enemies":"Giant Head","floor":41.0,"turns":8.0},{"damage":0.0,"enemies":"Sphere and 2 Shapes","floor":44.0,"turns":5.0},{"damage":0.0,"enemies":"Transient","floor":45.0,"turns":6.0},{"damage":2.0,"enemies":"Writhing Mass","floor":47.0,"turns":9.0},{"damage":0.0,"enemies":"Awakened One","floor":50.0,"turns":16.0},{"damage":6.0,"enemies":"Donu and Deca","floor":51.0,"turns":11.0},{"damage":0.0,"enemies":"Shield and Spear","floor":55.0,"turns":5.0},{"damage":8,"enemies":"The Heart","floor":56,"turns":10}],"seed_played":"-545966299812618633","potions_obtained":[{"floor":10.0,"key":"LiquidBronze"},{"floor":16.0,"key":"SpeedPotion"},{"floor":24.0,"key":"GhostInAJar"},{"floor":27.0,"key":"Dexterity Potion"}],"is_trial":false,"path_per_floor":["M","$","?","?","?","R","?","R","T","E","M","R","?","$","R","B",null,"M","?","M","M","?","R","E","M","T","M","R","E","$","E","R","B",null,"M","?","?","M","$","R","E","$","T","M","M","R","M","?","R","B","B",null,"R","$","E","B",null],"character_chosen":"THE_SILENT","items_purchased":["Paper Crane","Blade Dance","Chemical X","Meat on the Bone","Footwork","Membership Card","Gambling Chip","Gremlin Horn","Letter Opener","Sling","Orichalcum","PanicButton"],"campfire_rested":0,"item_purchase_floors":[14,14,39,39,39,42,42,42,54,54,54,54],"current_hp_per_floor":[59,59,59,59,52,52,47,47,47,47,47,47,36,36,36,34,54,52,52,52,28,28,28,30,38,38,42,42,42,42,42,42,42,42,42,42,42,25,25,25,40,40,40,42,44,44,46,46,46,49,47,49,49,49,49,41],"gold":44,"neow_bonus":"THREE_ENEMY_KILL","is_prod":false,"is_daily":false,"chose_seed":false,"campfire_upgraded":10,"win_rate":0,"timestamp":1550570497,"path_taken":["M","$","?","?","?","R","?","R","T","E","?","R","?","$","R","BOSS","M","?","M","M","?","R","E","M","T","M","R","E","$","E","R","BOSS","M","?","?","M","$","R","E","$","T","M","M","R","M","?","R","BOSS","BOSS","R","$","E","BOSS"],"build_version":"2019-01-23","purchased_purges":5,"victory":true,"max_hp_per_floor":[66,66,60,60,60,60,60,60,60,60,60,60,60,60,60,60,60,60,60,60,60,42,42,42,42,42,42,42,42,42,42,42,42,42,42,42,42,42,42,42,49,49,49,49,49,49,49,49,49,49,49,49,49,49,49,49],"card_choices":[{"not_picked":["Sucker Punch","Deflect","Cloak And Dagger"],"picked":"SKIP","floor":1.0},{"not_picked":["Poisoned Stab","Prepared"],"picked":"Catalyst","floor":10.0},{"not_picked":["Blur","PiercingWail"],"picked":"Noxious Fumes","floor":11.0},{"not_picked":["Malaise","Envenom"],"picked":"Adrenaline","floor":16.0},{"not_picked":["Outmaneuver","Flying Knee","Tactician"],"picked":"SKIP","floor":18.0},{"not_picked":["Acrobatics","Dagger Throw+1"],"picked":"Deflect","floor":20.0},{"not_picked":["Outmaneuver+1","Tactician","Flying Knee"],"picked":"SKIP","floor":21.0},{"not_picked":["Dagger Spray","Caltrops"],"picked":"Wraith Form v2","floor":24.0},{"not_picked":["PiercingWail","Deadly Poison"],"picked":"Blade Dance","floor":25.0},{"not_picked":["Prepared","Underhanded Strike"],"picked":"Cloak And Dagger","floor":27.0},{"not_picked":["Deflect","All Out Attack","Distraction"],"picked":"SKIP","floor":29.0},{"not_picked":["PiercingWail+1","Heel Hook"],"picked":"Catalyst+1","floor":31.0},{"not_picked":["Corpse Explosion","Venomology"],"picked":"Malaise","floor":33.0},{"not_picked":["Heel Hook","Predator"],"picked":"Escape Plan","floor":34.0},{"not_picked":["Acrobatics","Dodge and Roll"],"picked":"Infinite Blades","floor":34.0},{"not_picked":["Bane","Noxious Fumes","Distraction"],"picked":"SKIP","floor":35.0},{"not_picked":["Deflect","Bouncing Flask","All Out Attack"],"picked":"SKIP","floor":38.0},{"not_picked":["PiercingWail","Caltrops"],"picked":"After Image","floor":41.0},{"not_picked":["Prepared","Dagger Spray+1","Noxious Fumes+1"],"picked":"SKIP","floor":44.0},{"not_picked":["Terror","Flying Knee+1","Quick Slash"],"picked":"SKIP","floor":45.0},{"not_picked":["Crippling Poison","Slice+1","Acrobatics+1"],"picked":"SKIP","floor":47.0},{"not_picked":["Blade Dance","Dodge and Roll","Bullet Time"],"picked":"SKIP","floor":55.0}],"player_experience":2959258,"relics_obtained":[{"floor":9.0,"key":"Kunai"},{"floor":10.0,"key":"Dead Branch"},{"floor":24.0,"key":"Tiny Chest"},{"floor":26.0,"key":"Vajra"},{"floor":29.0,"key":"Bottled Flame"},{"floor":31.0,"key":"Omamori"},{"floor":41.0,"key":"Strawberry"},{"floor":55.0,"key":"Pen Nib"}],"event_choices":[{"damage_healed":0.0,"max_hp_gain":0.0,"max_hp_loss":6.0,"gold_gain":0.0,"event_name":"Golden Idol","player_choice":"Lose Max HP","floor":3.0,"gold_loss":0.0,"damage_taken":0.0,"relics_obtained":["Golden Idol"]},{"damage_healed":0.0,"max_hp_gain":0.0,"max_hp_loss":0.0,"gold_gain":150.0,"event_name":"Liars Game","player_choice":"AGREE","floor":4.0,"gold_loss":0.0,"damage_taken":0.0,"cards_obtained":["Doubt"]},{"cards_removed":["Doubt"],"damage_healed":0.0,"max_hp_gain":0.0,"max_hp_loss":0.0,"gold_gain":0.0,"event_name":"Golden Wing","player_choice":"Card Removal","floor":5.0,"gold_loss":0.0,"damage_taken":7.0},{"damage_healed":0.0,"max_hp_gain":0.0,"max_hp_loss":0.0,"gold_gain":0.0,"event_name":"Scrap Ooze","player_choice":"Success","floor":7.0,"gold_loss":0.0,"damage_taken":5.0,"relics_obtained":["Boot"]},{"damage_healed":0.0,"max_hp_gain":0.0,"max_hp_loss":0.0,"gold_gain":75.0,"event_name":"World of Goop","player_choice":"Gather Gold","floor":13.0,"gold_loss":0.0,"damage_taken":11.0},{"damage_healed":0.0,"max_hp_gain":0.0,"max_hp_loss":0.0,"gold_gain":0.0,"event_name":"The Library","player_choice":"Read","floor":19.0,"gold_loss":0.0,"damage_taken":0.0,"cards_obtained":["Blur"]},{"damage_healed":0.0,"max_hp_gain":0.0,"max_hp_loss":18.0,"gold_gain":0.0,"event_name":"Vampires","player_choice":"Became a vampire","floor":22.0,"gold_loss":0.0,"damage_taken":0.0,"cards_obtained":["Bite","Bite","Bite","Bite","Bite"]},{"damage_healed":0.0,"max_hp_gain":0.0,"max_hp_loss":0.0,"gold_gain":999.0,"event_name":"MindBloom","player_choice":"Gold","floor":36.0,"gold_loss":0.0,"damage_taken":0.0,"cards_obtained":["Normality","Normality"]},{"damage_healed":0.0,"max_hp_gain":0.0,"max_hp_loss":0.0,"gold_gain":0.0,"event_name":"Mysterious Sphere","player_choice":"Ignored","floor":37.0,"gold_loss":0.0,"damage_taken":0.0},{"damage_healed":0.0,"max_hp_gain":0.0,"max_hp_loss":0.0,"gold_gain":333.0,"event_name":"The Moai Head","player_choice":"Gave Idol","floor":48.0,"relics_lost":["Golden Idol"],"gold_loss":0.0,"damage_taken":0.0}],"is_beta":false,"boss_relics":[{"not_picked":["Velvet Choker","Empty Cage"],"picked":"Runic Dome"},{"not_picked":["Snecko Eye","Ring of the Serpent"],"picked":"Orrery"}],"items_purged_floors":[2,30,39,42,54],"is_endless":false,"potions_floor_spawned":[10,16,24,25,27,38,41,44,55],"ascension_level":20}