{"gold_per_floor":[119,194,37,47,61,61,78,97,124,124,124,6,6,24,24,126,126,96,21,21,21,21,21,21,21,21,21,21,21,21,21,21,21,21,21,21,21,21,21,21,21,21,21,21,21,21,21,21,21,21],"floor_reached":51,"playtime":1463,"items_purged":["Strike_B"],"score":687,"play_id":"fdefebe0-a74b-4ff5-a3c8-35296ae3aeb1","local_time":"20190617220719","is_ascension_mode":false,"campfire_choices":[{"data":"Zap","floor":6.0,"key":"SMITH"},{"data":"Defragment","floor":13.0,"key":"SMITH"},{"data":"Streamline","floor":15.0,"key":"SMITH"},{"data":"Hologram","floor":23,"key":"SMITH"},{"floor":28,"key":"REST"},{"data":"Reinforced Body","floor":32,"key":"SMITH"},{"data":"Dualcast","floor":40,"key":"SMITH"},{"floor":45,"key":"REST"},{"data":"Buffer","floor":47,"key":"SMITH"},{"data":"Recycle","floor":49,"key":"SMITH"}],"neow_cost":"TEN_PERCENT_HP_LOSS","seed_source_timestamp":35413425755529,"circlet_count":0,"master_deck":["Defend_B","Defend_B","Defend_B+1","Zap+1","Dualcast+1","Hologram+1","Recycle+1","Genetic Algorithm","Melter","Defragment+1","Streamline+1","Gash","Buffer+1","White Noise","Stack+1","Reinforced Body+1","Go for the Eyes+1","Compile Driver+1","Chill","Lockon","Creative AI","Core Surge","Chill+1","White Noise+1","Storm+1","Coolheaded+1"],"special_seed":0,"relics":["Cracked Core","DataDisk","Happy Flower","Ectoplasm","Ancient Tea Set","Boot","Sozu","Thread and Needle","Vajra","Bottled Tornado"],"potions_floor_usage":[50,50],"damage_taken":[{"damage":1.0,"enemies":"2 Louse","floor":1.0,"turns":2.0},{"damage":0.0,"enemies":"Jaw Worm","floor":4.0,"turns":4.0},{"damage":0.0,"enemies":"Small Slimes","floor":5.0,"turns":3.0},{"damage":1.0,"enemies":"2 Fungi Beasts","floor":7.0,"turns":3.0},{"damage":14.0,"enemies":"3 Louse","floor":8.0,"turns":2.0},{"damage":0.0,"enemies":"Exordium Wildlife","floor":14.0,"turns":2.0},{"damage":22.0,"enemies":"Hexaghost","floor":16.0,"turns":9.0},{"damage":10,"enemies":"2 Thieves","floor":18,"turns":3},{"damage":4,"enemies":"Shell Parasite","floor":20,"turns":4},{"damage":0,"enemies":"Snecko","floor":24,"turns":5},{"damage":24,"enemies":"Snake Plant","floor":25,"turns":5},{"damage":0,"enemies":"Chosen and Byrds","floor":27,"turns":6},{"damage":0,"enemies":"Snecko","floor":31,"turns":6},{"damage":12,"enemies":"Collector","floor":33,"turns":10},{"damage":0,"enemies":"Orb Walker","floor":35,"turns":4},{"damage":0,"enemies":"Mind Bloom Boss Battle","floor":37,"turns":8},{"damage":0,"enemies":"3 Darklings","floor":39,"turns":8},{"damage":27,"enemies":"Jaw Worm Horde","floor":44,"turns":6},{"damage":0,"enemies":"4 Shapes","floor":46,"turns":4},{"damage":0,"enemies":"Donu and Deca","floor":50,"turns":8}],"seed_played":"3799437053940109157","potions_obtained":[{"floor":1.0,"key":"Dexterity Potion"},{"floor":4.0,"key":"Poison Potion"},{"floor":8.0,"key":"Weak Potion"},{"floor":14.0,"key":"Ancient Potion"}],"is_trial":false,"path_per_floor":["M","?","$","M","M","R","M","M","T","?","?","$","R","M","R","B",null,"M","$","M","?","?","R","M","M","T","M","R","?","?","M","R","B",null,"M","?","?","$","M","R","?","T","T","M","R","M","R","$","R","B",null],"character_chosen":"DEFECT","items_purchased":["DataDisk","Defragment","Streamline"],"campfire_rested":2,"item_purchase_floors":[3,12,12],"current_hp_per_floor":[67,56,56,56,56,56,55,41,41,46,31,31,31,31,31,9,73,63,63,59,59,59,59,59,35,35,35,56,56,56,56,56,44,73,73,73,73,73,73,73,73,73,73,46,67,67,67,67,67,67],"gold":21,"neow_bonus":"REMOVE_TWO","is_prod":false,"is_daily":false,"chose_seed":false,"campfire_upgraded":8,"win_rate":0,"timestamp":1560780439,"path_taken":["M","?","$","M","M","R","M","M","T","?","?","$","R","M","R","BOSS","M","$","M","?","?","R","M","M","T","M","R","?","?","M","R","BOSS","M","?","?","?","M","R","?","?","T","M","R","M","R","$","R","BOSS"],"build_version":"2019-01-23","purchased_purges":1,"victory":true,"max_hp_per_floor":[68,68,68,68,68,68,68,68,68,73,73,73,73,73,73,73,73,73,73,73,73,73,73,73,73,73,73,73,73,73,73,73,73,73,73,73,73,73,73,73,73,73,73,73,73,73,73,73,73,73],"card_choices":[{"not_picked":["Fusion","Stack"],"picked":"Hologram","floor":1.0},{"not_picked":["Go for the Eyes","Scrape"],"picked":"Recycle","floor":4.0},{"not_picked":["FTL","Reprogram"],"picked":"Genetic Algorithm","floor":5.0},{"not_picked":["Steam","Barrage","Beam Cell"],"picked":"SKIP","floor":7.0},{"not_picked":["Go for the Eyes","Hologram"],"picked":"Melter","floor":8.0},{"not_picked":["Steam","Hello World"],"picked":"Gash","floor":14.0},{"not_picked":["Seek","Machine Learning"],"picked":"Buffer","floor":16.0},{"not_picked":["Rip and Tear","Stack"],"picked":"White Noise","floor":18},{"not_picked":["Double Energy","Steam"],"picked":"Stack+1","floor":20},{"not_picked":["Beam Cell+1","Melter"],"picked":"Reinforced Body","floor":24},{"not_picked":["Go for the Eyes+1","Reinforced Body","Steam"],"picked":"SKIP","floor":25},{"not_picked":["Reinforced Body","Steam"],"picked":"Go for the Eyes+1","floor":25},{"not_picked":["Steam Power","Conserve Battery","Compile Driver+1"],"picked":"SKIP","floor":27},{"not_picked":["Steam Power","Conserve Battery"],"picked":"Compile Driver+1","floor":27},{"not_picked":["Chaos","Melter"],"picked":"Creative AI","floor":31},{"not_picked":["Rainbow","Reboot"],"picked":"Core Surge","floor":33},{"not_picked":["Sunder+1","Melter","Hologram"],"picked":"SKIP","floor":35},{"not_picked":["Streamline","Ball Lightning"],"picked":"Chill+1","floor":37},{"not_picked":["Ball Lightning","Doom and Gloom"],"picked":"White Noise+1","floor":39},{"not_picked":["Scrape+1","Capacitor"],"picked":"Storm+1","floor":44},{"not_picked":["Rebound+1","Turbo+1"],"picked":"Coolheaded+1","floor":46}],"player_experience":5368859,"relics_obtained":[{"floor":9.0,"key":"Happy Flower"},{"floor":26,"key":"Boot"},{"floor":37,"key":"Thread and Needle"},{"floor":42,"key":"Vajra"},{"floor":43,"key":"Bottled Tornado"}],"event_choices":[{"damage_healed":0.0,"max_hp_gain":0.0,"max_hp_loss":0.0,"gold_gain":75.0,"event_name":"World of Goop","player_choice":"Gather Gold","floor":2.0,"gold_loss":0.0,"damage_taken":11.0},{"damage_healed":0.0,"max_hp_gain":5.0,"max_hp_loss":0.0,"gold_gain":0.0,"event_name":"Big Fish","player_choice":"Donut","floor":10.0,"gold_loss":0.0,"damage_taken":0.0},{"damage_healed":0.0,"max_hp_gain":0.0,"max_hp_loss":0.0,"gold_gain":0.0,"event_name":"Shining Light","player_choice":"Entered Light","floor":11.0,"gold_loss":0.0,"damage_taken":15.0,"cards_upgraded":["Defend_B","Strike_B"]},{"damage_healed":0,"gold_gain":0,"player_choice":"Opened","damage_taken":0,"relics_obtained":["Ancient Tea Set"],"max_hp_gain":0,"max_hp_loss":0,"event_name":"The Mausoleum","floor":21,"gold_loss":0},{"damage_healed":0,"gold_gain":0,"player_choice":"Ignored","damage_taken":0,"max_hp_gain":0,"max_hp_loss":0,"event_name":"Vampires","floor":22,"gold_loss":0},{"damage_healed":0,"gold_gain":99,"player_choice":"Stole From Cult","damage_taken":0,"max_hp_gain":0,"max_hp_loss":0,"event_name":"Nest","floor":29,"gold_loss":0},{"damage_healed":0,"gold_gain":0,"cards_transformed":["Strike_B","Strike_B"],"player_choice":"Became Test Subject","damage_taken":0,"max_hp_gain":0,"max_hp_loss":0,"event_name":"Drug Dealer","floor":30,"gold_loss":0,"cards_obtained":["Chill","Lockon"]},{"damage_healed":0,"gold_gain":0,"player_choice":"Memory 1","damage_taken":0,"max_hp_gain":0,"max_hp_loss":0,"event_name":"SensoryStone","floor":36,"gold_loss":0},{"damage_healed":0,"gold_gain":0,"player_choice":"Fight","damage_taken":0,"max_hp_gain":0,"max_hp_loss":0,"event_name":"MindBloom","floor":37,"gold_loss":0},{"damage_healed":0,"gold_gain":0,"player_choice":"Ignored","damage_taken":0,"max_hp_gain":0,"max_hp_loss":0,"event_name":"Mysterious Sphere","floor":41,"gold_loss":0}],"is_beta":false,"boss_relics":[{"not_picked":["Calling Bell","Orrery"],"picked":"Ectoplasm"},{"not_picked":["Tiny House","Eternal Feather"],"picked":"Sozu"}],"items_purged_floors":[19],"is_endless":false,"potions_floor_spawned":[1,4,8,14,18,27,39,46],"ascension_level":0}