{"gold_per_floor":[109,124,124,45,61,61,136,136,162,176,176,8,8,8,8,8],"floor_reached":16,"playtime":681,"items_purged":["Defend_G"],"score":88,"play_id":"7d4263b1-47c7-488b-a844-5176421bee09","local_time":"20190101182432","is_ascension_mode":false,"campfire_choices":[{"data":"Setup","floor":6,"key":"SMITH"},{"data":"Neutralize","floor":8,"key":"SMITH"},{"data":"Prepared","floor":11,"key":"SMITH"},{"data":"Forethought","floor":13,"key":"SMITH"},{"floor":15,"key":"REST"}],"neow_cost":"PERCENT_DAMAGE","seed_source_timestamp":19249588533365,"circlet_count":0,"master_deck":["Defend_G","Defend_G","Defend_G","Defend_G","Strike_G","Strike_G","Strike_G","Strike_G","Survivor","Neutralize+1","Grand Finale","Setup+1","Dagger Throw","Reflex","Prepared+1","Backflip","Forethought+1"],"relics":["Ring of the Snake","Orichalcum"],"potions_floor_usage":[],"damage_taken":[{"damage":4,"enemies":"Jaw Worm","floor":1,"turns":5},{"damage":9,"enemies":"Small Slimes","floor":2,"turns":5},{"damage":4,"enemies":"Cultist","floor":5,"turns":5},{"damage":13,"enemies":"Large Slime","floor":10,"turns":3},{"damage":21,"enemies":"The Guardian","floor":16,"turns":9}],"seed_played":"-1797932878881705675","potions_obtained":[{"floor":2,"key":"SpeedPotion"},{"floor":10,"key":"SmokeBomb"}],"is_trial":false,"path_per_floor":["M","M","?","$","M","R","?","R","T","M","R","$","R","?","R","B"],"character_chosen":"THE_SILENT","items_purchased":["Reflex","Forethought"],"campfire_rested":1,"item_purchase_floors":[4,12],"current_hp_per_floor":[45,36,59,59,55,55,44,44,44,31,31,31,31,31,52,31],"gold":8,"neow_bonus":"THREE_RARE_CARDS","is_prod":false,"is_daily":false,"chose_seed":false,"campfire_upgraded":4,"win_rate":0,"timestamp":1546363472,"path_taken":["M","M","?","$","M","R","?","R","T","M","R","$","R","?","R","BOSS"],"build_version":"2018-12-20","purchased_purges":1,"victory":false,"max_hp_per_floor":[70,70,70,70,70,70,70,70,70,70,70,70,70,70,70,70],"card_choices":[{"not_picked":["Unload","Phantasmal Killer"],"picked":"Grand Finale","floor":0},{"not_picked":["Blade Dance","Endless Agony"],"picked":"Setup","floor":1},{"not_picked":["Predator","Expertise"],"picked":"Dagger Throw","floor":2},{"not_picked":["Deadly Poison","Blade Dance"],"picked":"Prepared","floor":5},{"not_picked":["Deflect","Blade Dance"],"picked":"Backflip","floor":10}],"player_experience":357642,"relics_obtained":[{"floor":9,"key":"Orichalcum"}],"event_choices":[{"damage_healed":23,"gold_gain":0,"player_choice":"Banana","damage_taken":0,"max_hp_gain":0,"max_hp_loss":0,"event_name":"Big Fish","floor":3,"gold_loss":0},{"damage_healed":0,"gold_gain":75,"player_choice":"Gather Gold","damage_taken":11,"max_hp_gain":0,"max_hp_loss":0,"event_name":"World of Goop","floor":7,"gold_loss":0},{"cards_removed":["Strike_G"],"damage_healed":0,"gold_gain":0,"player_choice":"Offered Basic","damage_taken":0,"max_hp_gain":0,"max_hp_loss":0,"event_name":"Bonfire Elementals","floor":14,"gold_loss":0}],"is_beta":false,"boss_relics":[],"items_purged_floors":[12],"is_endless":false,"potions_floor_spawned":[2,10],"killed_by":"The Guardian","ascension_level":0}