{"gold_per_floor":[118,28,28,28,47,47,76,76,76,86,86,118,145,159,159,230,230,245,39,39,52,71,71,100,100,100,100],"floor_reached":27,"playtime":679,"items_purged":["Strike_B"],"score":528,"play_id":"927d5cbd-35bd-4da9-b4cb-70f60dab6c0e","local_time":"20190609150011","is_ascension_mode":true,"campfire_choices":[{"data":"Darkness","floor":6.0,"key":"SMITH"},{"data":"Coolheaded","floor":8.0,"key":"SMITH"},{"data":"Dualcast","floor":11.0,"key":"SMITH"},{"data":"Coolheaded","floor":15.0,"key":"SMITH"},{"floor":23,"key":"REST"}],"neow_cost":"NONE","seed_source_timestamp":267811406502330,"circlet_count":0,"master_deck":["AscendersBane","Defend_B","Defend_B","Defend_B","Defend_B","Zap","Dualcast+1","Coolheaded+1","Defragment","Darkness+1","Auto Shields","Turbo","White Noise","Fission","Coolheaded+1","Recycle","Turbo","Seek","Streamline+1","Force Field+1","Meteor Strike+1","Glacier","Defragment","Loop","Decay","Turbo+1","Aggregate","Stack","Machine Learning"],"special_seed":0,"relics":["Cracked Core","NeowsBlessing","Prayer Wheel","Boot","Cables","Odd Mushroom","Astrolabe","Singing Bowl","Mercury Hourglass"],"potions_floor_usage":[24,24],"damage_taken":[{"damage":0.0,"enemies":"Cultist","floor":1.0,"turns":1.0},{"damage":0.0,"enemies":"2 Louse","floor":5.0,"turns":1.0},{"damage":0.0,"enemies":"3 Sentries","floor":7.0,"turns":2.0},{"damage":0.0,"enemies":"Small Slimes","floor":10.0,"turns":4.0},{"damage":2.0,"enemies":"Gremlin Nob","floor":12.0,"turns":3.0},{"damage":18.0,"enemies":"The Mushroom Lair","floor":13.0,"turns":5.0},{"damage":2.0,"enemies":"2 Fungi Beasts","floor":14.0,"turns":4.0},{"damage":35.0,"enemies":"Slime Boss","floor":16.0,"turns":7.0},{"damage":19,"enemies":"Shell Parasite","floor":18,"turns":6},{"damage":0,"enemies":"Spheric Guardian","floor":21,"turns":8},{"damage":23,"enemies":"Snake Plant","floor":22,"turns":6},{"damage":18,"enemies":"Book of Stabbing","floor":24,"turns":6},{"damage":23,"enemies":"Slavers","floor":27,"turns":3}],"seed_played":"-1614053383834813311","potions_obtained":[{"floor":1.0,"key":"Strength Potion"},{"floor":10.0,"key":"SkillPotion"},{"floor":13.0,"key":"SkillPotion"},{"floor":16.0,"key":"PowerPotion"}],"is_trial":false,"path_per_floor":["M","$","?","?","M","R","E","R","T","M","R","E","?","M","R","B",null,"M","$","?","M","M","R","E","?","T","E"],"character_chosen":"DEFECT","items_purchased":["Defragment","Loop","Swift Potion"],"campfire_rested":1,"item_purchase_floors":[2,19,19],"current_hp_per_floor":[64,64,64,64,64,64,64,64,64,64,64,62,44,42,42,7,55,36,36,36,36,13,34,18,18,18,0],"gold":100,"neow_bonus":"THREE_ENEMY_KILL","is_prod":false,"is_daily":false,"chose_seed":false,"campfire_upgraded":4,"win_rate":0,"timestamp":1560060011,"path_taken":["M","$","?","?","?","R","E","R","T","M","R","E","?","M","R","BOSS","M","$","?","M","M","R","E","?","T","E"],"build_version":"2019-01-23","purchased_purges":1,"victory":false,"max_hp_per_floor":[71,71,71,71,71,71,71,71,71,71,71,71,71,71,71,71,71,71,71,71,71,71,71,73,73,73,73],"card_choices":[{"not_picked":["Capacitor","Hello World"],"picked":"Coolheaded","floor":1.0},{"not_picked":["Go for the Eyes","Beam Cell"],"picked":"Darkness","floor":5.0},{"not_picked":["Cold Snap","Streamline"],"picked":"Auto Shields","floor":5.0},{"not_picked":["Multi-Cast","Coolheaded"],"picked":"Turbo","floor":7.0},{"not_picked":["Doom and Gloom","Coolheaded"],"picked":"White Noise","floor":10.0},{"not_picked":["Lockon","Gash","Go for the Eyes"],"picked":"SKIP","floor":10.0},{"not_picked":["Steam Power","Conserve Battery"],"picked":"Fission","floor":12.0},{"not_picked":["Steam Power","Compile Driver"],"picked":"Coolheaded","floor":13.0},{"not_picked":["BootSequence","Sweeping Beam"],"picked":"Recycle","floor":14.0},{"not_picked":["Hello World","Blizzard"],"picked":"Turbo","floor":14.0},{"not_picked":["Buffer","Meteor Strike"],"picked":"Seek","floor":16.0},{"not_picked":["Beam Cell+1","Coolheaded"],"picked":"Glacier","floor":18},{"not_picked":["Reprogram","Turbo"],"picked":"Defragment","floor":18},{"not_picked":["Static Discharge","Lockon"],"picked":"Turbo+1","floor":21},{"not_picked":["Sweeping Beam","Conserve Battery"],"picked":"Aggregate","floor":21},{"not_picked":["FTL+1","Gash+1"],"picked":"Stack","floor":22},{"not_picked":["Sweeping Beam","Steam+1"],"picked":"Machine Learning","floor":22},{"not_picked":["Gash","Hello World","Capacitor"],"picked":"Singing Bowl","floor":24}],"player_experience":575773,"relics_obtained":[{"floor":7.0,"key":"Boot"},{"floor":12.0,"key":"Cables"},{"floor":13.0,"key":"Odd Mushroom"},{"floor":24,"key":"Singing Bowl"},{"floor":26,"key":"Mercury Hourglass"}],"event_choices":[{"damage_healed":0.0,"max_hp_gain":0.0,"max_hp_loss":0.0,"gold_gain":0.0,"event_name":"Big Fish","player_choice":"Box","floor":3.0,"gold_loss":0.0,"damage_taken":0.0,"relics_obtained":["Prayer Wheel"],"cards_obtained":["Regret"]},{"cards_removed":["Regret"],"damage_healed":0.0,"max_hp_gain":0.0,"max_hp_loss":0.0,"gold_gain":0.0,"event_name":"Purifier","player_choice":"Purged","floor":4.0,"gold_loss":0.0,"damage_taken":0.0},{"damage_healed":0.0,"max_hp_gain":0.0,"max_hp_loss":0.0,"gold_gain":0.0,"event_name":"Mushrooms","player_choice":"Fought Mushrooms","floor":13.0,"gold_loss":0.0,"damage_taken":0.0},{"damage_healed":0,"gold_gain":0,"player_choice":"Smashed Altar","damage_taken":0,"max_hp_gain":0,"max_hp_loss":0,"event_name":"Forgotten Altar","floor":20,"gold_loss":0,"cards_obtained":["Decay"]},{"damage_healed":0,"gold_gain":0,"player_choice":"Ignored","damage_taken":0,"max_hp_gain":0,"max_hp_loss":0,"event_name":"Cursed Tome","floor":25,"gold_loss":0}],"is_beta":false,"boss_relics":[{"not_picked":["Eternal Feather","Pandora\u0027s Box"],"picked":"Astrolabe"}],"items_purged_floors":[19],"is_endless":false,"potions_floor_spawned":[1,10,13,16,18,21],"killed_by":"Slavers","ascension_level":20}