{"gold_per_floor":[112,125,39,39,39,39,53,69,118,118,118,118,131,142,142,142],"floor_reached":16,"playtime":575,"items_purged":[],"score":184,"play_id":"0c3e2121-4832-4fda-b14a-ceb41e665419","local_time":"20190105160827","is_ascension_mode":true,"campfire_choices":[{"data":"Deadly Poison","floor":6.0,"key":"SMITH"},{"data":"Deadly Poison","floor":10.0,"key":"SMITH"},{"data":"Well Laid Plans","floor":12.0,"key":"SMITH"},{"data":"Survivor","floor":15.0,"key":"SMITH"}],"neow_cost":"NONE","seed_source_timestamp":20013176673810,"circlet_count":0,"master_deck":["AscendersBane","Defend_G","Defend_G","Defend_G","Defend_G","Defend_G","Strike_G","Strike_G","Strike_G","Strike_G","Survivor+1","Neutralize+1","Deadly Poison+1","Well Laid Plans+1","Deadly Poison+1"],"special_seed":0,"relics":["Ring of the Snake"],"potions_floor_usage":[16],"damage_taken":[{"damage":1.0,"enemies":"Small Slimes","floor":1.0,"turns":5.0},{"damage":0.0,"enemies":"Jaw Worm","floor":2.0,"turns":5.0},{"damage":3.0,"enemies":"2 Louse","floor":7.0,"turns":3.0},{"damage":0.0,"enemies":"Exordium Wildlife","floor":8.0,"turns":5.0},{"damage":7.0,"enemies":"Large Slime","floor":13.0,"turns":8.0},{"damage":1.0,"enemies":"3 Louse","floor":14.0,"turns":4.0},{"damage":7,"enemies":"Slime Boss","floor":16,"turns":6}],"seed_played":"8635501638184635445","potions_obtained":[{"floor":1.0,"key":"SkillPotion"},{"floor":13.0,"key":"Strength Potion"}],"is_trial":false,"path_per_floor":["M","M","$","?","?","R","M","M","T","R","?","R","M","M","R","B"],"character_chosen":"THE_SILENT","items_purchased":["Well Laid Plans"],"campfire_rested":0,"item_purchase_floors":[3],"current_hp_per_floor":[58,58,58,51,51,51,48,48,48,48,53,53,46,45,45,38],"gold":142,"neow_bonus":"UPGRADE_CARD","is_prod":false,"is_daily":false,"chose_seed":false,"campfire_upgraded":4,"win_rate":0,"timestamp":1546675707,"path_taken":["M","M","$","?","?","R","M","M","T","R","?","R","M","M","R","BOSS"],"build_version":"2019-01-03v4","purchased_purges":0,"victory":false,"max_hp_per_floor":[66,66,66,66,66,66,66,66,66,66,71,71,71,71,71,71],"card_choices":[{"not_picked":["Finisher","Poisoned Stab","Bane"],"picked":"SKIP","floor":1.0},{"not_picked":["Sucker Punch","Quick Slash"],"picked":"Deadly Poison","floor":2.0},{"not_picked":["Poisoned Stab","Slice"],"picked":"Deadly Poison","floor":7.0},{"not_picked":["Bane","Skewer","Infinite Blades"],"picked":"SKIP","floor":8.0},{"not_picked":["Dagger Spray","Dagger Throw","Underhanded Strike"],"picked":"SKIP","floor":13.0},{"not_picked":["Storm of Steel","Deflect","Dagger Throw"],"picked":"SKIP","floor":14.0}],"player_experience":1747871,"relics_obtained":[],"event_choices":[{"cards_removed":["Strike_G"],"damage_healed":0.0,"max_hp_gain":0.0,"max_hp_loss":0.0,"gold_gain":0.0,"event_name":"Golden Wing","player_choice":"Card Removal","floor":4.0,"gold_loss":0.0,"damage_taken":7.0},{"damage_healed":0.0,"max_hp_gain":0.0,"max_hp_loss":0.0,"gold_gain":0.0,"event_name":"The Cleric","player_choice":"Leave","floor":5.0,"gold_loss":0.0,"damage_taken":0.0},{"damage_healed":0.0,"max_hp_gain":5.0,"max_hp_loss":0.0,"gold_gain":0.0,"event_name":"Big Fish","player_choice":"Donut","floor":11.0,"gold_loss":0.0,"damage_taken":0.0}],"is_beta":false,"boss_relics":[],"items_purged_floors":[],"is_endless":false,"potions_floor_spawned":[1,13],"killed_by":"Slime Boss","ascension_level":20}