{"gold_per_floor":[116,116,128,128,52,52,78,92,92,92,108,127,127,138,138,211,211,227,227],"floor_reached":19,"playtime":504,"items_purged":[],"score":388,"play_id":"c92e643a-591b-4e8c-a13c-9154cb8b8226","local_time":"20190228155330","is_ascension_mode":true,"campfire_choices":[{"data":"Zap","floor":6.0,"key":"SMITH"},{"data":"Capacitor","floor":10.0,"key":"SMITH"},{"data":"Double Energy","floor":13.0,"key":"SMITH"},{"data":"Dualcast","floor":15.0,"key":"SMITH"}],"neow_cost":"NONE","seed_source_timestamp":1157924711802,"circlet_count":0,"master_deck":["AscendersBane","Zap+1","Dualcast+1","Capacitor+1","Glacier","Machine Learning","Heatsinks","Ball Lightning","Undo","BootSequence","Double Energy+1","Steam","Echo Form","Static Discharge","Electrodynamics","Chaos","Creative AI","Self Repair","Compile Driver","Lockon","Go for the Eyes"],"special_seed":0,"relics":["Cracked Core","NeowsBlessing","Unceasing Top","Turnip","Pandora\u0027s Box"],"potions_floor_usage":[],"damage_taken":[{"damage":0.0,"enemies":"Cultist","floor":1.0,"turns":1.0},{"damage":0.0,"enemies":"Small Slimes","floor":3.0,"turns":1.0},{"damage":0.0,"enemies":"Gremlin Nob","floor":7.0,"turns":1.0},{"damage":1.0,"enemies":"Jaw Worm","floor":8.0,"turns":4.0},{"damage":10.0,"enemies":"Red Slaver","floor":11.0,"turns":4.0},{"damage":0.0,"enemies":"Looter","floor":12.0,"turns":3.0},{"damage":5.0,"enemies":"Large Slime","floor":14.0,"turns":5.0},{"damage":15.0,"enemies":"Slime Boss","floor":16.0,"turns":12.0},{"damage":20.0,"enemies":"Shell Parasite","floor":18.0,"turns":5.0},{"damage":64,"enemies":"Masked Bandits","floor":19,"turns":3}],"seed_played":"-7021650847528264042","potions_obtained":[{"floor":1.0,"key":"Block Potion"},{"floor":2.0,"key":"AttackPotion"}],"is_trial":false,"path_per_floor":["M","?","M","?","$","R","E","M","T","R","M","M","R","M","R","B",null,"M","?"],"character_chosen":"DEFECT","items_purchased":["Heatsinks"],"campfire_rested":0,"item_purchase_floors":[5],"current_hp_per_floor":[64,64,64,64,64,64,64,63,63,63,53,53,53,48,48,33,62,56,0],"gold":227,"neow_bonus":"THREE_ENEMY_KILL","is_prod":false,"is_daily":false,"chose_seed":false,"campfire_upgraded":4,"win_rate":0,"timestamp":1551340410,"path_taken":["M","?","?","?","?","R","E","M","T","R","M","?","R","M","R","BOSS","M","?"],"build_version":"2019-01-23","purchased_purges":0,"victory":false,"max_hp_per_floor":[71,71,71,71,71,71,71,71,71,71,71,71,71,71,71,71,71,71,71],"card_choices":[{"not_picked":["Sunder","Redo"],"picked":"Capacitor","floor":1.0},{"not_picked":["Conserve Battery","Static Discharge"],"picked":"Glacier","floor":3.0},{"not_picked":["Steam","Streamline"],"picked":"Ball Lightning","floor":7.0},{"not_picked":["Cold Snap","Chill"],"picked":"Undo","floor":8.0},{"not_picked":["Cold Snap","Reprogram"],"picked":"BootSequence","floor":11.0},{"not_picked":["Ball Lightning","Doom and Gloom"],"picked":"Double Energy","floor":12.0},{"not_picked":["Streamline","Double Energy"],"picked":"Steam","floor":14.0},{"not_picked":["Creative AI","Core Surge"],"picked":"Echo Form","floor":16.0},{"not_picked":["Beam Cell","Lockon"],"picked":"Go for the Eyes","floor":18.0}],"player_experience":1040486,"relics_obtained":[{"floor":7.0,"key":"Unceasing Top"},{"floor":9.0,"key":"Turnip"}],"event_choices":[{"damage_healed":0.0,"max_hp_gain":0.0,"max_hp_loss":0.0,"gold_gain":0.0,"event_name":"Lab","player_choice":"Got Potions","floor":2.0,"gold_loss":0.0,"damage_taken":0.0},{"damage_healed":0.0,"max_hp_gain":0.0,"max_hp_loss":0.0,"gold_gain":0.0,"cards_transformed":["Strike_B"],"event_name":"Living Wall","player_choice":"Change","floor":4.0,"gold_loss":0.0,"damage_taken":0.0,"cards_obtained":["Machine Learning"]},{"damage_healed":0,"gold_gain":0,"player_choice":"Fought Bandits","damage_taken":0,"max_hp_gain":0,"max_hp_loss":0,"event_name":"Masked Bandits","floor":19,"gold_loss":0}],"is_beta":false,"boss_relics":[{"not_picked":["Sozu","Nuclear Battery"],"picked":"Pandora\u0027s Box"}],"items_purged_floors":[],"is_endless":false,"potions_floor_spawned":[1,8,11,14],"killed_by":"Masked Bandits","ascension_level":20}