{"gold_per_floor":[117,129,79,79,79,79,98,30,30,30,43,76,76,91,91,214,214,235,235,250,250,250,250,266,266,290,290,389,389,389,389,389,485,485,496,596,361,361,361,361,376,376,376,387,387,405,97,151,151,151],"floor_reached":51,"playtime":1258,"items_purged":["Strike_G","Defend_G"],"score":864,"play_id":"209ef41f-b36d-47a1-ac83-b230bd00271a","local_time":"20181119222522","is_ascension_mode":false,"campfire_choices":[{"data":"Bouncing Flask","floor":6,"key":"SMITH"},{"data":"Catalyst","floor":10,"key":"SMITH"},{"data":"Well Laid Plans","floor":13,"key":"SMITH"},{"data":"Neutralize","floor":15,"key":"SMITH"},{"data":"Burst","floor":23,"key":"SMITH"},{"data":"Calculated Gamble","floor":25,"key":"SMITH"},{"data":"Flechettes","floor":27,"key":"SMITH"},{"data":"Bullet Time","floor":30,"key":"SMITH"},{"data":"Blur","floor":32,"key":"SMITH"},{"data":"Deadly Poison","floor":40,"key":"SMITH"},{"data":"Deep Breath","floor":42,"key":"SMITH"},{"data":"Acrobatics","floor":49,"key":"SMITH"}],"neow_cost":"NONE","seed_source_timestamp":12711464020109,"circlet_count":0,"master_deck":["Defend_G+1","Defend_G","Defend_G","Defend_G","Survivor","Neutralize+1","Bouncing Flask+1","Catalyst+1","Well Laid Plans+1","Blur+1","Burst+1","Calculated Gamble+1","Flechettes+1","Backflip+1","Bullet Time+1","Deflect","Deadly Poison+1","Acrobatics+1","Deep Breath+1"],"relics":["Ring of the Snake","NeowsBlessing","Bloody Idol","The Specimen","Pocketwatch","Orrery","Bag of Marbles","Blood Vial","Strawberry","Sozu","Torii","Singing Bowl","Dream Catcher","TwistedFunnel","Tiny Chest"],"potions_floor_usage":[16,20,41],"damage_taken":[{"damage":0,"enemies":"Small Slimes","floor":1,"turns":1},{"damage":0,"enemies":"2 Louse","floor":2,"turns":1},{"damage":0,"enemies":"Jaw Worm","floor":7,"turns":1},{"damage":26,"enemies":"Gremlin Gang","floor":11,"turns":4},{"damage":0,"enemies":"Lagavulin","floor":12,"turns":3},{"damage":1,"enemies":"Red Slaver","floor":14,"turns":2},{"damage":0,"enemies":"The Guardian","floor":16,"turns":5},{"damage":9,"enemies":"Shell Parasite","floor":18,"turns":7},{"damage":6,"enemies":"2 Thieves","floor":20,"turns":4},{"damage":4,"enemies":"Centurion and Healer","floor":24,"turns":5},{"damage":10,"enemies":"Collector","floor":33,"turns":6},{"damage":0,"enemies":"3 Darklings","floor":35,"turns":5},{"damage":0,"enemies":"Mind Bloom Boss Battle","floor":36,"turns":2},{"damage":1,"enemies":"3 Shapes","floor":41,"turns":3},{"damage":11,"enemies":"3 Darklings","floor":44,"turns":3},{"damage":0,"enemies":"Sphere and 2 Shapes","floor":46,"turns":3},{"damage":8,"enemies":"Time Eater","floor":50,"turns":5}],"seed_played":"1671901318976036882","potions_obtained":[{"floor":1,"key":"SkillPotion"},{"floor":12,"key":"Energy Potion"},{"floor":14,"key":"Poison Potion"},{"floor":33,"key":"SteroidPotion"}],"is_trial":false,"path_per_floor":["M","M","?","?","?","R","M","$","T","R","M","E","R","M","R","B",null,"M","?","M","?","T","R","M","R","T","R","?","?","R","?","R","B",null,"M","?","$","?","?","R","M","R","T","M","?","M","$","T","R","B",null],"character_chosen":"THE_SILENT","items_purchased":["Well Laid Plans","Deadly Poison","Acrobatics","Deep Breath","TwistedFunnel"],"campfire_rested":0,"item_purchase_floors":[8,37,37,37,47],"current_hp_per_floor":[70,70,70,53,39,39,39,39,39,39,13,13,13,12,12,12,70,61,61,65,65,65,65,66,66,70,70,70,70,70,77,77,72,77,77,77,77,77,77,77,77,77,77,73,73,81,81,81,81,73],"gold":151,"neow_bonus":"THREE_ENEMY_KILL","is_prod":false,"is_daily":false,"chose_seed":false,"campfire_upgraded":12,"win_rate":0,"timestamp":1542637522,"path_taken":["M","M","?","?","?","R","M","?","T","R","?","E","R","M","R","BOSS","M","?","M","?","?","R","?","R","T","R","?","?","R","?","R","BOSS","M","?","$","?","?","R","M","R","T","?","?","M","$","?","R","BOSS"],"build_version":"2018-11-15","purchased_purges":2,"victory":true,"max_hp_per_floor":[70,70,70,70,70,70,70,70,70,70,70,70,70,70,70,70,70,70,70,70,70,70,70,70,70,70,70,70,70,70,77,77,77,77,77,77,77,77,77,77,77,77,77,79,79,81,81,81,81,81],"card_choices":[{"not_picked":["Backstab","Dagger Spray"],"picked":"Bouncing Flask","floor":1},{"not_picked":["Underhanded Strike","Concentrate"],"picked":"Catalyst","floor":2},{"not_picked":["Outmaneuver","Infinite Blades","Choke"],"picked":"SKIP","floor":7},{"not_picked":["Dodge and Roll","Choke","Blade Dance"],"picked":"SKIP","floor":11},{"not_picked":["Flying Knee","Expertise"],"picked":"Blur","floor":12},{"not_picked":["Poisoned Stab","Bane","Noxious Fumes"],"picked":"SKIP","floor":14},{"not_picked":["Envenom","Wraith Form v2"],"picked":"Burst","floor":16},{"not_picked":["Quick Slash","Crippling Poison"],"picked":"Calculated Gamble","floor":17},{"not_picked":["Cloak And Dagger","Noxious Fumes"],"picked":"Flechettes","floor":17},{"not_picked":["PiercingWail","Flying Knee","Noxious Fumes"],"picked":"SKIP","floor":18},{"not_picked":["Blade Dance","Flying Knee"],"picked":"Backflip+1","floor":20},{"not_picked":["Phantasmal Killer","Deflect+1","Dodge and Roll+1"],"picked":"SKIP","floor":24},{"not_picked":["Masterful Stab","Dodge and Roll","Calculated Gamble+1"],"picked":"SKIP","floor":35},{"not_picked":["Predator+1","Terror","Poisoned Stab"],"picked":"SKIP","floor":41},{"not_picked":["Deflect+1","Endless Agony","Caltrops+1"],"picked":"Singing Bowl","floor":44},{"not_picked":["PiercingWail","Flying Knee","Cloak And Dagger"],"picked":"Singing Bowl","floor":46}],"player_experience":1108842,"relics_obtained":[{"floor":9,"key":"The Specimen"},{"floor":12,"key":"Pocketwatch"},{"floor":22,"key":"Bag of Marbles"},{"floor":26,"key":"Blood Vial"},{"floor":36,"key":"Torii"},{"floor":43,"key":"Singing Bowl"},{"floor":45,"key":"Dream Catcher"},{"floor":48,"key":"Tiny Chest"}],"event_choices":[{"cards_removed":["Strike_G"],"damage_healed":0,"gold_gain":0,"player_choice":"Card Removal","damage_taken":0,"max_hp_gain":0,"max_hp_loss":0,"event_name":"The Cleric","floor":3,"gold_loss":50},{"damage_healed":0,"gold_gain":0,"player_choice":"Take Damage","damage_taken":17,"relics_obtained":["Golden Idol"],"max_hp_gain":0,"max_hp_loss":0,"event_name":"Golden Idol","floor":4,"gold_loss":0},{"damage_healed":0,"gold_gain":0,"player_choice":"Entered Light","damage_taken":14,"max_hp_gain":0,"max_hp_loss":0,"event_name":"Shining Light","floor":5,"gold_loss":0,"cards_upgraded":["Defend_G","Strike_G"]},{"damage_healed":0,"gold_gain":0,"player_choice":"Gave Idol","damage_taken":0,"relics_obtained":["Bloody Idol"],"max_hp_gain":0,"max_hp_loss":0,"event_name":"Forgotten Altar","floor":19,"relics_lost":["Golden Idol"],"gold_loss":0},{"damage_healed":0,"gold_gain":0,"cards_transformed":["Strike_G","Strike_G"],"player_choice":"Became Test Subject","damage_taken":0,"max_hp_gain":0,"max_hp_loss":0,"event_name":"Drug Dealer","floor":21,"gold_loss":0,"cards_obtained":["Endless Agony","Bullet Time"]},{"damage_healed":0,"gold_gain":99,"player_choice":"Stole From Cult","damage_taken":0,"max_hp_gain":0,"max_hp_loss":0,"event_name":"Nest","floor":28,"gold_loss":0},{"damage_healed":0,"gold_gain":0,"player_choice":"Read","damage_taken":0,"max_hp_gain":0,"max_hp_loss":0,"event_name":"The Library","floor":29,"gold_loss":0,"cards_obtained":["Deflect"]},{"cards_removed":["Endless Agony"],"damage_healed":0,"gold_gain":0,"player_choice":"Gave Card","damage_taken":0,"relics_obtained":["Strawberry"],"max_hp_gain":0,"max_hp_loss":0,"event_name":"WeMeetAgain","floor":31,"gold_loss":0},{"damage_healed":0,"gold_gain":0,"player_choice":"Fight","damage_taken":0,"max_hp_gain":0,"max_hp_loss":0,"event_name":"MindBloom","floor":36,"gold_loss":0},{"damage_healed":0,"gold_gain":0,"player_choice":"Ignored","damage_taken":0,"max_hp_gain":0,"max_hp_loss":0,"event_name":"Mysterious Sphere","floor":38,"gold_loss":0},{"cards_removed":["Strike_G"],"damage_healed":0,"gold_gain":0,"player_choice":"Removed Attack","damage_taken":0,"max_hp_gain":0,"max_hp_loss":0,"event_name":"Falling","floor":39,"gold_loss":0},{"damage_healed":0,"gold_gain":0,"player_choice":"Relic","damage_taken":0,"max_hp_gain":0,"max_hp_loss":0,"event_name":"Wheel of Change","floor":45,"gold_loss":0}],"is_beta":true,"boss_relics":[{"not_picked":["Snecko Eye","Black Star"],"picked":"Orrery"},{"not_picked":["Pandora\u0027s Box","Runic Pyramid"],"picked":"Sozu"}],"items_purged_floors":[37,47],"is_endless":false,"potions_floor_spawned":[1,12,14,33,46],"ascension_level":0}