{"gold_per_floor":[113,62,137,137,153,183,195,242,254,266,294,325,351,373,385,493,505,535,319,319,331,331,356,356,375,375,394,414,339,368,281,281,281],"floor_reached":33,"playtime":995,"items_purged":["Strike_B"],"score":515,"play_id":"938b218d-0e0f-4184-b8ef-fcecd695d72e","local_time":"20181026144211","is_ascension_mode":true,"campfire_choices":[{"data":"Zap","floor":7.0,"key":"SMITH"},{"data":"Hologram","floor":10.0,"key":"SMITH"},{"data":"Beam Cell","floor":15.0,"key":"SMITH"},{"data":"Defragment","floor":24,"key":"SMITH"},{"data":"Go for the Eyes","floor":32,"key":"SMITH"}],"neow_cost":"NONE","seed_source_timestamp":83348004404472,"circlet_count":0,"master_deck":["Defend_B","Defend_B","Defend_B","Zap+1","Dualcast","AscendersBane","Gash","Beam Cell+1","Hologram+1","Gash","Self Repair","Turbo","Gash","Steam","Streamline","Go for the Eyes+1","Ball Lightning","Hologram+1","Stack+1","Chaos+1","Ball Lightning+1","Hologram+1","Defragment+1","Double Energy+1","BootSequence+1"],"special_seed":0,"relics":["Cracked Core","NeowsBlessing","Prayer Wheel","MawBank","Centennial Puzzle","DataDisk","Astrolabe","Membership Card","Toxic Egg 2","Frozen Egg 2","Molten Egg 2","Bag of Preparation"],"potions_floor_usage":[23,23,33],"damage_taken":[{"damage":0.0,"enemies":"Cultist","floor":1.0,"turns":1.0},{"damage":0.0,"enemies":"2 Louse","floor":5.0,"turns":1.0},{"damage":0.0,"enemies":"3 Sentries","floor":6.0,"turns":1.0},{"damage":30.0,"enemies":"Gremlin Nob","floor":8.0,"turns":4.0},{"damage":7.0,"enemies":"Jaw Worm","floor":11.0,"turns":2.0},{"damage":15.0,"enemies":"Exordium Thugs","floor":12.0,"turns":4.0},{"damage":3.0,"enemies":"Blue Slaver","floor":13.0,"turns":2.0},{"damage":1.0,"enemies":"Exordium Wildlife","floor":14.0,"turns":4.0},{"damage":11.0,"enemies":"Slime Boss","floor":16.0,"turns":7.0},{"damage":2.0,"enemies":"Chosen","floor":18.0,"turns":3.0},{"damage":6,"enemies":"Spheric Guardian","floor":21,"turns":3},{"damage":3,"enemies":"Gremlin Leader","floor":23,"turns":8},{"damage":4,"enemies":"Shelled Parasite and Fungi","floor":25,"turns":4},{"damage":19,"enemies":"Cultist and Chosen","floor":27,"turns":5},{"damage":19,"enemies":"Snecko","floor":28,"turns":5},{"damage":13,"enemies":"Book of Stabbing","floor":30,"turns":5},{"damage":47,"enemies":"Collector","floor":33,"turns":3}],"seed_played":"923734836599787322","potions_obtained":[{"floor":1.0,"key":"Weak Potion"},{"floor":11.0,"key":"Block Potion"},{"floor":14.0,"key":"Energy Potion"},{"floor":21,"key":"Swift Potion"},{"floor":27,"key":"Energy Potion"}],"is_trial":false,"path_per_floor":["M","$","?","T","M","E","R","E","T","R","M","M","M","M","R","B",null,"M","$","?","M","?","E","R","M","T","M","M","?","E","?","R"],"character_chosen":"DEFECT","items_purchased":["Beam Cell","Membership Card"],"campfire_rested":0,"item_purchase_floors":[2,19],"current_hp_per_floor":[68,68,57,57,57,57,57,27,27,27,20,12,9,15,15,11,59,64,64,64,65,65,62,62,65,65,53,41,41,35,35,35,0],"gold":281,"neow_bonus":"THREE_ENEMY_KILL","is_prod":false,"is_daily":false,"chose_seed":false,"campfire_upgraded":5,"win_rate":0,"timestamp":1540536131,"path_taken":["M","?","?","?","M","E","R","E","T","R","?","M","M","M","R","BOSS","M","$","?","?","?","E","R","M","T","M","M","?","E","?","R","BOSS"],"build_version":"2018-10-25","purchased_purges":1,"victory":false,"max_hp_per_floor":[75,75,75,75,75,75,75,75,75,75,75,75,75,75,75,75,75,75,75,75,75,75,75,75,75,75,75,75,75,75,75,75,75],"card_choices":[{"not_picked":["Recycle","Compile Driver"],"picked":"Gash","floor":1.0},{"not_picked":["Conserve Battery","Sunder"],"picked":"Hologram","floor":5.0},{"not_picked":["Beam Cell","Scrape","Double Energy"],"picked":"SKIP","floor":5.0},{"not_picked":["BootSequence","Stack"],"picked":"Gash","floor":6.0},{"not_picked":["Tempest","Coolheaded","Loop"],"picked":"SKIP","floor":8.0},{"not_picked":["Storm","Leap"],"picked":"Self Repair","floor":11.0},{"not_picked":["Rainbow","Blizzard"],"picked":"Turbo","floor":11.0},{"not_picked":["Consume","Barrage"],"picked":"Gash","floor":12.0},{"not_picked":["Conserve Battery","Hello World"],"picked":"Steam","floor":12.0},{"not_picked":["Beam Cell","Static Discharge"],"picked":"Streamline","floor":13.0},{"not_picked":["Undo","Genetic Algorithm","Streamline"],"picked":"SKIP","floor":13.0},{"not_picked":["BootSequence","Stack"],"picked":"Go for the Eyes","floor":14.0},{"not_picked":["Steam","Defragment"],"picked":"Ball Lightning","floor":14.0},{"not_picked":["Hologram","Self Repair"],"picked":"Ball Lightning+1","floor":18.0},{"not_picked":["Cold Snap","Tempest","Steam Power"],"picked":"SKIP","floor":18.0},{"not_picked":["Compile Driver+1","Barrage"],"picked":"Hologram+1","floor":21},{"not_picked":["Rebound","Coolheaded","Beam Cell"],"picked":"SKIP","floor":21},{"not_picked":["Multi-Cast","Cold Snap"],"picked":"Defragment","floor":23},{"not_picked":["Compile Driver","Streamline"],"picked":"Double Energy+1","floor":25},{"not_picked":["Streamline","Genetic Algorithm+1","Chaos+1"],"picked":"SKIP","floor":25},{"not_picked":["Barrage","Sunder+1"],"picked":"BootSequence+1","floor":27},{"not_picked":["Beam Cell","Turbo+1","Creative AI+1"],"picked":"SKIP","floor":27},{"not_picked":["Turbo+1","Cold Snap","Go for the Eyes"],"picked":"SKIP","floor":28},{"not_picked":["Beam Cell","Cold Snap","Heatsinks+1"],"picked":"SKIP","floor":28},{"not_picked":["Stack+1","Turbo+1","Redo+1"],"picked":"SKIP","floor":30}],"player_experience":401163,"relics_obtained":[{"floor":4.0,"key":"Prayer Wheel"},{"floor":6.0,"key":"MawBank"},{"floor":8.0,"key":"Centennial Puzzle"},{"floor":9.0,"key":"DataDisk"},{"floor":23,"key":"Toxic Egg 2"},{"floor":26,"key":"Frozen Egg 2"},{"floor":30,"key":"Molten Egg 2"}],"event_choices":[{"damage_healed":0.0,"max_hp_gain":0.0,"max_hp_loss":0.0,"gold_gain":75.0,"event_name":"World of Goop","player_choice":"Gather Gold","floor":3.0,"gold_loss":0.0,"damage_taken":11.0},{"damage_healed":0,"gold_gain":0,"player_choice":"0 cards matched","damage_taken":0,"max_hp_gain":0,"max_hp_loss":0,"event_name":"Match and Keep!","floor":20,"gold_loss":0,"cards_obtained":[]},{"damage_healed":0,"gold_gain":0,"player_choice":"Ignored","damage_taken":0,"max_hp_gain":0,"max_hp_loss":0,"event_name":"Vampires","floor":22,"gold_loss":0},{"cards_removed":["Strike_B"],"damage_healed":0,"gold_gain":0,"player_choice":"Gave Gold","damage_taken":0,"max_hp_gain":0,"max_hp_loss":0,"event_name":"Beggar","floor":29,"gold_loss":75},{"damage_healed":0,"gold_gain":0,"player_choice":"Paid Gold","damage_taken":0,"relics_obtained":["Bag of Preparation"],"max_hp_gain":0,"max_hp_loss":0,"event_name":"WeMeetAgain","floor":31,"gold_loss":87}],"is_beta":false,"boss_relics":[{"not_picked":["Fusion Hammer","Sozu"],"picked":"Astrolabe"}],"items_purged_floors":[19],"is_endless":false,"potions_floor_spawned":[1,11,13,14,21,27],"killed_by":"Collector","ascension_level":12}