{"path_per_floor":["M","?","$","?","M","R","E","$","T","E","M","R","E","M","R","B",null,"M","?","M","$","M"],"character_chosen":"DEFECT","items_purchased":["Melter","Skim","Impulse","Skim","White Noise"],"gold_per_floor":[117,192,43,43,60,60,94,70,120,154,171,171,203,222,222,317,317,335,335,354,198,216,216],"floor_reached":23,"campfire_rested":1,"playtime":1506,"current_hp_per_floor":[70,59,59,59,71,71,50,50,50,32,32,32,20,13,35,12,75,57,57,38,38,21,0],"items_purged":["Defend_B"],"gold":216,"score":209,"play_id":"93d6b31f-b092-457e-a6dd-6403fc4e5e75","local_time":"20180505192858","is_prod":false,"is_daily":false,"chose_seed":false,"is_ascension_mode":false,"campfire_upgraded":2,"timestamp":1525541338,"path_taken":["M","?","$","?","M","R","E","?","T","E","M","R","E","M","R","BOSS","M","?","M","$","M","E"],"build_version":"2018-05-03","seed_source_timestamp":22370811350741,"purchased_purges":1,"victory":false,"master_deck":["Strike_B","Strike_B","Strike_B","Strike_B","Defend_B","Defend_B","Defend_B","Zap","Dualcast","FTL","Melter","Skim","Impulse","Turbo+1","Double Energy+1","Skim","Beam Cell","Sweeping Beam","Capacitor","Stack","All For One","Doom and Gloom","Beam Cell","Ball Lightning","White Noise","Undo"],"max_hp_per_floor":[75,75,75,75,75,75,75,75,75,75,75,75,75,75,75,75,75,75,75,75,75,75,75],"relics":["Runic Pyramid","Happy Flower","DataDisk","Oddly Smooth Stone","Toolbox"],"card_choices":[{"not_picked":["Steam Power","Undo"],"picked":"FTL","floor":1},{"not_picked":["Barrage","Darkness"],"picked":"Turbo","floor":5},{"not_picked":["Loop","Darkness"],"picked":"Double Energy","floor":7},{"not_picked":["Ball Lightning","Loop"],"picked":"Beam Cell","floor":10},{"not_picked":["Hologram","Leap"],"picked":"Sweeping Beam","floor":11},{"not_picked":["Undo","Heatsinks"],"picked":"Capacitor","floor":13},{"not_picked":["Cold Snap","Beam Cell"],"picked":"Stack","floor":14},{"not_picked":["Nova","Fusion"],"picked":"All For One","floor":16},{"not_picked":["Skim","Barrage"],"picked":"Doom and Gloom","floor":18},{"not_picked":["Skim","Sweeping Beam"],"picked":"Ball Lightning","floor":20},{"not_picked":["Coolheaded","Axe Kick"],"picked":"Undo","floor":22}],"player_experience":50515,"potions_floor_usage":[5,16,23],"damage_taken":[{"damage":5,"enemies":"2 Louse","floor":1,"turns":3},{"damage":0,"enemies":"Small Slimes","floor":5,"turns":5},{"damage":21,"enemies":"3 Sentries","floor":7,"turns":8},{"damage":18,"enemies":"Lagavulin","floor":10,"turns":7},{"damage":0,"enemies":"Cultist","floor":11,"turns":3},{"damage":12,"enemies":"3 Sentries","floor":13,"turns":6},{"damage":7,"enemies":"3 Louse","floor":14,"turns":4},{"damage":23,"enemies":"The Guardian","floor":16,"turns":10},{"damage":18,"enemies":"Shell Parasite","floor":18,"turns":6},{"damage":19,"enemies":"3 Byrds","floor":20,"turns":4},{"damage":17,"enemies":"3 Cultists","floor":22,"turns":4},{"damage":28,"enemies":"Gremlin Leader","floor":23,"turns":2}],"event_choices":[{"event_name":"World of Goop","player_choice":"Gather Gold","floor":2,"damage_taken":0},{"event_name":"Liars Game","player_choice":"disagreed","floor":4,"damage_taken":0},{"event_name":"The Library","player_choice":"Read","floor":19,"damage_taken":0}],"boss_relics":[{"not_picked":["Ectoplasm","Calling Bell","Runic Dome"]}],"potions_floor_spawned":[1,11,14,16,22],"seed_played":"1709985101557034295","killed_by":"Gremlin Leader","ascension_level":0,"is_trial":false}