{"gold_per_floor":[211,230,17,36,50,78,78,78,78,3,3,3,3,18,18,92,92,106,21,21,35,47,47,66,92,167,167,194,194,213,231,231,303,303,318,333,349,1348,1359,1393,1393,1393,1447,1447,1466,1500,926,978,978,978,978,978,978,284,312,312],"floor_reached":57,"playtime":2885,"items_purged":["Strike_B","Strike_B","Rip and Tear+1"],"score":3204,"play_id":"9bfb6bc1-44cf-4fab-8e0f-49483da3ab6b","local_time":"20190501022235","is_ascension_mode":true,"campfire_choices":[{"data":"Rip and Tear","floor":7.0,"key":"SMITH"},{"data":"Dualcast","floor":12.0,"key":"SMITH"},{"data":"Gash","floor":15.0,"key":"SMITH"},{"data":"Recycle","floor":23.0,"key":"SMITH"},{"floor":29.0,"key":"DIG"},{"floor":32.0,"key":"DIG"},{"data":"Steam Power","floor":41.0,"key":"SMITH"},{"floor":44.0,"key":"RECALL"},{"floor":49.0,"key":"REST"},{"data":"Madness","floor":53.0,"key":"SMITH"}],"neow_cost":"NONE","seed_source_timestamp":37632203759341,"circlet_count":0,"master_deck":["AscendersBane","Defend_B","Defend_B","Defend_B","Defend_B","Zap+1","Dualcast+1","Gash+1","Gash","Core Surge","Gash","Seek","Auto Shields+1","Recycle+1","Steam+1","FTL","All For One","Normality","Normality","Steam Power+1","Madness+1","Madness","Steam","Master of Strategy","Purity","Turbo"],"special_seed":0,"relics":["Cracked Core","Medical Kit","Oddly Smooth Stone","Kunai","Bottled Flame","Unceasing Top","Empty Cage","Shovel","Ornamental Fan","Torii","Letter Opener","Cables","Regal Pillow","Blue Candle","Busted Crown","Pocketwatch","Bag of Marbles","Bag of Preparation","Ice Cream","Frozen Eye","Mercury Hourglass","Nunchaku"],"potions_floor_usage":[56],"damage_taken":[{"damage":4.0,"enemies":"Jaw Worm","floor":1.0,"turns":3.0},{"damage":1.0,"enemies":"Cultist","floor":2.0,"turns":3.0},{"damage":7.0,"enemies":"Small Slimes","floor":4.0,"turns":3.0},{"damage":1.0,"enemies":"Exordium Thugs","floor":5.0,"turns":3.0},{"damage":25.0,"enemies":"Lagavulin","floor":6.0,"turns":7.0},{"damage":1.0,"enemies":"Blue Slaver","floor":14.0,"turns":3.0},{"damage":0.0,"enemies":"Slime Boss","floor":16.0,"turns":5.0},{"damage":4.0,"enemies":"2 Thieves","floor":18.0,"turns":3.0},{"damage":15.0,"enemies":"Shell Parasite","floor":21.0,"turns":4.0},{"damage":9.0,"enemies":"Centurion and Healer","floor":22.0,"turns":7.0},{"damage":0.0,"enemies":"Snecko","floor":24.0,"turns":4.0},{"damage":26.0,"enemies":"Gremlin Leader","floor":25.0,"turns":7.0},{"damage":17.0,"enemies":"Slavers","floor":28.0,"turns":3.0},{"damage":10.0,"enemies":"Snake Plant","floor":30.0,"turns":3.0},{"damage":0.0,"enemies":"Cultist and Chosen","floor":31.0,"turns":3.0},{"damage":1.0,"enemies":"Automaton","floor":33.0,"turns":6.0},{"damage":0.0,"enemies":"3 Shapes","floor":35.0,"turns":4.0},{"damage":1.0,"enemies":"Orb Walker","floor":36.0,"turns":2.0},{"damage":6.0,"enemies":"Maw","floor":37.0,"turns":4.0},{"damage":2.0,"enemies":"Transient","floor":39.0,"turns":6.0},{"damage":3.0,"enemies":"Giant Head","floor":40.0,"turns":4.0},{"damage":3.0,"enemies":"Spire Growth","floor":45.0,"turns":3.0},{"damage":4.0,"enemies":"Nemesis","floor":46.0,"turns":5.0},{"damage":12.0,"enemies":"2 Orb Walkers","floor":48.0,"turns":3.0},{"damage":31.0,"enemies":"Time Eater","floor":50.0,"turns":8.0},{"damage":2.0,"enemies":"Awakened One","floor":51.0,"turns":4.0},{"damage":3.0,"enemies":"Shield and Spear","floor":55.0,"turns":2.0},{"damage":33,"enemies":"The Heart","floor":56,"turns":6}],"seed_played":"4709182634128555699","potions_obtained":[{"floor":1.0,"key":"Strength Potion"},{"floor":6.0,"key":"LiquidBronze"},{"floor":14.0,"key":"SteroidPotion"},{"floor":16.0,"key":"SteroidPotion"},{"floor":18.0,"key":"Regen Potion"},{"floor":21.0,"key":"FearPotion"},{"floor":24.0,"key":"LiquidBronze"},{"floor":30.0,"key":"Strength Potion"},{"floor":31.0,"key":"GamblersBrew"},{"floor":45.0,"key":"Weak Potion"}],"is_trial":false,"path_per_floor":["M","M","$","M","M","E","R","?","T","$","T","R","?","M","R","B",null,"M","?","T","M","M","R","M","E","T","?","E","R","M","M","R","B",null,"M","M","M","?","M","E","R","?","T","R","M","E","$","?","R","B","B",null,"R","$","E","B",null],"character_chosen":"DEFECT","items_purchased":["Medical Kit","Bag of Preparation","Master of Strategy","Purity","Turbo","Frozen Eye","Swift Potion","Mercury Hourglass"],"campfire_rested":1,"item_purchase_floors":[3,47,47,47,54,54,54,54],"current_hp_per_floor":[60,59,59,52,51,26,26,26,26,26,26,26,26,25,25,25,60,56,56,56,53,44,44,44,18,18,71,54,54,44,44,44,43,64,64,63,57,57,55,52,52,39,39,39,36,32,32,20,56,25,23,59,59,59,56,23],"gold":312,"neow_bonus":"HUNDRED_GOLD","is_prod":false,"is_daily":false,"chose_seed":false,"campfire_upgraded":6,"win_rate":0,"timestamp":1556648555,"path_taken":["M","M","$","M","M","E","R","?","T","$","?","R","?","?","R","BOSS","M","?","?","M","?","R","M","E","T","?","E","R","M","M","R","BOSS","M","?","M","?","M","E","R","?","T","R","M","E","$","?","R","BOSS","BOSS","R","$","E","BOSS"],"build_version":"2019-01-23","purchased_purges":3,"victory":true,"max_hp_per_floor":[71,71,71,71,71,71,71,71,71,71,71,71,71,71,71,71,71,71,71,71,71,71,71,71,71,71,71,71,71,71,71,71,71,71,71,71,71,71,71,71,71,71,71,71,71,71,71,71,71,71,71,71,71,71,71,71],"card_choices":[{"not_picked":["Force Field","Stack","Go for the Eyes"],"picked":"SKIP","floor":1.0},{"not_picked":["Go for the Eyes","Steam"],"picked":"Gash","floor":2.0},{"not_picked":["Go for the Eyes","Hologram"],"picked":"Rip and Tear","floor":4.0},{"not_picked":["Turbo","Rip and Tear"],"picked":"Gash","floor":5.0},{"not_picked":["Turbo","Stack"],"picked":"Core Surge","floor":6.0},{"not_picked":["Melter","Steam"],"picked":"Gash","floor":14.0},{"not_picked":["Reboot","Hyperbeam"],"picked":"Seek","floor":16.0},{"not_picked":["Conserve Battery","Go for the Eyes"],"picked":"Auto Shields+1","floor":18.0},{"not_picked":["Melter","Genetic Algorithm","Compile Driver"],"picked":"SKIP","floor":21.0},{"not_picked":["Redo+1","Tempest"],"picked":"Recycle","floor":22.0},{"not_picked":["Rip and Tear","Compile Driver"],"picked":"Double Energy","floor":24.0},{"not_picked":["Rebound","Stack"],"picked":"Steam+1","floor":25.0},{"not_picked":["Barrage+1","Consume+1","Conserve Battery"],"picked":"SKIP","floor":28.0},{"not_picked":["Consume","Hologram"],"picked":"FTL","floor":30.0},{"not_picked":["Leap","Double Energy","Coolheaded"],"picked":"SKIP","floor":31.0},{"not_picked":["Creative AI","Biased Cognition"],"picked":"All For One","floor":33.0},{"not_picked":["Chaos+1"],"picked":"SKIP","floor":35.0},{"not_picked":["White Noise"],"picked":"SKIP","floor":36.0},{"not_picked":["Sweeping Beam"],"picked":"SKIP","floor":37.0},{"not_picked":[],"picked":"Steam Power","floor":39.0},{"not_picked":["Doom and Gloom"],"picked":"SKIP","floor":40.0},{"not_picked":["Streamline"],"picked":"SKIP","floor":45.0},{"not_picked":["Streamline"],"picked":"SKIP","floor":45.0},{"not_picked":[],"picked":"Steam","floor":46.0},{"not_picked":["Aggregate"],"picked":"SKIP","floor":55.0}],"player_experience":4559841,"relics_obtained":[{"floor":6.0,"key":"Oddly Smooth Stone"},{"floor":9.0,"key":"Bottled Flame"},{"floor":11.0,"key":"Unceasing Top"},{"floor":20.0,"key":"Ornamental Fan"},{"floor":25.0,"key":"Torii"},{"floor":26.0,"key":"Letter Opener"},{"floor":28.0,"key":"Cables"},{"floor":29.0,"key":"Regal Pillow"},{"floor":32.0,"key":"Blue Candle"},{"floor":40.0,"key":"Pocketwatch"},{"floor":46.0,"key":"Bag of Marbles"},{"floor":48.0,"key":"Ice Cream"},{"floor":55.0,"key":"Nunchaku"}],"event_choices":[{"damage_healed":0.0,"max_hp_gain":0.0,"max_hp_loss":0.0,"gold_gain":0.0,"event_name":"WeMeetAgain","player_choice":"Gave Potion","floor":8.0,"gold_loss":0.0,"damage_taken":0.0,"relics_obtained":["Kunai"]},{"damage_healed":0.0,"max_hp_gain":0.0,"max_hp_loss":0.0,"gold_gain":0.0,"event_name":"Upgrade Shrine","player_choice":"Upgraded","floor":13.0,"gold_loss":0.0,"damage_taken":0.0,"cards_upgraded":["Zap"]},{"damage_healed":0.0,"max_hp_gain":0.0,"max_hp_loss":0.0,"gold_gain":0.0,"event_name":"Addict","player_choice":"Obtained Relic","floor":19.0,"gold_loss":85.0,"damage_taken":0.0,"relics_obtained":["Shovel"]},{"cards_removed":["Double Energy"],"damage_healed":53.0,"max_hp_gain":0.0,"max_hp_loss":0.0,"gold_gain":0.0,"event_name":"Bonfire Elementals","player_choice":"Offered Uncommon","floor":27.0,"gold_loss":0.0,"damage_taken":0.0},{"damage_healed":0.0,"max_hp_gain":0.0,"max_hp_loss":0.0,"gold_gain":999.0,"event_name":"MindBloom","player_choice":"Gold","floor":38.0,"gold_loss":0.0,"damage_taken":0.0,"cards_obtained":["Normality","Normality"]},{"damage_healed":0.0,"max_hp_gain":0.0,"max_hp_loss":0.0,"gold_gain":0.0,"event_name":"Winding Halls","player_choice":"Embrace Madness","floor":42.0,"gold_loss":0.0,"damage_taken":13.0,"cards_obtained":["Madness","Madness"]},{"damage_healed":0.0,"max_hp_gain":0.0,"max_hp_loss":0.0,"gold_gain":0.0,"event_name":"Mysterious Sphere","player_choice":"Fight","floor":48.0,"gold_loss":0.0,"damage_taken":0.0}],"is_beta":false,"boss_relics":[{"not_picked":["Calling Bell","Inserter"],"picked":"Empty Cage"},{"not_picked":["Eternal Feather","Velvet Choker"],"picked":"Busted Crown"}],"items_purged_floors":[10,47,54],"is_endless":false,"potions_floor_spawned":[1,6,14,16,18,21,24,30,31,40,45,46],"ascension_level":20}