{"gold_per_floor":[110,385,403,553,553,592,33,33,33,33,56,56,56,90,90,90],"floor_reached":16,"playtime":198,"items_purged":[],"score":262,"play_id":"d6051fc2-c1e8-46bb-bca1-710cefe74cc8","local_time":"20181227191159","is_ascension_mode":true,"campfire_choices":[{"data":"Corpse Explosion","floor":10,"key":"SMITH"},{"data":"Neutralize","floor":12,"key":"SMITH"},{"data":"Crippling Poison","floor":15,"key":"SMITH"}],"neow_cost":"NONE","seed_source_timestamp":27084659377950,"circlet_count":0,"master_deck":["AscendersBane","Defend_G","Defend_G","Defend_G","Defend_G","Defend_G","Strike_G","Strike_G","Strike_G","Strike_G","Strike_G","Survivor","Neutralize+1","Concentrate","Doubt","Injury","Backflip","Corpse Explosion+1","Prepared","Crippling Poison+1"],"relics":["Ring of the Snake","NeowsBlessing","Golden Idol","Regal Pillow","ClockworkSouvenir","Snake Skull","Ornamental Fan","Ginger","Strawberry"],"potions_floor_usage":[],"damage_taken":[{"damage":0,"enemies":"Jaw Worm","floor":1,"turns":1},{"damage":0,"enemies":"Cultist","floor":3,"turns":1},{"damage":0,"enemies":"3 Sentries","floor":6,"turns":1},{"damage":0,"enemies":"2 Louse","floor":11,"turns":1},{"damage":40,"enemies":"Gremlin Nob","floor":14,"turns":5},{"damage":12,"enemies":"The Guardian","floor":16,"turns":2}],"seed_played":"4328527858141512131","potions_obtained":[{"floor":1,"key":"Ancient Potion"}],"is_trial":false,"path_per_floor":["M","?","M","?","?","E","$","?","T","R","M","R","?","E","R","B"],"character_chosen":"THE_SILENT","items_purchased":["Corpse Explosion","ClockworkSouvenir","Snake Skull"],"campfire_rested":0,"item_purchase_floors":[7,7,7],"current_hp_per_floor":[59,59,59,59,59,59,59,59,59,59,59,59,41,8,8,0],"gold":90,"neow_bonus":"THREE_ENEMY_KILL","is_prod":false,"is_daily":false,"chose_seed":false,"campfire_upgraded":3,"win_rate":0,"timestamp":1545909119,"path_taken":["M","?","?","?","?","E","$","?","T","R","?","R","?","E","R","BOSS"],"build_version":"2018-12-20","purchased_purges":0,"victory":false,"max_hp_per_floor":[66,66,66,66,66,66,66,66,66,66,66,66,66,73,73,73],"card_choices":[{"not_picked":["Setup","Blade Dance","Sucker Punch"],"picked":"SKIP","floor":1},{"not_picked":["Underhanded Strike","Prepared"],"picked":"Concentrate","floor":3},{"not_picked":["Poisoned Stab","Cloak And Dagger"],"picked":"Backflip","floor":6},{"not_picked":["Leg Sweep","Dagger Spray"],"picked":"Prepared","floor":11},{"not_picked":["Unload","Dash"],"picked":"Crippling Poison","floor":14}],"player_experience":1531444,"relics_obtained":[{"floor":6,"key":"Regal Pillow"},{"floor":9,"key":"Ornamental Fan"},{"floor":14,"key":"Strawberry"}],"event_choices":[{"damage_healed":0,"gold_gain":275,"player_choice":"Desecrate","damage_taken":0,"max_hp_gain":0,"max_hp_loss":0,"event_name":"Golden Shrine","floor":2,"gold_loss":0,"cards_obtained":["Regret"]},{"damage_healed":0,"gold_gain":150,"player_choice":"AGREE","damage_taken":0,"max_hp_gain":0,"max_hp_loss":0,"event_name":"Liars Game","floor":4,"gold_loss":0,"cards_obtained":["Doubt"]},{"damage_healed":0,"gold_gain":0,"player_choice":"Take Wound","damage_taken":0,"relics_obtained":["Golden Idol"],"max_hp_gain":0,"max_hp_loss":0,"event_name":"Golden Idol","floor":5,"gold_loss":0,"cards_obtained":["Injury"]},{"cards_removed":["Regret"],"damage_healed":0,"gold_gain":0,"player_choice":"Purged","damage_taken":0,"max_hp_gain":0,"max_hp_loss":0,"event_name":"Purifier","floor":8,"gold_loss":0},{"damage_healed":0,"gold_gain":0,"player_choice":"Success","damage_taken":18,"relics_obtained":["Ginger"],"max_hp_gain":0,"max_hp_loss":0,"event_name":"Scrap Ooze","floor":13,"gold_loss":0}],"is_beta":false,"boss_relics":[],"items_purged_floors":[],"is_endless":false,"potions_floor_spawned":[1],"killed_by":"The Guardian","ascension_level":20}