{"gold_per_floor":[113,124,49,49,65,96,96,110,135,135,160,160],"floor_reached":12,"playtime":375,"items_purged":[],"score":176,"play_id":"0725c81b-0b94-435e-b5bf-5efb02c46369","local_time":"20190110132240","is_ascension_mode":true,"campfire_choices":[{"floor":7,"key":"REST"},{"floor":10,"key":"REST"}],"neow_cost":"TEN_PERCENT_HP_LOSS","seed_source_timestamp":5368996057219,"circlet_count":0,"master_deck":["AscendersBane","Strike_R","Strike_R","Strike_R","Strike_R","Strike_R","Defend_R","Defend_R","Defend_R","Defend_R","Bash","Shrug It Off","Dropkick","Pain","Infernal Blade","Armaments","Power Through","Rupture","Power Through"],"relics":["Burning Blood","Shovel","WarpedTongs","Dream Catcher","Happy Flower"],"potions_floor_usage":[],"damage_taken":[{"damage":14,"enemies":"Jaw Worm","floor":1,"turns":5},{"damage":1,"enemies":"Cultist","floor":2,"turns":3},{"damage":4,"enemies":"2 Louse","floor":5,"turns":3},{"damage":55,"enemies":"Lagavulin","floor":6,"turns":6},{"damage":5,"enemies":"Red Slaver","floor":8,"turns":3},{"damage":53,"enemies":"Gremlin Nob","floor":11,"turns":5},{"damage":3,"enemies":"3 Louse","floor":12,"turns":3}],"seed_played":"-9137435935107505977","potions_obtained":[{"floor":2,"key":"EssenceOfSteel"},{"floor":8,"key":"PowerPotion"}],"is_trial":false,"path_per_floor":["M","M","$","?","M","E","R","M","T","R","E","M"],"character_chosen":"IRONCLAD","items_purchased":["Dropkick"],"campfire_rested":2,"item_purchase_floors":[3],"current_hp_per_floor":[60,65,65,65,67,18,38,39,39,59,12,9],"gold":160,"neow_bonus":"ONE_RARE_RELIC","is_prod":false,"is_daily":false,"chose_seed":false,"campfire_upgraded":0,"win_rate":0,"timestamp":1547097760,"path_taken":["M","M","$","?","M","E","R","M","T","R","E","M"],"build_version":"2019-01-03v4","purchased_purges":0,"victory":false,"max_hp_per_floor":[68,68,68,68,68,68,68,68,68,68,68,68],"card_choices":[{"not_picked":["Iron Wave","Cleave","Warcry"],"picked":"SKIP","floor":1},{"not_picked":["Armaments","Sentinel"],"picked":"Shrug It Off","floor":2},{"not_picked":["Fire Breathing","Perfected Strike","Iron Wave"],"picked":"SKIP","floor":5},{"not_picked":["Thunderclap","Sever Soul"],"picked":"Infernal Blade","floor":6},{"not_picked":["Perfected Strike","Twin Strike"],"picked":"Armaments","floor":7},{"not_picked":["Wild Strike","Feel No Pain"],"picked":"Power Through","floor":8},{"not_picked":["Thunderclap","Seeing Red"],"picked":"Rupture","floor":10},{"not_picked":["Iron Wave","Armaments"],"picked":"Power Through","floor":11}],"player_experience":1903541,"relics_obtained":[{"floor":6,"key":"Dream Catcher"},{"floor":11,"key":"Happy Flower"}],"event_choices":[{"damage_healed":0,"gold_gain":0,"player_choice":"Rummage","damage_taken":0,"relics_obtained":["WarpedTongs"],"max_hp_gain":0,"max_hp_loss":0,"event_name":"Accursed Blacksmith","floor":4,"gold_loss":0,"cards_obtained":["Pain"]}],"is_beta":false,"boss_relics":[],"items_purged_floors":[],"is_endless":false,"potions_floor_spawned":[2,8,11],"killed_by":"3 Louse","ascension_level":20}