{"gold_per_floor":[367,367,367,367,383,383,403,58,112,112,88,101,101,124,124,213,213,228,228,278,8,24,24],"floor_reached":23,"playtime":941,"items_purged":["Strike_G"],"score":362,"play_id":"308d0714-857b-46a6-a2c1-1974f3b30ffa","local_time":"20190720215835","is_ascension_mode":true,"campfire_choices":[{"floor":6,"key":"REST"},{"floor":15,"key":"REST"}],"neow_cost":"TEN_PERCENT_HP_LOSS","seed_source_timestamp":92502617180514,"circlet_count":0,"master_deck":["AscendersBane","Strike_G","Strike_G","Strike_G","Defend_G","Defend_G","Defend_G","Defend_G","Defend_G","Survivor","Neutralize","Finisher","Deflect+1","Deadly Poison+1","Backflip+1","Deadly Poison+1","Dagger Spray","Burst+1","Dagger Spray+1","Ghostly+1","Ghostly+1","Ghostly+1","Blur+1"],"relics":["Ring of the Snake","Toxic Egg 2","Golden Idol","Paper Crane","Tiny Chest","Meat on the Bone","Sozu","Question Card"],"potions_floor_usage":[16],"damage_taken":[{"damage":3,"enemies":"Jaw Worm","floor":1,"turns":5},{"damage":2,"enemies":"Small Slimes","floor":5,"turns":4},{"damage":0,"enemies":"2 Louse","floor":7,"turns":4},{"damage":12,"enemies":"Exordium Thugs","floor":11,"turns":4},{"damage":0,"enemies":"3 Louse","floor":12,"turns":4},{"damage":3,"enemies":"Looter","floor":14,"turns":3},{"damage":17,"enemies":"Hexaghost","floor":16,"turns":9},{"damage":20,"enemies":"3 Byrds","floor":18,"turns":5},{"damage":12,"enemies":"Spheric Guardian","floor":22,"turns":6},{"damage":16,"enemies":"Slavers","floor":23,"turns":5}],"seed_played":"-1641571275640727661","potions_obtained":[{"floor":5,"key":"GamblersBrew"},{"floor":14,"key":"Explosive Potion"}],"is_trial":false,"path_per_floor":["M","?","?","?","M","R","M","$","T","?","M","M","T","M","R","B",null,"M","?","?","$","M","E"],"character_chosen":"THE_SILENT","items_purchased":["Paper Crane","Question Card"],"campfire_rested":2,"item_purchase_floors":[8,21],"current_hp_per_floor":[56,56,11,11,9,25,25,25,25,18,6,6,6,15,31,26,47,39,27,27,27,15,0],"gold":24,"neow_bonus":"TWO_FIFTY_GOLD","is_prod":false,"is_daily":false,"chose_seed":false,"campfire_upgraded":0,"win_rate":0,"timestamp":1563652715,"path_taken":["M","?","?","?","M","R","M","$","T","?","M","M","?","M","R","BOSS","M","?","?","$","M","E"],"build_version":"2019-07-17","purchased_purges":1,"victory":false,"max_hp_per_floor":[60,60,60,54,54,54,54,54,54,54,54,54,54,54,54,54,54,54,27,27,27,27,27],"card_choices":[{"not_picked":["Bane","Sucker Punch"],"picked":"Finisher","floor":1},{"not_picked":["Sucker Punch","Backflip+1"],"picked":"Deflect+1","floor":5},{"not_picked":["Terror+1","Slice"],"picked":"Deadly Poison+1","floor":7},{"not_picked":["Reflex+1","All Out Attack"],"picked":"Backflip+1","floor":11},{"not_picked":["Acrobatics+1","Accuracy"],"picked":"Deadly Poison+1","floor":12},{"not_picked":["Distraction+1","Sucker Punch"],"picked":"Dagger Spray","floor":14},{"not_picked":["Storm of Steel+1","Unload"],"picked":"Burst+1","floor":16},{"not_picked":["Cloak And Dagger+1","Sucker Punch"],"picked":"Dagger Spray+1","floor":18},{"not_picked":["Deadly Poison+1","Expertise+1","Tactician+1"],"picked":"Blur+1","floor":22}],"player_experience":740933,"relics_obtained":[{"floor":9,"key":"Tiny Chest"},{"floor":13,"key":"Meat on the Bone"}],"event_choices":[{"damage_healed":0,"gold_gain":0,"player_choice":"Leave","damage_taken":0,"max_hp_gain":0,"max_hp_loss":0,"event_name":"The Cleric","floor":2,"gold_loss":0},{"damage_healed":0,"gold_gain":0,"player_choice":"Success","damage_taken":45,"relics_obtained":["Toxic Egg 2"],"max_hp_gain":0,"max_hp_loss":0,"event_name":"Scrap Ooze","floor":3,"gold_loss":0},{"damage_healed":0,"gold_gain":0,"player_choice":"Lose Max HP","damage_taken":0,"relics_obtained":["Golden Idol"],"max_hp_gain":0,"max_hp_loss":6,"event_name":"Golden Idol","floor":4,"gold_loss":0},{"cards_removed":["Strike_G"],"damage_healed":0,"gold_gain":0,"player_choice":"Card Removal","damage_taken":7,"max_hp_gain":0,"max_hp_loss":0,"event_name":"Golden Wing","floor":10,"gold_loss":0},{"damage_healed":0,"gold_gain":0,"player_choice":"Became a Ghost","damage_taken":0,"max_hp_gain":0,"max_hp_loss":27,"event_name":"Ghosts","floor":19,"gold_loss":0,"cards_obtained":["Ghostly","Ghostly","Ghostly"]},{"damage_healed":0,"gold_gain":50,"player_choice":"Stole From Cult","damage_taken":0,"max_hp_gain":0,"max_hp_loss":0,"event_name":"Nest","floor":20,"gold_loss":0}],"is_beta":false,"boss_relics":[{"not_picked":["Orrery","Ectoplasm"],"picked":"Sozu"}],"items_purged_floors":[8],"is_endless":false,"potions_floor_spawned":[5,14,22],"killed_by":"Slavers","ascension_level":20}