{"gold_per_floor":[116,116,133,27,27,27,60,60,107,126,51,76,109,109,109,109],"floor_reached":16,"playtime":304,"items_purged":[],"score":189,"play_id":"c623d7ef-357b-44c9-9a3b-8efe1fbd0560","local_time":"20190220192819","is_ascension_mode":true,"campfire_choices":[{"data":"Armaments","floor":6.0,"key":"SMITH"},{"data":"Body Slam","floor":8.0,"key":"SMITH"},{"data":"True Grit","floor":15.0,"key":"SMITH"}],"neow_cost":"TEN_PERCENT_HP_LOSS","seed_source_timestamp":257662881431597,"circlet_count":0,"master_deck":["AscendersBane","Strike_R","Defend_R","Defend_R","Defend_R","Defend_R","Bash","Sword Boomerang","Body Slam+1","Spot Weakness","Armaments+1","True Grit+1","Demon Form"],"special_seed":0,"relics":["Burning Blood","Golden Idol","Happy Flower","Anchor","Nunchaku"],"potions_floor_usage":[16],"damage_taken":[{"damage":7.0,"enemies":"Small Slimes","floor":1.0,"turns":4.0},{"damage":4.0,"enemies":"2 Louse","floor":3.0,"turns":3.0},{"damage":35.0,"enemies":"Lagavulin","floor":7.0,"turns":8.0},{"damage":0.0,"enemies":"Cultist","floor":10.0,"turns":3.0},{"damage":0.0,"enemies":"Large Slime","floor":12.0,"turns":3.0},{"damage":20.0,"enemies":"3 Sentries","floor":13.0,"turns":7.0},{"damage":22,"enemies":"The Guardian","floor":16,"turns":2}],"seed_played":"357927768514435405","potions_obtained":[{"floor":3.0,"key":"Explosive Potion"},{"floor":7.0,"key":"FearPotion"}],"is_trial":false,"path_per_floor":["M","?","M","$","?","R","E","R","T","M","?","M","E","?","R","B"],"character_chosen":"IRONCLAD","items_purchased":["Spot Weakness","Armaments"],"campfire_rested":0,"item_purchase_floors":[4,4],"current_hp_per_floor":[67,67,68,68,45,45,16,16,16,22,22,28,14,14,14,0],"gold":109,"neow_bonus":"REMOVE_TWO","is_prod":false,"is_daily":false,"chose_seed":false,"campfire_upgraded":3,"win_rate":0,"timestamp":1550662099,"path_taken":["M","?","M","$","?","R","E","R","T","M","?","M","E","?","R","BOSS"],"build_version":"2019-01-23","purchased_purges":0,"victory":false,"max_hp_per_floor":[68,68,68,68,68,68,68,68,68,68,68,68,68,68,68,68],"card_choices":[{"not_picked":["Pommel Strike","Sentinel"],"picked":"Sword Boomerang","floor":1.0},{"not_picked":["Perfected Strike","Pummel"],"picked":"Body Slam","floor":3.0},{"not_picked":["Carnage","Sever Soul","Berserk"],"picked":"SKIP","floor":7.0},{"not_picked":["Havoc","Clash"],"picked":"True Grit","floor":10.0},{"not_picked":["Perfected Strike","Reckless Charge","Heavy Blade"],"picked":"SKIP","floor":12.0},{"not_picked":["Twin Strike","Headbutt","Rupture"],"picked":"SKIP","floor":13.0}],"player_experience":868545,"relics_obtained":[{"floor":7.0,"key":"Happy Flower"},{"floor":9.0,"key":"Anchor"},{"floor":13.0,"key":"Nunchaku"}],"event_choices":[{"damage_healed":0.0,"max_hp_gain":0.0,"max_hp_loss":0.0,"gold_gain":0.0,"event_name":"Liars Game","player_choice":"Ignored","floor":2.0,"gold_loss":0.0,"damage_taken":0.0},{"damage_healed":0.0,"max_hp_gain":0.0,"max_hp_loss":0.0,"gold_gain":0.0,"event_name":"Golden Idol","player_choice":"Take Damage","floor":5.0,"gold_loss":0.0,"damage_taken":23.0,"relics_obtained":["Golden Idol"]},{"cards_removed":["Strike_R"],"damage_healed":0.0,"max_hp_gain":0.0,"max_hp_loss":0.0,"gold_gain":0.0,"event_name":"The Cleric","player_choice":"Card Removal","floor":11.0,"gold_loss":75.0,"damage_taken":0.0},{"damage_healed":0.0,"max_hp_gain":0.0,"max_hp_loss":0.0,"gold_gain":0.0,"cards_transformed":["Strike_R"],"event_name":"Living Wall","player_choice":"Change","floor":14.0,"gold_loss":0.0,"damage_taken":0.0,"cards_obtained":["Demon Form"]}],"is_beta":false,"boss_relics":[],"items_purged_floors":[],"is_endless":false,"potions_floor_spawned":[3,7],"killed_by":"The Guardian","ascension_level":15}