{"gold_per_floor":[112,187,187,187,198,232,249,249,324,343,6,6,20,46,46,123,123,139,64,694,710,625,625,959,973,1022,1022],"floor_reached":27,"playtime":914,"items_purged":["Strike_B"],"score":507,"play_id":"47e2874f-18d0-4c8c-b60b-624dadfb0a79","local_time":"20190614192635","is_ascension_mode":true,"campfire_choices":[{"data":"Coolheaded","floor":8.0,"key":"SMITH"},{"floor":12.0,"key":"REST"},{"data":"Heatsinks","floor":15.0,"key":"SMITH"},{"floor":23.0,"key":"REST"}],"neow_cost":"PERCENT_DAMAGE","seed_source_timestamp":36024789951408,"circlet_count":0,"master_deck":["AscendersBane","Strike_B","Defend_B","Defend_B","Defend_B","Defend_B","Zap","Dualcast","Flash of Steel","Good Instincts","Beam Cell","Coolheaded+1","Consume","Defragment","Heatsinks+1","Recycle","Creative AI","Amplify","Storm","Turbo","Chill","Turbo"],"special_seed":0,"relics":["Cracked Core","Art of War","Mango","Bird Faced Urn","Bottled Lightning","Empty Cage","Regal Pillow","Old Coin","Lantern"],"potions_floor_usage":[],"damage_taken":[{"damage":3.0,"enemies":"Small Slimes","floor":1.0,"turns":4.0},{"damage":0.0,"enemies":"Cultist","floor":5.0,"turns":2.0},{"damage":34.0,"enemies":"Gremlin Nob","floor":6.0,"turns":4.0},{"damage":4.0,"enemies":"Jaw Worm","floor":7.0,"turns":3.0},{"damage":5.0,"enemies":"Lots of Slimes","floor":10.0,"turns":4.0},{"damage":8.0,"enemies":"Blue Slaver","floor":13.0,"turns":5.0},{"damage":20.0,"enemies":"Lagavulin","floor":14.0,"turns":9.0},{"damage":19.0,"enemies":"Hexaghost","floor":16.0,"turns":9.0},{"damage":20.0,"enemies":"Chosen","floor":18.0,"turns":7.0},{"damage":6.0,"enemies":"3 Byrds","floor":21.0,"turns":2.0},{"damage":37.0,"enemies":"Book of Stabbing","floor":24.0,"turns":7.0},{"damage":36.0,"enemies":"3 Cultists","floor":25.0,"turns":4.0},{"damage":20,"enemies":"Shelled Parasite and Fungi","floor":27,"turns":2}],"seed_played":"-8452523188107962268","potions_obtained":[{"floor":1.0,"key":"Poison Potion"},{"floor":4.0,"key":"Regen Potion"},{"floor":7.0,"key":"Fire Potion"},{"floor":13.0,"key":"GamblersBrew"},{"floor":14.0,"key":"Poison Potion"},{"floor":21.0,"key":"SkillPotion"},{"floor":24.0,"key":"PowerPotion"}],"is_trial":false,"path_per_floor":["M","?","?","?","M","E","M","R","T","M","$","R","M","E","R","B",null,"M","$","?","M","?","R","E","M","T","M"],"character_chosen":"DEFECT","items_purchased":["Bird Faced Urn"],"campfire_rested":2,"item_purchase_floors":[11],"current_hp_per_floor":[43,32,27,27,27,19,15,15,15,10,10,35,31,15,15,20,69,69,69,5,5,5,45,32,12,12,0],"gold":1022,"neow_bonus":"RANDOM_COLORLESS_2","is_prod":false,"is_daily":false,"chose_seed":false,"campfire_upgraded":2,"win_rate":0,"timestamp":1560507995,"path_taken":["M","?","?","?","M","E","?","R","T","M","$","R","M","E","R","BOSS","M","$","?","?","?","R","E","M","T","M"],"build_version":"2019-01-23","purchased_purges":1,"victory":false,"max_hp_per_floor":[71,71,71,71,71,85,85,85,85,85,85,85,85,85,85,85,85,85,85,85,85,85,85,85,85,85,85],"card_choices":[{"not_picked":["Go for the Eyes","Leap"],"picked":"Beam Cell","floor":1.0},{"not_picked":["Hologram","Fusion"],"picked":"Coolheaded","floor":5.0},{"not_picked":["Rebound","Streamline"],"picked":"Consume","floor":6.0},{"not_picked":["Gash","Fusion"],"picked":"Defragment","floor":7.0},{"not_picked":["Gash","Leap"],"picked":"Heatsinks","floor":10.0},{"not_picked":["Defragment","Darkness"],"picked":"Recycle","floor":13.0},{"not_picked":["Beam Cell","Blizzard"],"picked":"Creative AI","floor":14.0},{"not_picked":["Thunder Strike","Core Surge"],"picked":"Amplify","floor":16.0},{"not_picked":["Lockon","Streamline"],"picked":"Storm","floor":18.0},{"not_picked":["Chill+1","Rip and Tear+1"],"picked":"Turbo","floor":21.0},{"not_picked":["Go for the Eyes","Ball Lightning+1"],"picked":"Chill","floor":24.0},{"not_picked":["Conserve Battery","Sweeping Beam"],"picked":"Turbo","floor":25.0}],"player_experience":596639,"relics_obtained":[{"floor":6.0,"key":"Mango"},{"floor":14.0,"key":"Bottled Lightning"},{"floor":24.0,"key":"Old Coin"},{"floor":26.0,"key":"Lantern"}],"event_choices":[{"damage_healed":0.0,"max_hp_gain":0.0,"max_hp_loss":0.0,"gold_gain":75.0,"event_name":"World of Goop","player_choice":"Gather Gold","floor":2.0,"gold_loss":0.0,"damage_taken":11.0},{"damage_healed":0.0,"max_hp_gain":0.0,"max_hp_loss":0.0,"gold_gain":0.0,"event_name":"Scrap Ooze","player_choice":"Success","floor":3.0,"gold_loss":0.0,"damage_taken":5.0,"relics_obtained":["Art of War"]},{"damage_healed":0.0,"max_hp_gain":0.0,"max_hp_loss":0.0,"gold_gain":0.0,"event_name":"Lab","player_choice":"Got Potions","floor":4.0,"gold_loss":0.0,"damage_taken":0.0},{"damage_healed":0.0,"max_hp_gain":0.0,"max_hp_loss":0.0,"gold_gain":630.0,"event_name":"Knowing Skull","player_choice":"GOLD GOLD GOLD GOLD GOLD GOLD GOLD ","floor":20.0,"potions_obtained":[],"gold_loss":0.0,"damage_taken":64.0,"cards_obtained":[]},{"damage_healed":0.0,"max_hp_gain":0.0,"max_hp_loss":0.0,"gold_gain":0.0,"event_name":"Addict","player_choice":"Obtained Relic","floor":22.0,"gold_loss":85.0,"damage_taken":0.0,"relics_obtained":["Regal Pillow"]}],"is_beta":false,"boss_relics":[{"not_picked":["Inserter","FrozenCore"],"picked":"Empty Cage"}],"items_purged_floors":[19],"is_endless":false,"potions_floor_spawned":[1,7,13,14,21,24],"killed_by":"Shelled Parasite and Fungi","ascension_level":20}