{"gold_per_floor":[109,121,296,296,316,316,341,341,392,406,180,193,208,208,208,303,303,323,323,323,422,422,422,442,267,319,338,338,349,349,368,368,472,472,486,506,522,145,164,164,182,197,197,197,197,208,218,68,68,68],"floor_reached":51,"playtime":1353,"items_purged":["Doubt","Strike_R","Strike_R","Strike_R+1"],"score":753,"play_id":"01e7f365-c8fe-4d72-8c8c-9fbb1fd31bda","local_time":"20190805222326","is_ascension_mode":false,"campfire_choices":[{"data":"Searing Blow","floor":6.0,"key":"SMITH"},{"data":"Searing Blow+1","floor":8.0,"key":"SMITH"},{"data":"Searing Blow+2","floor":15.0,"key":"SMITH"},{"data":"Searing Blow+3","floor":23.0,"key":"SMITH"},{"data":"Searing Blow+4","floor":28.0,"key":"SMITH"},{"data":"Searing Blow+5","floor":30.0,"key":"SMITH"},{"data":"Searing Blow+6","floor":32.0,"key":"SMITH"},{"data":"Searing Blow+7","floor":40,"key":"SMITH"},{"data":"Searing Blow+9","floor":45,"key":"SMITH"},{"data":"Searing Blow+10","floor":49,"key":"SMITH"}],"neow_cost":"NONE","seed_source_timestamp":325397311902,"circlet_count":0,"master_deck":["Defend_R+1","Defend_R+1","Defend_R+1","Defend_R+1","Bash+1","Twin Strike+1","Searing Blow+11","Thunderclap+1","Battle Trance+1","Headbutt+1","Feed+1","Inflame+1","Rampage+1","Inflame+1","Double Tap+1","Battle Trance+1","Armaments+1","Uppercut+1","Shrug It Off+1"],"special_seed":0,"relics":["Burning Blood","NeowsBlessing","Anchor","Oddly Smooth Stone","Omamori","Letter Opener","Snecko Eye","Happy Flower","Philosopher\u0027s Stone","Pear","Bottled Tornado","Mark of the Bloom"],"potions_floor_usage":[50,50,50],"damage_taken":[{"damage":0.0,"enemies":"Jaw Worm","floor":1.0,"turns":1.0},{"damage":0.0,"enemies":"Small Slimes","floor":2.0,"turns":1.0},{"damage":0.0,"enemies":"Cultist","floor":5.0,"turns":1.0},{"damage":31.0,"enemies":"3 Sentries","floor":7.0,"turns":6.0},{"damage":1.0,"enemies":"Large Slime","floor":10.0,"turns":4.0},{"damage":0.0,"enemies":"Looter","floor":12.0,"turns":2.0},{"damage":7.0,"enemies":"Gremlin Gang","floor":13.0,"turns":5.0},{"damage":0.0,"enemies":"Slime Boss","floor":16.0,"turns":8.0},{"damage":0.0,"enemies":"3 Byrds","floor":18.0,"turns":3.0},{"damage":0.0,"enemies":"Chosen","floor":24.0,"turns":2.0},{"damage":0.0,"enemies":"Snake Plant","floor":27.0,"turns":2.0},{"damage":3.0,"enemies":"3 Cultists","floor":29.0,"turns":4.0},{"damage":0.0,"enemies":"Centurion and Healer","floor":31.0,"turns":3.0},{"damage":25.0,"enemies":"Collector","floor":33.0,"turns":5.0},{"damage":1,"enemies":"Orb Walker","floor":35,"turns":2},{"damage":13,"enemies":"3 Darklings","floor":36,"turns":4},{"damage":5,"enemies":"Jaw Worm Horde","floor":37,"turns":3},{"damage":0,"enemies":"Writhing Mass","floor":39,"turns":2},{"damage":7,"enemies":"Spire Growth","floor":41,"turns":2},{"damage":4,"enemies":"4 Shapes","floor":42,"turns":6},{"damage":0,"enemies":"Transient","floor":46,"turns":5},{"damage":0,"enemies":"Spire Growth","floor":47,"turns":2},{"damage":59,"enemies":"Awakened One","floor":50,"turns":3}],"seed_played":"-3530674913866601561","potions_obtained":[{"floor":2.0,"key":"EntropicBrew"},{"floor":7.0,"key":"Fire Potion"},{"floor":10.0,"key":"SteroidPotion"},{"floor":13.0,"key":"Energy Potion"},{"floor":18.0,"key":"PowerPotion"},{"floor":31.0,"key":"Weak Potion"},{"floor":42,"key":"LiquidBronze"}],"is_trial":false,"path_per_floor":["M","M","?","?","M","R","E","R","T","M","$","M","M","T","R","B",null,"M","?","?","?","?","R","M","$","T","M","R","M","R","M","R","B",null,"M","M","M","$","M","R","M","M","T","?","R","M","M","$","R","B",null],"character_chosen":"IRONCLAD","items_purchased":["Omamori","Double Tap","Pear"],"campfire_rested":0,"item_purchase_floors":[11,25,38],"current_hp_per_floor":[80,80,80,85,85,85,60,60,60,65,65,71,70,70,70,76,85,88,88,88,88,71,71,77,77,77,83,83,89,89,95,95,76,96,96,89,90,100,106,106,105,106,106,106,106,106,106,106,106,47],"gold":68,"neow_bonus":"THREE_ENEMY_KILL","is_prod":false,"is_daily":false,"chose_seed":false,"campfire_upgraded":10,"win_rate":0,"timestamp":1565065406,"path_taken":["M","M","?","?","M","R","E","R","T","M","?","M","M","?","R","BOSS","M","?","?","?","?","R","M","?","T","M","R","M","R","?","R","BOSS","M","M","M","$","M","R","?","M","T","?","R","M","M","?","R","BOSS"],"build_version":"2019-07-17","purchased_purges":4,"victory":true,"max_hp_per_floor":[80,80,80,85,85,85,85,85,85,85,85,85,85,85,85,85,85,88,88,88,88,93,93,93,93,93,93,93,96,96,96,96,96,96,96,96,96,106,106,106,106,106,106,106,106,106,106,106,106,106],"card_choices":[{"not_picked":["Perfected Strike","Iron Wave"],"picked":"Twin Strike","floor":1.0},{"not_picked":["Flame Barrier","Headbutt"],"picked":"Searing Blow","floor":2.0},{"not_picked":["Pummel","Perfected Strike"],"picked":"Thunderclap","floor":5.0},{"not_picked":["Havoc","Bloodletting"],"picked":"Battle Trance","floor":7.0},{"not_picked":["Pommel Strike","Shrug It Off","Ghostly Armor"],"picked":"SKIP","floor":10.0},{"not_picked":["Burning Pact","Second Wind","Wild Strike"],"picked":"SKIP","floor":12.0},{"not_picked":["Immolate","Entrench"],"picked":"Headbutt","floor":13.0},{"not_picked":["Offering","Barricade"],"picked":"Feed","floor":16.0},{"not_picked":["Clash+1","Shrug It Off","Warcry"],"picked":"SKIP","floor":18.0},{"not_picked":["Infernal Blade","Thunderclap"],"picked":"Inflame+1","floor":24.0},{"not_picked":["Shrug It Off","Perfected Strike","Metallicize"],"picked":"SKIP","floor":27.0},{"not_picked":["Feel No Pain","Wild Strike"],"picked":"Battle Trance","floor":29.0},{"not_picked":["Thunderclap","Cleave","Bloodletting+1"],"picked":"SKIP","floor":31.0},{"not_picked":["Clothesline","Inflame+1"],"picked":"Armaments+1","floor":35},{"not_picked":["Pommel Strike+1","Clothesline"],"picked":"Uppercut+1","floor":36},{"not_picked":["True Grit","Dropkick+1","Havoc+1"],"picked":"SKIP","floor":37},{"not_picked":["Armaments","Clothesline","Clash+1"],"picked":"SKIP","floor":39},{"not_picked":["Armaments","Clothesline","Clash+1"],"picked":"SKIP","floor":39},{"not_picked":["Headbutt","Twin Strike","Clash+1"],"picked":"SKIP","floor":41},{"not_picked":["Brutality","Blood for Blood+1"],"picked":"Shrug It Off+1","floor":42},{"not_picked":["Entrench+1","Anger+1","Fire Breathing+1"],"picked":"SKIP","floor":46},{"not_picked":["Fire Breathing+1","Bloodletting","Sever Soul"],"picked":"SKIP","floor":47}],"player_experience":1627590,"relics_obtained":[{"floor":7.0,"key":"Anchor"},{"floor":9.0,"key":"Oddly Smooth Stone"},{"floor":14.0,"key":"Letter Opener"},{"floor":26.0,"key":"Happy Flower"},{"floor":43,"key":"Bottled Tornado"}],"event_choices":[{"damage_healed":0.0,"max_hp_gain":0.0,"max_hp_loss":0.0,"gold_gain":175.0,"event_name":"Liars Game","player_choice":"AGREE","floor":3.0,"gold_loss":0.0,"damage_taken":0.0,"cards_obtained":["Doubt"]},{"damage_healed":0.0,"max_hp_gain":5.0,"max_hp_loss":0.0,"gold_gain":0.0,"event_name":"Big Fish","player_choice":"Donut","floor":4.0,"gold_loss":0.0,"damage_taken":0.0},{"damage_healed":0.0,"max_hp_gain":0.0,"max_hp_loss":0.0,"gold_gain":0.0,"event_name":"Vampires","player_choice":"Ignored","floor":19.0,"gold_loss":0.0,"damage_taken":0.0},{"damage_healed":0.0,"max_hp_gain":0.0,"max_hp_loss":0.0,"gold_gain":0.0,"cards_transformed":["Strike_R","Strike_R"],"event_name":"Drug Dealer","player_choice":"Became Test Subject","floor":20.0,"gold_loss":0.0,"damage_taken":0.0,"cards_obtained":["Inflame","Rampage"]},{"damage_healed":0.0,"max_hp_gain":0.0,"max_hp_loss":0.0,"gold_gain":99.0,"event_name":"Nest","player_choice":"Stole From Cult","floor":21.0,"gold_loss":0.0,"damage_taken":0.0},{"damage_healed":0.0,"max_hp_gain":5.0,"max_hp_loss":0.0,"gold_gain":0.0,"event_name":"Forgotten Altar","player_choice":"Shed Blood","floor":22.0,"gold_loss":0.0,"damage_taken":22.0},{"damage_healed":0,"gold_gain":0,"player_choice":"Upgrade","damage_taken":0,"relics_obtained":["Mark of the Bloom"],"max_hp_gain":0,"max_hp_loss":0,"event_name":"MindBloom","floor":44,"gold_loss":0,"cards_upgraded":["Strike_R","Defend_R","Defend_R","Defend_R","Defend_R","Bash","Twin Strike","Searing Blow","Thunderclap","Battle Trance","Headbutt","Feed","Inflame","Rampage","Double Tap","Battle Trance"]}],"is_beta":false,"boss_relics":[{"not_picked":["Runic Dome","Sozu"],"picked":"Snecko Eye"},{"not_picked":["Tiny House","Coffee Dripper"],"picked":"Philosopher\u0027s Stone"}],"items_purged_floors":[11,25,38,48],"is_endless":false,"potions_floor_spawned":[2,7,10,13,18,24,31,35,39,42,47],"ascension_level":0}