{"gold_per_floor":[118,31,31,43,43,72,72,85,111,34,69,89,89,109,109,180,180,195,195,120,133,145,145,174,174,228,318,352,38,55,68,68,142,142,161,176,226,242,258,258,588,602,628,220,233,233,248,4,4,4,4],"floor_reached":52,"playtime":5451,"items_purged":["Defend_B","Parasite"],"score":1843,"play_id":"a15d73d8-2180-4c41-be12-9ba70dec27e3","local_time":"20190203221631","is_ascension_mode":true,"campfire_choices":[{"data":"Dualcast","floor":7.0,"key":"SMITH"},{"data":"Lockon","floor":13.0,"key":"SMITH"},{"data":"Hologram","floor":15.0,"key":"SMITH"},{"data":"Zap","floor":23.0,"key":"SMITH"},{"floor":25.0,"key":"REST"},{"floor":32.0,"key":"REST"},{"data":"Fission","floor":40.0,"key":"SMITH"},{"data":"Consume","floor":46.0,"key":"SMITH"},{"floor":49.0,"key":"REST"}],"neow_cost":"NONE","seed_source_timestamp":34461262683524,"circlet_count":0,"master_deck":["AscendersBane","Defend_B","Defend_B","Defend_B","Zap+1","Dualcast+1","Ball Lightning","Self Repair","Auto Shields","Tempest","Ball Lightning","Lockon+1","Hologram+1","Cold Snap","Core Surge","Double Energy+1","Static Discharge+1","Conserve Battery+1","Chill","Compile Driver","FTL+1","Hologram","Seek","Fission+1","Recycle","Meteor Strike","Consume+1","White Noise","Glacier"],"special_seed":0,"relics":["Cracked Core","NeowsBlessing","Dream Catcher","Potion Belt","Turnip","Astrolabe","Pear","Tiny Chest","Bag of Marbles","Orichalcum","Runic Pyramid","Old Coin","Vajra","Cables","DataDisk"],"potions_floor_usage":[51,51],"damage_taken":[{"damage":0.0,"enemies":"2 Louse","floor":1.0,"turns":1.0},{"damage":0.0,"enemies":"Small Slimes","floor":4.0,"turns":1.0},{"damage":0.0,"enemies":"3 Sentries","floor":6.0,"turns":1.0},{"damage":0.0,"enemies":"Cultist","floor":8.0,"turns":2.0},{"damage":36.0,"enemies":"Gremlin Nob","floor":11.0,"turns":4.0},{"damage":8.0,"enemies":"Blue Slaver","floor":12.0,"turns":3.0},{"damage":0.0,"enemies":"3 Louse","floor":14.0,"turns":2.0},{"damage":20.0,"enemies":"Slime Boss","floor":16.0,"turns":6.0},{"damage":0.0,"enemies":"Chosen","floor":18.0,"turns":3.0},{"damage":5.0,"enemies":"3 Byrds","floor":21.0,"turns":2.0},{"damage":5.0,"enemies":"Snecko","floor":22.0,"turns":4.0},{"damage":42.0,"enemies":"Gremlin Leader","floor":24.0,"turns":6.0},{"damage":31.0,"enemies":"Book of Stabbing","floor":28.0,"turns":4.0},{"damage":4.0,"enemies":"Shelled Parasite and Fungi","floor":30.0,"turns":3.0},{"damage":4.0,"enemies":"Sentry and Sphere","floor":31.0,"turns":5.0},{"damage":29.0,"enemies":"Collector","floor":33.0,"turns":11.0},{"damage":0.0,"enemies":"3 Shapes","floor":35.0,"turns":4.0},{"damage":38.0,"enemies":"3 Darklings","floor":36.0,"turns":5.0},{"damage":1.0,"enemies":"Sphere and 2 Shapes","floor":38.0,"turns":5.0},{"damage":2.0,"enemies":"Maw","floor":39.0,"turns":7.0},{"damage":27.0,"enemies":"Giant Head","floor":41.0,"turns":6.0},{"damage":10.0,"enemies":"Writhing Mass","floor":42.0,"turns":4.0},{"damage":4.0,"enemies":"Spire Growth","floor":45.0,"turns":4.0},{"damage":4.0,"enemies":"4 Shapes","floor":47.0,"turns":8.0},{"damage":27.0,"enemies":"Donu and Deca","floor":50.0,"turns":15.0},{"damage":12,"enemies":"Time Eater","floor":51,"turns":16}],"seed_played":"-1034126870231621575","potions_obtained":[{"floor":8.0,"key":"SkillPotion"},{"floor":12.0,"key":"Dexterity Potion"},{"floor":16.0,"key":"FearPotion"},{"floor":18.0,"key":"Block Potion"},{"floor":24.0,"key":"Ancient Potion"},{"floor":28.0,"key":"Weak Potion"},{"floor":33.0,"key":"SteroidPotion"},{"floor":36.0,"key":"PowerPotion"},{"floor":42.0,"key":"EssenceOfSteel"},{"floor":47.0,"key":"LiquidBronze"}],"is_trial":false,"path_per_floor":["M","$","?","M","?","E","R","M","T","$","E","M","R","M","R","B",null,"M","?","$","M","M","R","E","R","T","?","E","$","M","M","R","B",null,"M","M","?","M","M","R","E","M","T","$","M","R","M","$","R","B","B",null],"character_chosen":"DEFECT","items_purchased":["Self Repair","Lockon","FocusPotion","Swift Potion","Orichalcum","Consume","Cables","DataDisk","Glacier"],"campfire_rested":3,"item_purchase_floors":[2,10,29,29,29,44,44,48,48],"current_hp_per_floor":[64,64,64,64,64,64,64,64,64,64,35,34,34,34,34,21,59,66,66,66,61,56,56,31,55,55,39,8,8,11,7,31,9,63,63,32,32,38,43,43,23,20,20,20,23,23,26,26,49,29,24],"gold":4,"neow_bonus":"THREE_ENEMY_KILL","is_prod":false,"is_daily":false,"chose_seed":false,"campfire_upgraded":6,"win_rate":0,"timestamp":1549203391,"path_taken":["M","$","?","M","?","E","R","M","T","$","E","?","R","M","R","BOSS","M","?","$","M","M","R","E","R","T","?","E","$","?","M","R","BOSS","M","M","?","M","M","R","E","M","T","$","M","R","?","$","R","BOSS","BOSS"],"build_version":"2019-01-23","purchased_purges":2,"victory":true,"max_hp_per_floor":[71,71,71,71,71,71,71,71,71,71,71,71,71,71,71,71,71,71,71,71,71,71,71,81,81,81,81,81,81,81,81,81,81,81,81,81,81,81,81,81,81,81,81,78,78,78,78,78,78,78,78],"card_choices":[{"not_picked":["Turbo","Steam"],"picked":"Ball Lightning","floor":1.0},{"not_picked":["Leap","Force Field"],"picked":"Auto Shields","floor":4.0},{"not_picked":["Machine Learning","Tempest","Reinforced Body"],"picked":"SKIP","floor":6.0},{"not_picked":["Machine Learning","Reinforced Body"],"picked":"Tempest","floor":6.0},{"not_picked":["Self Repair","Coolheaded"],"picked":"Ball Lightning","floor":8.0},{"not_picked":["Rebound","Recycle","Gash"],"picked":"SKIP","floor":11.0},{"not_picked":["Hologram","Auto Shields","Stack"],"picked":"SKIP","floor":12.0},{"not_picked":["Auto Shields","Stack"],"picked":"Hologram","floor":12.0},{"not_picked":["Melter","Ball Lightning"],"picked":"Cold Snap","floor":14.0},{"not_picked":["Seek","Machine Learning"],"picked":"Core Surge","floor":16.0},{"not_picked":["Static Discharge","Steam","Gash"],"picked":"SKIP","floor":18.0},{"not_picked":["Double Energy","Darkness"],"picked":"Compile Driver","floor":21.0},{"not_picked":["Gash","Turbo"],"picked":"FTL+1","floor":22.0},{"not_picked":["Static Discharge","Compile Driver+1"],"picked":"Hologram","floor":24.0},{"not_picked":["Redo","Leap+1"],"picked":"Seek","floor":25.0},{"not_picked":["Go for the Eyes","Genetic Algorithm","Amplify"],"picked":"SKIP","floor":28.0},{"not_picked":["Steam","Reinforced Body","Ball Lightning"],"picked":"SKIP","floor":30.0},{"not_picked":["BootSequence","Gash","Stack"],"picked":"SKIP","floor":31.0},{"not_picked":["BootSequence","Gash","Stack"],"picked":"SKIP","floor":31.0},{"not_picked":["Rainbow","Creative AI"],"picked":"Fission","floor":33.0},{"not_picked":["Compile Driver","Steam+1"],"picked":"Recycle","floor":35.0},{"not_picked":["Capacitor","Tempest","Scrape"],"picked":"SKIP","floor":36.0},{"not_picked":["Auto Shields+1","BootSequence","Ball Lightning"],"picked":"SKIP","floor":38.0},{"not_picked":["Aggregate+1","Compile Driver","Redo+1"],"picked":"SKIP","floor":39.0},{"not_picked":["Go for the Eyes","Coolheaded"],"picked":"Meteor Strike","floor":41.0},{"not_picked":["Steam","Beam Cell","Stack"],"picked":"SKIP","floor":42.0},{"not_picked":["Conserve Battery","Aggregate","BootSequence"],"picked":"SKIP","floor":45.0},{"not_picked":["Turbo","Chill"],"picked":"White Noise","floor":47.0}],"player_experience":2489913,"relics_obtained":[{"floor":6.0,"key":"Dream Catcher"},{"floor":9.0,"key":"Potion Belt"},{"floor":11.0,"key":"Turnip"},{"floor":24.0,"key":"Pear"},{"floor":26.0,"key":"Tiny Chest"},{"floor":28.0,"key":"Bag of Marbles"},{"floor":41.0,"key":"Old Coin"},{"floor":43.0,"key":"Vajra"}],"event_choices":[{"damage_healed":0.0,"max_hp_gain":0.0,"max_hp_loss":0.0,"gold_gain":0.0,"event_name":"Liars Game","player_choice":"Ignored","floor":3.0,"gold_loss":0.0,"damage_taken":0.0},{"cards_removed":["Strike_B"],"damage_healed":0.0,"max_hp_gain":0.0,"max_hp_loss":0.0,"gold_gain":0.0,"event_name":"Purifier","player_choice":"Purged","floor":5.0,"gold_loss":0.0,"damage_taken":0.0},{"damage_healed":0.0,"max_hp_gain":0.0,"max_hp_loss":0.0,"gold_gain":0.0,"event_name":"The Library","player_choice":"Read","floor":19.0,"gold_loss":0.0,"damage_taken":0.0,"cards_obtained":["Chill"]},{"damage_healed":0.0,"max_hp_gain":0.0,"max_hp_loss":0.0,"gold_gain":90.0,"event_name":"Knowing Skull","player_choice":"GOLD ","floor":27.0,"potions_obtained":[],"gold_loss":0.0,"damage_taken":16.0,"cards_obtained":[]},{"damage_healed":0.0,"max_hp_gain":0.0,"max_hp_loss":0.0,"gold_gain":50.0,"event_name":"Golden Shrine","player_choice":"Pray","floor":37.0,"gold_loss":0.0,"damage_taken":0.0}],"is_beta":false,"boss_relics":[{"not_picked":["Velvet Choker","Lizard Tail"],"picked":"Astrolabe"},{"not_picked":["Fusion Hammer","Nuclear Battery"],"picked":"Runic Pyramid"}],"items_purged_floors":[20,44],"is_endless":false,"potions_floor_spawned":[8,12,16,18,24,28,33,36,42,47],"ascension_level":20}