{"path_per_floor":["M","?","?","$","M","E","$","?","T","E","R","M","M","M","R"],"character_chosen":"THE_SILENT","items_purchased":["Infinite Blades"],"gold_per_floor":[118,118,118,49,69,107,32,32,32,75,75,91,104,117,117,117],"floor_reached":16,"campfire_rested":1,"playtime":341,"item_purchase_floors":[4],"current_hp_per_floor":[59,36,36,36,36,36,36,36,36,31,31,18,12,7,26,0],"items_purged":["Strike_G"],"gold":117,"score":236,"play_id":"2185c55c-2f91-4a8d-8343-2516e56b8452","local_time":"20180617102804","is_prod":false,"is_daily":false,"chose_seed":false,"is_ascension_mode":true,"campfire_upgraded":1,"win_rate":0,"timestamp":1529202484,"campfire_choices":[{"data":"Infinite Blades","floor":11,"key":"SMITH"},{"floor":15,"key":"REST"}],"path_taken":["M","?","?","$","?","E","$","?","T","E","R","M","M","M","R","BOSS"],"build_version":"2018-06-14v2","seed_source_timestamp":2935604719043,"purchased_purges":1,"victory":false,"master_deck":["Defend_G","Defend_G","Defend_G","Defend_G","Defend_G","Strike_G","Strike_G","Strike_G","Strike_G","Survivor","Neutralize+1","AscendersBane","Infinite Blades+1","Infinite Blades+1","Escape Plan","Predator","Infinite Blades+1","Leg Sweep"],"max_hp_per_floor":[66,66,66,66,66,66,66,66,66,66,66,66,66,66,66,66],"relics":["Ring of the Snake","NeowsBlessing","Golden Idol","Bag of Marbles","Frozen Egg 2","Bag of Preparation"],"card_choices":[{"not_picked":["All Out Attack","Dodge and Roll"],"picked":"Infinite Blades","floor":1},{"not_picked":["Prepared","PiercingWail","Dodge and Roll"],"picked":"SKIP","floor":5},{"not_picked":["Flechettes","Flying Knee"],"picked":"Escape Plan","floor":6},{"not_picked":["Concentrate","Underhanded Strike","Acrobatics"],"picked":"SKIP","floor":10},{"not_picked":["Corpse Explosion","Prepared"],"picked":"Predator","floor":12},{"not_picked":["Finisher","Bane"],"picked":"Infinite Blades+1","floor":13},{"not_picked":["Flying Knee","Acrobatics"],"picked":"Leg Sweep","floor":14}],"player_experience":631790,"potions_floor_usage":[10],"damage_taken":[{"damage":0,"enemies":"Jaw Worm","floor":1,"turns":1},{"damage":0,"enemies":"2 Louse","floor":5,"turns":1},{"damage":0,"enemies":"Gremlin Nob","floor":6,"turns":1},{"damage":5,"enemies":"Lagavulin","floor":10,"turns":10},{"damage":13,"enemies":"Small Slimes","floor":12,"turns":5},{"damage":6,"enemies":"Blue Slaver","floor":13,"turns":3},{"damage":5,"enemies":"Red Slaver","floor":14,"turns":3},{"damage":35,"enemies":"Slime Boss","floor":16,"turns":7}],"relics_obtained":[{"floor":6,"key":"Bag of Marbles"},{"floor":9,"key":"Frozen Egg 2"},{"floor":10,"key":"Bag of Preparation"}],"event_choices":[{"event_name":"Golden Idol","player_choice":"Take Damage","floor":2,"damage_taken":0},{"event_name":"Upgrade Shrine","player_choice":"Upgraded","floor":3,"damage_taken":0},{"event_name":"Living Wall","player_choice":"Grow","floor":8,"damage_taken":0}],"boss_relics":[],"items_purged_floors":[7],"is_endless":false,"potions_floor_spawned":[1],"seed_played":"992857094475666493","killed_by":"Slime Boss","ascension_level":15,"potions_obtained":[{"floor":1,"key":"SpeedPotion"}],"is_trial":false}