{"gold_per_floor":[118,118,118,136,153,153,179,179,254,287,287,321,321,339,339,412,412,427,200,200,88,100,100,61,86,138,167,167,82,62,73,73,149,149,165,64,81,94,104,130,130,163,215,215,243,243,141,154,154,154,154,154,154,19,50,50],"floor_reached":57,"playtime":3172,"items_purged":["Pain","Undo","Conserve Battery"],"score":2838,"play_id":"d3d031d1-dc95-4cf5-a0bc-f901b69c397b","local_time":"20190216224433","is_ascension_mode":true,"campfire_choices":[{"data":"Zap","floor":6.0,"key":"SMITH"},{"data":"Dualcast","floor":8.0,"key":"SMITH"},{"floor":11.0,"key":"REST"},{"data":"Capacitor","floor":13.0,"key":"SMITH"},{"data":"Consume","floor":15.0,"key":"SMITH"},{"data":"Hologram","floor":23.0,"key":"SMITH"},{"data":"Turbo","floor":32.0,"key":"SMITH"},{"data":"Aggregate","floor":41.0,"key":"SMITH"},{"floor":46.0,"key":"RECALL"},{"data":"Turbo","floor":49.0,"key":"SMITH"},{"data":"Recycle","floor":53.0,"key":"SMITH"}],"neow_cost":"NONE","seed_source_timestamp":354707191795468,"circlet_count":0,"master_deck":["AscendersBane","Zap+1","Dualcast+1","Ball Lightning","Conserve Battery","Compile Driver","Skim","Capacitor+1","Consume+1","Echo Form","Coolheaded","Blizzard","Barrage+1","Biased Cognition","Force Field","Hello World","Recycle+1","Self Repair","Cold Snap+1","Reboot","Turbo+1","Hologram+1","Chill","White Noise","Glacier+1","Heatsinks+1","Reinforced Body","Core Surge","Steam Power+1","Capacitor","Stack","Aggregate+1","Glacier","Go for the Eyes","Doom and Gloom","Turbo+1"],"special_seed":0,"relics":["Cracked Core","NeowsBlessing","Pen Nib","WarpedTongs","Happy Flower","Kunai","PreservedInsect","Meat on the Bone","Pandora\u0027s Box","Bag of Preparation","Boot","Whetstone","Runic Pyramid","Smiling Mask","Darkstone Periapt","Lantern"],"potions_floor_usage":[],"damage_taken":[{"damage":0.0,"enemies":"Cultist","floor":1.0,"turns":1.0},{"damage":1.0,"enemies":"Small Slimes","floor":4.0,"turns":1.0},{"damage":0.0,"enemies":"2 Louse","floor":5.0,"turns":1.0},{"damage":20.0,"enemies":"Lagavulin","floor":7.0,"turns":7.0},{"damage":14.0,"enemies":"3 Sentries","floor":10.0,"turns":6.0},{"damage":12.0,"enemies":"Lagavulin","floor":12.0,"turns":5.0},{"damage":7.0,"enemies":"Blue Slaver","floor":14.0,"turns":4.0},{"damage":20.0,"enemies":"Slime Boss","floor":16.0,"turns":6.0},{"damage":8.0,"enemies":"3 Byrds","floor":18.0,"turns":5.0},{"damage":0.0,"enemies":"Chosen","floor":22.0,"turns":4.0},{"damage":39.0,"enemies":"Slavers","floor":25.0,"turns":4.0},{"damage":17.0,"enemies":"Book of Stabbing","floor":27.0,"turns":4.0},{"damage":28.0,"enemies":"Colosseum Slavers","floor":28.0,"turns":5.0},{"damage":4.0,"enemies":"Snecko","floor":31.0,"turns":7.0},{"damage":0.0,"enemies":"Collector","floor":33.0,"turns":9.0},{"damage":4.0,"enemies":"3 Shapes","floor":35.0,"turns":3.0},{"damage":0.0,"enemies":"3 Darklings","floor":37.0,"turns":5.0},{"damage":0.0,"enemies":"Maw","floor":38.0,"turns":7.0},{"damage":41.0,"enemies":"Transient","floor":39.0,"turns":6.0},{"damage":4.0,"enemies":"Nemesis","floor":40.0,"turns":9.0},{"damage":8.0,"enemies":"Reptomancer","floor":42.0,"turns":6.0},{"damage":19.0,"enemies":"Nemesis","floor":45.0,"turns":5.0},{"damage":11.0,"enemies":"Jaw Worm Horde","floor":48.0,"turns":4.0},{"damage":27.0,"enemies":"Time Eater","floor":50.0,"turns":10.0},{"damage":22.0,"enemies":"Donu and Deca","floor":51.0,"turns":12.0},{"damage":36.0,"enemies":"Shield and Spear","floor":55.0,"turns":8.0},{"damage":51,"enemies":"The Heart","floor":56,"turns":13}],"seed_played":"2070309053605131640","potions_obtained":[{"floor":1.0,"key":"Strength Potion"},{"floor":7.0,"key":"SpeedPotion"},{"floor":16.0,"key":"SmokeBomb"},{"floor":22.0,"key":"AttackPotion"},{"floor":30.0,"key":"Block Potion"},{"floor":33.0,"key":"Explosive Potion"},{"floor":39.0,"key":"SkillPotion"}],"is_trial":false,"path_per_floor":["M","?","?","M","M","R","E","R","T","E","R","E","R","M","R","B",null,"M","$","?","$","M","R","$","E","T","E","?","$","?","M","R","B",null,"M","$","M","M","M","E","R","E","T","?","E","R","$","M","R","B","B",null,"R","$","E","B",null],"character_chosen":"DEFECT","items_purchased":["Reboot","Turbo","Hologram","White Noise","Reinforced Body","Capacitor","Stack","Turbo","GamblersBrew"],"campfire_rested":1,"item_purchase_floors":[19,21,21,24,29,36,36,47,54],"current_hp_per_floor":[64,46,46,45,45,45,25,25,25,11,32,20,20,25,25,17,58,57,57,57,57,64,64,64,37,37,39,30,30,30,45,45,52,66,62,62,69,71,52,55,55,57,57,57,45,45,45,60,60,59,57,68,68,68,54,25],"gold":50,"neow_bonus":"THREE_ENEMY_KILL","is_prod":false,"is_daily":false,"chose_seed":false,"campfire_upgraded":9,"win_rate":0,"timestamp":1550328273,"path_taken":["M","?","?","?","M","R","E","R","T","E","R","E","R","M","R","BOSS","M","?","?","$","M","R","$","E","T","E","?","?","?","M","R","BOSS","M","$","M","?","M","E","R","E","T","?","E","R","$","M","R","BOSS","BOSS","R","$","E","BOSS"],"build_version":"2019-01-23","purchased_purges":3,"victory":true,"max_hp_per_floor":[71,71,71,71,71,71,71,71,71,71,71,71,71,71,71,71,71,71,71,71,71,71,71,71,71,71,71,71,71,71,71,71,71,71,71,71,71,71,71,71,71,71,71,71,71,71,71,71,71,71,71,71,71,71,71,71],"card_choices":[{"not_picked":["Leap","Go for the Eyes"],"picked":"Ball Lightning","floor":1.0},{"not_picked":["Reprogram","Barrage"],"picked":"Conserve Battery","floor":4.0},{"not_picked":["All For One","Sweeping Beam"],"picked":"Compile Driver","floor":5.0},{"not_picked":["Static Discharge","Aggregate"],"picked":"Skim","floor":7.0},{"not_picked":["Rainbow","Self Repair"],"picked":"Glacier","floor":10.0},{"not_picked":["Turbo","Beam Cell"],"picked":"Capacitor","floor":12.0},{"not_picked":["Chaos","Barrage"],"picked":"Consume","floor":14.0},{"not_picked":["Multi-Cast","Meteor Strike"],"picked":"Echo Form","floor":16.0},{"not_picked":["Consume","Force Field"],"picked":"Cold Snap","floor":18.0},{"not_picked":["Chill","Streamline","Steam"],"picked":"SKIP","floor":22.0},{"not_picked":["Streamline","Steam"],"picked":"Chill","floor":22.0},{"not_picked":["Streamline","Barrage"],"picked":"Glacier+1","floor":25.0},{"not_picked":["Hello World","Hyperbeam","Heatsinks+1"],"picked":"SKIP","floor":27.0},{"not_picked":["Hello World","Hyperbeam"],"picked":"Heatsinks+1","floor":27.0},{"not_picked":["Beam Cell","Blizzard"],"picked":"Undo","floor":31.0},{"not_picked":["Biased Cognition","Electrodynamics"],"picked":"Core Surge","floor":33.0},{"not_picked":["Redo","Steam+1"],"picked":"Steam Power+1","floor":35.0},{"not_picked":["Rebound+1","Stack"],"picked":"Aggregate","floor":37.0},{"not_picked":["Conserve Battery","Leap"],"picked":"Glacier","floor":38.0},{"not_picked":["Sweeping Beam+1","Undo+1","Blizzard"],"picked":"SKIP","floor":39.0},{"not_picked":["Consume","Hyperbeam"],"picked":"Go for the Eyes","floor":40.0},{"not_picked":["Auto Shields","Force Field+1"],"picked":"Doom and Gloom","floor":42.0},{"not_picked":["Beam Cell","Melter","Chill"],"picked":"SKIP","floor":45.0},{"not_picked":["Undo","Rebound"],"picked":"Conserve Battery","floor":48.0},{"not_picked":["Redo","Gash+1","Steam Power"],"picked":"SKIP","floor":55.0}],"player_experience":792946,"relics_obtained":[{"floor":7.0,"key":"Happy Flower"},{"floor":9.0,"key":"Kunai"},{"floor":10.0,"key":"PreservedInsect"},{"floor":12.0,"key":"Meat on the Bone"},{"floor":25.0,"key":"Bag of Preparation"},{"floor":26.0,"key":"Boot"},{"floor":27.0,"key":"Whetstone"},{"floor":42.0,"key":"Smiling Mask"},{"floor":45.0,"key":"Darkstone Periapt"},{"floor":55.0,"key":"Lantern"}],"event_choices":[{"damage_healed":0.0,"max_hp_gain":0.0,"max_hp_loss":0.0,"gold_gain":0.0,"event_name":"Scrap Ooze","player_choice":"Success","floor":2.0,"gold_loss":0.0,"damage_taken":18.0,"relics_obtained":["Pen Nib"]},{"damage_healed":0.0,"max_hp_gain":0.0,"max_hp_loss":0.0,"gold_gain":0.0,"event_name":"Accursed Blacksmith","player_choice":"Rummage","floor":3.0,"gold_loss":0.0,"damage_taken":0.0,"relics_obtained":["WarpedTongs"],"cards_obtained":["Pain"]},{"damage_healed":0.0,"max_hp_gain":0.0,"max_hp_loss":0.0,"gold_gain":0.0,"event_name":"Ghosts","player_choice":"Ignored","floor":20.0,"gold_loss":0.0,"damage_taken":0.0},{"damage_healed":0.0,"max_hp_gain":0.0,"max_hp_loss":0.0,"gold_gain":0.0,"event_name":"Colosseum","player_choice":"Fight","floor":28.0,"gold_loss":0.0,"damage_taken":0.0},{"damage_healed":0.0,"max_hp_gain":0.0,"max_hp_loss":0.0,"gold_gain":0.0,"event_name":"Colosseum","player_choice":"Fled From Nobs","floor":28.0,"gold_loss":0.0,"damage_taken":0.0},{"damage_healed":0.0,"max_hp_gain":0.0,"max_hp_loss":0.0,"gold_gain":0.0,"event_name":"The Woman in Blue","player_choice":"Bought 1 Potion","floor":30.0,"gold_loss":0.0,"damage_taken":0.0},{"cards_removed":["Glacier"],"damage_healed":0.0,"max_hp_gain":0.0,"max_hp_loss":0.0,"gold_gain":0.0,"event_name":"Falling","player_choice":"Removed Skill","floor":44.0,"gold_loss":0.0,"damage_taken":0.0}],"is_beta":false,"boss_relics":[{"not_picked":["Runic Dome","Philosopher\u0027s Stone"],"picked":"Pandora\u0027s Box"},{"not_picked":["Nuclear Battery","Orrery"],"picked":"Runic Pyramid"}],"items_purged_floors":[19,47,54],"is_endless":false,"potions_floor_spawned":[1,7,10,16,22,31,33,39,45],"ascension_level":20}