{"gold_per_floor":[119,44,60,60,60,60,60,60,140,140,179,179,179,233,233,361,361,376,397,410,435,200,200,52,52,76,76,97,22,60,101,101,229,229,247,122,137,155,176,210,251,285,285,306,321,171,192,192,192,316,316,335,121,121,145,160,180,219,219,219,232,246,317,317,332,332,463,463,487,510,510,525,350,350,350,350,383,179,179,179,198,198,198,319,319,342,195,214,4,27,27,27,27,70,70,83,83,83,0,0,120,183,206,225,238,95,95],"floor_reached":107,"playtime":5314,"items_purged":["Juggernaut","Brutality","Bludgeon","Double Tap+1","Juggernaut+1"],"score":2799,"play_id":"b8734f52-a05b-4114-a689-ac1749e1367a","local_time":"20181216161247","daily_mods":["Shiny","Heirloom","Flight"],"is_ascension_mode":false,"campfire_choices":[{"data":"Feed","floor":6.0,"key":"SMITH"},{"data":"Limit Break","floor":7.0,"key":"SMITH"},{"data":"Demon Form","floor":8.0,"key":"SMITH"},{"data":"Exhume","floor":12.0,"key":"SMITH"},{"data":"Dark Embrace","floor":13.0,"key":"SMITH"},{"data":"Shockwave","floor":15.0,"key":"SMITH"},{"data":"Offering","floor":23.0,"key":"SMITH"},{"data":"Limit Break","floor":25.0,"key":"SMITH"},{"data":"Double Tap","floor":27.0,"key":"SMITH"},{"data":"Impervious","floor":32.0,"key":"SMITH"},{"data":"Entrench","floor":49,"key":"SMITH"},{"data":"1","floor":64,"key":"LIFT"},{"data":"2","floor":66,"key":"LIFT"},{"data":"3","floor":74,"key":"LIFT"},{"data":"Limit Break","floor":75,"key":"SMITH"},{"data":"Limit Break","floor":76,"key":"SMITH"},{"data":"Offering","floor":79,"key":"SMITH"},{"data":"Offering","floor":80,"key":"SMITH"},{"data":"Burning Pact","floor":83,"key":"SMITH"},{"data":"Offering","floor":91,"key":"SMITH"},{"data":"Offering","floor":93,"key":"SMITH"},{"data":"Master of Strategy","floor":97,"key":"SMITH"},{"data":"Feed","floor":98,"key":"SMITH"},{"data":"Heavy Blade","floor":100,"key":"SMITH"}],"neow_cost":"","seed_source_timestamp":8119274741987,"circlet_count":0,"master_deck":["Feed+1","Limit Break+1","Barricade+1","Impervious+1","Reaper","Exhume+1","Offering+1","Immolate","Shockwave+1","Berserk","Offering+1","Limit Break+1","Impervious+1","Berserk+1","Shockwave+1","Entrench+1","True Grit+1","Dual Wield+1","Impervious","Evolve+1","Offering+1","Limit Break+1","Limit Break+1","Burning Pact+1","Heavy Blade+1","Offering+1","Burning Pact+1","Corruption+1","Offering+1","Offering+1","Master of Strategy+1","Feed+1","Impervious","Offering"],"special_seed":0,"relics":["Burning Blood","Champion Belt","Golden Idol","Pear","Omamori","Runic Pyramid","Art of War","Frozen Egg 2","Happy Flower","Philosopher\u0027s Stone","PreservedInsect","Ginger","Oddly Smooth Stone","Turnip","White Beast Statue","Girya","Dodecahedron","Astrolabe","MutagenicStrength","Brimstone","Coffee Dripper","Membership Card","Red Mask","Tiny House","Potion Belt"],"potions_floor_usage":[107],"damage_taken":[{"damage":14.0,"enemies":"Cultist","floor":1.0,"turns":3.0},{"damage":6.0,"enemies":"Jaw Worm","floor":3.0,"turns":2.0},{"damage":52.0,"enemies":"Gremlin Nob","floor":11.0,"turns":5.0},{"damage":18.0,"enemies":"The Guardian","floor":16.0,"turns":4.0},{"damage":32.0,"enemies":"Shell Parasite","floor":18.0,"turns":6.0},{"damage":22.0,"enemies":"2 Thieves","floor":19.0,"turns":2.0},{"damage":30.0,"enemies":"Centurion and Healer","floor":20.0,"turns":4.0},{"damage":41.0,"enemies":"Shelled Parasite and Fungi","floor":21.0,"turns":3.0},{"damage":33.0,"enemies":"Snake Plant","floor":28.0,"turns":3.0},{"damage":36.0,"enemies":"Book of Stabbing","floor":30.0,"turns":3.0},{"damage":31.0,"enemies":"Slavers","floor":31.0,"turns":4.0},{"damage":12.0,"enemies":"Collector","floor":33.0,"turns":3.0},{"damage":6.0,"enemies":"3 Darklings","floor":35.0,"turns":5.0},{"damage":24.0,"enemies":"Orb Walker","floor":37.0,"turns":3.0},{"damage":18.0,"enemies":"Jaw Worm Horde","floor":38.0,"turns":3.0},{"damage":34.0,"enemies":"Transient","floor":39.0,"turns":3.0},{"damage":18.0,"enemies":"Nemesis","floor":40.0,"turns":5.0},{"damage":12.0,"enemies":"Giant Head","floor":41.0,"turns":3.0},{"damage":18.0,"enemies":"Nemesis","floor":42.0,"turns":5.0},{"damage":18.0,"enemies":"Spire Growth","floor":44.0,"turns":4.0},{"damage":18.0,"enemies":"3 Darklings","floor":45.0,"turns":3.0},{"damage":18.0,"enemies":"Transient","floor":47.0,"turns":4.0},{"damage":80,"enemies":"Donu and Deca","floor":50,"turns":6},{"damage":18,"enemies":"Cultist","floor":52,"turns":4},{"damage":18,"enemies":"Jaw Worm","floor":55,"turns":4},{"damage":25,"enemies":"Small Slimes","floor":56,"turns":4},{"damage":18,"enemies":"2 Fungi Beasts","floor":57,"turns":1},{"damage":24,"enemies":"Lagavulin","floor":58,"turns":6},{"damage":52,"enemies":"Exordium Wildlife","floor":61,"turns":4},{"damage":55,"enemies":"Blue Slaver","floor":62,"turns":3},{"damage":29,"enemies":"Lagavulin Event","floor":63,"turns":5},{"damage":27,"enemies":"Looter","floor":65,"turns":4},{"damage":6,"enemies":"Slime Boss","floor":67,"turns":4},{"damage":33,"enemies":"2 Thieves","floor":69,"turns":3},{"damage":24,"enemies":"Spheric Guardian","floor":70,"turns":3},{"damage":25,"enemies":"Snecko","floor":72,"turns":5},{"damage":42,"enemies":"Gremlin Leader","floor":77,"turns":3},{"damage":18,"enemies":"Snake Plant","floor":81,"turns":1},{"damage":24,"enemies":"Automaton","floor":84,"turns":2},{"damage":6,"enemies":"Orb Walker","floor":86,"turns":1},{"damage":46,"enemies":"3 Shapes","floor":88,"turns":2},{"damage":18,"enemies":"Maw","floor":90,"turns":3},{"damage":24,"enemies":"Nemesis","floor":94,"turns":1},{"damage":24,"enemies":"Writhing Mass","floor":96,"turns":1},{"damage":24,"enemies":"Awakened One","floor":101,"turns":3},{"damage":24,"enemies":"Small Slimes","floor":103,"turns":1},{"damage":6,"enemies":"2 Louse","floor":104,"turns":1},{"damage":12,"enemies":"Jaw Worm","floor":105,"turns":1},{"damage":163,"enemies":"Blue Slaver","floor":107,"turns":54}],"seed_played":"-3507692000439992387","potions_obtained":[{"floor":3.0,"key":"SpeedPotion"},{"floor":16.0,"key":"SpeedPotion"},{"floor":20.0,"key":"Regen Potion"},{"floor":21.0,"key":"GamblersBrew"},{"floor":69,"key":"SkillPotion"},{"floor":84,"key":"Swift Potion"}],"is_trial":true,"path_per_floor":["M","$","M","$","?","R","R","R","T","?","E","E","R","R","T","R","B",null,"M","M","M","M","$","R","$","R","T","R","M","?","E","E","R","B",null,"M","$","M","M","M","E","E","E","T","M","M","$","M","?","R","B",null,"M","$","$","M","M","M","E","$","T","M","M","?","R","M","R","B",null,"M","M","?","M","$","R","R","R","E","$","R","R","M","$","R","B",null,"M","$","M","$","M","R","?","R","E","?","M","R","R","?","R","B",null,"M","M","M","$","M"],"character_chosen":"IRONCLAD","items_purchased":["Offering","Limit Break","Offering","Limit Break","Brimstone","Offering","Membership Card","Offering","Potion Belt"],"campfire_rested":0,"item_purchase_floors":[22,24,53,53,78,87,89,106,106],"current_hp_per_floor":[79,79,86,86,65,65,65,65,75,56,29,29,29,29,29,99,104,108,92,72,115,115,115,115,115,115,115,92,92,124,124,124,122,128,132,132,118,140,144,136,148,152,152,144,156,156,160,160,160,142,168,172,172,172,169,158,162,148,148,148,110,111,92,92,75,75,79,216,197,183,183,168,168,168,168,168,136,136,136,136,230,230,230,216,244,244,244,216,216,260,260,250,250,258,251,255,255,255,255,255,259,264,250,268,266,266,103],"gold":95,"neow_bonus":"","is_prod":false,"is_daily":false,"chose_seed":true,"campfire_upgraded":21,"win_rate":0,"timestamp":1544947967,"path_taken":["M","$","?","$","?","R","R","R","T","?","E","R","R","?","R","BOSS","M","M","M","M","$","R","$","R","T","R","M","?","E","E","R","BOSS","M","$","M","M","M","E","E","E","T","M","M","$","M","?","R","BOSS","M","$","$","M","M","M","E","$","T","M","?","?","R","M","R","BOSS","M","M","?","M","$","R","R","R","E","$","R","R","M","$","R","BOSS","M","$","M","$","M","R","?","R","E","?","M","R","R","?","R","BOSS","M","M","M","$","M"],"build_version":"2018-12-13","purchased_purges":5,"victory":false,"max_hp_per_floor":[83,83,86,86,86,86,86,86,96,96,100,100,100,100,100,104,104,108,108,112,116,116,116,116,116,116,116,120,120,124,124,124,128,128,132,132,136,140,144,148,148,152,152,156,156,156,160,160,160,168,168,172,172,172,176,184,188,192,192,192,200,204,208,208,212,212,216,216,224,228,228,232,232,232,232,232,236,236,236,236,240,240,240,244,244,244,244,256,256,260,260,260,260,264,251,255,255,255,255,255,259,264,268,268,272,272,272],"card_choices":[{"not_picked":["Twin Strike","Pommel Strike","Iron Wave"],"picked":"SKIP","floor":1.0},{"not_picked":["Clash","Thunderclap"],"picked":"Shockwave","floor":3.0},{"not_picked":["Fire Breathing","Dropkick","Heavy Blade"],"picked":"SKIP","floor":11.0},{"not_picked":["Bludgeon","Demon Form"],"picked":"Berserk","floor":16.0},{"not_picked":["Shrug It Off+1","Reckless Charge+1","Combust"],"picked":"SKIP","floor":18.0},{"not_picked":["Pommel Strike+1","Twin Strike","Body Slam"],"picked":"SKIP","floor":19.0},{"not_picked":["Shrug It Off","Pommel Strike","Perfected Strike"],"picked":"SKIP","floor":20.0},{"not_picked":["Havoc","Cleave+1","Warcry"],"picked":"SKIP","floor":21.0},{"not_picked":["True Grit","Seeing Red","Disarm"],"picked":"SKIP","floor":28.0},{"not_picked":["Reckless Charge+1","Clash","Twin Strike"],"picked":"SKIP","floor":30.0},{"not_picked":["Impervious","Anger","Carnage"],"picked":"SKIP","floor":31.0},{"not_picked":["Anger","Carnage"],"picked":"Impervious","floor":31.0},{"not_picked":["Bludgeon","Feed"],"picked":"Berserk+1","floor":33.0},{"not_picked":["Disarm","Shockwave","Body Slam"],"picked":"SKIP","floor":35.0},{"not_picked":["Body Slam+1","Shockwave","Havoc"],"picked":"SKIP","floor":37.0},{"not_picked":["Clothesline+1","Shockwave+1","Wild Strike"],"picked":"SKIP","floor":38.0},{"not_picked":["Clothesline+1","Wild Strike"],"picked":"Shockwave+1","floor":38.0},{"not_picked":["Disarm","Body Slam"],"picked":"Entrench","floor":39.0},{"not_picked":["Clothesline+1","Twin Strike+1","Rage+1"],"picked":"SKIP","floor":40.0},{"not_picked":["Brutality+1","Cleave+1","Uppercut+1"],"picked":"SKIP","floor":41.0},{"not_picked":["Cleave","Body Slam","Battle Trance"],"picked":"SKIP","floor":42.0},{"not_picked":["Body Slam","Pommel Strike+1"],"picked":"True Grit+1","floor":44.0},{"not_picked":["Heavy Blade","Clothesline+1"],"picked":"Dual Wield+1","floor":45.0},{"not_picked":["Clash","Dropkick"],"picked":"Impervious","floor":47.0},{"not_picked":["Whirlwind","Iron Wave"],"picked":"Evolve+1","floor":52},{"not_picked":["Dropkick","Fire Breathing+1","Body Slam"],"picked":"SKIP","floor":55},{"not_picked":["Clash","True Grit","Armaments"],"picked":"SKIP","floor":56},{"not_picked":["Sword Boomerang","Thunderclap","Clothesline"],"picked":"SKIP","floor":57},{"not_picked":["Pummel","Body Slam"],"picked":"Limit Break","floor":58},{"not_picked":["Iron Wave","Combust+1","Rage"],"picked":"SKIP","floor":61},{"not_picked":["Headbutt","Infernal Blade","Carnage"],"picked":"SKIP","floor":62},{"not_picked":["Flame Barrier","Perfected Strike"],"picked":"Burning Pact","floor":63},{"not_picked":["Hemokinesis","Clothesline"],"picked":"Heavy Blade","floor":65},{"not_picked":["Immolate","Barricade+1"],"picked":"Offering","floor":67},{"not_picked":["Warcry","Sword Boomerang+1","Intimidate"],"picked":"SKIP","floor":69},{"not_picked":["Metallicize+1","Flex","Anger+1"],"picked":"SKIP","floor":70},{"not_picked":["Pummel","Second Wind","Wild Strike"],"picked":"SKIP","floor":72},{"not_picked":["Pommel Strike","Headbutt+1","Clash"],"picked":"SKIP","floor":77},{"not_picked":["Headbutt","Sentinel","Bloodletting"],"picked":"SKIP","floor":81},{"not_picked":["Reaper","Fiend Fire"],"picked":"Offering","floor":84},{"not_picked":["Warcry+1","Carnage","Clothesline"],"picked":"SKIP","floor":86},{"not_picked":["Warcry+1","Flex+1","Reckless Charge"],"picked":"SKIP","floor":88},{"not_picked":["Combust+1","Inflame+1","Wild Strike"],"picked":"SKIP","floor":90},{"not_picked":["Swift Strike","Thinking Ahead"],"picked":"Master of Strategy","floor":92},{"not_picked":["Dark Embrace+1","Cleave"],"picked":"Feed","floor":94},{"not_picked":["Warcry+1","Whirlwind","Shockwave"],"picked":"SKIP","floor":96},{"not_picked":["Fiend Fire","Juggernaut+1"],"picked":"Impervious","floor":101},{"not_picked":["Clash","Shrug It Off","Dropkick"],"picked":"SKIP","floor":103},{"not_picked":["Havoc","Shrug It Off","Iron Wave"],"picked":"SKIP","floor":104},{"not_picked":["Heavy Blade","Carnage","Intimidate"],"picked":"SKIP","floor":105}],"player_experience":1282551,"relics_obtained":[{"floor":9.0,"key":"Pear"},{"floor":14.0,"key":"Omamori"},{"floor":26.0,"key":"Art of War"},{"floor":30.0,"key":"Frozen Egg 2"},{"floor":31.0,"key":"Happy Flower"},{"floor":40.0,"key":"PreservedInsect"},{"floor":41.0,"key":"Ginger"},{"floor":42.0,"key":"Oddly Smooth Stone"},{"floor":43.0,"key":"Turnip"},{"floor":60,"key":"Girya"},{"floor":63,"key":"Dodecahedron"}],"event_choices":[{"damage_healed":0.0,"max_hp_gain":0.0,"max_hp_loss":0.0,"gold_gain":0.0,"event_name":"Golden Idol","player_choice":"Take Damage","floor":5.0,"gold_loss":0.0,"damage_taken":21.0,"relics_obtained":["Golden Idol"]},{"damage_healed":0.0,"max_hp_gain":0.0,"max_hp_loss":0.0,"gold_gain":0.0,"event_name":"Shining Light","player_choice":"Entered Light","floor":10.0,"gold_loss":0.0,"damage_taken":19.0,"cards_upgraded":["Barricade","Offering"]},{"cards_removed":["Fiend Fire"],"damage_healed":0.0,"max_hp_gain":0.0,"max_hp_loss":0.0,"gold_gain":0.0,"event_name":"Beggar","player_choice":"Gave Gold","floor":29.0,"gold_loss":75.0,"damage_taken":0.0},{"damage_healed":0,"gold_gain":0,"player_choice":"0 cards matched","damage_taken":0,"max_hp_gain":0,"max_hp_loss":0,"event_name":"Match and Keep!","floor":48,"gold_loss":0,"cards_obtained":[]},{"damage_healed":0,"gold_gain":0,"player_choice":"Searched \u00272\u0027 times","damage_taken":0,"max_hp_gain":0,"max_hp_loss":0,"event_name":"Dead Adventurer","floor":63,"gold_loss":0},{"damage_healed":0,"gold_gain":0,"player_choice":"Inject Mutagens","damage_taken":0,"relics_obtained":["MutagenicStrength"],"max_hp_gain":0,"max_hp_loss":0,"event_name":"Drug Dealer","floor":71,"gold_loss":0},{"damage_healed":0,"gold_gain":0,"player_choice":"Memory 3","damage_taken":10,"max_hp_gain":0,"max_hp_loss":0,"event_name":"SensoryStone","floor":92,"gold_loss":0},{"damage_healed":0,"gold_gain":0,"player_choice":"Max HP","damage_taken":0,"max_hp_gain":0,"max_hp_loss":13,"event_name":"Winding Halls","floor":95,"gold_loss":0},{"damage_healed":0,"gold_gain":0,"player_choice":"Paid","damage_taken":0,"relics_obtained":["Red Mask"],"max_hp_gain":0,"max_hp_loss":0,"event_name":"Tomb of Lord Red Mask","floor":99,"gold_loss":83}],"is_beta":false,"boss_relics":[{"not_picked":["Coffee Dripper","Runic Dome"],"picked":"Runic Pyramid"},{"not_picked":["Runic Cube","Eternal Feather"],"picked":"Philosopher\u0027s Stone"},{"not_picked":["Snecko Eye","Fusion Hammer"],"picked":"White Beast Statue"},{"not_picked":["Lizard Tail","Snecko Eye"],"picked":"Astrolabe"},{"not_picked":["Eternal Feather","Cursed Key"],"picked":"Coffee Dripper"},{"not_picked":["Velvet Choker","Empty Cage"],"picked":"Tiny House"}],"items_purged_floors":[2,22,36,46,73],"is_endless":true,"potions_floor_spawned":[3,16,20,21,30,35,37,39,42,45,47,52,55,56,57,58,61,62,63,65,67,69,70,72,77,81,84,86,88,90,94,96,101,103,104,105],"killed_by":"Blue Slaver","ascension_level":0}