{"gold_per_floor":[118,137,151,151,163,163,139,151,151,166,166,113,113,129,129,129],"floor_reached":16,"playtime":6126,"items_purged":[],"score":94,"play_id":"189e98c7-0e46-48ff-ba55-fd8024002077","local_time":"20190707160728","is_ascension_mode":false,"campfire_choices":[{"data":"Outmaneuver","floor":6,"key":"SMITH"},{"data":"Deadly Poison","floor":13,"key":"SMITH"},{"floor":15,"key":"REST"}],"neow_cost":"NONE","seed_source_timestamp":1267351313364796,"circlet_count":0,"master_deck":["Strike_G","Strike_G","Strike_G","Strike_G","Defend_G","Defend_G","Defend_G","Defend_G","Defend_G","Survivor","Neutralize","Blur","Dodge and Roll+1","Deadly Poison+1","Outmaneuver+1","Finisher","Deadly Poison","Acrobatics","Underhanded Strike"],"relics":["Ring of the Snake","NeowsBlessing","Matryoshka"],"potions_floor_usage":[8,10],"damage_taken":[{"damage":0,"enemies":"2 Louse","floor":1,"turns":1},{"damage":0,"enemies":"Small Slimes","floor":2,"turns":1},{"damage":0,"enemies":"Jaw Worm","floor":3,"turns":1},{"damage":11,"enemies":"Large Slime","floor":5,"turns":14},{"damage":9,"enemies":"Exordium Thugs","floor":8,"turns":8},{"damage":10,"enemies":"Lots of Slimes","floor":10,"turns":4},{"damage":3,"enemies":"Large Slime","floor":14,"turns":8},{"damage":52,"enemies":"Hexaghost","floor":16,"turns":9}],"seed_played":"6526903984950669565","potions_obtained":[{"floor":1,"key":"Swift Potion"},{"floor":3,"key":"EssenceOfSteel"},{"floor":8,"key":"AttackPotion"}],"is_trial":false,"path_per_floor":["M","M","M","?","M","R","?","M","T","M","?","$","R","M","R","B"],"character_chosen":"THE_SILENT","items_purchased":["Acrobatics"],"campfire_rested":1,"item_purchase_floors":[12],"current_hp_per_floor":[70,70,70,70,59,59,59,50,50,40,33,33,33,30,51,0],"gold":129,"neow_bonus":"THREE_ENEMY_KILL","is_prod":false,"is_daily":false,"chose_seed":false,"campfire_upgraded":2,"win_rate":0.0,"timestamp":1562504848,"path_taken":["M","M","M","?","M","R","?","M","T","M","?","$","R","M","R","BOSS"],"build_version":"2019-07-05","purchased_purges":0,"victory":false,"max_hp_per_floor":[70,70,70,70,70,70,70,70,70,70,70,70,70,70,70,70],"card_choices":[{"not_picked":["Flechettes","Dagger Spray"],"picked":"Blur","floor":1},{"not_picked":["Sucker Punch","PiercingWail"],"picked":"Dodge and Roll","floor":2},{"not_picked":["Sucker Punch","Acrobatics"],"picked":"Deadly Poison","floor":3},{"not_picked":["Leg Sweep","Noxious Fumes"],"picked":"Outmaneuver","floor":5},{"not_picked":["Predator","Infinite Blades"],"picked":"Finisher","floor":8},{"not_picked":["Choke","PiercingWail"],"picked":"Deadly Poison","floor":10},{"not_picked":["Prepared","Acrobatics"],"picked":"Underhanded Strike","floor":14}],"player_experience":2258,"relics_obtained":[{"floor":9,"key":"Matryoshka"}],"event_choices":[{"damage_healed":0,"gold_gain":0,"player_choice":"Grow","damage_taken":0,"max_hp_gain":0,"max_hp_loss":0,"event_name":"Living Wall","floor":4,"gold_loss":0,"cards_upgraded":["Dodge and Roll"]},{"damage_healed":0,"gold_gain":0,"player_choice":"Left Gold","damage_taken":0,"max_hp_gain":0,"max_hp_loss":0,"event_name":"World of Goop","floor":7,"gold_loss":24},{"cards_removed":["Strike_G"],"damage_healed":0,"gold_gain":0,"player_choice":"Card Removal","damage_taken":7,"max_hp_gain":0,"max_hp_loss":0,"event_name":"Golden Wing","floor":11,"gold_loss":0}],"is_beta":false,"boss_relics":[],"items_purged_floors":[],"is_endless":false,"potions_floor_spawned":[1,3,8],"killed_by":"Hexaghost","ascension_level":0}