{"gold_per_floor":[16,16,27,40,40,40,1,1,53,80,98,110,110,123,123,200,200,219,134,134,134,134,134,23,70,122,449,449,462,462,480,480,552,552,568,579,36,51,0,33,48,63,63,93,109,109,134,34,34,34,34,34,34,34,61,61],"floor_reached":57,"playtime":2197,"items_purged":["Flying Knee","Eviscerate"],"score":2990,"play_id":"4f3e4aa9-d908-4db4-a228-f0399486ce7d","local_time":"20190406153927","is_ascension_mode":true,"campfire_choices":[{"data":"Poisoned Stab","floor":6.0,"key":"SMITH"},{"data":"Predator","floor":8.0,"key":"SMITH"},{"data":"Catalyst","floor":15.0,"key":"SMITH"},{"data":"Catalyst","floor":23.0,"key":"SMITH"},{"data":"Catalyst","floor":28.0,"key":"SMITH"},{"data":"Catalyst","floor":30.0,"key":"SMITH"},{"data":"Deadly Poison","floor":32.0,"key":"SMITH"},{"data":"Wraith Form v2","floor":46,"key":"SMITH"},{"floor":49,"key":"RECALL"},{"data":"Doppelganger","floor":53,"key":"SMITH"}],"neow_cost":"NO_GOLD","seed_source_timestamp":15761211644590,"circlet_count":0,"master_deck":["AscendersBane","Survivor","Neutralize+1","Magnetism","Purity","Poisoned Stab+1","Escape Plan","Dagger Throw","Predator+1","Catalyst+1","Calculated Gamble","Catalyst+1","Deadly Poison+1","Corpse Explosion","Grand Finale","Predator","Caltrops","Catalyst+1","Doppelganger+1","Poisoned Stab","Ghostly","Ghostly","Ghostly","Catalyst+1","Wraith Form v2+1","Tactician+1","After Image","Calculated Gamble","Venomology","After Image"],"special_seed":0,"relics":["Ring of the Snake","Whetstone","Odd Mushroom","Pandora\u0027s Box","Boot","Gremlin Horn","PreservedInsect","Old Coin","Coffee Dripper","Bird Faced Urn","Strange Spoon","Red Mask","Snake Skull","Anchor","Turnip","Letter Opener"],"potions_floor_usage":[47,50,51,55,56,56],"damage_taken":[{"damage":1.0,"enemies":"Cultist","floor":1.0,"turns":5.0},{"damage":1.0,"enemies":"2 Louse","floor":3.0,"turns":5.0},{"damage":5.0,"enemies":"Jaw Worm","floor":4.0,"turns":6.0},{"damage":15.0,"enemies":"The Mushroom Lair","floor":10.0,"turns":4.0},{"damage":8.0,"enemies":"Large Slime","floor":11.0,"turns":4.0},{"damage":0.0,"enemies":"Looter","floor":12.0,"turns":2.0},{"damage":0.0,"enemies":"2 Fungi Beasts","floor":14.0,"turns":4.0},{"damage":19.0,"enemies":"Slime Boss","floor":16.0,"turns":8.0},{"damage":16.0,"enemies":"Shell Parasite","floor":18.0,"turns":3.0},{"damage":10.0,"enemies":"Slavers","floor":25.0,"turns":5.0},{"damage":0.0,"enemies":"Gremlin Leader","floor":27.0,"turns":4.0},{"damage":0.0,"enemies":"Chosen","floor":29.0,"turns":3.0},{"damage":3.0,"enemies":"3 Cultists","floor":31.0,"turns":4.0},{"damage":17,"enemies":"Automaton","floor":33,"turns":5},{"damage":3,"enemies":"3 Darklings","floor":35,"turns":2},{"damage":0,"enemies":"Orb Walker","floor":36,"turns":2},{"damage":4,"enemies":"4 Shapes","floor":38,"turns":7},{"damage":5,"enemies":"Reptomancer","floor":40,"turns":3},{"damage":0,"enemies":"Spire Growth","floor":41,"turns":3},{"damage":0,"enemies":"Sphere and 2 Shapes","floor":42,"turns":4},{"damage":0,"enemies":"Nemesis","floor":44,"turns":3},{"damage":3,"enemies":"Jaw Worm Horde","floor":45,"turns":3},{"damage":4,"enemies":"Reptomancer","floor":47,"turns":5},{"damage":0,"enemies":"Awakened One","floor":50,"turns":8},{"damage":22,"enemies":"Donu and Deca","floor":51,"turns":6},{"damage":2,"enemies":"Shield and Spear","floor":55,"turns":7},{"damage":36,"enemies":"The Heart","floor":56,"turns":6}],"seed_played":"7060381431296383253","potions_obtained":[{"floor":10.0,"key":"AttackPotion"},{"floor":11.0,"key":"Energy Potion"},{"floor":33,"key":"EssenceOfSteel"},{"floor":38,"key":"GhostInAJar"},{"floor":47,"key":"Swift Potion"}],"is_trial":false,"path_per_floor":["M","?","M","M","?","R","$","R","T","?","M","M","?","M","R","B",null,"M","?","?","?","?","R","$","E","T","E","R","M","R","M","R","B",null,"M","M","$","M","?","E","M","M","T","E","M","R","E","$","R","B","B",null,"R","$","E","B",null],"character_chosen":"THE_SILENT","items_purchased":["Predator","Catalyst","Bird Faced Urn","Strange Spoon"],"campfire_rested":0,"item_purchase_floors":[7,24,37,37],"current_hp_per_floor":[58,58,57,52,52,52,52,52,52,37,29,29,22,22,22,3,50,34,34,34,34,33,33,33,23,23,23,23,23,23,20,20,3,26,23,23,23,27,27,26,32,33,33,33,30,30,33,33,33,33,15,29,29,29,33,1],"gold":61,"neow_bonus":"RANDOM_COLORLESS_2","is_prod":false,"is_daily":false,"chose_seed":false,"campfire_upgraded":9,"win_rate":0,"timestamp":1554536367,"path_taken":["M","?","M","?","?","R","$","R","T","?","M","M","?","M","R","BOSS","M","?","?","?","?","R","$","E","T","E","R","M","R","M","R","BOSS","M","M","$","M","?","E","M","M","T","E","M","R","E","?","R","BOSS","BOSS","R","$","E","BOSS"],"build_version":"2019-01-23","purchased_purges":2,"victory":true,"max_hp_per_floor":[66,66,66,66,66,66,66,66,66,66,66,66,66,66,66,66,66,66,66,66,66,33,33,33,33,33,33,33,33,33,33,33,33,33,33,33,33,33,33,33,33,33,33,33,33,33,33,33,33,33,33,33,33,33,33,33],"card_choices":[{"not_picked":["Choke","Reflex"],"picked":"Poisoned Stab","floor":1.0},{"not_picked":["Distraction","Deflect"],"picked":"Escape Plan","floor":3.0},{"not_picked":["Dagger Spray","PiercingWail"],"picked":"Dagger Throw","floor":4.0},{"not_picked":["Poisoned Stab","Blade Dance"],"picked":"Catalyst","floor":10.0},{"not_picked":["Blade Dance","Choke"],"picked":"Calculated Gamble","floor":11.0},{"not_picked":["Caltrops","Blade Dance"],"picked":"Catalyst","floor":12.0},{"not_picked":["Blade Dance","Predator"],"picked":"Deadly Poison","floor":14.0},{"not_picked":["Tools of the Trade","A Thousand Cuts"],"picked":"Corpse Explosion","floor":16.0},{"not_picked":["Dodge and Roll","Caltrops","Poisoned Stab"],"picked":"SKIP","floor":18.0},{"not_picked":["Blur","Deflect","Reflex"],"picked":"SKIP","floor":25.0},{"not_picked":["Outmaneuver","Predator","A Thousand Cuts"],"picked":"SKIP","floor":27.0},{"not_picked":["Caltrops+1","Deadly Poison","Sucker Punch"],"picked":"SKIP","floor":29.0},{"not_picked":["Deadly Poison","Terror","Expertise"],"picked":"SKIP","floor":31.0},{"not_picked":["Unload","Burst"],"picked":"Wraith Form v2","floor":33},{"not_picked":["Prepared","Heel Hook","Poisoned Stab"],"picked":"SKIP","floor":35},{"not_picked":["Choke+1","Heel Hook+1","Dodge and Roll"],"picked":"SKIP","floor":36},{"not_picked":["Dagger Spray+1","Underhanded Strike+1"],"picked":"Tactician+1","floor":38},{"not_picked":["Bane","Backstab+1"],"picked":"After Image","floor":40},{"not_picked":["Eviscerate","Underhanded Strike+1","Outmaneuver"],"picked":"SKIP","floor":41},{"not_picked":["Tactician","Cloak And Dagger+1"],"picked":"Calculated Gamble","floor":42},{"not_picked":["Quick Slash","Riddle With Holes"],"picked":"Venomology","floor":44},{"not_picked":["Distraction","Deflect","Poisoned Stab"],"picked":"SKIP","floor":45},{"not_picked":["Dagger Spray","Cloak And Dagger"],"picked":"After Image","floor":47},{"not_picked":["Outmaneuver","Accuracy","Blade Dance"],"picked":"SKIP","floor":55}],"player_experience":4087722,"relics_obtained":[{"floor":9.0,"key":"Whetstone"},{"floor":10.0,"key":"Odd Mushroom"},{"floor":25.0,"key":"Gremlin Horn"},{"floor":26.0,"key":"PreservedInsect"},{"floor":27.0,"key":"Old Coin"},{"floor":40,"key":"Snake Skull"},{"floor":44,"key":"Anchor"},{"floor":47,"key":"Turnip"},{"floor":55,"key":"Letter Opener"}],"event_choices":[{"cards_removed":["Strike_G"],"damage_healed":0.0,"max_hp_gain":0.0,"max_hp_loss":0.0,"gold_gain":0.0,"event_name":"Purifier","player_choice":"Purged","floor":2.0,"gold_loss":0.0,"damage_taken":0.0},{"damage_healed":0.0,"max_hp_gain":0.0,"max_hp_loss":0.0,"gold_gain":0.0,"event_name":"The Cleric","player_choice":"Leave","floor":5.0,"gold_loss":0.0,"damage_taken":0.0},{"damage_healed":0.0,"max_hp_gain":0.0,"max_hp_loss":0.0,"gold_gain":0.0,"event_name":"Mushrooms","player_choice":"Fought Mushrooms","floor":10.0,"gold_loss":0.0,"damage_taken":0.0},{"cards_removed":["Strike_G"],"damage_healed":0.0,"max_hp_gain":0.0,"max_hp_loss":0.0,"gold_gain":0.0,"event_name":"Golden Wing","player_choice":"Card Removal","floor":13.0,"gold_loss":0.0,"damage_taken":7.0},{"damage_healed":0.0,"max_hp_gain":0.0,"max_hp_loss":0.0,"gold_gain":0.0,"event_name":"Addict","player_choice":"Obtained Relic","floor":19.0,"gold_loss":85.0,"damage_taken":0.0,"relics_obtained":["Boot"]},{"damage_healed":0.0,"max_hp_gain":0.0,"max_hp_loss":0.0,"gold_gain":0.0,"event_name":"Cursed Tome","player_choice":"Ignored","floor":20.0,"gold_loss":0.0,"damage_taken":0.0},{"damage_healed":0.0,"max_hp_gain":0.0,"max_hp_loss":0.0,"gold_gain":0.0,"event_name":"The Mausoleum","player_choice":"Ignored","floor":21.0,"gold_loss":0.0,"damage_taken":0.0},{"damage_healed":0.0,"max_hp_gain":0.0,"max_hp_loss":33.0,"gold_gain":0.0,"event_name":"Ghosts","player_choice":"Became a Ghost","floor":22.0,"gold_loss":0.0,"damage_taken":0.0,"cards_obtained":["Ghostly","Ghostly","Ghostly"]},{"damage_healed":0,"gold_gain":0,"player_choice":"Paid","damage_taken":0,"relics_obtained":["Red Mask"],"max_hp_gain":0,"max_hp_loss":0,"event_name":"Tomb of Lord Red Mask","floor":39,"gold_loss":51}],"is_beta":false,"boss_relics":[{"not_picked":["Cursed Key","Ring of the Serpent"],"picked":"Pandora\u0027s Box"},{"not_picked":["Fusion Hammer","Empty Cage"],"picked":"Coffee Dripper"}],"items_purged_floors":[24,48],"is_endless":false,"potions_floor_spawned":[10,11,12,33,38,44,47],"ascension_level":20}