{"gold_per_floor":[113,113,129,154,154,154,195,195,220,233,158,158],"floor_reached":12,"playtime":318,"items_purged":["Strike_R"],"score":156,"play_id":"616467af-ecc8-40c9-a68a-ce63b3ed5d6e","local_time":"20190413171307","is_ascension_mode":true,"campfire_choices":[{"data":"Bludgeon","floor":6,"key":"SMITH"},{"data":"True Grit","floor":8,"key":"SMITH"}],"neow_cost":"PERCENT_DAMAGE","seed_source_timestamp":19486237647282,"circlet_count":0,"master_deck":["AscendersBane","Strike_R+1","Strike_R","Strike_R","Strike_R","Defend_R","Defend_R","Defend_R","Defend_R","Bash+1","Deep Breath","Secret Technique","Bloodletting","True Grit+1","Clash","Bludgeon+1"],"special_seed":0,"relics":["Burning Blood","Golden Idol","Bronze Scales","Whetstone"],"potions_floor_usage":[7],"damage_taken":[{"damage":6.0,"enemies":"Small Slimes","floor":1.0,"turns":4.0},{"damage":8.0,"enemies":"2 Louse","floor":3.0,"turns":3.0},{"damage":20.0,"enemies":"Cultist","floor":4.0,"turns":6.0},{"damage":18,"enemies":"3 Sentries","floor":7,"turns":7},{"damage":0,"enemies":"Large Slime","floor":10,"turns":2},{"damage":28,"enemies":"Lagavulin","floor":12,"turns":3}],"seed_played":"-8566650269983688311","potions_obtained":[{"floor":3.0,"key":"SteroidPotion"},{"floor":4.0,"key":"Energy Potion"}],"is_trial":false,"path_per_floor":["M","?","M","M","?","R","E","R","T","M","$","E"],"character_chosen":"IRONCLAD","items_purchased":[],"campfire_rested":0,"item_purchase_floors":[],"current_hp_per_floor":[50,50,48,34,34,34,22,22,22,28,28,0],"gold":158,"neow_bonus":"RANDOM_COLORLESS_2","is_prod":false,"is_daily":false,"chose_seed":false,"campfire_upgraded":2,"win_rate":0,"timestamp":1555146787,"path_taken":["M","?","M","M","?","R","E","R","T","?","$","E"],"build_version":"2019-01-23","purchased_purges":1,"victory":false,"max_hp_per_floor":[75,68,68,68,68,68,68,68,68,68,68,68],"card_choices":[{"not_picked":["Twin Strike","Metallicize"],"picked":"Bloodletting","floor":1.0},{"not_picked":["Pummel","Reckless Charge"],"picked":"True Grit","floor":3.0},{"not_picked":["Intimidate","True Grit"],"picked":"Clash","floor":4.0},{"not_picked":["Pummel","Sentinel","Clash"],"picked":"SKIP","floor":7},{"not_picked":["Hemokinesis","Warcry","Cleave"],"picked":"SKIP","floor":10}],"player_experience":4250377,"relics_obtained":[{"floor":7,"key":"Bronze Scales"},{"floor":9,"key":"Whetstone"}],"event_choices":[{"damage_healed":0.0,"max_hp_gain":0.0,"max_hp_loss":7.0,"gold_gain":0.0,"event_name":"Golden Idol","player_choice":"Lose Max HP","floor":2.0,"gold_loss":0.0,"damage_taken":0.0,"relics_obtained":["Golden Idol"]},{"damage_healed":0,"gold_gain":0,"player_choice":"1 cards matched","damage_taken":0,"max_hp_gain":0,"max_hp_loss":0,"event_name":"Match and Keep!","floor":5,"gold_loss":0,"cards_obtained":["Bludgeon"]}],"is_beta":false,"boss_relics":[],"items_purged_floors":[11],"is_endless":false,"potions_floor_spawned":[3,4],"killed_by":"Lagavulin","ascension_level":20}