{"gold_per_floor":[111,36,36,36,53,53,112,112,139,174,186,186,200,215,215,289,289,309,320,320,320,340,340,353,353,377,406,306,330,330,346,346,421,421,435,435,483,358,358,383,383,394,394,394,394,188,13,26,26,26,26,26,26,26,51,51],"floor_reached":57,"playtime":1542,"items_purged":["Strike_R","Strike_R","Strike_R","Defend_R","Defend_R"],"score":2812,"play_id":"43dda90d-83aa-4309-871c-541eca2092fc","local_time":"20190320014341","is_ascension_mode":true,"campfire_choices":[{"data":"Searing Blow","floor":6.0,"key":"SMITH"},{"data":"Searing Blow+1","floor":8.0,"key":"SMITH"},{"data":"Searing Blow+2","floor":12.0,"key":"SMITH"},{"data":"Searing Blow+3","floor":15.0,"key":"SMITH"},{"data":"Searing Blow+4","floor":23,"key":"SMITH"},{"data":"Searing Blow+5","floor":25,"key":"SMITH"},{"data":"Searing Blow+6","floor":30,"key":"SMITH"},{"data":"Searing Blow+7","floor":32,"key":"SMITH"},{"data":"Searing Blow+9","floor":41,"key":"SMITH"},{"data":"Searing Blow+10","floor":44,"key":"SMITH"},{"floor":49,"key":"RECALL"},{"data":"Searing Blow+11","floor":53,"key":"SMITH"}],"neow_cost":"NONE","seed_source_timestamp":52669273654814,"circlet_count":0,"master_deck":["AscendersBane","Defend_R+1","Defend_R+1","Bash+1","Searing Blow+12","Battle Trance","Second Wind","Offering","Ghostly","Ghostly","Ghostly","Power Through"],"special_seed":0,"relics":["Burning Blood","NeowsBlessing","Question Card","Tiny Chest","War Paint","StoneCalendar","Velvet Choker","Self Forming Clay","Potion Belt","Empty Cage","Thread and Needle","Whetstone","Toxic Egg 2","Singing Bowl","Centennial Puzzle"],"potions_floor_usage":[27,56,56,56,56],"damage_taken":[{"damage":0.0,"enemies":"Jaw Worm","floor":1.0,"turns":1.0},{"damage":0.0,"enemies":"Small Slimes","floor":5.0,"turns":1.0},{"damage":0.0,"enemies":"Gremlin Nob","floor":7.0,"turns":1.0},{"damage":52.0,"enemies":"Lagavulin","floor":10.0,"turns":8.0},{"damage":3.0,"enemies":"2 Louse","floor":11.0,"turns":3.0},{"damage":0.0,"enemies":"Exordium Wildlife","floor":13.0,"turns":2.0},{"damage":9.0,"enemies":"Looter","floor":14.0,"turns":3.0},{"damage":25.0,"enemies":"Slime Boss","floor":16.0,"turns":7.0},{"damage":18,"enemies":"3 Byrds","floor":18,"turns":6},{"damage":6,"enemies":"Chosen","floor":19,"turns":2},{"damage":9,"enemies":"Shelled Parasite and Fungi","floor":22,"turns":5},{"damage":6,"enemies":"Snecko","floor":24,"turns":3},{"damage":9,"enemies":"Slavers","floor":27,"turns":6},{"damage":2,"enemies":"Cultist and Chosen","floor":31,"turns":3},{"damage":15,"enemies":"Collector","floor":33,"turns":5},{"damage":8,"enemies":"3 Shapes","floor":35,"turns":5},{"damage":3,"enemies":"2 Orb Walkers","floor":37,"turns":4},{"damage":11,"enemies":"Giant Head","floor":40,"turns":6},{"damage":1,"enemies":"3 Darklings","floor":42,"turns":4},{"damage":1,"enemies":"Transient","floor":48,"turns":5},{"damage":1,"enemies":"Donu and Deca","floor":50,"turns":5},{"damage":19,"enemies":"Time Eater","floor":51,"turns":5},{"damage":6,"enemies":"Shield and Spear","floor":55,"turns":3},{"damage":9,"enemies":"The Heart","floor":56,"turns":6}],"seed_played":"6427667416454703034","potions_obtained":[{"floor":5.0,"key":"FearPotion"},{"floor":10.0,"key":"GamblersBrew"},{"floor":13.0,"key":"Regen Potion"},{"floor":16.0,"key":"SkillPotion"},{"floor":18,"key":"SteroidPotion"},{"floor":33,"key":"EssenceOfSteel"},{"floor":35,"key":"Energy Potion"},{"floor":42,"key":"Block Potion"},{"floor":48,"key":"FearPotion"}],"is_trial":false,"path_per_floor":["M","$","?","$","M","R","E","R","T","E","M","R","M","M","R","B",null,"M","M","?","?","M","R","M","R","T","E","$","T","R","M","R","B",null,"M","?","?","$","?","E","R","M","T","R","T","$","$","M","R","B","B",null,"R","$","E","B",null],"character_chosen":"IRONCLAD","items_purchased":["PowerPotion"],"campfire_rested":0,"item_purchase_floors":[46],"current_hp_per_floor":[74,74,48,48,54,54,60,60,60,14,17,17,23,20,20,16,60,48,48,37,37,34,34,34,34,34,31,31,31,31,35,35,26,34,32,32,35,35,35,30,30,35,35,35,35,35,35,37,37,37,24,34,34,34,36,33],"gold":51,"neow_bonus":"THREE_ENEMY_KILL","is_prod":false,"is_daily":false,"chose_seed":false,"campfire_upgraded":11,"win_rate":0,"timestamp":1553017421,"path_taken":["M","$","?","$","M","R","E","R","T","E","M","R","M","M","R","BOSS","M","M","?","?","M","R","M","R","T","E","$","?","R","M","R","BOSS","M","?","?","$","?","E","R","M","T","R","?","?","$","M","R","BOSS","BOSS","R","$","E","BOSS"],"build_version":"2019-01-23","purchased_purges":5,"victory":true,"max_hp_per_floor":[75,75,75,75,75,75,75,75,75,75,75,75,75,75,75,75,75,75,75,37,37,37,37,37,37,37,37,37,37,37,37,37,37,37,37,35,35,35,35,35,35,35,35,35,35,35,35,37,37,37,37,37,37,37,39,39],"card_choices":[{"not_picked":["Headbutt","Perfected Strike"],"picked":"Searing Blow","floor":1.0},{"not_picked":["Clash","Anger","Heavy Blade","Reckless Charge"],"picked":"SKIP","floor":5.0},{"not_picked":["Iron Wave","Intimidate","Sever Soul","Whirlwind"],"picked":"SKIP","floor":7.0},{"not_picked":["Sever Soul","Whirlwind","Cleave","Wild Strike"],"picked":"SKIP","floor":10.0},{"not_picked":["Cleave","Entrench","Shrug It Off"],"picked":"Battle Trance","floor":11.0},{"not_picked":["Clash","Thunderclap","Bloodletting","Perfected Strike"],"picked":"SKIP","floor":13.0},{"not_picked":["Sentinel","Heavy Blade","Clash"],"picked":"Second Wind","floor":14.0},{"not_picked":["Feed","Fiend Fire","Brutality"],"picked":"Offering","floor":16.0},{"not_picked":["Whirlwind","Sever Soul","Anger","Twin Strike"],"picked":"SKIP","floor":18},{"not_picked":["Shrug It Off","Anger","Dropkick","True Grit"],"picked":"SKIP","floor":19},{"not_picked":["Perfected Strike","Body Slam","Flame Barrier+1","True Grit"],"picked":"SKIP","floor":22},{"not_picked":["Twin Strike","Wild Strike","Body Slam","Entrench"],"picked":"SKIP","floor":24},{"not_picked":["Headbutt+1","True Grit","Limit Break","Spot Weakness"],"picked":"SKIP","floor":27},{"not_picked":["Headbutt+1","True Grit","Limit Break","Spot Weakness"],"picked":"SKIP","floor":27},{"not_picked":["Pommel Strike","Iron Wave","Perfected Strike","Dual Wield"],"picked":"SKIP","floor":31},{"not_picked":["Carnage+1","Entrench","Armaments+1","Cleave+1"],"picked":"SKIP","floor":35},{"not_picked":["Sword Boomerang","Dual Wield+1","Wild Strike"],"picked":"Power Through","floor":37},{"not_picked":["Dark Embrace","Clash+1","Anger+1","Cleave"],"picked":"SKIP","floor":40},{"not_picked":["Fire Breathing","Searing Blow","Entrench","Rampage"],"picked":"SKIP","floor":42},{"not_picked":["Armaments+1","Infernal Blade+1","Warcry+1","Pommel Strike"],"picked":"Singing Bowl","floor":48},{"not_picked":["Sword Boomerang","Shrug It Off+1","Hemokinesis","Body Slam"],"picked":"Singing Bowl","floor":55}],"player_experience":3740808,"relics_obtained":[{"floor":7.0,"key":"Tiny Chest"},{"floor":9.0,"key":"War Paint"},{"floor":10.0,"key":"StoneCalendar"},{"floor":27,"key":"Self Forming Clay"},{"floor":29,"key":"Potion Belt"},{"floor":37,"key":"Thread and Needle"},{"floor":40,"key":"Whetstone"},{"floor":43,"key":"Toxic Egg 2"},{"floor":45,"key":"Singing Bowl"},{"floor":55,"key":"Centennial Puzzle"}],"event_choices":[{"damage_healed":0.0,"max_hp_gain":0.0,"max_hp_loss":0.0,"gold_gain":0.0,"event_name":"Scrap Ooze","player_choice":"Success","floor":3.0,"gold_loss":0.0,"damage_taken":26.0,"relics_obtained":["Question Card"]},{"damage_healed":0,"gold_gain":0,"player_choice":"Became a Ghost","damage_taken":0,"max_hp_gain":0,"max_hp_loss":38,"event_name":"Ghosts","floor":20,"gold_loss":0,"cards_obtained":["Ghostly","Ghostly","Ghostly"]},{"damage_healed":0,"gold_gain":0,"player_choice":"Ignored","damage_taken":0,"max_hp_gain":0,"max_hp_loss":0,"event_name":"The Mausoleum","floor":21,"gold_loss":0},{"damage_healed":0,"gold_gain":0,"player_choice":"Max HP","damage_taken":0,"max_hp_gain":0,"max_hp_loss":2,"event_name":"Winding Halls","floor":36,"gold_loss":0},{"damage_healed":0,"gold_gain":0,"player_choice":"Fight","damage_taken":0,"max_hp_gain":0,"max_hp_loss":0,"event_name":"Mysterious Sphere","floor":37,"gold_loss":0},{"damage_healed":0,"gold_gain":0,"player_choice":"Ignored","damage_taken":0,"max_hp_gain":0,"max_hp_loss":0,"event_name":"Tomb of Lord Red Mask","floor":39,"gold_loss":0}],"is_beta":false,"boss_relics":[{"not_picked":["Orrery","Sozu"],"picked":"Velvet Choker"},{"not_picked":["Cursed Key","Philosopher\u0027s Stone"],"picked":"Empty Cage"}],"items_purged_floors":[2,28,38,46,47],"is_endless":false,"potions_floor_spawned":[5,10,13,16,18,19,24,33,35,42,48],"ascension_level":20}