{"gold_per_floor":[109,109,122,40,40,69,69,69,139,64,64,64,77,96,96,172,172,189,89,99,99,99,99,99],"floor_reached":24,"playtime":538,"items_purged":["Pain","Strike_G"],"score":380,"play_id":"ac41e471-8f42-4202-9ca4-190db81a23db","local_time":"20190214125955","is_ascension_mode":true,"campfire_choices":[{"data":"Catalyst","floor":7,"key":"SMITH"},{"data":"Noxious Fumes","floor":11,"key":"SMITH"},{"data":"Bouncing Flask","floor":15,"key":"SMITH"},{"data":"Footwork","floor":23,"key":"SMITH"}],"neow_cost":"NONE","seed_source_timestamp":150628848116924,"circlet_count":0,"master_deck":["AscendersBane","Defend_G","Defend_G","Defend_G","Defend_G","Defend_G","Strike_G","Survivor","Neutralize","Dash","Catalyst+1","Noxious Fumes+1","Deadly Poison","Night Terror","Bouncing Flask+1","Footwork+1","Backflip"],"relics":["Ring of the Snake","NeowsBlessing","WarpedTongs","Prayer Wheel","Ninja Scroll","Empty Cage"],"potions_floor_usage":[24,24],"damage_taken":[{"damage":0,"enemies":"Cultist","floor":1,"turns":1},{"damage":0,"enemies":"Small Slimes","floor":3,"turns":1},{"damage":0,"enemies":"Gremlin Nob","floor":6,"turns":1},{"damage":0,"enemies":"Jaw Worm","floor":13,"turns":3},{"damage":0,"enemies":"2 Fungi Beasts","floor":14,"turns":2},{"damage":22,"enemies":"Slime Boss","floor":16,"turns":11},{"damage":16,"enemies":"3 Byrds","floor":18,"turns":6},{"damage":11,"enemies":"Shell Parasite","floor":20,"turns":4},{"damage":17,"enemies":"Colosseum Slavers","floor":22,"turns":7},{"damage":12,"enemies":"Gremlin Leader","floor":24,"turns":5}],"seed_played":"3913660154802519131","potions_obtained":[{"floor":6,"key":"Energy Potion"},{"floor":13,"key":"Poison Potion"}],"is_trial":false,"path_per_floor":["M","?","M","$","?","E","R","$","T","$","R","?","M","M","R","B",null,"M","$","M","?","?","R","E"],"character_chosen":"THE_SILENT","items_purchased":["Noxious Fumes"],"campfire_rested":0,"item_purchase_floors":[4],"current_hp_per_floor":[59,59,59,59,64,64,64,64,64,64,64,64,64,64,64,42,64,48,48,37,37,20,20,8],"gold":99,"neow_bonus":"THREE_ENEMY_KILL","is_prod":false,"is_daily":false,"chose_seed":false,"campfire_upgraded":4,"win_rate":0,"timestamp":1550120395,"path_taken":["M","?","M","?","?","E","R","?","T","$","R","?","?","M","R","BOSS","M","$","M","?","?","R","E"],"build_version":"2019-01-23","purchased_purges":2,"victory":false,"max_hp_per_floor":[66,66,66,66,71,71,71,71,71,71,71,71,71,71,71,71,71,71,71,71,71,71,71,71],"card_choices":[{"not_picked":["Deadly Poison","Choke"],"picked":"Dash","floor":1},{"not_picked":["Dodge and Roll","Dagger Spray"],"picked":"Catalyst","floor":3},{"not_picked":["Acrobatics","Slice"],"picked":"Deadly Poison","floor":6},{"not_picked":["Endless Agony","Terror"],"picked":"Night Terror","floor":13},{"not_picked":["Poisoned Stab","Accuracy","Crippling Poison"],"picked":"SKIP","floor":13},{"not_picked":["Slice","Accuracy"],"picked":"Bouncing Flask","floor":14},{"not_picked":["Blade Dance","Deflect","Infinite Blades"],"picked":"SKIP","floor":14},{"not_picked":["Blur","Dagger Spray"],"picked":"Footwork","floor":18},{"not_picked":["Riddle With Holes+1","Dagger Throw","Quick Slash"],"picked":"SKIP","floor":18},{"not_picked":["Poisoned Stab+1","Bouncing Flask+1"],"picked":"Backflip","floor":20},{"not_picked":["Underhanded Strike","Heel Hook","Terror"],"picked":"SKIP","floor":20}],"player_experience":741513,"relics_obtained":[{"floor":6,"key":"Prayer Wheel"},{"floor":9,"key":"Ninja Scroll"}],"event_choices":[{"damage_healed":0,"gold_gain":0,"player_choice":"Rummage","damage_taken":0,"relics_obtained":["WarpedTongs"],"max_hp_gain":0,"max_hp_loss":0,"event_name":"Accursed Blacksmith","floor":2,"gold_loss":0,"cards_obtained":["Pain"]},{"damage_healed":0,"gold_gain":0,"player_choice":"Donut","damage_taken":0,"max_hp_gain":5,"max_hp_loss":0,"event_name":"Big Fish","floor":5,"gold_loss":0},{"cards_removed":["Strike_G"],"damage_healed":0,"gold_gain":0,"player_choice":"Purged","damage_taken":0,"max_hp_gain":0,"max_hp_loss":0,"event_name":"Purifier","floor":12,"gold_loss":0},{"damage_healed":0,"gold_gain":0,"player_choice":"Ignored","damage_taken":0,"max_hp_gain":0,"max_hp_loss":0,"event_name":"Ghosts","floor":21,"gold_loss":0},{"damage_healed":0,"gold_gain":0,"player_choice":"Fight","damage_taken":0,"max_hp_gain":0,"max_hp_loss":0,"event_name":"Colosseum","floor":22,"gold_loss":0},{"damage_healed":0,"gold_gain":0,"player_choice":"Fled From Nobs","damage_taken":0,"max_hp_gain":0,"max_hp_loss":0,"event_name":"Colosseum","floor":22,"gold_loss":0}],"is_beta":false,"boss_relics":[{"not_picked":["Ring of the Serpent","White Beast Statue"],"picked":"Empty Cage"}],"items_purged_floors":[10,19],"is_endless":false,"potions_floor_spawned":[6,13,14],"killed_by":"Gremlin Leader","ascension_level":15}