{"gold_per_floor":[219,235,252,427,447,447,462,462,512,512,532,532],"floor_reached":12,"playtime":312,"items_purged":[],"score":90,"play_id":"6ad83aba-e569-4017-96ff-e47db682e236","local_time":"20180920131940","is_ascension_mode":true,"campfire_choices":[{"data":"Searing Blow","floor":6,"key":"SMITH"},{"data":"Searing Blow+1","floor":8,"key":"SMITH"}],"neow_cost":"NONE","seed_source_timestamp":2231300070507,"circlet_count":0,"master_deck":["Strike_R","Strike_R","Strike_R+1","Strike_R","Strike_R","Defend_R","Defend_R","Defend_R","Defend_R","Bash+1","Searing Blow+2","Doubt","Battle Trance","Headbutt"],"special_seed":0,"relics":["Burning Blood","Oddly Smooth Stone"],"potions_floor_usage":[5,7,11],"damage_taken":[{"damage":6.0,"enemies":"Cultist","floor":1.0,"turns":3.0},{"damage":15.0,"enemies":"Small Slimes","floor":2.0,"turns":4.0},{"damage":13,"enemies":"Jaw Worm","floor":3,"turns":4},{"damage":37,"enemies":"Lots of Slimes","floor":5,"turns":5},{"damage":13,"enemies":"Red Slaver","floor":7,"turns":3},{"damage":0,"enemies":"Large Slime","floor":11,"turns":6},{"damage":40,"enemies":"Lagavulin","floor":12,"turns":3}],"seed_played":"2333561839241692847","potions_obtained":[{"floor":1.0,"key":"Regen Potion"},{"floor":2,"key":"LiquidBronze"},{"floor":7,"key":"Explosive Potion"}],"is_trial":false,"path_per_floor":["M","M","M","?","M","R","M","R","T","?","M"],"character_chosen":"IRONCLAD","items_purchased":[],"campfire_rested":0,"item_purchase_floors":[],"current_hp_per_floor":[80,71,64,64,33,33,35,35,35,19,25,0],"gold":532,"neow_bonus":"HUNDRED_GOLD","is_prod":false,"is_daily":false,"chose_seed":false,"campfire_upgraded":2,"win_rate":0,"timestamp":1537420780,"path_taken":["M","M","?","?","?","R","M","R","T","?","M","E"],"build_version":"2018-09-06","purchased_purges":0,"victory":false,"max_hp_per_floor":[80,80,80,80,80,80,80,80,80,80,80,80],"card_choices":[{"not_picked":["Iron Wave","Fire Breathing","Headbutt"],"picked":"SKIP","floor":1.0},{"not_picked":["True Grit","Thunderclap"],"picked":"Searing Blow","floor":2},{"not_picked":["Clothesline","Rupture","Havoc"],"picked":"SKIP","floor":3},{"not_picked":["Body Slam","Wild Strike","Pommel Strike"],"picked":"SKIP","floor":5},{"not_picked":["Hemokinesis","Searing Blow"],"picked":"Battle Trance","floor":7},{"not_picked":["Burning Pact","Heavy Blade"],"picked":"Headbutt","floor":11}],"player_experience":35261,"relics_obtained":[{"floor":9,"key":"Oddly Smooth Stone"}],"event_choices":[{"event_name":"Liars Game","player_choice":"agreed","floor":4,"damage_taken":0},{"event_name":"Shining Light","player_choice":"Entered Light","floor":10,"damage_taken":0}],"is_beta":false,"boss_relics":[],"items_purged_floors":[],"is_endless":false,"potions_floor_spawned":[1,2,7],"killed_by":"Lagavulin","ascension_level":5}