{"gold_per_floor":[113,188,206,64,83,83,99,99,99,99,60,60,81,100,100,228,228,246,235,248,10,34,34,34,48,48,61,61,86,86,107,107,238,238,256,256,256,270,270,314,330,330,330,330,343,358,358,382,382,382],"floor_reached":51,"playtime":1936,"items_purged":["Regret","Strike_B"],"score":775,"play_id":"ef58d52d-75d6-4b5b-8572-aa3241079820","local_time":"20190611130811","is_ascension_mode":false,"campfire_choices":[{"data":"Loop","floor":6.0,"key":"SMITH"},{"data":"Zap","floor":8.0,"key":"SMITH"},{"data":"Consume","floor":15.0,"key":"SMITH"},{"data":"Skim","floor":23.0,"key":"SMITH"},{"data":"Double Energy","floor":28.0,"key":"SMITH"},{"data":"Loop","floor":32.0,"key":"SMITH"},{"floor":44,"key":"REST"},{"floor":47,"key":"REST"},{"data":"Dualcast","floor":49,"key":"SMITH"}],"neow_cost":"CURSE","seed_source_timestamp":7407108207028,"circlet_count":0,"master_deck":["Strike_B","Defend_B","Defend_B+1","Defend_B","Defend_B","Zap+1","Dualcast+1","Core Surge","Cold Snap","Capacitor","Loop+1","Recycle+1","Glacier","Consume+1","Fission","Skim+1","Chill","Loop+1","Double Energy+1","Electrodynamics","Reboot","Double Energy+1","Force Field+1","Coolheaded+1","Reboot"],"special_seed":0,"relics":["Cracked Core","Blue Candle","Golden Idol","War Paint","Inserter","Bag of Marbles","Sozu","DataDisk","Incense Burner"],"potions_floor_usage":[35,35,35],"damage_taken":[{"damage":7.0,"enemies":"Small Slimes","floor":1.0,"turns":3.0},{"damage":0.0,"enemies":"2 Louse","floor":3.0,"turns":1.0},{"damage":11.0,"enemies":"Jaw Worm","floor":5.0,"turns":2.0},{"damage":8.0,"enemies":"Gremlin Gang","floor":7.0,"turns":4.0},{"damage":0.0,"enemies":"Large Slime","floor":13.0,"turns":4.0},{"damage":13.0,"enemies":"Lots of Slimes","floor":14.0,"turns":4.0},{"damage":8.0,"enemies":"The Guardian","floor":16.0,"turns":11.0},{"damage":15.0,"enemies":"Spheric Guardian","floor":18.0,"turns":4.0},{"damage":7.0,"enemies":"2 Thieves","floor":19.0,"turns":5.0},{"damage":14.0,"enemies":"Snake Plant","floor":20.0,"turns":7.0},{"damage":0.0,"enemies":"Snecko","floor":22.0,"turns":7.0},{"damage":0.0,"enemies":"Sentry and Sphere","floor":25.0,"turns":9.0},{"damage":0.0,"enemies":"Centurion and Healer","floor":27.0,"turns":7.0},{"damage":13.0,"enemies":"3 Cultists","floor":29.0,"turns":6.0},{"damage":4.0,"enemies":"Snecko","floor":31.0,"turns":6.0},{"damage":0.0,"enemies":"Automaton","floor":33.0,"turns":11.0},{"damage":1,"enemies":"3 Shapes","floor":35,"turns":4},{"damage":11,"enemies":"Orb Walker","floor":38,"turns":4},{"damage":37,"enemies":"Reptomancer","floor":40,"turns":9},{"damage":0,"enemies":"3 Darklings","floor":41,"turns":4},{"damage":0,"enemies":"Maw","floor":45,"turns":7},{"damage":8,"enemies":"Jaw Worm Horde","floor":46,"turns":3},{"damage":0,"enemies":"3 Darklings","floor":48,"turns":4},{"damage":0,"enemies":"Awakened One","floor":50,"turns":11}],"seed_played":"2858109160136684914","potions_obtained":[{"floor":1.0,"key":"SteroidPotion"},{"floor":7.0,"key":"Regen Potion"},{"floor":13.0,"key":"Weak Potion"},{"floor":18.0,"key":"FearPotion"},{"floor":22.0,"key":"Ancient Potion"},{"floor":25.0,"key":"SteroidPotion"},{"floor":31.0,"key":"Poison Potion"}],"is_trial":false,"path_per_floor":["M","?","M","$","M","R","M","R","T","?","$","?","M","M","R","B",null,"M","M","M","$","M","R","?","M","T","M","R","M","?","M","R","B",null,"M","?","?","M","?","E","M","?","T","R","M","M","R","M","R","B",null],"character_chosen":"DEFECT","items_purchased":["Capacitor","Glacier","Loop","SpeedPotion","Block Potion"],"campfire_rested":2,"item_purchase_floors":[4,11,21,21,21],"current_hp_per_floor":[68,57,57,57,46,46,38,38,38,38,38,31,31,30,30,22,69,54,47,33,33,33,33,33,33,33,33,33,20,20,16,16,16,69,68,68,68,57,57,20,20,25,25,44,44,36,55,55,55,55],"gold":382,"neow_bonus":"THREE_RARE_CARDS","is_prod":false,"is_daily":false,"chose_seed":false,"campfire_upgraded":7,"win_rate":0,"timestamp":1560229691,"path_taken":["M","?","M","$","M","R","M","R","T","?","$","?","?","M","R","BOSS","M","?","M","$","M","R","?","M","T","M","R","?","?","M","R","BOSS","M","?","?","M","?","E","M","?","T","R","?","M","R","M","R","BOSS"],"build_version":"2019-01-23","purchased_purges":2,"victory":true,"max_hp_per_floor":[75,75,75,75,75,75,75,75,75,69,69,69,69,69,69,69,69,69,69,69,69,69,69,69,69,69,69,69,69,69,69,69,69,69,69,69,69,69,66,66,66,66,66,66,66,66,66,66,66,66],"card_choices":[{"not_picked":["All For One","Echo Form"],"picked":"Core Surge","floor":0.0},{"not_picked":["Compile Driver","Aggregate"],"picked":"Cold Snap","floor":1.0},{"not_picked":["Redo","Steam","Cold Snap"],"picked":"SKIP","floor":3.0},{"not_picked":["Streamline","Redo"],"picked":"Loop","floor":5.0},{"not_picked":["Steam","Lockon"],"picked":"Recycle","floor":7.0},{"not_picked":["Lockon","Recycle"],"picked":"Turbo","floor":13.0},{"not_picked":["Stack","Coolheaded"],"picked":"Consume","floor":14.0},{"not_picked":["Hyperbeam","All For One"],"picked":"Fission","floor":16.0},{"not_picked":["Steam Power","Chaos"],"picked":"Skim","floor":18.0},{"not_picked":["Leap","Sweeping Beam"],"picked":"Chill","floor":19.0},{"not_picked":["Rebound","Aggregate","Storm"],"picked":"SKIP","floor":20.0},{"not_picked":["Turbo+1","Ball Lightning","Multi-Cast"],"picked":"SKIP","floor":22.0},{"not_picked":["Blizzard","Compile Driver"],"picked":"Double Energy","floor":25.0},{"not_picked":["Compile Driver","Steam","Barrage"],"picked":"SKIP","floor":27.0},{"not_picked":["Hologram","Conserve Battery","Cold Snap"],"picked":"SKIP","floor":29.0},{"not_picked":["Turbo+1","Steam+1","Cold Snap"],"picked":"SKIP","floor":31.0},{"not_picked":["Rainbow","Amplify"],"picked":"Electrodynamics","floor":33.0},{"not_picked":["Go for the Eyes","Beam Cell","Cold Snap+1"],"picked":"SKIP","floor":35},{"not_picked":["Cold Snap","Gash"],"picked":"Reboot","floor":38},{"not_picked":["Cold Snap+1","Hello World","Lockon"],"picked":"SKIP","floor":40},{"not_picked":["Steam+1","Lockon"],"picked":"Double Energy+1","floor":41},{"not_picked":["Barrage","Rebound"],"picked":"Force Field+1","floor":45},{"not_picked":["Redo+1","Barrage+1"],"picked":"Coolheaded+1","floor":46},{"not_picked":["Steam+1","Conserve Battery+1"],"picked":"Reboot","floor":48}],"player_experience":5044850,"relics_obtained":[{"floor":9.0,"key":"Blue Candle"},{"floor":26.0,"key":"Bag of Marbles"},{"floor":40,"key":"DataDisk"},{"floor":43,"key":"Incense Burner"}],"event_choices":[{"damage_healed":0.0,"max_hp_gain":0.0,"max_hp_loss":0.0,"gold_gain":75.0,"event_name":"World of Goop","player_choice":"Gather Gold","floor":2.0,"gold_loss":0.0,"damage_taken":11.0},{"damage_healed":0.0,"max_hp_gain":0.0,"max_hp_loss":6.0,"gold_gain":0.0,"event_name":"Golden Idol","player_choice":"Lose Max HP","floor":10.0,"gold_loss":0.0,"damage_taken":0.0,"relics_obtained":["Golden Idol"]},{"damage_healed":0.0,"max_hp_gain":0.0,"max_hp_loss":0.0,"gold_gain":0.0,"event_name":"Scrap Ooze","player_choice":"Success","floor":12.0,"gold_loss":0.0,"damage_taken":7.0,"relics_obtained":["War Paint"]},{"cards_removed":["Strike_B"],"damage_healed":0.0,"max_hp_gain":0.0,"max_hp_loss":0.0,"gold_gain":0.0,"event_name":"Purifier","player_choice":"Purged","floor":24.0,"gold_loss":0.0,"damage_taken":0.0},{"cards_removed":["Strike_B"],"damage_healed":0.0,"max_hp_gain":0.0,"max_hp_loss":0.0,"gold_gain":0.0,"event_name":"Back to Basics","player_choice":"Elegance","floor":30.0,"gold_loss":0.0,"damage_taken":0.0},{"damage_healed":0,"gold_gain":0,"player_choice":"Ignored","damage_taken":0,"max_hp_gain":0,"max_hp_loss":0,"event_name":"Tomb of Lord Red Mask","floor":36,"gold_loss":0},{"damage_healed":0,"gold_gain":0,"player_choice":"Ignored","damage_taken":0,"max_hp_gain":0,"max_hp_loss":0,"event_name":"Mysterious Sphere","floor":37,"gold_loss":0},{"damage_healed":0,"gold_gain":0,"player_choice":"Max HP","damage_taken":0,"max_hp_gain":0,"max_hp_loss":3,"event_name":"Winding Halls","floor":39,"gold_loss":0},{"cards_removed":["Turbo"],"damage_healed":5,"gold_gain":0,"player_choice":"Offered Common","damage_taken":0,"max_hp_gain":0,"max_hp_loss":0,"event_name":"Bonfire Elementals","floor":42,"gold_loss":0},{"cards_removed":["Turbo"],"damage_healed":5,"gold_gain":0,"player_choice":"Offered Special","damage_taken":0,"max_hp_gain":0,"max_hp_loss":0,"event_name":"Bonfire Elementals","floor":42,"gold_loss":0}],"is_beta":false,"boss_relics":[{"not_picked":["Tiny House","FrozenCore"],"picked":"Inserter"},{"not_picked":["Black Star","Fusion Hammer"],"picked":"Sozu"}],"items_purged_floors":[4,21],"is_endless":false,"potions_floor_spawned":[1,7,13,18,22,25,31,35,40,46],"ascension_level":0}