{"path_per_floor":["M","M","M","M","M","R","E","$","T","M","R","M","R","?","R"],"character_chosen":"THE_SILENT","items_purchased":[],"gold_per_floor":[12,25,38,58,75,75,110,110,110,123,123,137,137,137,137,137],"floor_reached":16,"campfire_rested":1,"playtime":858,"item_purchase_floors":[],"current_hp_per_floor":[59,57,48,38,36,36,15,15,15,11,11,11,11,11,29,0],"items_purged":[],"gold":137,"score":177,"play_id":"aa2f4239-474f-4012-88a4-d694c96b99c5","local_time":"20180616210711","is_prod":false,"is_daily":false,"chose_seed":false,"is_ascension_mode":true,"campfire_upgraded":3,"win_rate":0,"timestamp":1529154431,"campfire_choices":[{"data":"Neutralize","floor":6,"key":"SMITH"},{"data":"Bullet Time","floor":11,"key":"SMITH"},{"data":"Blur","floor":13,"key":"SMITH"},{"floor":15,"key":"REST"}],"path_taken":["M","M","M","M","M","R","E","$","T","M","R","M","R","?","R","BOSS"],"build_version":"2018-06-14v2","seed_source_timestamp":39732932079899,"purchased_purges":0,"victory":false,"master_deck":["Defend_G","Defend_G","Defend_G","Defend_G","Defend_G","Strike_G","Strike_G","Strike_G","Strike_G","Strike_G","Survivor","Neutralize+1","AscendersBane","Blur+1","Well Laid Plans","Quick Slash","Flying Knee","Deflect","Bullet Time+1"],"max_hp_per_floor":[66,66,66,66,66,66,66,66,66,66,66,66,66,61,61,61],"special_seed":17698,"relics":["Ring of the Snake","Sundial","Toolbox","Blue Candle","Golden Idol"],"card_choices":[{"not_picked":["Backflip","Dodge and Roll"],"picked":"Blur","floor":1},{"not_picked":["Eviscerate","Concentrate"],"picked":"Well Laid Plans","floor":2},{"not_picked":["Catalyst","Prepared"],"picked":"Quick Slash","floor":3},{"not_picked":["Concentrate","Well Laid Plans"],"picked":"Flying Knee","floor":4},{"not_picked":["Underhanded Strike","Deadly Poison"],"picked":"Deflect","floor":5},{"not_picked":["Malaise","Quick Slash"],"picked":"Bullet Time","floor":7},{"not_picked":["Deflect","Sucker Punch","Setup"],"picked":"SKIP","floor":10},{"not_picked":["Crippling Poison","Cloak And Dagger","Blade Dance"],"picked":"SKIP","floor":12}],"player_experience":624612,"potions_floor_usage":[4,4,16],"damage_taken":[{"damage":0,"enemies":"Jaw Worm","floor":1,"turns":6},{"damage":2,"enemies":"Small Slimes","floor":2,"turns":4},{"damage":9,"enemies":"Cultist","floor":3,"turns":7},{"damage":10,"enemies":"Gremlin Gang","floor":4,"turns":5},{"damage":2,"enemies":"Blue Slaver","floor":5,"turns":5},{"damage":21,"enemies":"3 Sentries","floor":7,"turns":13},{"damage":4,"enemies":"Exordium Wildlife","floor":10,"turns":27},{"damage":0,"enemies":"Red Slaver","floor":12,"turns":2},{"damage":31,"enemies":"Hexaghost","floor":16,"turns":11}],"relics_obtained":[{"floor":7,"key":"Toolbox"},{"floor":9,"key":"Blue Candle"}],"event_choices":[{"event_name":"Golden Idol","player_choice":"Lose Max HP","floor":14,"damage_taken":0}],"boss_relics":[],"items_purged_floors":[],"is_endless":false,"potions_floor_spawned":[2,3,10,12],"seed_played":"-8551485169247365826","killed_by":"Hexaghost","ascension_level":14,"potions_obtained":[{"floor":2,"key":"Poison Potion"},{"floor":3,"key":"EntropicBrew"}],"is_trial":false}