{"gold_per_floor":[213,225,19,19,94,94,94,94,148,163,188,188,200,200,200,303,303,318,71,71,71,125,125,160,177,177,177,196,23,23,23,23,124,124,138,138,62,78,78,96,96,107,107,107,107,124,143,143,143,143],"floor_reached":51,"playtime":1422,"items_purged":["Strike_B","Strike_B"],"score":761,"play_id":"ddd68514-ec19-4a52-bf9f-6985dd60b895","local_time":"20190612115151","is_ascension_mode":false,"campfire_choices":[{"data":"Sunder","floor":7,"key":"SMITH"},{"data":"Defragment","floor":12,"key":"SMITH"},{"data":"Zap","floor":15,"key":"SMITH"},{"data":"Creative AI","floor":23,"key":"SMITH"},{"data":"Ghostly","floor":27,"key":"SMITH"},{"data":"Capacitor","floor":32,"key":"SMITH"},{"data":"Consume","floor":41,"key":"SMITH"},{"data":"Capacitor","floor":45,"key":"SMITH"},{"data":"Impatience","floor":49,"key":"SMITH"}],"neow_cost":"NONE","seed_source_timestamp":4161006255125,"circlet_count":0,"master_deck":["Zap+1","Dualcast+1","Defragment+1","Coolheaded+1","Ball Lightning","Chill","Creative AI+1","Ghostly+1","Ghostly","Ghostly","Ghostly","Ghostly","Capacitor+1","Turbo","Biased Cognition","Consume+1","Capacitor+1","Capacitor","Reinforced Body","Skim","Storm","Impatience+1"],"relics":["Cracked Core","War Paint","Bird Faced Urn","Busted Crown","Cables","Happy Flower","Juzu Bracelet","Pandora\u0027s Box","Kunai"],"potions_floor_usage":[50,50,50],"damage_taken":[{"damage":3,"enemies":"Jaw Worm","floor":1,"turns":3},{"damage":0,"enemies":"2 Louse","floor":2,"turns":2},{"damage":0,"enemies":"Small Slimes","floor":10,"turns":1},{"damage":2,"enemies":"Lagavulin","floor":11,"turns":5},{"damage":7,"enemies":"2 Fungi Beasts","floor":13,"turns":2},{"damage":20,"enemies":"Hexaghost","floor":16,"turns":8},{"damage":0,"enemies":"Spheric Guardian","floor":18,"turns":1},{"damage":0,"enemies":"Book of Stabbing","floor":24,"turns":6},{"damage":4,"enemies":"Shell Parasite","floor":25,"turns":5},{"damage":0,"enemies":"Snake Plant","floor":28,"turns":3},{"damage":0,"enemies":"Collector","floor":33,"turns":10},{"damage":1,"enemies":"3 Shapes","floor":35,"turns":7},{"damage":0,"enemies":"Orb Walker","floor":38,"turns":3},{"damage":21,"enemies":"Writhing Mass","floor":40,"turns":5},{"damage":6,"enemies":"Spire Growth","floor":42,"turns":6},{"damage":0,"enemies":"Transient","floor":46,"turns":5},{"damage":2,"enemies":"Sphere and 2 Shapes","floor":47,"turns":4},{"damage":38,"enemies":"Awakened One","floor":50,"turns":7}],"seed_played":"-1270138342592562035","potions_obtained":[{"floor":2,"key":"Explosive Potion"},{"floor":11,"key":"FocusPotion"},{"floor":13,"key":"Dexterity Potion"},{"floor":28,"key":"FocusPotion"},{"floor":40,"key":"SkillPotion"}],"is_trial":false,"path_per_floor":["M","M","$","?","?","?","R","?","T","M","E","R","M","?","R","B",null,"M","$","?","?","T","R","E","M","T","R","M","$","?","$","R","B",null,"M","?","$","M","?","M","R","M","T","$","R","M","M","?","R","B",null],"character_chosen":"DEFECT","items_purchased":["Defragment","Coolheaded","Cables","Capacitor","Storm"],"campfire_rested":0,"item_purchase_floors":[3,3,19,29,37],"current_hp_per_floor":[72,72,72,65,54,39,39,39,39,39,37,37,32,37,37,19,80,80,80,40,40,40,40,40,40,40,40,40,40,40,40,40,40,40,39,38,38,38,38,31,31,38,38,38,38,38,38,28,28,9],"gold":143,"neow_bonus":"HUNDRED_GOLD","is_prod":false,"is_daily":false,"chose_seed":false,"campfire_upgraded":9,"win_rate":0,"timestamp":1560311511,"path_taken":["M","M","$","?","?","?","R","?","T","M","E","R","M","?","R","BOSS","M","$","?","?","?","R","E","M","T","R","M","$","?","?","R","BOSS","M","?","$","M","?","M","R","M","T","$","R","M","M","?","R","BOSS"],"build_version":"2019-01-23","purchased_purges":2,"victory":true,"max_hp_per_floor":[75,75,75,75,75,75,75,75,75,75,75,75,75,80,80,80,80,80,80,40,40,40,40,40,40,40,40,40,40,40,40,40,40,40,40,38,38,38,38,38,38,38,38,38,38,38,38,38,38,38],"card_choices":[{"not_picked":["Turbo","Ball Lightning"],"picked":"Sunder","floor":1},{"not_picked":["Go for the Eyes","Sweeping Beam","Conserve Battery"],"picked":"SKIP","floor":2},{"not_picked":["Rip and Tear","Storm"],"picked":"Ball Lightning","floor":10},{"not_picked":["Streamline","Cold Snap"],"picked":"Chill","floor":11},{"not_picked":["Steam","Meteor Strike","Sweeping Beam"],"picked":"SKIP","floor":13},{"not_picked":["All For One","Fission"],"picked":"Creative AI","floor":16},{"not_picked":["Lockon"],"picked":"SKIP","floor":18},{"not_picked":["Rebound"],"picked":"SKIP","floor":24},{"not_picked":["Cold Snap+1"],"picked":"SKIP","floor":25},{"not_picked":["Leap"],"picked":"SKIP","floor":28},{"not_picked":[],"picked":"Biased Cognition","floor":33},{"not_picked":[],"picked":"Skim","floor":35},{"not_picked":["Rebound"],"picked":"SKIP","floor":38},{"not_picked":["Cold Snap"],"picked":"SKIP","floor":40},{"not_picked":["Turbo"],"picked":"SKIP","floor":42},{"not_picked":["Chill+1"],"picked":"SKIP","floor":46},{"not_picked":["Stack+1"],"picked":"SKIP","floor":47},{"not_picked":[],"picked":"Impatience","floor":48}],"player_experience":5091053,"relics_obtained":[{"floor":9,"key":"War Paint"},{"floor":11,"key":"Bird Faced Urn"},{"floor":22,"key":"Happy Flower"},{"floor":24,"key":"Juzu Bracelet"},{"floor":43,"key":"Kunai"}],"event_choices":[{"cards_removed":["Strike_B"],"damage_healed":0,"gold_gain":0,"player_choice":"Card Removal","damage_taken":7,"max_hp_gain":0,"max_hp_loss":0,"event_name":"Golden Wing","floor":4,"gold_loss":0},{"damage_healed":0,"gold_gain":75,"player_choice":"Gather Gold","damage_taken":11,"max_hp_gain":0,"max_hp_loss":0,"event_name":"World of Goop","floor":5,"gold_loss":0},{"damage_healed":0,"gold_gain":0,"player_choice":"Entered Light","damage_taken":15,"max_hp_gain":0,"max_hp_loss":0,"event_name":"Shining Light","floor":6,"gold_loss":0,"cards_upgraded":["Defend_B","Dualcast"]},{"damage_healed":0,"gold_gain":0,"player_choice":"Ignored","damage_taken":0,"max_hp_gain":0,"max_hp_loss":0,"event_name":"Liars Game","floor":8,"gold_loss":0},{"damage_healed":0,"gold_gain":0,"player_choice":"Donut","damage_taken":0,"max_hp_gain":5,"max_hp_loss":0,"event_name":"Big Fish","floor":14,"gold_loss":0},{"damage_healed":0,"gold_gain":0,"player_choice":"Became a Ghost","damage_taken":0,"max_hp_gain":0,"max_hp_loss":40,"event_name":"Ghosts","floor":20,"gold_loss":0,"cards_obtained":["Ghostly","Ghostly","Ghostly","Ghostly","Ghostly"]},{"damage_healed":0,"gold_gain":0,"player_choice":"Ignored","damage_taken":0,"max_hp_gain":0,"max_hp_loss":0,"event_name":"Beggar","floor":21,"gold_loss":0},{"damage_healed":0,"gold_gain":0,"cards_transformed":["Strike_B"],"player_choice":"Transformed","damage_taken":0,"max_hp_gain":0,"max_hp_loss":0,"event_name":"Transmorgrifier","floor":30,"gold_loss":0,"cards_obtained":["Turbo"]},{"damage_healed":0,"gold_gain":0,"player_choice":"Max HP","damage_taken":0,"max_hp_gain":0,"max_hp_loss":2,"event_name":"Winding Halls","floor":36,"gold_loss":0},{"cards_removed":["Sunder"],"damage_healed":0,"gold_gain":0,"player_choice":"Removed Attack","damage_taken":0,"max_hp_gain":0,"max_hp_loss":0,"event_name":"Falling","floor":39,"gold_loss":0},{"damage_healed":0,"gold_gain":0,"player_choice":"Memory 3","damage_taken":10,"max_hp_gain":0,"max_hp_loss":0,"event_name":"SensoryStone","floor":48,"gold_loss":0}],"is_beta":false,"boss_relics":[{"not_picked":["Eternal Feather","Inserter"],"picked":"Busted Crown"},{"not_picked":["Runic Dome","Tiny House"],"picked":"Pandora\u0027s Box"}],"items_purged_floors":[3,29],"is_endless":false,"potions_floor_spawned":[2,11,13,25,28,40,42,47],"ascension_level":0}