{"gold_per_floor":[217,229,154,229,129,142,142,174,174,191,191,191,209,224,224,224],"floor_reached":16,"playtime":410,"items_purged":["Strike_R","Strike_R"],"score":102,"play_id":"e2a492fd-f0c8-44f9-bc17-a0627b16adc3","local_time":"20181026192941","is_ascension_mode":false,"campfire_choices":[{"data":"Bash","floor":7,"key":"SMITH"},{"floor":12,"key":"REST"},{"data":"Limit Break","floor":15,"key":"SMITH"}],"neow_cost":"NONE","seed_source_timestamp":39356881199512,"circlet_count":0,"master_deck":["Strike_R","Strike_R","Strike_R","Defend_R","Defend_R","Defend_R","Defend_R","Bash+1","Burning Pact","Corruption","Limit Break+1"],"relics":["Burning Blood","Mummified Hand","Pen Nib"],"potions_floor_usage":[],"damage_taken":[{"damage":2,"enemies":"2 Louse","floor":1,"turns":4},{"damage":0,"enemies":"Small Slimes","floor":2,"turns":3},{"damage":5,"enemies":"Jaw Worm","floor":6,"turns":5},{"damage":61,"enemies":"3 Sentries","floor":8,"turns":10},{"damage":5,"enemies":"Large Slime","floor":10,"turns":6},{"damage":30,"enemies":"Lots of Slimes","floor":13,"turns":7},{"damage":14,"enemies":"Blue Slaver","floor":14,"turns":5},{"damage":0,"enemies":"The Guardian","floor":16,"turns":1}],"seed_played":"1695102983076448397","potions_obtained":[{"floor":1,"key":"Dexterity Potion"},{"floor":8,"key":"Weak Potion"},{"floor":13,"key":"Ancient Potion"}],"is_trial":false,"path_per_floor":["M","M","$","?","$","M","R","E","T","M","?","R","M","M","R"],"character_chosen":"IRONCLAD","items_purchased":[],"campfire_rested":1,"item_purchase_floors":[],"current_hp_per_floor":[80,80,80,69,69,70,70,15,15,16,16,40,16,8,8,8],"gold":224,"neow_bonus":"HUNDRED_GOLD","is_prod":false,"is_daily":false,"chose_seed":false,"campfire_upgraded":2,"win_rate":0,"timestamp":1540553381,"path_taken":["M","M","$","?","$","M","R","E","T","M","?","R","?","M","R","BOSS"],"build_version":"2018-10-25v2","purchased_purges":2,"victory":false,"max_hp_per_floor":[80,80,80,80,80,80,80,80,80,80,80,80,80,80,80,80],"card_choices":[{"not_picked":["Cleave","Shockwave"],"picked":"Burning Pact","floor":1},{"not_picked":["Fire Breathing","Clothesline","Cleave"],"picked":"SKIP","floor":2},{"not_picked":["Cleave","Rampage"],"picked":"Corruption","floor":6},{"not_picked":["Thunderclap","Entrench"],"picked":"Limit Break","floor":8},{"not_picked":["Heavy Blade","Thunderclap","Headbutt"],"picked":"SKIP","floor":10},{"not_picked":["Infernal Blade","Clothesline","Corruption"],"picked":"SKIP","floor":13},{"not_picked":["Pommel Strike","Thunderclap","Clothesline"],"picked":"SKIP","floor":14}],"player_experience":655892,"relics_obtained":[{"floor":8,"key":"Mummified Hand"},{"floor":9,"key":"Pen Nib"}],"event_choices":[{"damage_healed":0,"gold_gain":75,"player_choice":"Gather Gold","damage_taken":11,"max_hp_gain":0,"max_hp_loss":0,"event_name":"World of Goop","floor":4,"gold_loss":0},{"damage_healed":0,"gold_gain":0,"player_choice":"Ignored","damage_taken":0,"max_hp_gain":0,"max_hp_loss":0,"event_name":"Liars Game","floor":11,"gold_loss":0}],"is_beta":false,"boss_relics":[],"items_purged_floors":[3,5],"is_endless":false,"potions_floor_spawned":[1,8,13],"killed_by":"The Guardian","ascension_level":0}