{"gold_per_floor":[109,24,24,43,118,118,143,143,143,154,169,169,169,183,183,278,278,293,293,313,75,94,94,94,94,162,162,175,187,214,230,230,230],"floor_reached":33,"playtime":3562,"items_purged":[],"score":247,"play_id":"066c24ef-7d3d-4da5-ac73-33942cf2625a","local_time":"20190706071415","is_ascension_mode":false,"campfire_choices":[{"floor":6,"key":"REST"},{"floor":8,"key":"REST"},{"data":"Carnage","floor":12,"key":"SMITH"},{"data":"Bloodletting","floor":15,"key":"SMITH"},{"data":"Carnage","floor":23,"key":"SMITH"},{"data":"Double Tap","floor":25,"key":"SMITH"},{"data":"Twin Strike","floor":27,"key":"SMITH"},{"floor":32,"key":"REST"}],"neow_cost":"","seed_source_timestamp":510600476676641,"circlet_count":0,"master_deck":["Strike_R","Strike_R","Strike_R","Strike_R","Strike_R","Defend_R","Defend_R","Defend_R","Bash","Pommel Strike","Clash","Bloodletting+1","Carnage+1","Battle Trance","Twin Strike+1","Double Tap+1","Carnage+1","Berserk+1","Shrug It Off+1","Iron Wave","Juggernaut+1","Twin Strike+1","Clash+1","Hemokinesis+1","Ghostly Armor+1"],"relics":["Burning Blood","Frozen Egg 2","Self Forming Clay","Velvet Choker","Molten Egg 2","FaceOfCleric","Dodecahedron","Orichalcum"],"potions_floor_usage":[],"damage_taken":[{"damage":11,"enemies":"Jaw Worm","floor":1,"turns":7},{"damage":3,"enemies":"Cultist","floor":4,"turns":3},{"damage":32,"enemies":"3 Sentries","floor":7,"turns":8},{"damage":7,"enemies":"2 Louse","floor":10,"turns":2},{"damage":6,"enemies":"2 Fungi Beasts","floor":11,"turns":3},{"damage":12,"enemies":"Exordium Thugs","floor":14,"turns":3},{"damage":47,"enemies":"The Guardian","floor":16,"turns":9},{"damage":17,"enemies":"3 Byrds","floor":18,"turns":5},{"damage":3,"enemies":"Spheric Guardian","floor":20,"turns":3},{"damage":3,"enemies":"Snecko","floor":22,"turns":3},{"damage":34,"enemies":"Shelled Parasite and Fungi","floor":28,"turns":5},{"damage":41,"enemies":"Centurion and Healer","floor":29,"turns":4},{"damage":10,"enemies":"Chosen and Byrds","floor":31,"turns":5},{"damage":36,"enemies":"Champ","floor":33,"turns":6}],"seed_played":"7429323666869353727","potions_obtained":[{"floor":3,"key":"SkillPotion"},{"floor":3,"key":"EntropicBrew"},{"floor":3,"key":"GamblersBrew"},{"floor":10,"key":"Swift Potion"},{"floor":20,"key":"Explosive Potion"},{"floor":28,"key":"Fire Potion"}],"is_trial":false,"path_per_floor":["M","$","?","M","?","R","E","R","T","M","M","R","$","M","R","B",null,"M","?","M","$","M","R","?","R","T","R","M","M","T","M","R","B"],"character_chosen":"IRONCLAD","items_purchased":["Clash","Bloodletting","Molten Egg 2"],"campfire_rested":3,"item_purchase_floors":[2,2,21],"current_hp_per_floor":[75,75,75,78,67,80,54,78,78,77,77,77,77,71,71,30,80,69,69,72,72,75,75,75,75,75,75,48,14,14,11,35,0],"gold":230,"neow_bonus":"","is_prod":false,"is_daily":false,"chose_seed":false,"campfire_upgraded":5,"win_rate":0.0,"timestamp":1562415255,"path_taken":["M","$","?","?","?","R","E","R","T","M","M","R","$","M","R","BOSS","M","?","M","?","M","R","?","R","T","R","M","?","?","M","R","BOSS"],"build_version":"2019-07-05","purchased_purges":0,"victory":false,"max_hp_per_floor":[80,80,80,80,80,80,80,80,80,80,80,80,80,80,80,80,80,80,80,80,80,80,80,80,80,80,80,81,82,82,83,83,83],"card_choices":[{"not_picked":["Thunderclap","Armaments"],"picked":"Pommel Strike","floor":1},{"not_picked":["Burning Pact","Flex"],"picked":"Carnage","floor":4},{"not_picked":["Ghostly Armor","Shrug It Off"],"picked":"Battle Trance","floor":7},{"not_picked":["Burning Pact","Body Slam"],"picked":"Twin Strike","floor":10},{"not_picked":["Twin Strike","Body Slam"],"picked":"Double Tap","floor":11},{"not_picked":["Shrug It Off","Dropkick"],"picked":"Carnage","floor":14},{"not_picked":["Juggernaut+1","Impervious"],"picked":"Berserk+1","floor":16},{"not_picked":["Perfected Strike","Flame Barrier+1"],"picked":"Shrug It Off+1","floor":18},{"not_picked":["Thunderclap","Pommel Strike"],"picked":"Juggernaut+1","floor":20},{"not_picked":["Ghostly Armor","Shrug It Off"],"picked":"Twin Strike+1","floor":22},{"not_picked":["Sword Boomerang+1","Shrug It Off"],"picked":"Clash+1","floor":28},{"not_picked":["Double Tap","Rampage+1"],"picked":"Hemokinesis+1","floor":29},{"not_picked":["Iron Wave+1","Clash+1"],"picked":"Ghostly Armor+1","floor":31}],"player_experience":0,"relics_obtained":[{"floor":7,"key":"Frozen Egg 2"},{"floor":9,"key":"Self Forming Clay"},{"floor":26,"key":"Dodecahedron"},{"floor":30,"key":"Orichalcum"}],"event_choices":[{"damage_healed":0,"gold_gain":0,"player_choice":"Got Potions","damage_taken":0,"max_hp_gain":0,"max_hp_loss":0,"event_name":"Lab","floor":3,"gold_loss":0},{"damage_healed":0,"gold_gain":75,"player_choice":"Gather Gold","damage_taken":11,"max_hp_gain":0,"max_hp_loss":0,"event_name":"World of Goop","floor":5,"gold_loss":0},{"cards_removed":["Defend_R"],"damage_healed":0,"gold_gain":0,"player_choice":"Took Card","damage_taken":0,"max_hp_gain":0,"max_hp_loss":0,"event_name":"NoteForYourself","floor":19,"gold_loss":0,"cards_obtained":["Iron Wave"]},{"damage_healed":0,"gold_gain":0,"player_choice":"Trade","damage_taken":0,"relics_obtained":["FaceOfCleric"],"max_hp_gain":0,"max_hp_loss":0,"event_name":"FaceTrader","floor":24,"gold_loss":0}],"is_beta":false,"boss_relics":[{"not_picked":["Ectoplasm","Runic Cube"],"picked":"Velvet Choker"}],"items_purged_floors":[],"is_endless":false,"potions_floor_spawned":[4,10,16,18,20,28],"killed_by":"Champ","ascension_level":0}