{"gold_per_floor":[119,129,146,36,36,36,55,55,55,72,106,124,152,152,152,230,230,245,245],"floor_reached":19,"playtime":542,"items_purged":["Strike_G"],"score":401,"play_id":"9a1291c0-ed00-48f7-83c9-cac19c489e1c","local_time":"20190219192150","is_ascension_mode":true,"campfire_choices":[{"data":"Neutralize","floor":6,"key":"SMITH"},{"data":"Footwork","floor":8,"key":"SMITH"},{"data":"Skewer","floor":15,"key":"SMITH"}],"neow_cost":"NONE","seed_source_timestamp":170630787305508,"circlet_count":0,"master_deck":["AscendersBane","Defend_G","Defend_G","Defend_G","Defend_G","Defend_G","Strike_G","Strike_G","Strike_G","Strike_G","Survivor","Neutralize+1","Outmaneuver","Backstab","Footwork+1","Dagger Spray","Skewer+1","Phantasmal Killer"],"relics":["Ring of the Snake","NeowsBlessing","Art of War","Question Card","Snake Skull","Peace Pipe","Philosopher\u0027s Stone"],"potions_floor_usage":[7,11,13,16,16],"damage_taken":[{"damage":0,"enemies":"Cultist","floor":1,"turns":1},{"damage":0,"enemies":"Jaw Worm","floor":2,"turns":1},{"damage":0,"enemies":"Small Slimes","floor":3,"turns":1},{"damage":1,"enemies":"3 Louse","floor":7,"turns":4},{"damage":0,"enemies":"2 Fungi Beasts","floor":10,"turns":5},{"damage":23,"enemies":"Gremlin Nob","floor":11,"turns":4},{"damage":0,"enemies":"Exordium Wildlife","floor":12,"turns":5},{"damage":3,"enemies":"Lagavulin","floor":13,"turns":7},{"damage":0,"enemies":"Slime Boss","floor":16,"turns":10},{"damage":14,"enemies":"Shell Parasite","floor":18,"turns":6},{"damage":42,"enemies":"3 Byrds","floor":19,"turns":2}],"seed_played":"1899318410462109852","potions_obtained":[{"floor":2,"key":"FearPotion"},{"floor":3,"key":"Fire Potion"},{"floor":10,"key":"PowerPotion"},{"floor":11,"key":"AttackPotion"},{"floor":13,"key":"Poison Potion"}],"is_trial":false,"path_per_floor":["M","M","M","$","$","R","M","R","T","M","E","M","E","?","R","B",null,"M","M"],"character_chosen":"THE_SILENT","items_purchased":["Footwork"],"campfire_rested":0,"item_purchase_floors":[4],"current_hp_per_floor":[59,59,59,59,59,59,58,58,58,58,35,35,32,21,21,21,55,41,0],"gold":245,"neow_bonus":"THREE_ENEMY_KILL","is_prod":false,"is_daily":false,"chose_seed":false,"campfire_upgraded":3,"win_rate":0,"timestamp":1550575310,"path_taken":["M","M","M","?","$","R","M","R","T","M","E","M","E","?","R","BOSS","M","M"],"build_version":"2019-01-23","purchased_purges":1,"victory":false,"max_hp_per_floor":[66,66,66,66,66,66,66,66,66,66,66,66,66,66,66,66,66,66,66],"card_choices":[{"not_picked":["Reflex","Concentrate"],"picked":"Outmaneuver","floor":1},{"not_picked":["Quick Slash","Flying Knee","All Out Attack"],"picked":"SKIP","floor":2},{"not_picked":["Dagger Spray","Predator"],"picked":"Backstab","floor":3},{"not_picked":["Deadly Poison","Poisoned Stab","All Out Attack"],"picked":"SKIP","floor":7},{"not_picked":["Acrobatics","Dagger Throw"],"picked":"Dagger Spray","floor":10},{"not_picked":["Dodge and Roll","Prepared","Flechettes"],"picked":"SKIP","floor":11},{"not_picked":["Bouncing Flask","Catalyst","Poisoned Stab"],"picked":"Skewer","floor":12},{"not_picked":["Endless Agony","Backstab","Blur","Deflect"],"picked":"SKIP","floor":13},{"not_picked":["Doppelganger","Corpse Explosion","Die Die Die"],"picked":"Phantasmal Killer","floor":16},{"not_picked":["Heel Hook","Bouncing Flask","Skewer","Flying Knee+1"],"picked":"SKIP","floor":18}],"player_experience":844949,"relics_obtained":[{"floor":9,"key":"Art of War"},{"floor":11,"key":"Question Card"},{"floor":13,"key":"Snake Skull"}],"event_choices":[{"damage_healed":0,"gold_gain":0,"player_choice":"Success","damage_taken":11,"relics_obtained":["Peace Pipe"],"max_hp_gain":0,"max_hp_loss":0,"event_name":"Scrap Ooze","floor":14,"gold_loss":0}],"is_beta":false,"boss_relics":[{"not_picked":["White Beast Statue","Ring of the Serpent"],"picked":"Philosopher\u0027s Stone"}],"items_purged_floors":[4],"is_endless":false,"potions_floor_spawned":[2,3,10,11,13],"killed_by":"3 Byrds","ascension_level":15}