{"gold_per_floor":[117,131,145,157,157,157,175,175,198,198,198],"floor_reached":11,"playtime":333,"items_purged":[],"score":130,"play_id":"0f8b234a-0692-481e-8107-e6c2beebe094","local_time":"20190110134333","is_ascension_mode":true,"campfire_choices":[{"data":"Dualcast","floor":6,"key":"SMITH"},{"data":"Darkness","floor":10,"key":"SMITH"}],"neow_cost":"NONE","seed_source_timestamp":6664293246173,"circlet_count":0,"master_deck":["AscendersBane","Strike_B","Strike_B","Strike_B","Strike_B","Defend_B","Defend_B","Defend_B","Defend_B","Zap","Dualcast+1","Reinforced Body","Undo","Rip and Tear","Coolheaded","Recycle","Darkness+1"],"relics":["Cracked Core","Bronze Scales","Blood Vial","Ancient Tea Set"],"potions_floor_usage":[11,11],"damage_taken":[{"damage":1,"enemies":"Cultist","floor":1,"turns":3},{"damage":0,"enemies":"Small Slimes","floor":2,"turns":3},{"damage":0,"enemies":"Jaw Worm","floor":3,"turns":5},{"damage":11,"enemies":"Gremlin Gang","floor":4,"turns":6},{"damage":5,"enemies":"Exordium Wildlife","floor":7,"turns":9},{"damage":55,"enemies":"Gremlin Nob","floor":11,"turns":3}],"seed_played":"4800989787535991698","potions_obtained":[{"floor":2,"key":"SpeedPotion"},{"floor":3,"key":"Swift Potion"},{"floor":7,"key":"AttackPotion"}],"is_trial":false,"path_per_floor":["M","M","M","M","?","R","M","?","T","R","E"],"character_chosen":"DEFECT","items_purchased":[],"campfire_rested":0,"item_purchase_floors":[],"current_hp_per_floor":[63,63,63,52,41,41,38,38,38,38,0],"gold":198,"neow_bonus":"RANDOM_COMMON_RELIC","is_prod":false,"is_daily":false,"chose_seed":false,"campfire_upgraded":2,"win_rate":0,"timestamp":1547099013,"path_taken":["M","M","M","?","?","R","M","?","T","R","E"],"build_version":"2019-01-03v4","purchased_purges":0,"victory":false,"max_hp_per_floor":[71,71,71,71,71,71,71,71,71,71,71],"card_choices":[{"not_picked":["Steam","Auto Shields"],"picked":"Reinforced Body","floor":1},{"not_picked":["Blizzard","Compile Driver"],"picked":"Undo","floor":2},{"not_picked":["Conserve Battery","Cold Snap"],"picked":"Rip and Tear","floor":3},{"not_picked":["Beam Cell","Leap"],"picked":"Coolheaded","floor":4},{"not_picked":["Steam","Go for the Eyes"],"picked":"Recycle","floor":7}],"player_experience":1904742,"relics_obtained":[{"floor":9,"key":"Ancient Tea Set"}],"event_choices":[{"damage_healed":0,"gold_gain":0,"player_choice":"Success","damage_taken":11,"relics_obtained":["Blood Vial"],"max_hp_gain":0,"max_hp_loss":0,"event_name":"Scrap Ooze","floor":5,"gold_loss":0},{"damage_healed":0,"gold_gain":0,"player_choice":"1 cards matched","damage_taken":0,"max_hp_gain":0,"max_hp_loss":0,"event_name":"Match and Keep!","floor":8,"gold_loss":0,"cards_obtained":["Darkness"]}],"is_beta":false,"boss_relics":[],"items_purged_floors":[],"is_endless":false,"potions_floor_spawned":[2,3,7],"killed_by":"Gremlin Nob","ascension_level":20}