{"gold_per_floor":[112,123,142,142,19,19,44,44,95,95,110,10,24,24,24,101,101,114,134,234,245,263,263],"floor_reached":23,"playtime":1283,"items_purged":["Strike_R","Strike_R"],"score":328,"play_id":"c3161add-8727-4875-8a31-c3862728a5f8","local_time":"20190803231905","is_ascension_mode":true,"campfire_choices":[{"data":"Iron Wave","floor":6,"key":"SMITH"},{"data":"Demon Form","floor":8,"key":"SMITH"},{"data":"Armaments","floor":10,"key":"SMITH"},{"data":"Twin Strike","floor":15,"key":"SMITH"}],"neow_cost":"NONE","seed_source_timestamp":0,"circlet_count":0,"master_deck":["AscendersBane","Strike_R","Strike_R","Strike_R","Defend_R","Defend_R","Defend_R","Defend_R","Bash","Demon Form+1","Headbutt","Armaments+1","Iron Wave+1","Twin Strike+1","Limit Break","True Grit","Flame Barrier","Iron Wave"],"special_seed":0,"relics":["Burning Blood","Vajra","Dream Catcher","Velvet Choker"],"potions_floor_usage":[2,16,21,23],"damage_taken":[{"damage":7,"enemies":"Jaw Worm","floor":1,"turns":4},{"damage":6,"enemies":"Cultist","floor":2,"turns":4},{"damage":9,"enemies":"2 Louse","floor":3,"turns":3},{"damage":13,"enemies":"Lagavulin","floor":7,"turns":7},{"damage":16,"enemies":"Exordium Thugs","floor":11,"turns":4},{"damage":5,"enemies":"2 Fungi Beasts","floor":13,"turns":4},{"damage":46,"enemies":"Hexaghost","floor":16,"turns":8},{"damage":7,"enemies":"Chosen","floor":18,"turns":4},{"damage":11,"enemies":"Spheric Guardian","floor":19,"turns":4},{"damage":14,"enemies":"Centurion and Healer","floor":21,"turns":5},{"damage":31,"enemies":"Chosen and Byrds","floor":22,"turns":6},{"damage":22,"enemies":"Gremlin Leader","floor":23,"turns":1}],"seed_played":"4530047100850912353","potions_obtained":[{"floor":1,"key":"Swift Potion"},{"floor":7,"key":"Dexterity Potion"},{"floor":19,"key":"Block Potion"},{"floor":22,"key":"Weak Potion"}],"is_trial":false,"path_per_floor":["M","M","M","?","$","R","E","R","T","R","M","$","M","$","R","B",null,"M","M","?","M","M","E"],"character_chosen":"IRONCLAD","items_purchased":["Iron Wave"],"campfire_rested":0,"item_purchase_floors":[5],"current_hp_per_floor":[67,67,64,75,75,75,68,68,68,68,58,58,59,59,59,19,61,60,55,55,47,22,0],"gold":263,"neow_bonus":"ONE_RANDOM_RARE_CARD","is_prod":false,"is_daily":false,"chose_seed":false,"campfire_upgraded":4,"win_rate":0,"timestamp":1564892345,"path_taken":["M","M","M","?","?","R","E","R","T","R","M","$","M","?","R","BOSS","M","?","?","M","M","E"],"build_version":"2019-07-17","purchased_purges":2,"victory":false,"max_hp_per_floor":[75,75,75,75,75,75,75,75,75,75,75,75,75,75,75,75,75,75,75,75,75,75,75],"card_choices":[{"not_picked":["Rupture","Havoc"],"picked":"Headbutt","floor":1},{"not_picked":["Wild Strike","Flex"],"picked":"Armaments","floor":2},{"not_picked":["Sentinel","Evolve"],"picked":"Uppercut","floor":3},{"not_picked":["Infernal Blade","Cleave","Rage"],"picked":"SKIP","floor":7},{"not_picked":["Havoc","Warcry","Body Slam"],"picked":"SKIP","floor":11},{"not_picked":["Sentinel","Warcry"],"picked":"Twin Strike","floor":13},{"not_picked":["Reaper","Barricade"],"picked":"Limit Break","floor":16},{"not_picked":["Rupture","Hemokinesis"],"picked":"True Grit","floor":18},{"not_picked":["Blood for Blood","Flex","Anger"],"picked":"SKIP","floor":19},{"not_picked":["Metallicize","Hemokinesis"],"picked":"Flame Barrier","floor":21},{"not_picked":["Thunderclap","True Grit"],"picked":"Iron Wave","floor":22}],"player_experience":446023,"relics_obtained":[{"floor":7,"key":"Vajra"},{"floor":9,"key":"Dream Catcher"}],"event_choices":[{"cards_removed":["Uppercut"],"damage_healed":11,"gold_gain":0,"player_choice":"Offered Uncommon","damage_taken":0,"max_hp_gain":0,"max_hp_loss":0,"event_name":"Bonfire Elementals","floor":4,"gold_loss":0},{"damage_healed":0,"gold_gain":100,"player_choice":"Pray","damage_taken":0,"max_hp_gain":0,"max_hp_loss":0,"event_name":"Golden Shrine","floor":20,"gold_loss":0}],"is_beta":false,"boss_relics":[{"not_picked":["Sozu","Lizard Tail"],"picked":"Velvet Choker"}],"items_purged_floors":[5,12],"is_endless":false,"potions_floor_spawned":[1,7,19,22],"killed_by":"Gremlin Leader","ascension_level":14}