{"gold_per_floor":[214,289,289,307,53,53,69,69,69,103,103,122,122,137,137,213,213,231,40,40,40,52,52,70,70,70,70,88,88,88,88,88,163,163,174,184,84,94,113,144,163,196,196,215,244,244,244,255,255,255,255,255,255,2,28,28],"floor_reached":57,"playtime":3998,"items_purged":["Strike_G","Strike_G","Defend_G"],"score":2834,"play_id":"5f8fd163-4a5f-4cc9-8438-d3b106cc4dfa","local_time":"20190213182202","is_ascension_mode":true,"campfire_choices":[{"data":"Deadly Poison","floor":6.0,"key":"SMITH"},{"data":"Neutralize","floor":11.0,"key":"SMITH"},{"data":"Catalyst","floor":13.0,"key":"SMITH"},{"data":"Deadly Poison","floor":15.0,"key":"SMITH"},{"data":"Apotheosis","floor":23.0,"key":"SMITH"},{"data":"Footwork","floor":25.0,"key":"SMITH"},{"floor":27.0,"key":"REST"},{"floor":30.0,"key":"RECALL"},{"data":"Impatience","floor":32.0,"key":"SMITH"},{"data":"Strike_G","floor":47.0,"key":"PURGE"},{"data":"Defend_G","floor":49.0,"key":"PURGE"},{"data":"Defend_G","floor":53.0,"key":"PURGE"}],"neow_cost":"NONE","seed_source_timestamp":31789946007830,"circlet_count":0,"master_deck":["AscendersBane","Defend_G","Defend_G","Survivor","Neutralize+1","Deadly Poison+1","Deadly Poison+1","Impatience+1","Footwork+1","Catalyst+1","Escape Plan","Deflect","Apotheosis+1","Clumsy","Backflip+1","Acrobatics","Adrenaline","Cloak And Dagger","Cloak And Dagger","Well Laid Plans","Blur"],"special_seed":0,"relics":["Ring of the Snake","CultistMask","Dead Branch","Ancient Tea Set","Cursed Key","Anchor","Busted Crown","Peace Pipe","Tough Bandages","Omamori","Gremlin Horn"],"potions_floor_usage":[56],"damage_taken":[{"damage":7.0,"enemies":"Cultist","floor":1.0,"turns":5.0},{"damage":6.0,"enemies":"Small Slimes","floor":4.0,"turns":6.0},{"damage":2.0,"enemies":"Jaw Worm","floor":7.0,"turns":4.0},{"damage":7.0,"enemies":"3 Sentries","floor":10.0,"turns":8.0},{"damage":5.0,"enemies":"Exordium Thugs","floor":12.0,"turns":6.0},{"damage":0.0,"enemies":"3 Louse","floor":14.0,"turns":2.0},{"damage":5.0,"enemies":"Hexaghost","floor":16.0,"turns":8.0},{"damage":9.0,"enemies":"Shell Parasite","floor":18.0,"turns":3.0},{"damage":1.0,"enemies":"3 Byrds","floor":22.0,"turns":4.0},{"damage":1.0,"enemies":"3 Cultists","floor":24.0,"turns":6.0},{"damage":2.0,"enemies":"Centurion and Healer","floor":28.0,"turns":7.0},{"damage":2.0,"enemies":"Champ","floor":33.0,"turns":10.0},{"damage":0.0,"enemies":"3 Shapes","floor":35.0,"turns":4.0},{"damage":5.0,"enemies":"Orb Walker","floor":36.0,"turns":3.0},{"damage":1.0,"enemies":"Sphere and 2 Shapes","floor":38.0,"turns":7.0},{"damage":0.0,"enemies":"4 Shapes","floor":39.0,"turns":4.0},{"damage":0.0,"enemies":"Nemesis","floor":40.0,"turns":5.0},{"damage":0.0,"enemies":"Spire Growth","floor":41.0,"turns":5.0},{"damage":14.0,"enemies":"Reptomancer","floor":42.0,"turns":7.0},{"damage":0.0,"enemies":"Jaw Worm Horde","floor":44.0,"turns":6.0},{"damage":0.0,"enemies":"Giant Head","floor":45.0,"turns":6.0},{"damage":0.0,"enemies":"Writhing Mass","floor":48.0,"turns":4.0},{"damage":6.0,"enemies":"Donu and Deca","floor":50.0,"turns":12.0},{"damage":32.0,"enemies":"Time Eater","floor":51.0,"turns":8.0},{"damage":8.0,"enemies":"Shield and Spear","floor":55.0,"turns":6.0},{"damage":0,"enemies":"The Heart","floor":56,"turns":7}],"seed_played":"-5609650785496135358","potions_obtained":[{"floor":7.0,"key":"Explosive Potion"},{"floor":10.0,"key":"SpeedPotion"},{"floor":14.0,"key":"Fire Potion"},{"floor":24.0,"key":"SpeedPotion"},{"floor":28.0,"key":"Energy Potion"},{"floor":41.0,"key":"PowerPotion"},{"floor":45.0,"key":"SkillPotion"}],"is_trial":false,"path_per_floor":["M","?","?","M","$","R","M","?","T","E","R","M","R","M","R","B",null,"M","$","?","T","M","R","M","R","T","R","M","$","R","?","R","B",null,"M","M","$","M","M","E","M","E","T","M","E","?","R","M","R","B","B",null,"R","$","E","B",null],"character_chosen":"THE_SILENT","items_purchased":["GhostInAJar","Impatience","Apotheosis","Well Laid Plans","Blur"],"campfire_rested":1,"item_purchase_floors":[5,5,19,54,54],"current_hp_per_floor":[52,41,41,35,35,35,33,26,26,19,19,14,14,14,14,9,52,43,43,43,43,42,42,41,41,41,60,58,58,58,58,58,56,64,64,59,59,58,58,58,58,44,44,44,44,44,44,44,44,38,6,51,51,51,43,43],"gold":28,"neow_bonus":"HUNDRED_GOLD","is_prod":false,"is_daily":false,"chose_seed":false,"campfire_upgraded":7,"win_rate":0,"timestamp":1550053322,"path_taken":["M","?","?","M","$","R","?","?","T","E","R","M","R","M","R","BOSS","M","$","?","?","M","R","M","R","T","R","M","$","R","?","R","BOSS","M","?","$","M","M","E","M","E","T","M","E","?","R","M","R","BOSS","BOSS","R","$","E","BOSS"],"build_version":"2019-01-23","purchased_purges":3,"victory":true,"max_hp_per_floor":[66,66,66,66,66,66,66,66,66,66,66,66,66,66,66,66,66,66,66,66,66,66,66,66,66,66,66,66,66,66,66,66,66,66,66,66,66,66,66,66,66,66,66,66,66,66,66,66,66,66,66,66,66,66,66,66],"card_choices":[{"not_picked":["Cloak And Dagger","Dagger Throw"],"picked":"Deadly Poison","floor":1.0},{"not_picked":["Die Die Die","Outmaneuver"],"picked":"Deadly Poison","floor":4.0},{"not_picked":["Cloak And Dagger","Dodge and Roll","Prepared"],"picked":"SKIP","floor":7.0},{"not_picked":["Sucker Punch","Heel Hook"],"picked":"Footwork","floor":10.0},{"not_picked":["Blade Dance","Quick Slash"],"picked":"Catalyst","floor":12.0},{"not_picked":["Dash","Flying Knee"],"picked":"Escape Plan","floor":14.0},{"not_picked":["Dagger Spray","Acrobatics"],"picked":"Deflect","floor":18.0},{"not_picked":["Dagger Throw","Deadly Poison"],"picked":"Backflip+1","floor":22.0},{"not_picked":["Riddle With Holes","Heel Hook"],"picked":"Acrobatics","floor":24.0},{"not_picked":["Sucker Punch","Deadly Poison+1","Masterful Stab"],"picked":"SKIP","floor":28.0},{"not_picked":["Doppelganger","A Thousand Cuts"],"picked":"Adrenaline","floor":33.0},{"not_picked":["Accuracy"],"picked":"SKIP","floor":35.0},{"not_picked":["Outmaneuver"],"picked":"SKIP","floor":36.0},{"not_picked":["Slice+1"],"picked":"SKIP","floor":38.0},{"not_picked":[],"picked":"Cloak And Dagger","floor":39.0},{"not_picked":[],"picked":"Cloak And Dagger","floor":40.0},{"not_picked":["Sucker Punch"],"picked":"SKIP","floor":41.0},{"not_picked":["Masterful Stab"],"picked":"SKIP","floor":42.0},{"not_picked":["Dodge and Roll"],"picked":"SKIP","floor":44.0},{"not_picked":["Outmaneuver"],"picked":"SKIP","floor":45.0},{"not_picked":["Deflect"],"picked":"SKIP","floor":48.0},{"not_picked":["Dagger Spray"],"picked":"SKIP","floor":55.0}],"player_experience":2686934,"relics_obtained":[{"floor":9.0,"key":"Dead Branch"},{"floor":10.0,"key":"Ancient Tea Set"},{"floor":31.0,"key":"Anchor"},{"floor":40.0,"key":"Peace Pipe"},{"floor":42.0,"key":"Tough Bandages"},{"floor":45.0,"key":"Omamori"},{"floor":55.0,"key":"Gremlin Horn"}],"event_choices":[{"damage_healed":0.0,"max_hp_gain":0.0,"max_hp_loss":0.0,"gold_gain":75.0,"event_name":"World of Goop","player_choice":"Gather Gold","floor":2.0,"gold_loss":0.0,"damage_taken":11.0},{"damage_healed":0.0,"max_hp_gain":0.0,"max_hp_loss":0.0,"gold_gain":0.0,"event_name":"FaceTrader","player_choice":"Trade","floor":3.0,"gold_loss":0.0,"damage_taken":0.0,"relics_obtained":["CultistMask"]},{"cards_removed":["Strike_G"],"damage_healed":0.0,"max_hp_gain":0.0,"max_hp_loss":0.0,"gold_gain":0.0,"event_name":"Golden Wing","player_choice":"Card Removal","floor":8.0,"gold_loss":0.0,"damage_taken":7.0},{"damage_healed":0.0,"max_hp_gain":0.0,"max_hp_loss":0.0,"gold_gain":0.0,"event_name":"Beggar","player_choice":"Ignored","floor":20.0,"gold_loss":0.0,"damage_taken":0.0},{"damage_healed":0.0,"max_hp_gain":0.0,"max_hp_loss":0.0,"gold_gain":0.0,"event_name":"Wheel of Change","player_choice":"Relic","floor":31.0,"gold_loss":0.0,"damage_taken":0.0},{"cards_removed":["Strike_G"],"damage_healed":0.0,"max_hp_gain":0.0,"max_hp_loss":0.0,"gold_gain":0.0,"event_name":"Falling","player_choice":"Removed Attack","floor":46.0,"gold_loss":0.0,"damage_taken":0.0}],"is_beta":false,"boss_relics":[{"not_picked":["Philosopher\u0027s Stone","Tiny House"],"picked":"Cursed Key"},{"not_picked":["Lizard Tail","Astrolabe"],"picked":"Busted Crown"}],"items_purged_floors":[5,37,54],"is_endless":false,"potions_floor_spawned":[7,10,14,16,24,28,33,36,38,41,45],"ascension_level":20}