{"path_per_floor":["M","$","?","?","M","E","M","M","T","E","M","E","M","E","R","B",null,"M","M","?","$","?","E","?","?","T","R","E","R","?","M","R","B",null,"M","M","M","T","$","E","R","M","T","R","M","?","M","?","R","B"],"character_chosen":"IRONCLAD","items_purchased":["Medical Kit","Dodecahedron"],"gold_per_floor":[110,35,35,110,126,153,163,177,177,210,230,264,280,315,315,412,412,423,438,438,134,134,163,163,88,168,168,201,201,201,219,219,316,316,330,346,356,386,12,39,39,55,55,55,66,66,81,81,81,81],"floor_reached":51,"campfire_rested":1,"playtime":2438,"current_hp_per_floor":[80,80,73,62,68,74,80,80,80,79,80,65,75,80,80,53,80,67,62,62,62,62,74,74,74,74,74,76,76,76,80,80,72,80,80,80,80,80,80,80,80,80,87,87,87,76,79,79,87,67],"items_purged":["Defend_R","Defend_R","Strike_R"],"gold":81,"score":770,"play_id":"1c2a08d5-0368-4bc3-8777-f05562b57981","local_time":"20180319184202","is_prod":false,"is_daily":false,"is_ascension_mode":false,"campfire_upgraded":6,"timestamp":1521481322,"path_taken":["M","$","?","?","M","E","M","M","T","E","M","E","M","E","R","BOSS","M","M","?","$","?","E","?","?","T","R","E","R","?","M","R","BOSS","M","M","?","?","$","E","R","M","T","R","M","?","?","?","R","BOSS"],"build_version":"2018-03-15v3","purchased_purges":3,"victory":true,"master_deck":["Strike_R+1","Bash+1","Thunderclap","Clash+1","Reaper","Flex+1","Seeing Red+1","Metallicize","Feel No Pain","Dropkick","Havoc","Exhume","Offering+1","Battle Trance+1","Headbutt","Battle Trance+1","Ghostly Armor","Double Tap+1","Fiend Fire+1","Clothesline+1","Metallicize+1","Sever Soul+1","Disarm+1","Battle Trance+1","Inflame+1","Madness","Madness","Body Slam+1"],"max_hp_per_floor":[80,80,80,80,80,80,80,80,80,80,80,80,80,80,80,80,80,80,80,80,80,80,80,80,80,80,80,80,80,80,80,80,80,80,80,80,80,80,80,80,80,80,87,87,87,87,87,87,87,87],"relics":["Burning Blood","NeowsBlessing","Magic Flower","Du-Vu Doll","Whetstone","Mummified Hand","Vajra","Black Star","Medical Kit","Letter Opener","Kunai","Meat on the Bone","Paper Frog","Matryoshka","Anchor","Sozu","Tiny Chest","Unceasing Top","Dodecahedron","Ornamental Fan","Blue Candle","Prayer Wheel","Strawberry"],"card_choices":[{"not_picked":["Armaments","Bloodletting"],"picked":"Thunderclap"},{"not_picked":["Infernal Blade","Armaments"],"picked":"Clash"},{"not_picked":["Pommel Strike","Sword Boomerang"],"picked":"Reaper"},{"not_picked":["Clothesline","Thunderclap"],"picked":"Flex"},{"not_picked":["Inflame","Sever Soul"],"picked":"Seeing Red"},{"not_picked":["Reckless Charge","Bludgeon"],"picked":"Metallicize"},{"not_picked":["True Grit","Havoc"],"picked":"Feel No Pain"},{"not_picked":["Intimidate","Searing Blow"],"picked":"Dropkick"},{"not_picked":["Cleave","Corruption"],"picked":"Havoc"},{"not_picked":["Flame Barrier","Power Through"],"picked":"Exhume"},{"not_picked":["Exhume","Demon Form"],"picked":"Offering"},{"not_picked":["True Grit","Clash"],"picked":"Battle Trance"},{"not_picked":["Reckless Charge","Pommel Strike"],"picked":"Battle Trance"},{"not_picked":["Dual Wield","Infernal Blade"],"picked":"Ghostly Armor"},{"not_picked":["Flex","Havoc"],"picked":"Double Tap"},{"not_picked":["Exhume","Immolate"],"picked":"Fiend Fire"},{"not_picked":["Flex","Shrug It Off"],"picked":"Clothesline"},{"not_picked":["Wild Strike","Sword Boomerang"],"picked":"Metallicize"},{"not_picked":["Evolve","True Grit"],"picked":"Sever Soul"},{"not_picked":["Rupture","Metallicize"],"picked":"Disarm"},{"not_picked":["Berserk","Havoc"],"picked":"Battle Trance"},{"not_picked":["Iron Wave","Headbutt"],"picked":"Inflame"},{"not_picked":["Thunderclap","Uppercut"],"picked":"Body Slam"}],"player_experience":171952,"potions_floor_usage":[10,19,28,33],"damage_taken":[{"damage":0,"enemies":"2 Louse","floor":1,"turns":1},{"damage":0,"enemies":"Jaw Worm","floor":5,"turns":1},{"damage":0,"enemies":"Lagavulin","floor":6,"turns":1},{"damage":0,"enemies":"Cultist","floor":7,"turns":2},{"damage":5,"enemies":"Looter","floor":8,"turns":2},{"damage":24,"enemies":"Gremlin Nob","floor":10,"turns":4},{"damage":11,"enemies":"3 Louse","floor":11,"turns":3},{"damage":33,"enemies":"Lagavulin","floor":12,"turns":6},{"damage":5,"enemies":"Blue Slaver","floor":13,"turns":3},{"damage":3,"enemies":"Gremlin Nob","floor":14,"turns":3},{"damage":36,"enemies":"Hexaghost","floor":16,"turns":7},{"damage":33,"enemies":"Shell Parasite","floor":18,"turns":4},{"damage":14,"enemies":"Spheric Guardian","floor":19,"turns":3},{"damage":17,"enemies":"Book of Stabbing","floor":23,"turns":2},{"damage":25,"enemies":"Slavers","floor":28,"turns":4},{"damage":8,"enemies":"Slaver and Parasite","floor":31,"turns":4},{"damage":21,"enemies":"Automaton","floor":33,"turns":5},{"damage":4,"enemies":"3 Darklings","floor":35,"turns":3},{"damage":14,"enemies":"Orb Walker","floor":36,"turns":3},{"damage":14,"enemies":"4 Shapes","floor":37,"turns":5},{"damage":9,"enemies":"Nemesis","floor":40,"turns":3},{"damage":6,"enemies":"Sphere and 2 Shapes","floor":42,"turns":2},{"damage":4,"enemies":"3 Darklings","floor":45,"turns":3},{"damage":11,"enemies":"4 Shapes","floor":47,"turns":3},{"damage":57,"enemies":"Donu and Deca","floor":50,"turns":7}],"event_choices":[{"event_name":"Golden Wing","player_choice":"Card Removal","floor":3,"damage_taken":0},{"event_name":"World of Goop","player_choice":"Gather Gold","floor":4,"damage_taken":0},{"event_name":"Transmorgrifier","player_choice":"Transform","floor":20,"damage_taken":0},{"event_name":"Back to Basics","player_choice":"Elegance","floor":22,"damage_taken":0},{"event_name":"Bonfire Elementals","player_choice":"BASIC","floor":24,"damage_taken":0},{"event_name":"Beggar","player_choice":"Gave Gold","floor":25,"damage_taken":0},{"event_name":"The Mausoleum","player_choice":"Yes","floor":30,"damage_taken":0},{"event_name":"Winding Halls","player_choice":"Embrace Madness","floor":46,"damage_taken":0},{"event_name":"Fountain of Cleansing","player_choice":"Removed Curse","floor":48,"damage_taken":0}],"boss_relics":[{"not_picked":["Eternal Feather","Tiny House"],"picked":"Black Star"},{"not_picked":["Philosopher\u0027s Stone","Calling Bell"],"picked":"Sozu"}],"potions_floor_spawned":[1,6,7,19,28,35,36,40],"seed_played":"-1265496236086637844","ascension_level":0,"is_trial":false}