{"gold_per_floor":[114,114,35,35,35,35,35,54,110,123,123,44,64,98,98,197,197,213,138,138,38,58,58,69,69,69,83,83,83,83,97,97,198,198,215,215,225,225,26,26,38,0,27,27,38,56,56,75,75,75],"floor_reached":51,"playtime":1841,"items_purged":["Strike_G","Strike_G","Strike_G"],"score":645,"play_id":"c8a6b904-abce-47a6-941b-e577886eff00","local_time":"20181016091335","is_ascension_mode":false,"campfire_choices":[{"data":"Well Laid Plans","floor":6.0,"key":"SMITH"},{"data":"All Out Attack","floor":11,"key":"SMITH"},{"data":"Bouncing Flask","floor":15,"key":"SMITH"},{"data":"Deadly Poison","floor":23,"key":"SMITH"},{"data":"Footwork","floor":25,"key":"SMITH"},{"data":"Wraith Form v2","floor":30,"key":"SMITH"},{"data":"Venomology","floor":32,"key":"SMITH"},{"data":"Wraith Form v2","floor":40,"key":"SMITH"},{"floor":47,"key":"REST"},{"data":"Accuracy","floor":49,"key":"SMITH"}],"neow_cost":"NONE","seed_source_timestamp":3663833797788,"circlet_count":0,"master_deck":["Defend_G","Defend_G+1","Defend_G","Defend_G","Strike_G","Survivor","Neutralize+1","Well Laid Plans+1","Escape Plan","All Out Attack+1","Bouncing Flask+1","Escape Plan","Wraith Form v2+1","Venomology+1","Footwork+1","Backflip","Deadly Poison+1","Cloak And Dagger+1","Wraith Form v2+1","Impatience","Purity","Purity+1","Infinite Blades","Backflip+1","Leg Sweep+1","Accuracy+1"],"special_seed":0,"relics":["Ring of the Snake","Art of War","Tiny Chest","Mango","Orrery","Shuriken","Letter Opener","Ornamental Fan","Sozu","Red Mask","War Paint"],"potions_floor_usage":[18,18,22,22,27,31,31,33],"damage_taken":[{"damage":5.0,"enemies":"2 Louse","floor":1.0,"turns":3.0},{"damage":0,"enemies":"Cultist","floor":8,"turns":4},{"damage":0,"enemies":"Small Slimes","floor":10,"turns":3},{"damage":0,"enemies":"3 Louse","floor":13,"turns":2},{"damage":24,"enemies":"Gremlin Nob","floor":14,"turns":5},{"damage":2,"enemies":"The Guardian","floor":16,"turns":9},{"damage":0,"enemies":"Spheric Guardian","floor":18,"turns":7},{"damage":0,"enemies":"Shell Parasite","floor":22,"turns":5},{"damage":8,"enemies":"Snake Plant","floor":24,"turns":6},{"damage":3,"enemies":"Shelled Parasite and Fungi","floor":27,"turns":7},{"damage":6,"enemies":"Sentry and Sphere","floor":31,"turns":7},{"damage":23,"enemies":"Automaton","floor":33,"turns":12},{"damage":0,"enemies":"3 Shapes","floor":35,"turns":4},{"damage":0,"enemies":"3 Darklings","floor":37,"turns":7},{"damage":17,"enemies":"Sphere and 2 Shapes","floor":41,"turns":6},{"damage":1,"enemies":"4 Shapes","floor":45,"turns":7},{"damage":0,"enemies":"Spire Growth","floor":46,"turns":6},{"damage":12,"enemies":"3 Darklings","floor":48,"turns":5},{"damage":32,"enemies":"Donu and Deca","floor":50,"turns":12}],"seed_played":"2588129835560544782","potions_obtained":[{"floor":10,"key":"EntropicBrew"},{"floor":13,"key":"Fire Potion"},{"floor":16,"key":"Explosive Potion"},{"floor":31,"key":"LiquidBronze"}],"is_trial":false,"path_per_floor":["M","?","$","?","?","R","?","M","T","M","R","$","M","E","R","B",null,"M","$","?","$","M","R","M","R","T","M","T","$","R","M","R","B",null,"M","?","M","?","$","R","M","?","T","?","M","M","R","M","R","B"],"character_chosen":"THE_SILENT","items_purchased":["Well Laid Plans","Bouncing Flask","Infinite Blades"],"campfire_rested":1,"item_purchase_floors":[3,12,39],"current_hp_per_floor":[65,65,65,65,65,65,65,65,65,65,65,65,65,55,55,53,84,84,84,84,84,84,84,76,76,76,73,73,73,73,67,67,44,84,84,74,74,74,74,74,57,57,57,57,56,56,81,69,69,37],"gold":75,"neow_bonus":"UPGRADE_CARD","is_prod":false,"is_daily":false,"chose_seed":false,"campfire_upgraded":9,"win_rate":0,"timestamp":1539652415,"path_taken":["M","?","$","?","?","R","?","M","T","M","R","?","M","E","R","BOSS","M","$","?","$","M","R","?","R","T","M","?","?","R","M","R","BOSS","M","?","M","?","$","R","M","?","T","?","M","?","R","M","R","BOSS"],"build_version":"2018-10-11","purchased_purges":3,"victory":true,"max_hp_per_floor":[70,70,70,70,70,70,70,70,70,70,70,70,70,84,84,84,84,84,84,84,84,84,84,84,84,84,84,84,84,84,84,84,84,84,84,84,84,84,84,84,84,84,84,84,84,84,84,84,84,84],"card_choices":[{"not_picked":["Blade Dance","Cloak And Dagger","Dodge and Roll"],"picked":"SKIP","floor":1.0},{"not_picked":["Distraction","Storm of Steel"],"picked":"Escape Plan","floor":8},{"not_picked":["PiercingWail","Distraction"],"picked":"All Out Attack","floor":10},{"not_picked":["Bane","Dagger Spray","Distraction"],"picked":"SKIP","floor":13},{"not_picked":["Heel Hook","Poisoned Stab"],"picked":"Escape Plan","floor":14},{"not_picked":["After Image","Storm of Steel"],"picked":"Wraith Form v2","floor":16},{"not_picked":["Cloak And Dagger","Outmaneuver"],"picked":"Venomology","floor":17},{"not_picked":["Reflex","Prepared"],"picked":"Footwork","floor":17},{"not_picked":["PiercingWail","Blade Dance"],"picked":"Backflip","floor":18},{"not_picked":["Tactician","Riddle With Holes"],"picked":"Deadly Poison","floor":22},{"not_picked":["Slice+1","Flechettes","Distraction"],"picked":"SKIP","floor":24},{"not_picked":["Dodge and Roll","Deflect+1","Underhanded Strike"],"picked":"SKIP","floor":27},{"not_picked":["Blade Dance","Calculated Gamble","Cloak And Dagger+1"],"picked":"SKIP","floor":31},{"not_picked":["Blade Dance","Calculated Gamble"],"picked":"Cloak And Dagger+1","floor":31},{"not_picked":["Burst","Tools of the Trade"],"picked":"Wraith Form v2","floor":33},{"not_picked":["Dagger Throw+1","Skewer+1","Sucker Punch+1"],"picked":"SKIP","floor":35},{"not_picked":["Deep Breath","Swift Strike"],"picked":"Impatience","floor":36},{"not_picked":["Bandage Up","Panache"],"picked":"Purity","floor":36},{"not_picked":["Dark Shackles","Finesse"],"picked":"Purity","floor":36},{"not_picked":["Choke+1","Outmaneuver+1","Reflex"],"picked":"SKIP","floor":37},{"not_picked":["Caltrops","Sucker Punch+1","Prepared"],"picked":"SKIP","floor":41},{"not_picked":["Flying Knee+1","Dagger Spray"],"picked":"Backflip+1","floor":45},{"not_picked":["PiercingWail+1","Glass Knife"],"picked":"Leg Sweep+1","floor":46},{"not_picked":["Sucker Punch+1","Riddle With Holes"],"picked":"Accuracy","floor":48}],"player_experience":240837,"relics_obtained":[{"floor":9,"key":"Tiny Chest"},{"floor":14,"key":"Mango"},{"floor":26,"key":"Letter Opener"},{"floor":28,"key":"Ornamental Fan"},{"floor":43,"key":"War Paint"}],"event_choices":[{"event_name":"WeMeetAgain","player_choice":"Attack","floor":2.0,"damage_taken":0.0},{"event_name":"The Cleric","player_choice":"Leave","floor":4.0,"damage_taken":0.0},{"event_name":"Bonfire Elementals","player_choice":"BASIC","floor":5.0,"damage_taken":0.0},{"event_name":"Dead Adventurer","player_choice":"Searched \u00271\u0027 times","floor":7,"damage_taken":0},{"event_name":"The Mausoleum","player_choice":"Yes","floor":20,"damage_taken":0},{"event_name":"SensoryStone","player_choice":"Memory 3","floor":36,"damage_taken":0},{"event_name":"Mysterious Sphere","player_choice":"Ignore","floor":38,"damage_taken":0},{"event_name":"Tomb of Lord Red Mask","player_choice":"Paid","floor":42,"damage_taken":0},{"event_name":"Wheel of Change","player_choice":"Card Removal","floor":44,"damage_taken":0}],"is_beta":false,"boss_relics":[{"not_picked":["WristBlade","Velvet Choker"],"picked":"Orrery"},{"not_picked":["Eternal Feather","Black Star"],"picked":"Sozu"}],"items_purged_floors":[19,21,39],"is_endless":false,"potions_floor_spawned":[10,13,16,24,27,31,37,45,46],"ascension_level":0}