{"gold_per_floor":[147,195,31,82,82,181,129,207,207,288,288,342,342,429,429,429],"floor_reached":16,"playtime":261,"items_purged":[],"score":406,"play_id":"9640b639-fa16-4132-9694-e8d51d38c2e3","local_time":"20181111194021","daily_mods":["DeadlyEvents","Binary","Cursed Run","Elite Swarm","Lethality","Midas","Night Terrors","Terminal","Uncertain Future","Binary"],"is_ascension_mode":true,"campfire_choices":[{"floor":11.0,"key":"DIG"},{"floor":13.0,"key":"DIG"},{"floor":15.0,"key":"DIG"}],"neow_cost":"","seed_source_timestamp":0,"circlet_count":0,"master_deck":["AscendersBane","Strike_B","Strike_B","Strike_B","Strike_B","Defend_B","Defend_B","Defend_B","Defend_B","Dualcast","Hyperbeam","Decay","Rip and Tear"],"special_seed":0,"relics":["Cursed Key","Darkstone Periapt","Du-Vu Doll","Busted Crown","Emotion Chip","Potion Belt","Happy Flower","Kunai","Shovel","Question Card","PreservedInsect","Shuriken","The Courier"],"potions_floor_usage":[16,16,16],"damage_taken":[{"damage":0.0,"enemies":"Jaw Worm","floor":1.0,"turns":3.0},{"damage":0.0,"enemies":"Small Slimes","floor":2.0,"turns":2.0},{"damage":0.0,"enemies":"Cultist","floor":4.0,"turns":2.0},{"damage":0.0,"enemies":"Gremlin Nob","floor":6.0,"turns":3.0},{"damage":0.0,"enemies":"3 Sentries","floor":8.0,"turns":4.0},{"damage":3.0,"enemies":"Lagavulin","floor":10.0,"turns":4.0},{"damage":0.0,"enemies":"Looter","floor":12.0,"turns":2.0},{"damage":0.0,"enemies":"Gremlin Nob","floor":14.0,"turns":2.0},{"damage":3,"enemies":"Hexaghost","floor":16,"turns":2}],"seed_played":"-8940106683856461723","potions_obtained":[{"floor":1.0,"key":"Explosive Potion"},{"floor":2.0,"key":"Ancient Potion"},{"floor":4.0,"key":"EssenceOfSteel"},{"floor":8.0,"key":"FearPotion"},{"floor":12.0,"key":"PowerPotion"},{"floor":14.0,"key":"EssenceOfSteel"}],"is_trial":true,"path_per_floor":["M","M","$","M","?","E","?","E","T","E","R","M","R","E","R","B"],"character_chosen":"DEFECT","items_purchased":["Hyperbeam"],"campfire_rested":0,"item_purchase_floors":[3],"current_hp_per_floor":[1,1,1,1,1,1,1,1,6,3,3,3,2,1,1,0],"gold":429,"neow_bonus":"","is_prod":false,"is_daily":false,"chose_seed":false,"campfire_upgraded":0,"win_rate":0,"timestamp":1541936421,"path_taken":["M","M","$","M","?","E","?","E","T","E","R","M","R","?","R","BOSS"],"build_version":"2018-11-08","purchased_purges":0,"victory":false,"max_hp_per_floor":[1,1,1,1,1,1,1,1,6,5,4,3,2,1,1,1],"card_choices":[{"not_picked":[],"picked":"Rip and Tear","floor":12.0},{"not_picked":["Biased Cognition"],"picked":"SKIP","floor":14.0}],"player_experience":476375,"relics_obtained":[{"floor":6.0,"key":"Emotion Chip"},{"floor":8.0,"key":"Happy Flower"},{"floor":9.0,"key":"Kunai"},{"floor":10.0,"key":"Shovel"},{"floor":11.0,"key":"Question Card"},{"floor":13.0,"key":"PreservedInsect"},{"floor":14.0,"key":"Shuriken"},{"floor":15.0,"key":"The Courier"}],"event_choices":[{"cards_removed":["Zap"],"damage_healed":0.0,"max_hp_gain":0.0,"max_hp_loss":0.0,"gold_gain":0.0,"event_name":"Living Wall","player_choice":"Forget","floor":5.0,"gold_loss":0.0,"damage_taken":0.0},{"damage_healed":0.0,"max_hp_gain":0.0,"max_hp_loss":0.0,"gold_gain":0.0,"event_name":"WeMeetAgain","player_choice":"Paid Gold","floor":7.0,"gold_loss":52.0,"damage_taken":0.0,"relics_obtained":["Potion Belt"]}],"is_beta":true,"boss_relics":[],"items_purged_floors":[],"is_endless":false,"potions_floor_spawned":[1,2,4,8,12,14],"killed_by":"Hexaghost","ascension_level":20}