{"gold_per_floor":[116,134,146,146,71,71,90,50,50,50,65,65,65,65,65,65],"floor_reached":16,"playtime":360,"items_purged":["Defend_G"],"score":180,"play_id":"546f5e76-f140-4700-b9dd-39fd2255e348","local_time":"20190120194703","is_ascension_mode":true,"campfire_choices":[{"data":"Neutralize","floor":6,"key":"SMITH"},{"data":"Acrobatics","floor":10,"key":"SMITH"},{"data":"Noxious Fumes","floor":13,"key":"SMITH"},{"data":"Acrobatics","floor":15,"key":"SMITH"}],"neow_cost":"PERCENT_DAMAGE","seed_source_timestamp":37699625422011,"circlet_count":0,"master_deck":["AscendersBane","Defend_G","Defend_G","Defend_G","Strike_G","Strike_G","Strike_G","Survivor","Neutralize+1","Acrobatics+1","Eviscerate","Acrobatics+1","Noxious Fumes+1"],"relics":["Ring of the Snake","Nunchaku"],"potions_floor_usage":[11],"damage_taken":[{"damage":6,"enemies":"Cultist","floor":1,"turns":5},{"damage":2,"enemies":"2 Louse","floor":2,"turns":3},{"damage":0,"enemies":"Jaw Worm","floor":3,"turns":5},{"damage":0,"enemies":"2 Fungi Beasts","floor":7,"turns":6},{"damage":3,"enemies":"Looter","floor":8,"turns":4},{"damage":23,"enemies":"Exordium Wildlife","floor":11,"turns":8},{"damage":0,"enemies":"Hexaghost","floor":16,"turns":1}],"seed_played":"-1339013524104478194","potions_obtained":[{"floor":7,"key":"Regen Potion"},{"floor":11,"key":"LiquidBronze"}],"is_trial":false,"path_per_floor":["M","M","M","?","$","R","M","M","T","R","M","$","R","$","R","B"],"character_chosen":"THE_SILENT","items_purchased":[],"campfire_rested":0,"item_purchase_floors":[],"current_hp_per_floor":[38,36,36,36,36,36,36,33,33,33,25,25,25,25,25,25],"gold":65,"neow_bonus":"REMOVE_TWO","is_prod":false,"is_daily":false,"chose_seed":false,"campfire_upgraded":4,"win_rate":0,"timestamp":1547984823,"path_taken":["M","?","?","?","?","R","M","M","T","R","M","$","R","$","R","BOSS"],"build_version":"2019-01-17v2","purchased_purges":1,"victory":false,"max_hp_per_floor":[66,66,66,66,66,66,66,66,66,66,66,66,66,66,66,66],"card_choices":[{"not_picked":["Prepared","Cloak And Dagger","Dodge and Roll"],"picked":"SKIP","floor":1},{"not_picked":["Setup","Dagger Spray"],"picked":"Acrobatics","floor":2},{"not_picked":["PiercingWail","Flying Knee","Choke"],"picked":"SKIP","floor":3},{"not_picked":["Blade Dance","Caltrops"],"picked":"Eviscerate","floor":7},{"not_picked":["Finisher","Setup"],"picked":"Acrobatics","floor":8},{"not_picked":["Dagger Throw","Deflect"],"picked":"Noxious Fumes","floor":11}],"player_experience":2081665,"relics_obtained":[{"floor":9,"key":"Nunchaku"}],"event_choices":[{"cards_removed":["Strike_G"],"damage_healed":0,"gold_gain":0,"player_choice":"Purged","damage_taken":0,"max_hp_gain":0,"max_hp_loss":0,"event_name":"Purifier","floor":4,"gold_loss":0}],"is_beta":false,"boss_relics":[],"items_purged_floors":[5],"is_endless":false,"potions_floor_spawned":[7,11],"killed_by":"Hexaghost","ascension_level":20}