{"gold_per_floor":[110,110,110,18,31,31,49,49,49,60,60,60,12,31,31,136,136,149,163,163,177,28,28,41,41,41,41,56,56,82,82,82,185,185,200,214,43,61,23,23,0,33,107,107,107,107,122,8,8,8],"floor_reached":51,"playtime":1727,"items_purged":["Steam Power","Streamline"],"score":683,"play_id":"ac68fb5d-529c-4e8b-920f-81cbed4f330d","local_time":"20190618150334","is_ascension_mode":false,"campfire_choices":[{"data":"Biased Cognition","floor":6.0,"key":"SMITH"},{"data":"Storm","floor":8.0,"key":"SMITH"},{"data":"Coolheaded","floor":15.0,"key":"SMITH"},{"data":"Zap","floor":23.0,"key":"SMITH"},{"data":"Dualcast","floor":29.0,"key":"SMITH"},{"floor":32.0,"key":"REST"},{"data":"Thunder Strike","floor":40,"key":"SMITH"},{"floor":45,"key":"REST"},{"data":"Blizzard","floor":49,"key":"SMITH"}],"neow_cost":"NONE","seed_source_timestamp":16505811053749,"circlet_count":0,"master_deck":["Defend_B","Defend_B","Defend_B","Defend_B","Zap+1","Dualcast+1","Biased Cognition+1","Conserve Battery","Impatience","Storm+1","Coolheaded+1","Machine Learning+1","Hologram+1","Blizzard+1","Thunder Strike+1","Capacitor+1","Core Surge","Creative AI+1","Necronomicurse","Echo Form+1","Consume+1","Heatsinks+1","Self Repair+1","Core Surge","Static Discharge+1","Chill"],"special_seed":0,"relics":["Cracked Core","Potion Belt","Kunai","Frozen Egg 2","Velvet Choker","Juzu Bracelet","Blue Candle","Necronomicon","Busted Crown","Red Mask","Bottled Lightning","Pantograph"],"potions_floor_usage":[35,35,50,50],"damage_taken":[{"damage":0.0,"enemies":"Small Slimes","floor":1.0,"turns":2.0},{"damage":6.0,"enemies":"Jaw Worm","floor":5.0,"turns":2.0},{"damage":0.0,"enemies":"Cultist","floor":7.0,"turns":3.0},{"damage":5.0,"enemies":"3 Louse","floor":10.0,"turns":2.0},{"damage":0.0,"enemies":"Blue Slaver","floor":14.0,"turns":3.0},{"damage":22.0,"enemies":"The Guardian","floor":16.0,"turns":13.0},{"damage":0.0,"enemies":"Spheric Guardian","floor":18.0,"turns":3.0},{"damage":0.0,"enemies":"Chosen","floor":19.0,"turns":3.0},{"damage":1.0,"enemies":"Snecko","floor":21.0,"turns":5.0},{"damage":0.0,"enemies":"Cultist and Chosen","floor":24.0,"turns":4.0},{"damage":3.0,"enemies":"Centurion and Healer","floor":28.0,"turns":4.0},{"damage":36.0,"enemies":"Slavers","floor":30.0,"turns":3.0},{"damage":40.0,"enemies":"Automaton","floor":33.0,"turns":5.0},{"damage":6,"enemies":"3 Darklings","floor":35,"turns":3},{"damage":5,"enemies":"Orb Walker","floor":36,"turns":2},{"damage":7,"enemies":"Sphere and 2 Shapes","floor":38,"turns":4},{"damage":34,"enemies":"Nemesis","floor":42,"turns":5},{"damage":12,"enemies":"Jaw Worm Horde","floor":47,"turns":3},{"damage":36,"enemies":"Awakened One","floor":50,"turns":7}],"seed_played":"356131801053799154","potions_obtained":[{"floor":7.0,"key":"SteroidPotion"},{"floor":14.0,"key":"PowerPotion"},{"floor":18.0,"key":"AttackPotion"},{"floor":28.0,"key":"Dexterity Potion"},{"floor":33.0,"key":"GamblersBrew"},{"floor":35,"key":"Fire Potion"},{"floor":36,"key":"FocusPotion"}],"is_trial":false,"path_per_floor":["M","?","?","$","M","R","M","R","T","M","?","T","$","M","R","B",null,"M","M","?","M","$","R","M","?","T","?","M","R","E","?","R","B",null,"M","M","$","M","$","R","?","E","T","?","R","?","M","$","R","B",null],"character_chosen":"DEFECT","items_purchased":["Impatience","Coolheaded","Thunder Strike","Heatsinks+1","Self Repair+1","Static Discharge+1","Chill"],"campfire_rested":2,"item_purchase_floors":[4,13,22,37,39,48,48],"current_hp_per_floor":[75,63,63,63,57,57,57,57,57,52,45,45,45,45,45,23,75,75,75,75,74,74,74,74,74,74,74,71,71,35,19,41,1,75,69,64,64,57,57,57,57,33,33,33,55,55,53,53,53,45],"gold":8,"neow_bonus":"ONE_RANDOM_RARE_CARD","is_prod":false,"is_daily":false,"chose_seed":false,"campfire_upgraded":7,"win_rate":0,"timestamp":1560841414,"path_taken":["M","?","?","$","M","R","M","R","T","?","?","?","$","M","R","BOSS","M","M","?","M","$","R","M","?","T","?","M","R","E","?","R","BOSS","M","M","$","M","$","R","?","E","T","?","R","?","M","$","R","BOSS"],"build_version":"2019-01-23","purchased_purges":2,"victory":true,"max_hp_per_floor":[75,75,75,75,75,75,75,75,75,75,75,75,75,75,75,75,75,75,75,75,75,75,75,75,75,75,75,75,75,75,75,75,75,75,75,75,75,75,75,75,75,75,75,75,75,71,71,71,71,71],"card_choices":[{"not_picked":["Reprogram","Compile Driver"],"picked":"Conserve Battery","floor":1.0},{"not_picked":["Barrage","Undo"],"picked":"Storm","floor":5.0},{"not_picked":["Streamline","Redo","Sweeping Beam"],"picked":"SKIP","floor":7.0},{"not_picked":["Blizzard","Beam Cell","Rip and Tear"],"picked":"SKIP","floor":10.0},{"not_picked":["Conserve Battery","Beam Cell","Reprogram"],"picked":"SKIP","floor":14.0},{"not_picked":["Multi-Cast","All For One"],"picked":"Machine Learning+1","floor":16.0},{"not_picked":["Go for the Eyes","Streamline+1"],"picked":"Hologram+1","floor":18.0},{"not_picked":["Go for the Eyes","Barrage","Sweeping Beam+1"],"picked":"SKIP","floor":19.0},{"not_picked":["Sweeping Beam+1","Leap"],"picked":"Blizzard","floor":21.0},{"not_picked":["Glacier","Conserve Battery+1"],"picked":"Capacitor+1","floor":24.0},{"not_picked":["Hello World+1","Conserve Battery","Genetic Algorithm+1"],"picked":"SKIP","floor":28.0},{"not_picked":["Streamline","Blizzard+1"],"picked":"Echo Form+1","floor":30.0},{"not_picked":["Fission","Core Surge"],"picked":"Echo Form+1","floor":33.0},{"not_picked":["Cold Snap"],"picked":"SKIP","floor":35},{"not_picked":[],"picked":"Consume+1","floor":36},{"not_picked":["Conserve Battery"],"picked":"SKIP","floor":38},{"not_picked":[],"picked":"Core Surge","floor":42},{"not_picked":["Steam+1"],"picked":"SKIP","floor":47}],"player_experience":5398233,"relics_obtained":[{"floor":9.0,"key":"Kunai"},{"floor":12.0,"key":"Frozen Egg 2"},{"floor":26.0,"key":"Juzu Bracelet"},{"floor":30.0,"key":"Blue Candle"},{"floor":31.0,"key":"Necronomicon"},{"floor":42,"key":"Bottled Lightning"},{"floor":43,"key":"Pantograph"}],"event_choices":[{"damage_healed":0.0,"max_hp_gain":0.0,"max_hp_loss":0.0,"gold_gain":0.0,"event_name":"Scrap Ooze","player_choice":"Success","floor":2.0,"gold_loss":0.0,"damage_taken":12.0,"relics_obtained":["Potion Belt"]},{"cards_removed":["Strike_B"],"damage_healed":0.0,"max_hp_gain":0.0,"max_hp_loss":0.0,"gold_gain":0.0,"event_name":"Bonfire Elementals","player_choice":"Offered Basic","floor":3.0,"gold_loss":0.0,"damage_taken":0.0},{"cards_removed":["Strike_B"],"damage_healed":0.0,"max_hp_gain":0.0,"max_hp_loss":0.0,"gold_gain":0.0,"event_name":"Golden Wing","player_choice":"Card Removal","floor":11.0,"gold_loss":0.0,"damage_taken":7.0},{"damage_healed":0.0,"max_hp_gain":0.0,"max_hp_loss":0.0,"gold_gain":0.0,"cards_transformed":["Strike_B","Strike_B"],"event_name":"Drug Dealer","player_choice":"Became Test Subject","floor":20.0,"gold_loss":0.0,"damage_taken":0.0,"cards_obtained":["Streamline","Steam Power"]},{"damage_healed":0.0,"max_hp_gain":0.0,"max_hp_loss":0.0,"gold_gain":0.0,"event_name":"The Library","player_choice":"Read","floor":25.0,"gold_loss":0.0,"damage_taken":0.0,"cards_obtained":["Core Surge"]},{"damage_healed":0.0,"max_hp_gain":0.0,"max_hp_loss":0.0,"gold_gain":0.0,"event_name":"Match and Keep!","player_choice":"1 cards matched","floor":27.0,"gold_loss":0.0,"damage_taken":0.0,"cards_obtained":["Creative AI"]},{"damage_healed":0.0,"max_hp_gain":0.0,"max_hp_loss":0.0,"gold_gain":0.0,"event_name":"Cursed Tome","player_choice":"Obtained Book","floor":31.0,"gold_loss":0.0,"damage_taken":16.0},{"damage_healed":0,"gold_gain":0,"player_choice":"Paid","damage_taken":0,"relics_obtained":["Red Mask"],"max_hp_gain":0,"max_hp_loss":0,"event_name":"Tomb of Lord Red Mask","floor":41,"gold_loss":23},{"cards_removed":["Echo Form"],"damage_healed":0,"gold_gain":0,"player_choice":"Removed Power","damage_taken":0,"max_hp_gain":0,"max_hp_loss":0,"event_name":"Falling","floor":44,"gold_loss":0},{"damage_healed":0,"gold_gain":0,"player_choice":"Max HP","damage_taken":0,"max_hp_gain":0,"max_hp_loss":4,"event_name":"Winding Halls","floor":46,"gold_loss":0}],"is_beta":false,"boss_relics":[{"not_picked":["Orrery","White Beast Statue"],"picked":"Velvet Choker"},{"not_picked":["Astrolabe","Fusion Hammer"],"picked":"Busted Crown"}],"items_purged_floors":[22,37],"is_endless":false,"potions_floor_spawned":[7,14,18,28,33,35,36],"ascension_level":0}