{"gold_per_floor":[365,380,393,393,72,72,42,117,117,117,134,96,96,112,112,216,216,236,246,246,346,246,246,262,262,292,302,316,48,58,58,58,163,163,183,195,120,140,159,159,159,171,250,268,180,180,193,203,203,203],"floor_reached":51,"playtime":1668,"items_purged":["Regret","Sucker Punch","Underhanded Strike","Underhanded Strike","Survivor"],"score":718,"play_id":"4ff283d8-32b7-4486-9867-a28d82811e33","local_time":"20181115141332","is_ascension_mode":false,"campfire_choices":[{"data":"Neutralize","floor":6.0,"key":"SMITH"},{"data":"Tactician","floor":10.0,"key":"SMITH"},{"data":"Noxious Fumes","floor":13.0,"key":"SMITH"},{"data":"Reflex","floor":15.0,"key":"SMITH"},{"data":"Well Laid Plans","floor":23.0,"key":"SMITH"},{"data":"Grand Finale","floor":32,"key":"SMITH"},{"floor":40,"key":"REST"},{"floor":49,"key":"REST"}],"neow_cost":"CURSE","seed_source_timestamp":13834182624032,"circlet_count":0,"master_deck":["Neutralize+1","Tactician+1","Reflex+1","Prepared+1","Dagger Throw+1","Noxious Fumes+1","Grand Finale+1","Quick Slash+1","Dagger Throw+1","Noxious Fumes+1","Deflect+1","Terror+1","Catalyst+1","Well Laid Plans+1","Setup+1","Well Laid Plans+1","Prepared+1","Backflip+1","Acrobatics+1"],"special_seed":0,"relics":["Ring of the Snake","Toxic Egg 2","Regal Pillow","Pandora\u0027s Box","FossilizedHelix","Darkstone Periapt","Tiny Chest","Membership Card","Runic Pyramid","Molten Egg 2","Mark of the Bloom"],"potions_floor_usage":[24,36],"damage_taken":[{"damage":2.0,"enemies":"Cultist","floor":1.0,"turns":4.0},{"damage":0.0,"enemies":"2 Louse","floor":2.0,"turns":3.0},{"damage":5.0,"enemies":"Jaw Worm","floor":3.0,"turns":5.0},{"damage":0.0,"enemies":"Looter","floor":7.0,"turns":4.0},{"damage":0.0,"enemies":"3 Louse","floor":11.0,"turns":4.0},{"damage":8.0,"enemies":"Gremlin Gang","floor":14.0,"turns":4.0},{"damage":40.0,"enemies":"Slime Boss","floor":16.0,"turns":11.0},{"damage":4.0,"enemies":"2 Thieves","floor":18.0,"turns":3.0},{"damage":3.0,"enemies":"Chosen","floor":19.0,"turns":3.0},{"damage":0.0,"enemies":"Colosseum Slavers","floor":21.0,"turns":2.0},{"damage":20.0,"enemies":"Colosseum Nobs","floor":21.0,"turns":3.0},{"damage":0,"enemies":"Snecko","floor":24,"turns":3},{"damage":0,"enemies":"3 Cultists","floor":27,"turns":2},{"damage":0,"enemies":"Centurion and Healer","floor":28,"turns":2},{"damage":5,"enemies":"Snake Plant","floor":30,"turns":3},{"damage":1,"enemies":"Champ","floor":33,"turns":4},{"damage":0,"enemies":"3 Shapes","floor":35,"turns":3},{"damage":0,"enemies":"3 Darklings","floor":36,"turns":1},{"damage":31,"enemies":"Writhing Mass","floor":38,"turns":4},{"damage":0,"enemies":"Maw","floor":39,"turns":3},{"damage":0,"enemies":"Transient","floor":42,"turns":5},{"damage":0,"enemies":"Spire Growth","floor":44,"turns":2},{"damage":0,"enemies":"3 Darklings","floor":47,"turns":1},{"damage":0,"enemies":"Sphere and 2 Shapes","floor":48,"turns":1},{"damage":0,"enemies":"Time Eater","floor":50,"turns":3}],"seed_played":"2889220565835742152","potions_obtained":[{"floor":2.0,"key":"SpeedPotion"},{"floor":14.0,"key":"Ancient Potion"},{"floor":18.0,"key":"Poison Potion"},{"floor":24,"key":"Poison Potion"},{"floor":28,"key":"EssenceOfSteel"},{"floor":33,"key":"Swift Potion"},{"floor":36,"key":"Ancient Potion"}],"is_trial":false,"path_per_floor":["M","M","M","?","$","R","M","?","T","R","M","$","R","M","R","B",null,"M","M","?","?","$","R","M","?","T","M","M","$","M","?","R","B",null,"M","M","$","M","M","R","?","M","T","M","$","?","M","M","R","B",null],"character_chosen":"THE_SILENT","items_purchased":["Toxic Egg 2","Noxious Fumes","Membership Card"],"campfire_rested":2,"item_purchase_floors":[5,12,29],"current_hp_per_floor":[68,68,63,63,63,63,63,52,52,52,52,52,52,44,44,4,70,66,63,63,43,43,43,43,43,43,43,43,43,38,38,38,37,70,70,70,70,39,39,70,70,70,70,70,70,70,70,70,70,70],"gold":203,"neow_bonus":"TWO_FIFTY_GOLD","is_prod":false,"is_daily":false,"chose_seed":false,"campfire_upgraded":6,"win_rate":0,"timestamp":1542262412,"path_taken":["M","M","M","?","$","R","M","?","T","R","M","$","R","M","R","BOSS","M","M","?","?","$","R","M","?","T","M","?","$","M","?","R","BOSS","M","M","$","M","M","R","?","M","T","?","$","?","M","M","R","BOSS"],"build_version":"2018-11-08","purchased_purges":5,"victory":true,"max_hp_per_floor":[70,70,70,70,70,70,70,70,70,70,70,70,70,70,70,70,70,70,70,70,70,70,70,70,70,70,70,70,70,70,70,70,70,70,70,70,70,70,70,70,70,70,70,70,70,70,70,70,70,70],"card_choices":[{"not_picked":["Escape Plan","Deflect"],"picked":"Tactician","floor":1.0},{"not_picked":["All Out Attack","Expertise","Dagger Throw"],"picked":"SKIP","floor":2.0},{"not_picked":["Deflect","Predator","Concentrate"],"picked":"SKIP","floor":3.0},{"not_picked":["Cloak And Dagger+1","PiercingWail+1"],"picked":"Prepared+1","floor":7.0},{"not_picked":["Dash","Underhanded Strike","Dagger Throw"],"picked":"SKIP","floor":11.0},{"not_picked":["Dash","Underhanded Strike"],"picked":"Dagger Throw","floor":11.0},{"not_picked":["Underhanded Strike","Outmaneuver+1","Slice"],"picked":"SKIP","floor":14.0},{"not_picked":["Unload","Burst+1"],"picked":"Grand Finale","floor":16.0},{"not_picked":["Bane+1","Endless Agony"],"picked":"Catalyst+1","floor":18.0},{"not_picked":["Poisoned Stab","Dodge and Roll+1"],"picked":"Well Laid Plans","floor":19.0},{"not_picked":["Bane","Finisher","Blade Dance+1"],"picked":"SKIP","floor":24},{"not_picked":["Blade Dance+1","Deflect+1","Doppelganger+1"],"picked":"SKIP","floor":27},{"not_picked":["Slice","Noxious Fumes","Dagger Throw"],"picked":"SKIP","floor":28},{"not_picked":["Deflect+1","Outmaneuver+1"],"picked":"Prepared+1","floor":30},{"not_picked":["Slice+1","Outmaneuver+1","Flying Knee+1"],"picked":"SKIP","floor":35},{"not_picked":["Cloak And Dagger+1","Poisoned Stab","Predator"],"picked":"SKIP","floor":36},{"not_picked":["Bouncing Flask+1","Deflect+1"],"picked":"Backflip+1","floor":38},{"not_picked":["Terror+1","Underhanded Strike+1","Well Laid Plans+1"],"picked":"SKIP","floor":39},{"not_picked":["Footwork","Accuracy","Flying Knee+1"],"picked":"SKIP","floor":42},{"not_picked":["All Out Attack+1","Slice+1","Dodge and Roll+1"],"picked":"SKIP","floor":44},{"not_picked":["Calculated Gamble+1","Escape Plan+1","Sucker Punch+1"],"picked":"SKIP","floor":47},{"not_picked":["Catalyst+1","Dodge and Roll+1"],"picked":"Acrobatics+1","floor":48}],"player_experience":1020694,"relics_obtained":[{"floor":9.0,"key":"Regal Pillow"},{"floor":21.0,"key":"FossilizedHelix"},{"floor":21.0,"key":"Darkstone Periapt"},{"floor":26,"key":"Tiny Chest"},{"floor":43,"key":"Molten Egg 2"}],"event_choices":[{"damage_healed":0.0,"max_hp_gain":0.0,"max_hp_loss":0.0,"gold_gain":0.0,"cards_transformed":["Strike_G"],"event_name":"Living Wall","player_choice":"Change","floor":4.0,"gold_loss":0.0,"damage_taken":0.0,"cards_obtained":["Reflex"]},{"damage_healed":0.0,"max_hp_gain":0.0,"max_hp_loss":0.0,"gold_gain":75.0,"event_name":"World of Goop","player_choice":"Gather Gold","floor":8.0,"gold_loss":0.0,"damage_taken":11.0},{"damage_healed":0.0,"max_hp_gain":0.0,"max_hp_loss":0.0,"gold_gain":0.0,"cards_transformed":["Dagger Spray","Flechettes"],"event_name":"Drug Dealer","player_choice":"Became Test Subject","floor":20.0,"gold_loss":0.0,"damage_taken":0.0,"cards_obtained":["Sucker Punch","Setup"]},{"damage_healed":0.0,"max_hp_gain":0.0,"max_hp_loss":0.0,"gold_gain":0.0,"event_name":"Colosseum","player_choice":"Fight","floor":21.0,"gold_loss":0.0,"damage_taken":0.0},{"damage_healed":0.0,"max_hp_gain":0.0,"max_hp_loss":0.0,"gold_gain":0.0,"event_name":"Colosseum","player_choice":"Fought Nobs","floor":21.0,"gold_loss":0.0,"damage_taken":0.0},{"damage_healed":0,"gold_gain":0,"player_choice":"Copied","damage_taken":0,"max_hp_gain":0,"max_hp_loss":0,"event_name":"Duplicator","floor":25,"gold_loss":0,"cards_obtained":["Well Laid Plans"]},{"damage_healed":0,"gold_gain":0,"player_choice":"Got Potions","damage_taken":0,"max_hp_gain":0,"max_hp_loss":0,"event_name":"Lab","floor":41,"gold_loss":0},{"damage_healed":0,"gold_gain":0,"player_choice":"Upgrade","damage_taken":0,"relics_obtained":["Mark of the Bloom"],"max_hp_gain":0,"max_hp_loss":0,"event_name":"MindBloom","floor":46,"gold_loss":0,"cards_upgraded":["Dagger Throw","Quick Slash","Dagger Throw","Noxious Fumes"]}],"is_beta":false,"boss_relics":[{"not_picked":["Ectoplasm","Calling Bell"],"picked":"Pandora\u0027s Box"},{"not_picked":["HoveringKite","Astrolabe"],"picked":"Runic Pyramid"}],"items_purged_floors":[5,22,29,37,45],"is_endless":false,"potions_floor_spawned":[2,14,18,24,28,33,36,38,44],"ascension_level":0}