{"gold_per_floor":[116,116,35,51,61,61,92,106,106,121,121,147,87,106,106,184,184,199,199,213,231,246,246,278,278,333,79,79,79,92,92,92,169,169,182,200,200,216,216,216,241,258,258,258,283,283,283,302,302,302,302,302,302,24,53,53],"floor_reached":56,"playtime":2206,"items_purged":["Strike_G","Strike_G","Outmaneuver"],"score":2174,"play_id":"87921454-63fb-4870-ab91-3b2765af0dba","local_time":"20190305203320","is_ascension_mode":true,"campfire_choices":[{"data":"Well Laid Plans","floor":6.0,"key":"SMITH"},{"data":"Expertise","floor":11.0,"key":"SMITH"},{"data":"Grand Finale","floor":15.0,"key":"SMITH"},{"data":"Acrobatics","floor":23.0,"key":"SMITH"},{"data":"Calculated Gamble","floor":25.0,"key":"SMITH"},{"data":"Envenom","floor":29.0,"key":"SMITH"},{"floor":32.0,"key":"RECALL"},{"data":"Concentrate","floor":40.0,"key":"SMITH"},{"data":"Tactician","floor":46.0,"key":"SMITH"},{"data":"Forethought","floor":49.0,"key":"SMITH"},{"data":"Neutralize","floor":53.0,"key":"SMITH"}],"neow_cost":"PERCENT_DAMAGE","seed_source_timestamp":30834272818401,"circlet_count":0,"master_deck":["AscendersBane","Defend_G","Defend_G","Defend_G","Defend_G","Survivor","Neutralize+1","Grand Finale+1","Well Laid Plans+1","Dagger Throw","Backflip","Expertise+1","Calculated Gamble+1","Acrobatics+1","Envenom+1","Concentrate+1","Tactician+1","Forethought+1","Expertise+1","Venomology"],"special_seed":0,"relics":["Ring of the Snake","Snake Skull","Bag of Marbles","The Courier","White Beast Statue","Anchor","Tiny Chest","ClockworkSouvenir","Runic Dome","Happy Flower","Juzu Bracelet","Toolbox","Centennial Puzzle"],"potions_floor_usage":[56,56,56],"damage_taken":[{"damage":4.0,"enemies":"Small Slimes","floor":1.0,"turns":4.0},{"damage":4.0,"enemies":"Cultist","floor":4.0,"turns":6.0},{"damage":2.0,"enemies":"Jaw Worm","floor":5.0,"turns":5.0},{"damage":3.0,"enemies":"Gremlin Nob","floor":7.0,"turns":3.0},{"damage":0.0,"enemies":"3 Louse","floor":8.0,"turns":2.0},{"damage":1.0,"enemies":"Looter","floor":10.0,"turns":2.0},{"damage":0.0,"enemies":"Lagavulin","floor":12.0,"turns":3.0},{"damage":0.0,"enemies":"Exordium Thugs","floor":14.0,"turns":1.0},{"damage":17.0,"enemies":"Slime Boss","floor":16.0,"turns":5.0},{"damage":2.0,"enemies":"3 Byrds","floor":18.0,"turns":2.0},{"damage":0.0,"enemies":"Spheric Guardian","floor":20.0,"turns":1.0},{"damage":12.0,"enemies":"Shelled Parasite and Fungi","floor":21.0,"turns":3.0},{"damage":1.0,"enemies":"Sentry and Sphere","floor":22.0,"turns":3.0},{"damage":4.0,"enemies":"Gremlin Leader","floor":24.0,"turns":5.0},{"damage":0.0,"enemies":"Centurion and Healer","floor":30.0,"turns":4.0},{"damage":11.0,"enemies":"Automaton","floor":33.0,"turns":6.0},{"damage":0.0,"enemies":"Orb Walker","floor":35.0,"turns":1.0},{"damage":0.0,"enemies":"3 Darklings","floor":36.0,"turns":1.0},{"damage":0.0,"enemies":"Maw","floor":38.0,"turns":4.0},{"damage":13.0,"enemies":"Nemesis","floor":41.0,"turns":5.0},{"damage":1.0,"enemies":"Writhing Mass","floor":42.0,"turns":3.0},{"damage":0.0,"enemies":"Giant Head","floor":45.0,"turns":4.0},{"damage":0.0,"enemies":"3 Darklings","floor":48.0,"turns":1.0},{"damage":0.0,"enemies":"Awakened One","floor":50.0,"turns":3.0},{"damage":8.0,"enemies":"Donu and Deca","floor":51.0,"turns":5.0},{"damage":0.0,"enemies":"Shield and Spear","floor":55.0,"turns":2.0},{"damage":58,"enemies":"The Heart","floor":56,"turns":3}],"seed_played":"2990867327398583636","potions_obtained":[{"floor":4.0,"key":"AttackPotion"},{"floor":7.0,"key":"GamblersBrew"},{"floor":14.0,"key":"Weak Potion"},{"floor":22.0,"key":"Energy Potion"},{"floor":24.0,"key":"AttackPotion"},{"floor":30.0,"key":"Block Potion"},{"floor":35.0,"key":"Energy Potion"},{"floor":38.0,"key":"AttackPotion"},{"floor":41.0,"key":"SkillPotion"}],"is_trial":false,"path_per_floor":["M","?","$","M","M","R","E","M","T","M","R","E","$","M","R","B",null,"M","?","M","M","M","R","E","R","T","$","?","R","M","?","R","B",null,"M","M","?","M","?","R","E","M","T","?","E","R","?","M","R","B","B",null,"R","$","E","B"],"character_chosen":"THE_SILENT","items_purchased":["Well Laid Plans","ClockworkSouvenir","Toolbox"],"campfire_rested":0,"item_purchase_floors":[3,27,54],"current_hp_per_floor":[40,36,36,32,30,30,27,27,27,26,26,26,26,26,26,9,52,50,50,50,38,37,37,33,33,33,33,33,33,33,33,33,22,55,55,55,55,55,55,55,42,41,41,41,41,41,41,41,41,41,33,58,58,58,58,0],"gold":53,"neow_bonus":"THREE_RARE_CARDS","is_prod":false,"is_daily":false,"chose_seed":false,"campfire_upgraded":10,"win_rate":0,"timestamp":1551789200,"path_taken":["M","?","$","?","M","R","E","M","T","M","R","E","$","?","R","BOSS","M","?","M","M","M","R","E","R","T","$","?","R","M","?","R","BOSS","M","M","?","M","?","R","E","?","T","?","E","R","?","M","R","BOSS","BOSS","R","$","E","BOSS"],"build_version":"2019-01-23","purchased_purges":3,"victory":false,"max_hp_per_floor":[66,66,66,66,66,66,66,66,66,66,66,66,66,66,66,66,66,66,66,66,66,66,66,66,66,66,66,66,66,66,66,66,66,66,66,66,66,66,66,66,66,66,66,66,66,66,66,66,66,66,66,66,66,66,66,66],"card_choices":[{"not_picked":["Phantasmal Killer","Burst"],"picked":"Grand Finale","floor":0.0},{"not_picked":["Slice","Caltrops","Riddle With Holes"],"picked":"SKIP","floor":1.0},{"not_picked":["Poisoned Stab","Dagger Spray"],"picked":"Dagger Throw","floor":4.0},{"not_picked":["All Out Attack","Accuracy"],"picked":"Backflip","floor":5.0},{"not_picked":["Blade Dance","Distraction"],"picked":"Expertise","floor":7.0},{"not_picked":["Blade Dance","Bane"],"picked":"Calculated Gamble","floor":8.0},{"not_picked":["Backflip","Dagger Spray","Catalyst"],"picked":"SKIP","floor":10.0},{"not_picked":["Riddle With Holes","Blade Dance","Escape Plan"],"picked":"SKIP","floor":12.0},{"not_picked":["Blade Dance","Distraction","Prepared"],"picked":"SKIP","floor":14.0},{"not_picked":["Bouncing Flask","Poisoned Stab+1"],"picked":"Acrobatics","floor":18.0},{"not_picked":["Dagger Throw","Flying Knee","Reflex"],"picked":"SKIP","floor":20.0},{"not_picked":["Backflip","Poisoned Stab+1","Sucker Punch"],"picked":"SKIP","floor":21.0},{"not_picked":["Backflip","All Out Attack","Corpse Explosion"],"picked":"SKIP","floor":22.0},{"not_picked":["Slice","Terror","Dash+1"],"picked":"SKIP","floor":24.0},{"not_picked":["Quick Slash","Poisoned Stab","Predator"],"picked":"SKIP","floor":30.0},{"not_picked":["Slice+1","Deflect","Choke"],"picked":"SKIP","floor":35.0},{"not_picked":["Blur","Crippling Poison+1","Outmaneuver+1"],"picked":"SKIP","floor":36.0},{"not_picked":["Dodge and Roll","Deflect","All Out Attack+1"],"picked":"SKIP","floor":38.0},{"not_picked":["Escape Plan","Dagger Throw","Skewer"],"picked":"SKIP","floor":41.0},{"not_picked":["Noxious Fumes+1","Dodge and Roll"],"picked":"Tactician","floor":42.0},{"not_picked":["Mayhem","Transmutation"],"picked":"Forethought","floor":44.0},{"not_picked":["Bane","Terror+1"],"picked":"Expertise+1","floor":45.0},{"not_picked":["Bouncing Flask+1","Cloak And Dagger","Deadly Poison"],"picked":"SKIP","floor":48.0},{"not_picked":["Sucker Punch+1","Caltrops"],"picked":"Venomology","floor":55.0}],"player_experience":3336582,"relics_obtained":[{"floor":7.0,"key":"Snake Skull"},{"floor":9.0,"key":"Bag of Marbles"},{"floor":12.0,"key":"The Courier"},{"floor":24.0,"key":"Anchor"},{"floor":26.0,"key":"Tiny Chest"},{"floor":41.0,"key":"Happy Flower"},{"floor":45.0,"key":"Juzu Bracelet"},{"floor":55.0,"key":"Centennial Puzzle"}],"event_choices":[{"damage_healed":0.0,"max_hp_gain":0.0,"max_hp_loss":0.0,"gold_gain":0.0,"event_name":"The Woman in Blue","player_choice":"Bought 0 Potions","floor":2.0,"gold_loss":0.0,"damage_taken":0.0},{"damage_healed":0.0,"max_hp_gain":0.0,"max_hp_loss":0.0,"gold_gain":0.0,"cards_transformed":["Strike_G","Strike_G"],"event_name":"Drug Dealer","player_choice":"Became Test Subject","floor":19.0,"gold_loss":0.0,"damage_taken":0.0,"cards_obtained":["Envenom","Outmaneuver"]},{"cards_removed":["Strike_G"],"damage_healed":0.0,"max_hp_gain":0.0,"max_hp_loss":0.0,"gold_gain":0.0,"event_name":"Back to Basics","player_choice":"Elegance","floor":28.0,"gold_loss":0.0,"damage_taken":0.0},{"damage_healed":0.0,"max_hp_gain":0.0,"max_hp_loss":0.0,"gold_gain":0.0,"event_name":"Ghosts","player_choice":"Ignored","floor":31.0,"gold_loss":0.0,"damage_taken":0.0},{"damage_healed":0.0,"max_hp_gain":0.0,"max_hp_loss":0.0,"gold_gain":0.0,"event_name":"Tomb of Lord Red Mask","player_choice":"Ignored","floor":37.0,"gold_loss":0.0,"damage_taken":0.0},{"damage_healed":0.0,"max_hp_gain":0.0,"max_hp_loss":0.0,"gold_gain":0.0,"event_name":"Match and Keep!","player_choice":"1 cards matched","floor":39.0,"gold_loss":0.0,"damage_taken":0.0,"cards_obtained":["Concentrate"]},{"damage_healed":0.0,"max_hp_gain":0.0,"max_hp_loss":0.0,"gold_gain":0.0,"event_name":"SensoryStone","player_choice":"Memory 1","floor":44.0,"gold_loss":0.0,"damage_taken":0.0},{"cards_removed":["Defend_G"],"damage_healed":0.0,"max_hp_gain":0.0,"max_hp_loss":0.0,"gold_gain":0.0,"event_name":"Falling","player_choice":"Removed Skill","floor":47.0,"gold_loss":0.0,"damage_taken":0.0}],"is_beta":false,"boss_relics":[{"not_picked":["Orrery","Velvet Choker"],"picked":"White Beast Statue"},{"not_picked":["Philosopher\u0027s Stone","Snecko Eye"],"picked":"Runic Dome"}],"items_purged_floors":[13,27,54],"is_endless":false,"potions_floor_spawned":[4,7,14,18,20,21,22,24,30,33,35,36,38,41,42,45,48,55],"killed_by":"The Heart","ascension_level":20}