{"gold_per_floor":[116,116,4,4,54,54,84,84,84,110,121,148,158,171,171,246,246,262,262,275,49,61,61,61,61,85,150,150],"floor_reached":28,"playtime":803,"items_purged":["Strike_B"],"score":522,"play_id":"8e702ca1-c323-4074-aea7-197cc1b1ceb4","local_time":"20190218030523","is_ascension_mode":true,"campfire_choices":[{"data":"Zap","floor":6.0,"key":"SMITH"},{"data":"Loop","floor":8.0,"key":"SMITH"},{"data":"Darkness","floor":15.0,"key":"SMITH"},{"floor":25,"key":"REST"}],"neow_cost":"NONE","seed_source_timestamp":25029328469830,"circlet_count":0,"master_deck":["AscendersBane","Defend_B","Defend_B","Defend_B","Zap+1","Dualcast","Coolheaded+1","Seek+1","Loop+1","Coolheaded","Ball Lightning","Darkness+1","Reinforced Body","Undo","Core Surge","Hologram","Turbo","Redo"],"special_seed":0,"relics":["Cracked Core","NeowsBlessing","Blood Vial","Pocketwatch","Dream Catcher","War Paint","Empty Cage","TheAbacus","SsserpentHead","Omamori"],"potions_floor_usage":[23,28],"damage_taken":[{"damage":0.0,"enemies":"Jaw Worm","floor":1.0,"turns":1.0},{"damage":0.0,"enemies":"Gremlin Nob","floor":7.0,"turns":1.0},{"damage":6.0,"enemies":"3 Sentries","floor":10.0,"turns":2.0},{"damage":9.0,"enemies":"Small Slimes","floor":11.0,"turns":4.0},{"damage":8.0,"enemies":"Gremlin Nob","floor":12.0,"turns":3.0},{"damage":0.0,"enemies":"Cultist","floor":13.0,"turns":3.0},{"damage":5.0,"enemies":"Lots of Slimes","floor":14.0,"turns":4.0},{"damage":19.0,"enemies":"Slime Boss","floor":16.0,"turns":7.0},{"damage":18,"enemies":"Shell Parasite","floor":18,"turns":7},{"damage":0,"enemies":"Spheric Guardian","floor":20,"turns":4},{"damage":18,"enemies":"Snake Plant","floor":22,"turns":4},{"damage":11,"enemies":"Colosseum Slavers","floor":23,"turns":5},{"damage":14,"enemies":"Chosen and Byrds","floor":27,"turns":5},{"damage":43,"enemies":"Slavers","floor":28,"turns":3}],"seed_played":"-2680202330544223124","potions_obtained":[{"floor":7.0,"key":"Block Potion"},{"floor":10.0,"key":"Energy Potion"},{"floor":16.0,"key":"FocusPotion"}],"is_trial":false,"path_per_floor":["M","?","$","?","?","R","E","R","T","E","M","E","M","M","R","B",null,"M","?","M","$","M","?","?","R","T","M","E"],"character_chosen":"DEFECT","items_purchased":["Loop","TheAbacus"],"campfire_rested":1,"item_purchase_floors":[3,21],"current_hp_per_floor":[64,64,64,57,57,57,57,57,57,53,46,40,42,39,39,22,59,43,43,45,45,29,20,20,41,41,29,0],"gold":150,"neow_bonus":"THREE_ENEMY_KILL","is_prod":false,"is_daily":false,"chose_seed":false,"campfire_upgraded":3,"win_rate":0,"timestamp":1550430323,"path_taken":["M","?","$","?","?","R","E","R","T","E","?","E","?","M","R","BOSS","M","?","M","$","M","?","?","R","T","?","E"],"build_version":"2019-01-23","purchased_purges":1,"victory":false,"max_hp_per_floor":[71,71,71,71,71,71,71,71,71,71,71,71,71,71,71,71,71,71,71,71,71,71,71,71,71,71,71,71],"card_choices":[{"not_picked":["Conserve Battery","Go for the Eyes"],"picked":"Coolheaded","floor":1.0},{"not_picked":["Turbo","Barrage"],"picked":"Coolheaded","floor":7.0},{"not_picked":["Reboot","Rainbow"],"picked":"Ball Lightning","floor":10.0},{"not_picked":["Ball Lightning","Streamline"],"picked":"Darkness","floor":11.0},{"not_picked":["Biased Cognition","Ball Lightning"],"picked":"Reinforced Body","floor":12.0},{"not_picked":["Scrape","Conserve Battery"],"picked":"Undo","floor":13.0},{"not_picked":["Conserve Battery","FTL","Compile Driver"],"picked":"SKIP","floor":14.0},{"not_picked":["Amplify","Reboot"],"picked":"Core Surge","floor":16.0},{"not_picked":["Coolheaded","Storm+1","Barrage"],"picked":"SKIP","floor":18},{"not_picked":["Heatsinks","Stack","White Noise"],"picked":"SKIP","floor":20},{"not_picked":["Capacitor","Genetic Algorithm"],"picked":"Turbo","floor":22},{"not_picked":["Barrage+1","Turbo"],"picked":"Redo","floor":27}],"player_experience":813555,"relics_obtained":[{"floor":7.0,"key":"Blood Vial"},{"floor":9.0,"key":"Pocketwatch"},{"floor":10.0,"key":"Dream Catcher"},{"floor":12.0,"key":"War Paint"},{"floor":26,"key":"Omamori"}],"event_choices":[{"damage_healed":0.0,"max_hp_gain":0.0,"max_hp_loss":0.0,"gold_gain":0.0,"cards_transformed":["Strike_B"],"event_name":"Living Wall","player_choice":"Change","floor":2.0,"gold_loss":0.0,"damage_taken":0.0,"cards_obtained":["Seek"]},{"cards_removed":["Strike_B"],"damage_healed":0.0,"max_hp_gain":0.0,"max_hp_loss":0.0,"gold_gain":0.0,"event_name":"Golden Wing","player_choice":"Card Removal","floor":4.0,"gold_loss":0.0,"damage_taken":7.0},{"damage_healed":0.0,"max_hp_gain":0.0,"max_hp_loss":0.0,"gold_gain":50.0,"event_name":"Golden Shrine","player_choice":"Pray","floor":5.0,"gold_loss":0.0,"damage_taken":0.0},{"damage_healed":0,"gold_gain":0,"player_choice":"Read","damage_taken":0,"max_hp_gain":0,"max_hp_loss":0,"event_name":"The Library","floor":19,"gold_loss":0,"cards_obtained":["Hologram"]},{"damage_healed":0,"gold_gain":0,"player_choice":"Fight","damage_taken":0,"max_hp_gain":0,"max_hp_loss":0,"event_name":"Colosseum","floor":23,"gold_loss":0},{"damage_healed":0,"gold_gain":0,"player_choice":"Fled From Nobs","damage_taken":0,"max_hp_gain":0,"max_hp_loss":0,"event_name":"Colosseum","floor":23,"gold_loss":0},{"damage_healed":0,"gold_gain":0,"player_choice":"Trade","damage_taken":0,"relics_obtained":["SsserpentHead"],"max_hp_gain":0,"max_hp_loss":0,"event_name":"FaceTrader","floor":24,"gold_loss":0}],"is_beta":false,"boss_relics":[{"not_picked":["Orrery","Pandora\u0027s Box"],"picked":"Empty Cage"}],"items_purged_floors":[3],"is_endless":false,"potions_floor_spawned":[7,10,13,16,18,20],"killed_by":"Slavers","ascension_level":20}