{"gold_per_floor":[113,31,106,122,138,138,173,173,173,173,198,198,217,228,228,323,323,342,441,475,475,320,350,350,363,363,363,187,205,225,236,236,334,334,347,362,362,373,473,499,499,513,513,532,550,566,566,788,788,788],"floor_reached":51,"playtime":2613,"items_purged":["Strike_B+1","Strike_B+1"],"score":824,"play_id":"910f985e-c906-4ea1-aefb-ff3236a4df22","local_time":"20190613203402","is_ascension_mode":false,"campfire_choices":[{"data":"Loop","floor":6.0,"key":"SMITH"},{"data":"Dualcast","floor":8.0,"key":"SMITH"},{"data":"Zap","floor":10.0,"key":"SMITH"},{"data":"Storm","floor":15.0,"key":"SMITH"},{"data":"Defragment","floor":24.0,"key":"SMITH"},{"floor":32.0,"key":"REST"},{"floor":41.0,"key":"REST"},{"floor":47,"key":"REST"},{"floor":49,"key":"RECALL"}],"neow_cost":"NONE","seed_source_timestamp":30427924879240,"circlet_count":0,"master_deck":["Defend_B","Defend_B","Defend_B","Defend_B","Zap+1","Dualcast+1","Storm+1","Doom and Gloom","Self Repair","Loop+1","White Noise","Capacitor","Skim","Electrodynamics","Defragment+1","Heatsinks","Storm","Echo Form","Double Energy","Buffer","Amplify","Capacitor+1","Loop+1","Self Repair"],"special_seed":0,"relics":["Cracked Core","FossilizedHelix","Dodecahedron","Odd Mushroom","Lizard Tail","Red Mask","Bag of Marbles","Bottled Tornado","Fusion Hammer","Incense Burner","Blood Vial","Kunai"],"potions_floor_usage":[50,50,50,50,50,50],"damage_taken":[{"damage":0.0,"enemies":"Small Slimes","floor":1.0,"turns":3.0},{"damage":4.0,"enemies":"Jaw Worm","floor":4.0,"turns":4.0},{"damage":7.0,"enemies":"2 Louse","floor":5.0,"turns":3.0},{"damage":30.0,"enemies":"3 Sentries","floor":7.0,"turns":6.0},{"damage":0.0,"enemies":"The Mushroom Lair","floor":11.0,"turns":3.0},{"damage":0.0,"enemies":"Looter","floor":13.0,"turns":3.0},{"damage":0.0,"enemies":"Lots of Slimes","floor":14.0,"turns":2.0},{"damage":0.0,"enemies":"Slime Boss","floor":16.0,"turns":4.0},{"damage":0.0,"enemies":"3 Byrds","floor":18.0,"turns":1.0},{"damage":0.0,"enemies":"Masked Bandits","floor":20.0,"turns":2.0},{"damage":14.0,"enemies":"Slavers","floor":23.0,"turns":2.0},{"damage":18.0,"enemies":"Shell Parasite","floor":25.0,"turns":4.0},{"damage":14.0,"enemies":"Snake Plant","floor":29.0,"turns":3.0},{"damage":18.0,"enemies":"Centurion and Healer","floor":30.0,"turns":3.0},{"damage":0.0,"enemies":"3 Cultists","floor":31.0,"turns":2.0},{"damage":2.0,"enemies":"Champ","floor":33.0,"turns":6.0},{"damage":27.0,"enemies":"3 Darklings","floor":35.0,"turns":4.0},{"damage":2.0,"enemies":"3 Shapes","floor":36.0,"turns":3.0},{"damage":0.0,"enemies":"Jaw Worm Horde","floor":38.0,"turns":2.0},{"damage":0.0,"enemies":"Mind Bloom Boss Battle","floor":39.0,"turns":4.0},{"damage":22.0,"enemies":"Reptomancer","floor":40.0,"turns":4.0},{"damage":0.0,"enemies":"Maw","floor":42.0,"turns":3.0},{"damage":0,"enemies":"3 Darklings","floor":44,"turns":2},{"damage":0,"enemies":"Transient","floor":45,"turns":5},{"damage":0,"enemies":"4 Shapes","floor":46,"turns":2},{"damage":0,"enemies":"Time Eater","floor":50,"turns":3}],"seed_played":"-8862281918116424761","potions_obtained":[{"floor":1.0,"key":"SkillPotion"},{"floor":11.0,"key":"Explosive Potion"},{"floor":16.0,"key":"Poison Potion"},{"floor":31.0,"key":"PowerPotion"},{"floor":35.0,"key":"Weak Potion"},{"floor":40.0,"key":"EntropicBrew"}],"is_trial":false,"path_per_floor":["M","$","?","M","M","R","E","R","T","R","?","?","M","M","R","B",null,"M","?","?","?","$","E","R","M","T","?","$","M","M","M","R","B",null,"M","M","?","M","?","E","R","M","T","M","M","M","R","?","R","B",null],"character_chosen":"DEFECT","items_purchased":["Doom and Gloom","Heatsinks","Storm"],"campfire_rested":3,"item_purchase_floors":[2,22,28],"current_hp_per_floor":[75,75,64,60,60,60,37,37,37,37,44,29,36,43,43,50,75,75,75,75,75,75,68,68,50,50,50,50,43,25,25,47,52,75,48,53,53,53,67,52,71,71,71,71,71,71,71,71,71,71],"gold":788,"neow_bonus":"REMOVE_CARD","is_prod":false,"is_daily":false,"chose_seed":false,"campfire_upgraded":5,"win_rate":0,"timestamp":1560429242,"path_taken":["M","$","?","M","M","R","E","R","T","R","?","?","M","M","R","BOSS","M","?","?","?","$","E","R","M","T","?","?","?","M","M","R","BOSS","M","?","?","M","?","E","R","?","T","M","M","M","R","?","R","BOSS"],"build_version":"2019-01-23","purchased_purges":2,"victory":true,"max_hp_per_floor":[75,75,75,75,75,75,75,75,75,75,75,75,75,75,75,75,75,75,75,75,75,75,75,75,75,75,75,75,75,75,75,75,75,75,75,75,71,71,71,71,71,71,71,71,71,71,71,71,71,71],"card_choices":[{"not_picked":["Steam","Fusion"],"picked":"Storm","floor":1.0},{"not_picked":["Gash","Go for the Eyes"],"picked":"Self Repair","floor":4.0},{"not_picked":["Coolheaded","Reboot"],"picked":"Loop","floor":5.0},{"not_picked":["Sweeping Beam","Cold Snap","Aggregate"],"picked":"SKIP","floor":7.0},{"not_picked":["Go for the Eyes","Sweeping Beam"],"picked":"White Noise","floor":11.0},{"not_picked":["Cold Snap","Leap"],"picked":"Capacitor","floor":13.0},{"not_picked":["Melter","Redo"],"picked":"Skim","floor":14.0},{"not_picked":["Fission","All For One"],"picked":"Electrodynamics","floor":16.0},{"not_picked":["Hologram","Sweeping Beam"],"picked":"Defragment","floor":18.0},{"not_picked":["Steam","Go for the Eyes+1","Doom and Gloom"],"picked":"SKIP","floor":23.0},{"not_picked":["Leap","Coolheaded","Doom and Gloom"],"picked":"SKIP","floor":25.0},{"not_picked":["Cold Snap","Skim"],"picked":"Echo Form","floor":29.0},{"not_picked":["Go for the Eyes","Redo+1","Hello World"],"picked":"SKIP","floor":30.0},{"not_picked":["Coolheaded","Force Field"],"picked":"Double Energy","floor":31.0},{"not_picked":["Seek","All For One"],"picked":"Buffer","floor":33.0},{"not_picked":["Stack","Coolheaded","Streamline"],"picked":"SKIP","floor":35.0},{"not_picked":["Genetic Algorithm+1","Redo+1","Gash+1"],"picked":"SKIP","floor":36.0},{"not_picked":["Leap","BootSequence","Steam"],"picked":"SKIP","floor":38.0},{"not_picked":["Self Repair+1","Aggregate"],"picked":"Amplify","floor":40.0},{"not_picked":["Sunder","Darkness","Go for the Eyes+1"],"picked":"SKIP","floor":42.0},{"not_picked":["Hologram","Beam Cell+1"],"picked":"Capacitor+1","floor":44},{"not_picked":["Gash+1","Static Discharge"],"picked":"Loop+1","floor":45},{"not_picked":["Sweeping Beam","Beam Cell"],"picked":"Self Repair","floor":46}],"player_experience":5160624,"relics_obtained":[{"floor":7.0,"key":"FossilizedHelix"},{"floor":9.0,"key":"Dodecahedron"},{"floor":11.0,"key":"Odd Mushroom"},{"floor":20.0,"key":"Red Mask"},{"floor":23.0,"key":"Bag of Marbles"},{"floor":26.0,"key":"Bottled Tornado"},{"floor":39.0,"key":"Incense Burner"},{"floor":40.0,"key":"Blood Vial"},{"floor":43.0,"key":"Kunai"}],"event_choices":[{"damage_healed":0.0,"max_hp_gain":0.0,"max_hp_loss":0.0,"gold_gain":75.0,"event_name":"World of Goop","player_choice":"Gather Gold","floor":3.0,"gold_loss":0.0,"damage_taken":11.0},{"damage_healed":0.0,"max_hp_gain":0.0,"max_hp_loss":0.0,"gold_gain":0.0,"event_name":"Mushrooms","player_choice":"Fought Mushrooms","floor":11.0,"gold_loss":0.0,"damage_taken":0.0},{"damage_healed":0.0,"max_hp_gain":0.0,"max_hp_loss":0.0,"gold_gain":0.0,"event_name":"Shining Light","player_choice":"Entered Light","floor":12.0,"gold_loss":0.0,"damage_taken":15.0,"cards_upgraded":["Strike_B","Strike_B"]},{"damage_healed":0.0,"max_hp_gain":0.0,"max_hp_loss":0.0,"gold_gain":99.0,"event_name":"Nest","player_choice":"Stole From Cult","floor":19.0,"gold_loss":0.0,"damage_taken":0.0},{"damage_healed":0.0,"max_hp_gain":0.0,"max_hp_loss":0.0,"gold_gain":0.0,"event_name":"Masked Bandits","player_choice":"Fought Bandits","floor":20.0,"gold_loss":0.0,"damage_taken":0.0},{"cards_removed":["Strike_B"],"damage_healed":0.0,"max_hp_gain":0.0,"max_hp_loss":0.0,"gold_gain":0.0,"event_name":"Back to Basics","player_choice":"Elegance","floor":21.0,"gold_loss":0.0,"damage_taken":0.0},{"damage_healed":0.0,"max_hp_gain":0.0,"max_hp_loss":0.0,"gold_gain":0.0,"event_name":"The Mausoleum","player_choice":"Ignored","floor":27.0,"gold_loss":0.0,"damage_taken":0.0},{"damage_healed":0.0,"max_hp_gain":0.0,"max_hp_loss":4.0,"gold_gain":0.0,"event_name":"Winding Halls","player_choice":"Max HP","floor":37.0,"gold_loss":0.0,"damage_taken":0.0},{"damage_healed":0.0,"max_hp_gain":0.0,"max_hp_loss":0.0,"gold_gain":0.0,"event_name":"MindBloom","player_choice":"Fight","floor":39.0,"gold_loss":0.0,"damage_taken":0.0},{"damage_healed":0,"gold_gain":222,"player_choice":"Wore Mask","damage_taken":0,"max_hp_gain":0,"max_hp_loss":0,"event_name":"Tomb of Lord Red Mask","floor":48,"gold_loss":0}],"is_beta":false,"boss_relics":[{"not_picked":["White Beast Statue","FrozenCore"],"picked":"Lizard Tail"},{"not_picked":["Calling Bell","Empty Cage"],"picked":"Fusion Hammer"}],"items_purged_floors":[22,28],"is_endless":false,"potions_floor_spawned":[1,11,16,23,31,35,39,40,42],"ascension_level":0}