{"gold_per_floor":[110,127,143,143,157,157,168,168,242,260,260,279,229,239,239,337,337,347,360,134,134,148,148,73,73,73,90,90,122,37,53,53,151,151,165,165,178,178,189,189,208,208,256,256,274,289,302,302,302,302],"floor_reached":50,"playtime":9516,"items_purged":["Strike_R"],"score":728,"play_id":"eec65579-ed40-40b4-8ad2-df6b49265759","local_time":"20190728132707","is_ascension_mode":true,"campfire_choices":[{"data":"Shockwave","floor":6,"key":"SMITH"},{"data":"1","floor":8,"key":"LIFT"},{"data":"2","floor":11,"key":"LIFT"},{"floor":15,"key":"REST"},{"data":"Heavy Blade","floor":23,"key":"SMITH"},{"data":"3","floor":25,"key":"LIFT"},{"data":"Shrug It Off","floor":28,"key":"SMITH"},{"floor":32,"key":"REST"},{"floor":40,"key":"REST"},{"floor":42,"key":"REST"},{"data":"Demon Form","floor":44,"key":"SMITH"},{"data":"Double Tap","floor":49,"key":"SMITH"}],"neow_cost":"PERCENT_DAMAGE","seed_source_timestamp":684903425594249,"circlet_count":0,"master_deck":["AscendersBane","Defend_R","Defend_R","Defend_R","Bash","Heavy Blade+1","Power Through","Shockwave+1","True Grit","Shrug It Off+1","Infernal Blade","Double Tap+1","Sword Boomerang","Demon Form+1","True Grit","Shrug It Off","Inflame+1","Infernal Blade+1","Shrug It Off+1","Pommel Strike+1","Offering","Spot Weakness+1","Madness","Madness","Pummel+1","Parasite","Twin Strike+1","Disarm+1"],"relics":["Burning Blood","Girya","Bottled Flame","Sozu","Bag of Preparation","Red Skull","Nunchaku","Bronze Scales","Philosopher\u0027s Stone","PreservedInsect"],"potions_floor_usage":[10,16,16,19],"damage_taken":[{"damage":14,"enemies":"2 Louse","floor":1,"turns":4},{"damage":1,"enemies":"Cultist","floor":2,"turns":3},{"damage":7,"enemies":"Jaw Worm","floor":3,"turns":4},{"damage":1,"enemies":"Blue Slaver","floor":5,"turns":5},{"damage":6,"enemies":"2 Fungi Beasts","floor":7,"turns":5},{"damage":30,"enemies":"Large Slime","floor":10,"turns":10},{"damage":4,"enemies":"Blue Slaver","floor":12,"turns":5},{"damage":18,"enemies":"Exordium Wildlife","floor":14,"turns":8},{"damage":37,"enemies":"The Guardian","floor":16,"turns":13},{"damage":2,"enemies":"Spheric Guardian","floor":18,"turns":4},{"damage":14,"enemies":"3 Byrds","floor":19,"turns":4},{"damage":4,"enemies":"Snecko","floor":22,"turns":5},{"damage":12,"enemies":"Chosen and Byrds","floor":27,"turns":4},{"damage":22,"enemies":"Slavers","floor":29,"turns":9},{"damage":0,"enemies":"Centurion and Healer","floor":31,"turns":4},{"damage":64,"enemies":"Automaton","floor":33,"turns":10},{"damage":31,"enemies":"3 Darklings","floor":35,"turns":4},{"damage":0,"enemies":"3 Shapes","floor":37,"turns":3},{"damage":6,"enemies":"Writhing Mass","floor":39,"turns":3},{"damage":25,"enemies":"Spire Growth","floor":41,"turns":5},{"damage":29,"enemies":"Maw","floor":45,"turns":4},{"damage":24,"enemies":"3 Darklings","floor":46,"turns":5},{"damage":7,"enemies":"Writhing Mass","floor":47,"turns":2},{"damage":71,"enemies":"Awakened One","floor":50,"turns":6}],"seed_played":"287568961197161594","potions_obtained":[{"floor":3,"key":"Regen Potion"},{"floor":5,"key":"Poison Potion"},{"floor":7,"key":"SteroidPotion"},{"floor":16,"key":"Strength Potion"}],"is_trial":false,"path_per_floor":["M","M","M","?","M","R","M","R","T","M","R","M","?","M","R","B",null,"M","M","$","?","M","R","?","R","T","M","R","E","?","M","R","B",null,"M","?","M","?","M","R","M","R","T","R","M","M","M","?","R","B"],"character_chosen":"IRONCLAD","items_purchased":["Bag of Preparation"],"campfire_rested":4,"item_purchase_floors":[20],"current_hp_per_floor":[43,48,47,47,52,52,52,52,52,28,28,30,30,18,42,26,67,71,63,63,63,65,65,65,65,65,59,59,43,43,49,73,15,64,39,29,35,35,35,59,40,64,64,64,41,23,22,70,70,0],"gold":302,"neow_bonus":"ONE_RARE_RELIC","is_prod":false,"is_daily":false,"chose_seed":false,"campfire_upgraded":5,"win_rate":0,"timestamp":1564338427,"path_taken":["M","M","M","?","M","R","M","R","T","M","R","?","?","M","R","BOSS","M","M","$","?","M","R","?","R","T","M","R","E","?","M","R","BOSS","M","?","M","?","M","R","M","R","T","R","M","M","M","?","R","BOSS"],"build_version":"2019-07-17","purchased_purges":1,"victory":false,"max_hp_per_floor":[80,80,80,80,80,80,80,80,80,80,80,80,80,80,80,80,80,80,80,80,80,80,80,80,80,80,80,80,80,80,80,80,80,80,80,80,80,80,80,80,80,80,80,80,80,80,80,70,70,70],"card_choices":[{"not_picked":["Thunderclap","Sentinel"],"picked":"Heavy Blade","floor":1},{"not_picked":["True Grit","Disarm"],"picked":"Power Through","floor":2},{"not_picked":["Clothesline","Wild Strike"],"picked":"Shockwave","floor":3},{"not_picked":["Sever Soul","Feel No Pain"],"picked":"True Grit","floor":5},{"not_picked":["Ghostly Armor","Rage"],"picked":"Shrug It Off","floor":7},{"not_picked":["Flex","Dual Wield"],"picked":"Infernal Blade","floor":10},{"not_picked":["Armaments","Havoc"],"picked":"Double Tap","floor":12},{"not_picked":["Iron Wave","Headbutt"],"picked":"Sword Boomerang","floor":14},{"not_picked":["Limit Break","Feed"],"picked":"Demon Form","floor":16},{"not_picked":["Evolve","Perfected Strike"],"picked":"True Grit","floor":18},{"not_picked":["Cleave","Perfected Strike"],"picked":"Shrug It Off","floor":19},{"not_picked":["Cleave+1","Sentinel"],"picked":"Inflame+1","floor":22},{"not_picked":["Wild Strike","Flex"],"picked":"Infernal Blade+1","floor":27},{"not_picked":["Pummel","Demon Form"],"picked":"Shrug It Off+1","floor":29},{"not_picked":["Evolve","Warcry"],"picked":"Pommel Strike+1","floor":31},{"not_picked":["Exhume","Juggernaut"],"picked":"Offering","floor":33},{"not_picked":["Perfected Strike","Headbutt+1"],"picked":"Spot Weakness+1","floor":35},{"not_picked":["Perfected Strike","Havoc+1"],"picked":"Pummel+1","floor":37},{"not_picked":["Sentinel","Clash+1","Disarm"],"picked":"SKIP","floor":39},{"not_picked":["Dark Embrace","Flex+1"],"picked":"Twin Strike+1","floor":41},{"not_picked":["True Grit","Twin Strike"],"picked":"Disarm+1","floor":45},{"not_picked":["Burning Pact+1","True Grit+1","Perfected Strike+1"],"picked":"SKIP","floor":46},{"not_picked":["Clothesline+1","Rupture+1","Bloodletting+1"],"picked":"SKIP","floor":47}],"player_experience":365123,"relics_obtained":[{"floor":9,"key":"Bottled Flame"},{"floor":26,"key":"Red Skull"},{"floor":29,"key":"Nunchaku"},{"floor":43,"key":"PreservedInsect"}],"event_choices":[{"cards_removed":["Strike_R"],"damage_healed":0,"gold_gain":0,"player_choice":"Offered Basic","damage_taken":0,"max_hp_gain":0,"max_hp_loss":0,"event_name":"Bonfire Elementals","floor":4,"gold_loss":0},{"cards_removed":["Strike_R"],"damage_healed":0,"gold_gain":0,"player_choice":"Card Removal","damage_taken":0,"max_hp_gain":0,"max_hp_loss":0,"event_name":"The Cleric","floor":13,"gold_loss":50},{"cards_removed":["Strike_R"],"damage_healed":0,"gold_gain":0,"player_choice":"Elegance","damage_taken":0,"max_hp_gain":0,"max_hp_loss":0,"event_name":"Back to Basics","floor":21,"gold_loss":0},{"cards_removed":["Strike_R"],"damage_healed":0,"gold_gain":0,"player_choice":"Gave Gold","damage_taken":0,"max_hp_gain":0,"max_hp_loss":0,"event_name":"Beggar","floor":24,"gold_loss":75},{"damage_healed":0,"gold_gain":0,"player_choice":"Obtained Relic","damage_taken":0,"relics_obtained":["Bronze Scales"],"max_hp_gain":0,"max_hp_loss":0,"event_name":"Addict","floor":30,"gold_loss":85},{"damage_healed":0,"gold_gain":0,"player_choice":"Embrace Madness","damage_taken":10,"max_hp_gain":0,"max_hp_loss":0,"event_name":"Winding Halls","floor":36,"gold_loss":0,"cards_obtained":["Madness","Madness"]},{"cards_removed":["Defend_R"],"damage_healed":0,"gold_gain":0,"player_choice":"Removed Skill","damage_taken":0,"max_hp_gain":0,"max_hp_loss":0,"event_name":"Falling","floor":38,"gold_loss":0},{"damage_healed":70,"gold_gain":0,"player_choice":"Heal","damage_taken":0,"max_hp_gain":0,"max_hp_loss":10,"event_name":"The Moai Head","floor":48,"gold_loss":0}],"is_beta":false,"boss_relics":[{"not_picked":["Coffee Dripper","Eternal Feather"],"picked":"Sozu"},{"not_picked":["Lizard Tail","Orrery"],"picked":"Philosopher\u0027s Stone"}],"items_purged_floors":[20],"is_endless":false,"potions_floor_spawned":[3,5,7,16,22,29,33,35,46,47],"killed_by":"Awakened One","ascension_level":10}