{"gold_per_floor":[363,76,92,167,54,54,80,0,72,92,92,92,92,107,107,202,202,218,143,143,164,190,190,33,52,52,52,10,10,29,29],"floor_reached":31,"playtime":643,"items_purged":["Strike_B"],"score":462,"play_id":"44c0dd48-7d27-421a-9902-c06e5eea872e","local_time":"20190310014029","is_ascension_mode":true,"campfire_choices":[{"data":"Sunder","floor":6.0,"key":"SMITH"},{"floor":13.0,"key":"DIG"},{"floor":15.0,"key":"DIG"},{"floor":23.0,"key":"DIG"},{"floor":27.0,"key":"DIG"},{"floor":29.0,"key":"DIG"}],"neow_cost":"TEN_PERCENT_HP_LOSS","seed_source_timestamp":48363201306965,"circlet_count":0,"master_deck":["AscendersBane","Strike_B","Defend_B","Defend_B","Defend_B","Defend_B","Zap","Dualcast","Sunder+1","Capacitor","Darkness","Consume","Core Surge","Genetic Algorithm","Biased Cognition","Coolheaded","Darkness","Meteor Strike","Discovery","Echo Form","Undo+1"],"special_seed":0,"relics":["Cracked Core","Membership Card","Lantern","Shovel","Letter Opener","Golden Idol","WarpedTongs","Sundial","Symbiotic Virus","Fusion Hammer","Bronze Scales","Omamori","MealTicket","Pocketwatch","Molten Egg 2","Regal Pillow"],"potions_floor_usage":[],"damage_taken":[{"damage":3.0,"enemies":"2 Louse","floor":1.0,"turns":2.0},{"damage":9.0,"enemies":"Jaw Worm","floor":3.0,"turns":3.0},{"damage":12.0,"enemies":"Lagavulin","floor":7.0,"turns":7.0},{"damage":0.0,"enemies":"Cultist","floor":10.0,"turns":2.0},{"damage":3.0,"enemies":"Exordium Wildlife","floor":14.0,"turns":2.0},{"damage":25.0,"enemies":"Slime Boss","floor":16.0,"turns":7.0},{"damage":21.0,"enemies":"Shell Parasite","floor":18.0,"turns":2.0},{"damage":12.0,"enemies":"Chosen","floor":21.0,"turns":5.0},{"damage":9.0,"enemies":"Shelled Parasite and Fungi","floor":25.0,"turns":3.0},{"damage":0.0,"enemies":"Snake Plant","floor":30.0,"turns":3.0},{"damage":27,"enemies":"Colosseum Slavers","floor":31,"turns":1}],"seed_played":"-4658754987755118227","potions_obtained":[{"floor":3.0,"key":"Dexterity Potion"},{"floor":10.0,"key":"AttackPotion"},{"floor":14.0,"key":"Fire Potion"},{"floor":16.0,"key":"Strength Potion"},{"floor":18.0,"key":"AttackPotion"},{"floor":21.0,"key":"Energy Potion"},{"floor":25.0,"key":"Ancient Potion"}],"is_trial":false,"path_per_floor":["M","$","M","?","$","R","E","$","T","M","?","?","R","M","R","B",null,"M","?","?","M","T","R","$","M","T","R","$","R","M","?"],"character_chosen":"DEFECT","items_purchased":["Membership Card","Capacitor","Lantern","AttackPotion","Core Surge","MealTicket","Discovery","Regen Potion"],"campfire_rested":0,"item_purchase_floors":[2,2,5,5,8,24,24,28],"current_hp_per_floor":[61,61,52,41,41,41,29,29,29,29,29,29,29,26,26,1,44,23,23,23,11,11,11,11,2,2,2,17,17,26,0],"gold":29,"neow_bonus":"TWO_FIFTY_GOLD","is_prod":false,"is_daily":false,"chose_seed":false,"campfire_upgraded":1,"win_rate":0,"timestamp":1552153229,"path_taken":["M","$","M","?","?","R","E","$","T","M","?","?","R","M","R","BOSS","M","?","?","M","?","R","$","?","T","R","$","R","M","?"],"build_version":"2019-01-23","purchased_purges":1,"victory":false,"max_hp_per_floor":[64,64,64,64,64,64,64,64,64,64,58,58,58,58,58,58,58,58,58,58,58,58,58,58,58,58,58,58,58,58,58],"card_choices":[{"not_picked":["Redo","Go for the Eyes"],"picked":"Sunder","floor":1.0},{"not_picked":["Force Field","Gash"],"picked":"Darkness","floor":3.0},{"not_picked":["Leap","Self Repair"],"picked":"Consume","floor":7.0},{"not_picked":["Ball Lightning","Steam Power"],"picked":"Genetic Algorithm","floor":10.0},{"not_picked":["Consume","Stack","Doom and Gloom"],"picked":"SKIP","floor":14.0},{"not_picked":["Core Surge","Seek"],"picked":"Biased Cognition","floor":16.0},{"not_picked":["BootSequence+1","Rebound"],"picked":"Coolheaded","floor":18.0},{"not_picked":["Compile Driver","Storm","Barrage"],"picked":"SKIP","floor":21.0},{"not_picked":["Leap","Beam Cell"],"picked":"Echo Form","floor":25.0},{"not_picked":["Stack","Static Discharge"],"picked":"Undo+1","floor":30.0}],"player_experience":3453311,"relics_obtained":[{"floor":7.0,"key":"Shovel"},{"floor":9.0,"key":"Letter Opener"},{"floor":13.0,"key":"Sundial"},{"floor":15.0,"key":"Symbiotic Virus"},{"floor":22.0,"key":"Bronze Scales"},{"floor":23.0,"key":"Omamori"},{"floor":26.0,"key":"Pocketwatch"},{"floor":27.0,"key":"Molten Egg 2"},{"floor":29.0,"key":"Regal Pillow"}],"event_choices":[{"damage_healed":0.0,"max_hp_gain":0.0,"max_hp_loss":0.0,"gold_gain":75.0,"event_name":"World of Goop","player_choice":"Gather Gold","floor":4.0,"gold_loss":0.0,"damage_taken":11.0},{"damage_healed":0.0,"max_hp_gain":0.0,"max_hp_loss":6.0,"gold_gain":0.0,"event_name":"Golden Idol","player_choice":"Lose Max HP","floor":11.0,"gold_loss":0.0,"damage_taken":0.0,"relics_obtained":["Golden Idol"]},{"damage_healed":0.0,"max_hp_gain":0.0,"max_hp_loss":0.0,"gold_gain":0.0,"event_name":"Accursed Blacksmith","player_choice":"Rummage","floor":12.0,"gold_loss":0.0,"damage_taken":0.0,"relics_obtained":["WarpedTongs"],"cards_obtained":["Pain"]},{"cards_removed":["Pain"],"damage_healed":0.0,"max_hp_gain":0.0,"max_hp_loss":0.0,"gold_gain":0.0,"event_name":"Beggar","player_choice":"Gave Gold","floor":19.0,"gold_loss":75.0,"damage_taken":0.0},{"damage_healed":0.0,"max_hp_gain":0.0,"max_hp_loss":0.0,"gold_gain":0.0,"cards_transformed":["Strike_B","Strike_B"],"event_name":"Drug Dealer","player_choice":"Became Test Subject","floor":20.0,"gold_loss":0.0,"damage_taken":0.0,"cards_obtained":["Darkness","Meteor Strike"]},{"damage_healed":0,"gold_gain":0,"player_choice":"Fight","damage_taken":0,"max_hp_gain":0,"max_hp_loss":0,"event_name":"Colosseum","floor":31,"gold_loss":0}],"is_beta":false,"boss_relics":[{"not_picked":["Calling Bell","Eternal Feather"],"picked":"Fusion Hammer"}],"items_purged_floors":[2],"is_endless":false,"potions_floor_spawned":[3,10,14,16,18,21,25],"killed_by":"Colosseum Slavers","ascension_level":20}