{"gold_per_floor":[114,125,138,63,63,63,98,98,98,111,111,111,140,40,40,111,111,130,130,149,149,24,56,56,70,93,93,110,138,18,46,46,117,117,127,127,127,141,157,157,191,191,260,120,172,197,208,208,208,208,208,208,208,4,29,29],"floor_reached":56,"playtime":2032,"items_purged":["Riddle With Holes","All Out Attack","Infinite Blades","Well Laid Plans+1","Outmaneuver+1","Survivor+1"],"score":2488,"play_id":"a6b6d727-0d31-471c-b974-1e1f47c05ab2","local_time":"20190107183209","is_ascension_mode":true,"campfire_choices":[{"data":"Catalyst","floor":6.0,"key":"SMITH"},{"data":"Deadly Poison","floor":8.0,"key":"SMITH"},{"data":"Night Terror","floor":11.0,"key":"SMITH"},{"data":"Well Laid Plans","floor":15.0,"key":"SMITH"},{"data":"Neutralize","floor":24.0,"key":"SMITH"},{"floor":27.0,"key":"RECALL"},{"data":"Adrenaline","floor":32.0,"key":"SMITH"},{"data":"Corpse Explosion","floor":40.0,"key":"SMITH"},{"data":"Outmaneuver","floor":42.0,"key":"SMITH"}],"neow_cost":"NONE","seed_source_timestamp":21445395353806,"circlet_count":0,"master_deck":["AscendersBane","Night Terror+1","Deadly Poison+1","Catalyst+1","Backflip+1","Adrenaline+1","Corpse Explosion+1"],"special_seed":0,"relics":["Pandora\u0027s Box","Question Card","Orichalcum","Meat on the Bone","Dream Catcher","Runic Pyramid","The Courier","War Paint","Shuriken","Omamori","Coffee Dripper","Mercury Hourglass","StoneCalendar","Oddly Smooth Stone","Bronze Scales"],"potions_floor_usage":[],"damage_taken":[{"damage":8.0,"enemies":"Small Slimes","floor":1.0,"turns":3.0},{"damage":6.0,"enemies":"Cultist","floor":2.0,"turns":3.0},{"damage":6.0,"enemies":"2 Louse","floor":3.0,"turns":2.0},{"damage":19.0,"enemies":"3 Sentries","floor":7.0,"turns":6.0},{"damage":0.0,"enemies":"Blue Slaver","floor":10.0,"turns":3.0},{"damage":13.0,"enemies":"Gremlin Nob","floor":13.0,"turns":3.0},{"damage":0.0,"enemies":"Hexaghost","floor":16.0,"turns":4.0},{"damage":16.0,"enemies":"Shell Parasite","floor":18.0,"turns":4.0},{"damage":12.0,"enemies":"3 Byrds","floor":20.0,"turns":5.0},{"damage":16.0,"enemies":"Book of Stabbing","floor":23.0,"turns":3.0},{"damage":17.0,"enemies":"Snake Plant","floor":25.0,"turns":3.0},{"damage":4.0,"enemies":"Cultist and Chosen","floor":28.0,"turns":5.0},{"damage":29.0,"enemies":"Gremlin Leader","floor":29.0,"turns":3.0},{"damage":18.0,"enemies":"Book of Stabbing","floor":31.0,"turns":3.0},{"damage":0.0,"enemies":"Automaton","floor":33.0,"turns":2.0},{"damage":0.0,"enemies":"3 Darklings","floor":35.0,"turns":2.0},{"damage":0.0,"enemies":"Orb Walker","floor":38.0,"turns":2.0},{"damage":3.0,"enemies":"4 Shapes","floor":39.0,"turns":3.0},{"damage":0.0,"enemies":"Reptomancer","floor":41.0,"turns":2.0},{"damage":8.0,"enemies":"2 Orb Walkers","floor":45.0,"turns":2.0},{"damage":0.0,"enemies":"Nemesis","floor":46.0,"turns":3.0},{"damage":0.0,"enemies":"Jaw Worm Horde","floor":47.0,"turns":2.0},{"damage":36.0,"enemies":"Awakened One","floor":50.0,"turns":25.0},{"damage":0.0,"enemies":"Time Eater","floor":51.0,"turns":2.0},{"damage":0.0,"enemies":"Shield and Spear","floor":55.0,"turns":2.0},{"damage":100,"enemies":"The Heart","floor":56,"turns":3}],"seed_played":"3984384919211364130","potions_obtained":[{"floor":3.0,"key":"PowerPotion"},{"floor":13.0,"key":"Energy Potion"},{"floor":23.0,"key":"SkillPotion"},{"floor":28.0,"key":"Block Potion"},{"floor":35.0,"key":"SteroidPotion"},{"floor":38.0,"key":"GhostInAJar"}],"is_trial":false,"path_per_floor":["M","M","M","$","?","R","E","R","T","M","R","?","E","$","R","B",null,"M","?","M","?","$","E","R","M","T","R","M","E","$","E","R","B",null,"M","?","?","M","M","R","E","R","T","$","?","E","M","?","R","B","B",null,"R","$","E","B"],"character_chosen":"THE_SILENT","items_purchased":["Swift Potion"],"campfire_rested":0,"item_purchase_floors":[54],"current_hp_per_floor":[51,45,39,39,39,39,20,20,20,32,32,32,31,31,31,43,60,44,44,44,44,44,40,40,35,35,35,43,26,26,20,20,32,58,58,58,58,58,55,55,55,55,55,55,47,47,47,47,47,23,35,58,58,58,58,0],"gold":29,"neow_bonus":"BOSS_RELIC","is_prod":false,"is_daily":false,"chose_seed":false,"campfire_upgraded":8,"win_rate":0,"timestamp":1546857129,"path_taken":["M","M","M","$","?","R","E","R","T","?","R","?","E","?","R","BOSS","M","?","M","?","$","E","R","?","T","R","M","E","$","E","R","BOSS","M","?","?","M","M","R","E","R","T","$","?","E","M","?","R","BOSS","BOSS","R","$","E","BOSS"],"build_version":"2019-01-03v4","purchased_purges":6,"victory":false,"max_hp_per_floor":[66,66,66,66,66,66,66,66,66,66,66,66,66,66,66,66,66,66,66,66,66,66,66,66,66,66,66,66,66,66,66,66,66,66,66,66,66,66,66,66,66,66,66,66,66,66,66,66,66,66,66,66,66,66,66,66],"card_choices":[{"not_picked":["Deflect","Riddle With Holes"],"picked":"Backflip","floor":1.0},{"not_picked":["Dagger Spray","Acrobatics","Quick Slash"],"picked":"SKIP","floor":2.0},{"not_picked":["Accuracy","Dodge and Roll","Finisher"],"picked":"SKIP","floor":3.0},{"not_picked":["Crippling Poison","Setup","PiercingWail","Backstab"],"picked":"SKIP","floor":7.0},{"not_picked":["Outmaneuver","Prepared","Eviscerate","Flechettes"],"picked":"SKIP","floor":10.0},{"not_picked":["Infinite Blades","Dagger Spray","Deflect","Concentrate"],"picked":"SKIP","floor":13.0},{"not_picked":["Terror","Sucker Punch","Finisher","Flying Knee"],"picked":"SKIP","floor":18.0},{"not_picked":["Concentrate+1","Poisoned Stab+1","Eviscerate","Crippling Poison"],"picked":"SKIP","floor":20.0},{"not_picked":["Blade Dance","Deflect","Prepared","Dodge and Roll"],"picked":"SKIP","floor":23.0},{"not_picked":["Cloak And Dagger+1","Flying Knee","Endless Agony","Dagger Throw"],"picked":"SKIP","floor":25.0},{"not_picked":["Outmaneuver+1","Blade Dance+1","Flechettes","Die Die Die"],"picked":"SKIP","floor":28.0},{"not_picked":["Terror","Slice","Deadly Poison","Bouncing Flask"],"picked":"SKIP","floor":29.0},{"not_picked":["Outmaneuver+1","Backflip+1","Bane"],"picked":"Adrenaline","floor":31.0},{"not_picked":["Storm of Steel","Adrenaline","Die Die Die"],"picked":"Corpse Explosion","floor":33.0},{"not_picked":["Deadly Poison","Backflip+1","Deflect","Outmaneuver"],"picked":"SKIP","floor":35.0},{"not_picked":["Leg Sweep","Slice","Cloak And Dagger","PiercingWail"],"picked":"SKIP","floor":38.0},{"not_picked":["Setup","Cloak And Dagger+1","PiercingWail+1","All Out Attack"],"picked":"SKIP","floor":39.0},{"not_picked":["Dagger Throw","Flechettes","Cloak And Dagger","Distraction+1"],"picked":"SKIP","floor":41.0},{"not_picked":["Dodge and Roll","Skewer","Dagger Throw","Finisher"],"picked":"SKIP","floor":46.0},{"not_picked":["Glass Knife","Deflect","Quick Slash","Prepared+1"],"picked":"SKIP","floor":47.0},{"not_picked":["Calculated Gamble","Cloak And Dagger","Setup+1","Distraction+1"],"picked":"SKIP","floor":55.0}],"player_experience":1821916,"relics_obtained":[{"floor":7.0,"key":"Orichalcum"},{"floor":9.0,"key":"Meat on the Bone"},{"floor":13.0,"key":"Dream Catcher"},{"floor":23.0,"key":"The Courier"},{"floor":26.0,"key":"War Paint"},{"floor":29.0,"key":"Shuriken"},{"floor":31.0,"key":"Omamori"},{"floor":41.0,"key":"Mercury Hourglass"},{"floor":45.0,"key":"StoneCalendar"},{"floor":46.0,"key":"Oddly Smooth Stone"},{"floor":55.0,"key":"Bronze Scales"}],"event_choices":[{"damage_healed":0.0,"max_hp_gain":0.0,"max_hp_loss":0.0,"gold_gain":0.0,"event_name":"WeMeetAgain","player_choice":"Gave Potion","floor":5.0,"gold_loss":0.0,"damage_taken":0.0,"relics_obtained":["Question Card"]},{"cards_removed":["Skewer"],"damage_healed":0.0,"max_hp_gain":0.0,"max_hp_loss":0.0,"gold_gain":0.0,"event_name":"Purifier","player_choice":"Purged","floor":12.0,"gold_loss":0.0,"damage_taken":0.0},{"damage_healed":0.0,"max_hp_gain":0.0,"max_hp_loss":0.0,"gold_gain":0.0,"event_name":"The Mausoleum","player_choice":"Ignored","floor":19.0,"gold_loss":0.0,"damage_taken":0.0},{"cards_removed":["A Thousand Cuts"],"damage_healed":0.0,"max_hp_gain":0.0,"max_hp_loss":0.0,"gold_gain":0.0,"event_name":"Purifier","player_choice":"Purged","floor":21.0,"gold_loss":0.0,"damage_taken":0.0},{"cards_removed":["Neutralize"],"damage_healed":0.0,"max_hp_gain":0.0,"max_hp_loss":0.0,"gold_gain":0.0,"event_name":"Falling","player_choice":"Removed Attack","floor":36.0,"gold_loss":0.0,"damage_taken":0.0},{"damage_healed":0.0,"max_hp_gain":0.0,"max_hp_loss":0.0,"gold_gain":0.0,"event_name":"SensoryStone","player_choice":"Memory 1","floor":37.0,"gold_loss":0.0,"damage_taken":0.0},{"damage_healed":0.0,"max_hp_gain":0.0,"max_hp_loss":0.0,"gold_gain":0.0,"event_name":"Mysterious Sphere","player_choice":"Fight","floor":45.0,"gold_loss":0.0,"damage_taken":0.0},{"damage_healed":0.0,"max_hp_gain":0.0,"max_hp_loss":0.0,"gold_gain":0.0,"event_name":"Tomb of Lord Red Mask","player_choice":"Ignored","floor":48.0,"gold_loss":0.0,"damage_taken":0.0}],"is_beta":false,"boss_relics":[{"not_picked":["Runic Dome","HoveringKite"],"picked":"Runic Pyramid"},{"not_picked":["Calling Bell","Velvet Choker"],"picked":"Coffee Dripper"}],"items_purged_floors":[4,14,22,30,44,54],"is_endless":false,"potions_floor_spawned":[3,13,23,25,28,35,38,45],"killed_by":"The Heart","ascension_level":20}