{"gold_per_floor":[215,41,41,41,54,54,71,71,71,106,106,125,151,166,166,237,237,252,268,193,243,243,243,100,100,100,100,100,127,137,156,156,233,233,247,29,40,60,60,60,77,77,77,90,105,121,121,121,121,121,121,121,121,121,148,148],"floor_reached":57,"playtime":3485,"items_purged":["Strike_G","Strike_G","Defend_G"],"score":2864,"play_id":"b7eaeef3-faf9-4d11-a24e-b5be400f79d3","local_time":"20190515125753","is_ascension_mode":true,"campfire_choices":[{"data":"Noxious Fumes","floor":6.0,"key":"SMITH"},{"data":"Deadly Poison","floor":8.0,"key":"SMITH"},{"floor":11.0,"key":"REST"},{"data":"Neutralize","floor":15.0,"key":"SMITH"},{"data":"Catalyst","floor":23.0,"key":"SMITH"},{"data":"Footwork","floor":25.0,"key":"SMITH"},{"data":"Malaise","floor":28.0,"key":"SMITH"},{"floor":32.0,"key":"RECALL"},{"data":"Calculated Gamble","floor":40.0,"key":"SMITH"},{"data":"Burst","floor":42.0,"key":"SMITH"},{"data":"Tactician","floor":47.0,"key":"SMITH"},{"data":"Night Terror","floor":49.0,"key":"SMITH"},{"data":"Footwork","floor":53.0,"key":"SMITH"}],"neow_cost":"NONE","seed_source_timestamp":2654301633806,"circlet_count":0,"master_deck":["AscendersBane","Defend_G","Defend_G","Defend_G","Defend_G","Survivor","Cloak And Dagger","Noxious Fumes+1","Deadly Poison+1","Blur","Night Terror+1","Malaise+1","Catalyst+1","Tactician+1","Footwork+1","Burst+1","Calculated Gamble+1","Backflip","Footwork+1","Acrobatics+1","Acrobatics+1"],"special_seed":0,"relics":["Ring of the Snake","Omamori","WarpedTongs","Singing Bowl","Pantograph","Cursed Key","Pear","Empty Cage","Question Card","Bird Faced Urn"],"potions_floor_usage":[56,56],"damage_taken":[{"damage":3.0,"enemies":"Small Slimes","floor":1.0,"turns":6.0},{"damage":0.0,"enemies":"Cultist","floor":5.0,"turns":4.0},{"damage":0.0,"enemies":"2 Louse","floor":7.0,"turns":3.0},{"damage":39.0,"enemies":"Gremlin Nob","floor":10.0,"turns":5.0},{"damage":0.0,"enemies":"Blue Slaver","floor":12.0,"turns":4.0},{"damage":15.0,"enemies":"Lagavulin","floor":13.0,"turns":8.0},{"damage":3.0,"enemies":"Exordium Wildlife","floor":14.0,"turns":6.0},{"damage":0.0,"enemies":"The Guardian","floor":16.0,"turns":11.0},{"damage":1.0,"enemies":"Chosen","floor":18.0,"turns":7.0},{"damage":9.0,"enemies":"Spheric Guardian","floor":19.0,"turns":5.0},{"damage":0.0,"enemies":"Book of Stabbing","floor":29.0,"turns":6.0},{"damage":16.0,"enemies":"Centurion and Healer","floor":30.0,"turns":9.0},{"damage":16.0,"enemies":"Snake Plant","floor":31.0,"turns":4.0},{"damage":13.0,"enemies":"Automaton","floor":33.0,"turns":20.0},{"damage":12.0,"enemies":"3 Shapes","floor":35.0,"turns":8.0},{"damage":0.0,"enemies":"Orb Walker","floor":37.0,"turns":4.0},{"damage":3.0,"enemies":"Transient","floor":38.0,"turns":6.0},{"damage":3.0,"enemies":"3 Darklings","floor":41.0,"turns":7.0},{"damage":0.0,"enemies":"Maw","floor":44.0,"turns":8.0},{"damage":5.0,"enemies":"Transient","floor":45.0,"turns":6.0},{"damage":0.0,"enemies":"4 Shapes","floor":46.0,"turns":7.0},{"damage":14.0,"enemies":"Donu and Deca","floor":50.0,"turns":10.0},{"damage":0.0,"enemies":"Time Eater","floor":51.0,"turns":5.0},{"damage":24.0,"enemies":"Shield and Spear","floor":55.0,"turns":5.0},{"damage":74,"enemies":"The Heart","floor":56,"turns":9}],"seed_played":"-6526343514864887544","potions_obtained":[{"floor":10.0,"key":"AttackPotion"},{"floor":13.0,"key":"LiquidBronze"},{"floor":19.0,"key":"EssenceOfSteel"},{"floor":46.0,"key":"Weak Potion"}],"is_trial":false,"path_per_floor":["M","$","?","?","M","R","M","R","T","E","R","M","E","M","R","B",null,"M","M","?","?","?","R","$","R","T","$","R","E","M","M","R","B",null,"M","$","M","M","?","R","M","R","T","M","M","M","R","?","R","B","B",null,"R","$","E","B",null],"character_chosen":"THE_SILENT","items_purchased":["Noxious Fumes","Deadly Poison","Footwork","Backflip","Footwork"],"campfire_rested":1,"item_purchase_floors":[2,2,24,36,36],"current_hp_per_floor":[56,56,51,51,51,51,51,51,51,14,34,36,21,20,20,45,65,64,55,55,55,55,55,55,55,55,55,55,67,53,39,39,51,79,67,67,67,66,66,66,65,65,65,65,62,64,64,64,64,75,96,96,96,96,74,28],"gold":148,"neow_bonus":"HUNDRED_GOLD","is_prod":false,"is_daily":false,"chose_seed":false,"campfire_upgraded":11,"win_rate":0,"timestamp":1557896273,"path_taken":["M","$","?","?","M","R","M","R","T","E","R","M","E","M","R","BOSS","M","M","?","?","?","R","$","R","T","?","R","E","?","M","R","BOSS","M","$","M","M","?","R","?","R","T","M","?","M","R","?","R","BOSS","BOSS","R","$","E","BOSS"],"build_version":"2019-01-23","purchased_purges":3,"victory":true,"max_hp_per_floor":[66,66,66,66,66,66,66,66,66,68,68,70,70,72,72,72,72,72,72,72,72,72,72,72,72,72,72,72,84,86,88,88,88,88,88,88,88,90,90,90,92,92,92,92,94,96,96,96,96,96,96,96,96,96,98,98],"card_choices":[{"not_picked":["Blade Dance","Prepared"],"picked":"Cloak And Dagger","floor":1.0},{"not_picked":["Acrobatics","Dagger Spray"],"picked":"Blur","floor":5.0},{"not_picked":["Riddle With Holes","Dodge and Roll","Slice"],"picked":"SKIP","floor":7.0},{"not_picked":["Caltrops","Deadly Poison","Tools of the Trade"],"picked":"Singing Bowl","floor":10.0},{"not_picked":["Dagger Spray","Blade Dance","Dagger Throw"],"picked":"Singing Bowl","floor":12.0},{"not_picked":["Dodge and Roll","Terror"],"picked":"Night Terror","floor":13.0},{"not_picked":["Sucker Punch","Cloak And Dagger","Acrobatics"],"picked":"Singing Bowl","floor":14.0},{"not_picked":["Glass Knife","Bullet Time"],"picked":"Malaise","floor":16.0},{"not_picked":["Escape Plan","Quick Slash"],"picked":"Catalyst","floor":18.0},{"not_picked":["Dagger Spray","Caltrops"],"picked":"Tactician","floor":19.0},{"not_picked":["Outmaneuver","Crippling Poison+1","Noxious Fumes"],"picked":"Singing Bowl","floor":29.0},{"not_picked":["Poisoned Stab","Predator","Deadly Poison"],"picked":"Singing Bowl","floor":30.0},{"not_picked":["Prepared+1","Outmaneuver","Quick Slash+1"],"picked":"Singing Bowl","floor":31.0},{"not_picked":["Envenom","Glass Knife"],"picked":"Burst","floor":33.0},{"not_picked":["Underhanded Strike","Crippling Poison"],"picked":"Calculated Gamble","floor":35.0},{"not_picked":["Expertise+1","Deadly Poison"],"picked":"Acrobatics+1","floor":37.0},{"not_picked":["Corpse Explosion","Quick Slash+1","Prepared+1"],"picked":"Singing Bowl","floor":38.0},{"not_picked":["Backflip","Dagger Throw","Cloak And Dagger"],"picked":"Singing Bowl","floor":41.0},{"not_picked":["Wraith Form v2","Outmaneuver","Backflip"],"picked":"Acrobatics+1","floor":44.0},{"not_picked":["Leg Sweep","Outmaneuver","Skewer","Concentrate"],"picked":"Singing Bowl","floor":45.0},{"not_picked":["Poisoned Stab","Acrobatics","Cloak And Dagger","Burst"],"picked":"Singing Bowl","floor":46.0},{"not_picked":["Dodge and Roll+1","Poisoned Stab","Terror","Choke"],"picked":"Singing Bowl","floor":55.0}],"player_experience":4771461,"relics_obtained":[{"floor":10.0,"key":"Singing Bowl"},{"floor":13.0,"key":"Pantograph"},{"floor":29.0,"key":"Pear"},{"floor":43.0,"key":"Question Card"},{"floor":55.0,"key":"Bird Faced Urn"}],"event_choices":[{"damage_healed":0.0,"max_hp_gain":0.0,"max_hp_loss":0.0,"gold_gain":0.0,"event_name":"Scrap Ooze","player_choice":"Success","floor":3.0,"gold_loss":0.0,"damage_taken":5.0,"relics_obtained":["Omamori"]},{"damage_healed":0.0,"max_hp_gain":0.0,"max_hp_loss":0.0,"gold_gain":0.0,"event_name":"Accursed Blacksmith","player_choice":"Rummage","floor":4.0,"gold_loss":0.0,"damage_taken":0.0,"relics_obtained":["WarpedTongs"],"cards_obtained":["Pain"]},{"cards_removed":["Strike_G"],"damage_healed":0.0,"max_hp_gain":0.0,"max_hp_loss":0.0,"gold_gain":0.0,"event_name":"Beggar","player_choice":"Gave Gold","floor":20.0,"gold_loss":75.0,"damage_taken":0.0},{"damage_healed":0.0,"max_hp_gain":0.0,"max_hp_loss":0.0,"gold_gain":50.0,"event_name":"Nest","player_choice":"Stole From Cult","floor":21.0,"gold_loss":0.0,"damage_taken":0.0},{"damage_healed":0.0,"max_hp_gain":0.0,"max_hp_loss":0.0,"gold_gain":0.0,"event_name":"The Mausoleum","player_choice":"Ignored","floor":22.0,"gold_loss":0.0,"damage_taken":0.0},{"damage_healed":0.0,"max_hp_gain":0.0,"max_hp_loss":0.0,"gold_gain":0.0,"event_name":"SecretPortal","player_choice":"Ignored","floor":39.0,"gold_loss":0.0,"damage_taken":0.0},{"cards_removed":["Neutralize"],"damage_healed":0.0,"max_hp_gain":0.0,"max_hp_loss":0.0,"gold_gain":0.0,"event_name":"Falling","player_choice":"Removed Attack","floor":48.0,"gold_loss":0.0,"damage_taken":0.0}],"is_beta":false,"boss_relics":[{"not_picked":["Black Star","White Beast Statue"],"picked":"Cursed Key"},{"not_picked":["Eternal Feather","Ring of the Serpent"],"picked":"Empty Cage"}],"items_purged_floors":[2,24,36],"is_endless":false,"potions_floor_spawned":[10,13,19,31,33,45,46],"ascension_level":20}