{"gold_per_floor":[118,118,118,134,59,89,102,122,176,192,192,222,234,251,251,323,323,338,338,39,53,71,71,51,51,51,66,77,77,87,103,103,174,174,191,246,262,262,262,296,296,331,358,358,358,358,8,21,21,21,21,21,21,21,46,46],"floor_reached":57,"playtime":3610,"items_purged":[],"score":2898,"play_id":"e1cb1c75-17a2-4b2e-be4c-60db15c6f508","local_time":"20190405230040","is_ascension_mode":true,"campfire_choices":[{"data":"Darkness","floor":11.0,"key":"SMITH"},{"data":"Sunder","floor":15.0,"key":"SMITH"},{"data":"Biased Cognition","floor":23.0,"key":"SMITH"},{"data":"Coolheaded","floor":25.0,"key":"SMITH"},{"data":"Coolheaded","floor":29.0,"key":"SMITH"},{"data":"Turbo","floor":32.0,"key":"SMITH"},{"data":"Recycle","floor":41.0,"key":"SMITH"},{"data":"Dualcast","floor":44.0,"key":"SMITH"},{"floor":49.0,"key":"RECALL"},{"data":"Loop","floor":53.0,"key":"SMITH"}],"neow_cost":"NONE","seed_source_timestamp":39453135861980,"circlet_count":0,"master_deck":["AscendersBane","Zap","Dualcast+1","Coolheaded+1","Turbo+1","Darkness+1","Biased Cognition+1","Self Repair","Creative AI","Coolheaded+1","Loop+1","Core Surge","Seek","Compile Driver","Rainbow","Recycle+1","Multi-Cast","Amplify","Auto Shields","Chill","Consume+1","Glacier","Master of Strategy","Secret Technique","Impatience","Heatsinks+1","Glacier","Hologram+1"],"special_seed":0,"relics":["Cracked Core","NeowsBlessing","Mercury Hourglass","Centennial Puzzle","Bag of Marbles","Runic Dome","ClockworkSouvenir","Emotion Chip","Pandora\u0027s Box","Prayer Wheel","Dream Catcher","Gambling Chip","Vajra","Cables","Ornamental Fan"],"potions_floor_usage":[56,56],"damage_taken":[{"damage":0.0,"enemies":"Cultist","floor":1.0,"turns":1.0},{"damage":0.0,"enemies":"Small Slimes","floor":4.0,"turns":1.0},{"damage":0.0,"enemies":"Lagavulin","floor":6.0,"turns":1.0},{"damage":0.0,"enemies":"2 Louse","floor":7.0,"turns":2.0},{"damage":0.0,"enemies":"Exordium Wildlife","floor":8.0,"turns":2.0},{"damage":4.0,"enemies":"2 Fungi Beasts","floor":10.0,"turns":3.0},{"damage":18.0,"enemies":"3 Sentries","floor":12.0,"turns":7.0},{"damage":6.0,"enemies":"Lots of Slimes","floor":13.0,"turns":3.0},{"damage":0.0,"enemies":"3 Louse","floor":14.0,"turns":1.0},{"damage":8.0,"enemies":"Hexaghost","floor":16.0,"turns":8.0},{"damage":17.0,"enemies":"Shell Parasite","floor":18.0,"turns":4.0},{"damage":4.0,"enemies":"Spheric Guardian","floor":21.0,"turns":4.0},{"damage":1.0,"enemies":"Shelled Parasite and Fungi","floor":22.0,"turns":4.0},{"damage":0.0,"enemies":"Cultist and Chosen","floor":27.0,"turns":3.0},{"damage":4.0,"enemies":"Chosen and Byrds","floor":28.0,"turns":4.0},{"damage":11.0,"enemies":"Snecko","floor":30.0,"turns":4.0},{"damage":7.0,"enemies":"Snake Plant","floor":31.0,"turns":4.0},{"damage":19.0,"enemies":"Automaton","floor":33.0,"turns":9.0},{"damage":3.0,"enemies":"3 Darklings","floor":35.0,"turns":3.0},{"damage":28.0,"enemies":"2 Orb Walkers","floor":36.0,"turns":5.0},{"damage":7.0,"enemies":"3 Shapes","floor":37.0,"turns":4.0},{"damage":13.0,"enemies":"Reptomancer","floor":40.0,"turns":4.0},{"damage":0.0,"enemies":"Nemesis","floor":42.0,"turns":7.0},{"damage":0.0,"enemies":"Jaw Worm Horde","floor":48.0,"turns":6.0},{"damage":0.0,"enemies":"Awakened One","floor":50.0,"turns":23.0},{"damage":0.0,"enemies":"Time Eater","floor":51.0,"turns":10.0},{"damage":16,"enemies":"Shield and Spear","floor":55,"turns":11},{"damage":29,"enemies":"The Heart","floor":56,"turns":14}],"seed_played":"3401035168775030610","potions_obtained":[{"floor":1.0,"key":"EssenceOfSteel"},{"floor":8.0,"key":"FearPotion"},{"floor":13.0,"key":"PowerPotion"},{"floor":18.0,"key":"Weak Potion"},{"floor":24.0,"key":"Dexterity Potion"},{"floor":33.0,"key":"Explosive Potion"},{"floor":36.0,"key":"Weak Potion"},{"floor":55,"key":"Ancient Potion"}],"is_trial":false,"path_per_floor":["M","?","?","M","?","E","M","M","T","M","R","E","M","M","R","B",null,"M","?","$","M","M","R","?","R","T","M","M","R","M","M","R","B",null,"M","?","M","?","?","E","R","E","T","R","?","?","$","M","R","B","B",null,"R","$","E","B",null],"character_chosen":"DEFECT","items_purchased":["ClockworkSouvenir","Creative AI","Cables","Glacier"],"campfire_rested":0,"item_purchase_floors":[20,20,47,47],"current_hp_per_floor":[64,69,46,46,46,46,46,46,46,42,42,24,18,18,18,10,60,43,21,21,24,30,30,30,30,30,37,40,40,36,36,36,24,67,71,57,64,54,54,41,41,48,48,48,48,48,48,55,55,55,62,73,73,73,64,35],"gold":46,"neow_bonus":"THREE_ENEMY_KILL","is_prod":false,"is_daily":false,"chose_seed":false,"campfire_upgraded":9,"win_rate":0,"timestamp":1554476440,"path_taken":["M","?","?","M","?","E","M","M","T","M","R","E","?","M","R","BOSS","M","?","$","M","M","R","?","R","T","M","M","R","M","?","R","BOSS","M","?","M","?","?","E","R","E","T","R","?","?","$","M","R","BOSS","BOSS","R","$","E","BOSS"],"build_version":"2019-01-23","purchased_purges":0,"victory":true,"max_hp_per_floor":[71,76,76,76,76,76,76,76,76,76,76,76,76,76,76,76,76,76,81,81,81,81,81,81,81,81,81,81,81,81,81,81,81,81,81,81,81,81,77,77,77,77,77,77,77,77,77,77,77,77,77,77,77,77,77,77],"card_choices":[{"not_picked":["Beam Cell","Doom and Gloom","Redo"],"picked":"SKIP","floor":1.0},{"not_picked":["Storm","Redo","Steam"],"picked":"SKIP","floor":4.0},{"not_picked":["Compile Driver","Rebound"],"picked":"Coolheaded","floor":6.0},{"not_picked":["Doom and Gloom","Redo"],"picked":"Turbo","floor":7.0},{"not_picked":["Leap","Go for the Eyes"],"picked":"Darkness","floor":8.0},{"not_picked":["Darkness","Conserve Battery","Thunder Strike"],"picked":"SKIP","floor":10.0},{"not_picked":["Gash","Barrage"],"picked":"Sunder","floor":12.0},{"not_picked":["Tempest","Rebound","Scrape"],"picked":"SKIP","floor":13.0},{"not_picked":["Coolheaded","Redo","Steam Power"],"picked":"SKIP","floor":14.0},{"not_picked":["Rainbow","Reboot"],"picked":"Biased Cognition","floor":16.0},{"not_picked":["Steam","Reprogram"],"picked":"Self Repair","floor":18.0},{"not_picked":["BootSequence","Rebound+1"],"picked":"Coolheaded","floor":21.0},{"not_picked":["Static Discharge","Turbo","Go for the Eyes"],"picked":"SKIP","floor":22.0},{"not_picked":["Barrage","Cold Snap"],"picked":"Loop","floor":27.0},{"not_picked":["Turbo","Compile Driver","Steam Power"],"picked":"SKIP","floor":28.0},{"not_picked":["Auto Shields","Steam"],"picked":"Core Surge","floor":30.0},{"not_picked":["Coolheaded","Barrage","Gash"],"picked":"SKIP","floor":31.0},{"not_picked":["Reboot","Thunder Strike"],"picked":"Seek","floor":33.0},{"not_picked":["Compile Driver","Conserve Battery","Loop"],"picked":"SKIP","floor":35.0},{"not_picked":["Compile Driver","Conserve Battery"],"picked":"Loop","floor":35.0},{"not_picked":["Stack","Compile Driver"],"picked":"Consume+1","floor":36.0},{"not_picked":["Steam","Streamline"],"picked":"Glacier","floor":37.0},{"not_picked":["Fusion","Hello World+1","Leap"],"picked":"SKIP","floor":37.0},{"not_picked":["Chrysalis","Bandage Up"],"picked":"Master of Strategy","floor":38.0},{"not_picked":["Sadistic Nature","Dramatic Entrance"],"picked":"Secret Technique","floor":38.0},{"not_picked":["Panache","Transmutation"],"picked":"Impatience","floor":38.0},{"not_picked":["BootSequence","Fusion"],"picked":"Heatsinks+1","floor":40.0},{"not_picked":["Chaos","Sweeping Beam","Heatsinks"],"picked":"SKIP","floor":42.0},{"not_picked":["Go for the Eyes","BootSequence"],"picked":"Hologram+1","floor":48.0},{"not_picked":["Ball Lightning","Stack","Darkness"],"picked":"SKIP","floor":48.0},{"not_picked":["Cold Snap","Go for the Eyes+1","Streamline"],"picked":"SKIP","floor":55}],"player_experience":4084112,"relics_obtained":[{"floor":6.0,"key":"Mercury Hourglass"},{"floor":9.0,"key":"Centennial Puzzle"},{"floor":12.0,"key":"Bag of Marbles"},{"floor":26.0,"key":"Emotion Chip"},{"floor":36.0,"key":"Prayer Wheel"},{"floor":40.0,"key":"Dream Catcher"},{"floor":42.0,"key":"Gambling Chip"},{"floor":55,"key":"Ornamental Fan"}],"event_choices":[{"damage_healed":0.0,"max_hp_gain":5.0,"max_hp_loss":0.0,"gold_gain":0.0,"event_name":"Big Fish","player_choice":"Donut","floor":2.0,"gold_loss":0.0,"damage_taken":0.0},{"damage_healed":0.0,"max_hp_gain":0.0,"max_hp_loss":0.0,"gold_gain":0.0,"event_name":"Shining Light","player_choice":"Entered Light","floor":3.0,"gold_loss":0.0,"damage_taken":23.0,"cards_upgraded":["Defend_B","Strike_B"]},{"cards_removed":["Strike_B"],"damage_healed":0.0,"max_hp_gain":0.0,"max_hp_loss":0.0,"gold_gain":0.0,"event_name":"The Cleric","player_choice":"Card Removal","floor":5.0,"gold_loss":75.0,"damage_taken":0.0},{"damage_healed":0.0,"max_hp_gain":5.0,"max_hp_loss":0.0,"gold_gain":0.0,"event_name":"Forgotten Altar","player_choice":"Shed Blood","floor":19.0,"gold_loss":0.0,"damage_taken":27.0},{"damage_healed":0.0,"max_hp_gain":0.0,"max_hp_loss":0.0,"gold_gain":0.0,"event_name":"The Woman in Blue","player_choice":"Bought 1 Potion","floor":24.0,"gold_loss":0.0,"damage_taken":0.0},{"damage_healed":0.0,"max_hp_gain":0.0,"max_hp_loss":0.0,"gold_gain":0.0,"event_name":"Mysterious Sphere","player_choice":"Fight","floor":36.0,"gold_loss":0.0,"damage_taken":0.0},{"damage_healed":0.0,"max_hp_gain":0.0,"max_hp_loss":0.0,"gold_gain":0.0,"event_name":"SensoryStone","player_choice":"Memory 3","floor":38.0,"gold_loss":0.0,"damage_taken":10.0},{"damage_healed":0.0,"max_hp_gain":0.0,"max_hp_loss":4.0,"gold_gain":0.0,"event_name":"Winding Halls","player_choice":"Max HP","floor":39.0,"gold_loss":0.0,"damage_taken":0.0},{"cards_removed":["Loop"],"damage_healed":0.0,"max_hp_gain":0.0,"max_hp_loss":0.0,"gold_gain":0.0,"event_name":"Falling","player_choice":"Removed Power","floor":45.0,"gold_loss":0.0,"damage_taken":0.0},{"cards_removed":["Sunder"],"damage_healed":0.0,"max_hp_gain":0.0,"max_hp_loss":0.0,"gold_gain":0.0,"event_name":"WeMeetAgain","player_choice":"Gave Card","floor":46.0,"gold_loss":0.0,"damage_taken":0.0,"relics_obtained":["Vajra"]}],"is_beta":false,"boss_relics":[{"not_picked":["FrozenCore","Tiny House"],"picked":"Runic Dome"},{"not_picked":["Eternal Feather","Nuclear Battery"],"picked":"Pandora\u0027s Box"}],"items_purged_floors":[],"is_endless":false,"potions_floor_spawned":[1,8,13,18,30,33,36,37,42,55],"ascension_level":20}