{"gold_per_floor":[113,132,149,163,163,163,194,24,24,37,37,56,82,100,100,177,177,193,373,389,389],"floor_reached":21,"playtime":536,"items_purged":[],"score":386,"play_id":"939148c9-74f0-4a0b-9ccf-8a354bfca24e","local_time":"20190617203046","is_ascension_mode":true,"campfire_choices":[{"data":"Defragment","floor":6.0,"key":"SMITH"},{"floor":11.0,"key":"REST"},{"data":"Chaos","floor":15.0,"key":"SMITH"}],"neow_cost":"NONE","seed_source_timestamp":167155485258829,"circlet_count":0,"master_deck":["AscendersBane","Strike_B","Strike_B","Strike_B","Defend_B","Defend_B","Defend_B","Defend_B","Zap","Dualcast","Conserve Battery","Defragment+1","Genetic Algorithm","Cold Snap","Coolheaded","Defragment","Ball Lightning","Cold Snap","Self Repair","Chaos+1","Echo Form","Injury","Self Repair"],"special_seed":0,"relics":["Cracked Core","NeowsBlessing","Gremlin Horn","Omamori","Calling Bell","Ancient Tea Set","Darkstone Periapt","FossilizedHelix"],"potions_floor_usage":[21],"damage_taken":[{"damage":0.0,"enemies":"Small Slimes","floor":1.0,"turns":1.0},{"damage":0.0,"enemies":"Cultist","floor":2.0,"turns":1.0},{"damage":0.0,"enemies":"Jaw Worm","floor":3.0,"turns":1.0},{"damage":13.0,"enemies":"3 Louse","floor":4.0,"turns":5.0},{"damage":31.0,"enemies":"Gremlin Nob","floor":7.0,"turns":4.0},{"damage":13.0,"enemies":"Large Slime","floor":10.0,"turns":5.0},{"damage":9.0,"enemies":"2 Fungi Beasts","floor":12.0,"turns":4.0},{"damage":2.0,"enemies":"Lagavulin","floor":13.0,"turns":7.0},{"damage":9.0,"enemies":"Exordium Wildlife","floor":14.0,"turns":5.0},{"damage":11.0,"enemies":"The Guardian","floor":16.0,"turns":8.0},{"damage":0.0,"enemies":"Chosen","floor":18.0,"turns":5.0},{"damage":24,"enemies":"3 Byrds","floor":20,"turns":8},{"damage":29,"enemies":"Snake Plant","floor":21,"turns":3}],"seed_played":"178826689638125282","potions_obtained":[{"floor":1.0,"key":"Regen Potion"},{"floor":2.0,"key":"Strength Potion"},{"floor":12.0,"key":"Poison Potion"},{"floor":14.0,"key":"Swift Potion"},{"floor":16.0,"key":"Swift Potion"},{"floor":20,"key":"Ancient Potion"}],"is_trial":false,"path_per_floor":["M","M","M","M","?","R","E","$","T","M","R","M","E","M","R","B",null,"M","?","M","M"],"character_chosen":"DEFECT","items_purchased":["Cold Snap","Coolheaded","Defragment"],"campfire_rested":1,"item_purchase_floors":[8,8,8],"current_hp_per_floor":[64,64,64,51,44,44,25,25,25,12,33,24,22,20,20,16,57,64,43,26,0],"gold":389,"neow_bonus":"THREE_ENEMY_KILL","is_prod":false,"is_daily":false,"chose_seed":false,"campfire_upgraded":2,"win_rate":0,"timestamp":1560771046,"path_taken":["M","M","M","M","?","R","E","$","T","M","R","M","E","M","R","BOSS","M","?","M","?"],"build_version":"2019-01-23","purchased_purges":0,"victory":false,"max_hp_per_floor":[71,71,71,71,71,71,71,71,71,71,71,71,71,71,71,71,71,71,71,71,71],"card_choices":[{"not_picked":["Scrape","Fusion"],"picked":"Conserve Battery","floor":1.0},{"not_picked":["Blizzard","Stack"],"picked":"Defragment","floor":2.0},{"not_picked":["Redo","Reinforced Body"],"picked":"Genetic Algorithm","floor":3.0},{"not_picked":["Steam","Compile Driver","Sweeping Beam"],"picked":"SKIP","floor":4.0},{"not_picked":["Stack","Loop","Reinforced Body"],"picked":"SKIP","floor":7.0},{"not_picked":["Aggregate","Barrage"],"picked":"Ball Lightning","floor":10.0},{"not_picked":["Consume","FTL"],"picked":"Cold Snap","floor":12.0},{"not_picked":["Gash","Chill"],"picked":"Self Repair","floor":13.0},{"not_picked":["Steam","Conserve Battery"],"picked":"Chaos","floor":14.0},{"not_picked":["Meteor Strike","Core Surge"],"picked":"Echo Form","floor":16.0},{"not_picked":["Compile Driver","Barrage","Consume"],"picked":"SKIP","floor":18.0},{"not_picked":["Reprogram","Redo"],"picked":"Self Repair","floor":20}],"player_experience":604351,"relics_obtained":[{"floor":7.0,"key":"Gremlin Horn"},{"floor":13.0,"key":"Omamori"},{"floor":17.0,"key":"Ancient Tea Set"},{"floor":17.0,"key":"Darkstone Periapt"},{"floor":17.0,"key":"FossilizedHelix"}],"event_choices":[{"cards_removed":["Strike_B"],"damage_healed":0.0,"max_hp_gain":0.0,"max_hp_loss":0.0,"gold_gain":0.0,"event_name":"Golden Wing","player_choice":"Card Removal","floor":5.0,"gold_loss":0.0,"damage_taken":7.0},{"damage_healed":0,"gold_gain":180,"player_choice":"GOLD GOLD ","damage_taken":21,"max_hp_gain":0,"max_hp_loss":0,"event_name":"Knowing Skull","floor":19,"potions_obtained":[],"gold_loss":0,"cards_obtained":[]}],"is_beta":false,"boss_relics":[{"not_picked":["Velvet Choker","Ectoplasm"],"picked":"Calling Bell"}],"items_purged_floors":[],"is_endless":false,"potions_floor_spawned":[1,2,12,14,16,18,20],"killed_by":"Snake Plant","ascension_level":20}