{"gold_per_floor":[119,194,29,29,43,71,71,90,90,90,101,101,26,26,26,26],"floor_reached":16,"playtime":516,"items_purged":["Strike_G"],"score":196,"play_id":"424d6abe-9052-4333-a842-05bbd703713a","local_time":"20190309160151","is_ascension_mode":true,"campfire_choices":[{"data":"Deadly Poison","floor":7,"key":"SMITH"},{"data":"Neutralize","floor":10,"key":"SMITH"},{"data":"Footwork","floor":12,"key":"SMITH"},{"data":"Dash","floor":15,"key":"SMITH"}],"neow_cost":"TEN_PERCENT_HP_LOSS","seed_source_timestamp":14139360815107,"circlet_count":0,"master_deck":["AscendersBane","Defend_G","Defend_G","Defend_G","Defend_G","Strike_G","Strike_G","Survivor","Neutralize+1","Deadly Poison+1","Footwork+1","Backflip","Tactician","Leg Sweep","Dash+1"],"relics":["Ring of the Snake","Frozen Egg 2"],"potions_floor_usage":[6],"damage_taken":[{"damage":1,"enemies":"2 Louse","floor":1,"turns":4},{"damage":0,"enemies":"Cultist","floor":5,"turns":5},{"damage":32,"enemies":"3 Sentries","floor":6,"turns":13},{"damage":0,"enemies":"Small Slimes","floor":8,"turns":8},{"damage":3,"enemies":"Exordium Wildlife","floor":11,"turns":8},{"damage":11,"enemies":"Slime Boss","floor":16,"turns":8}],"seed_played":"358149042839235115","potions_obtained":[{"floor":4,"key":"EssenceOfSteel"},{"floor":4,"key":"LiquidBronze"},{"floor":8,"key":"Energy Potion"}],"is_trial":false,"path_per_floor":["M","?","$","?","M","E","R","M","T","R","M","R","?","$","R","B"],"character_chosen":"THE_SILENT","items_purchased":["Footwork","Backflip"],"campfire_rested":0,"item_purchase_floors":[3,3],"current_hp_per_floor":[58,47,47,47,47,15,15,15,15,15,12,12,12,12,12,1],"gold":26,"neow_bonus":"REMOVE_TWO","is_prod":false,"is_daily":false,"chose_seed":false,"campfire_upgraded":4,"win_rate":0,"timestamp":1552118511,"path_taken":["M","?","$","?","?","E","R","M","T","R","M","R","?","?","R","BOSS"],"build_version":"2019-01-23","purchased_purges":1,"victory":false,"max_hp_per_floor":[60,60,60,60,60,60,60,60,60,60,60,60,60,60,60,60],"card_choices":[{"not_picked":["Endless Agony","Poisoned Stab"],"picked":"Deadly Poison","floor":1},{"not_picked":["Escape Plan","Bane"],"picked":"Tactician","floor":5},{"not_picked":["Crippling Poison","Underhanded Strike"],"picked":"Leg Sweep","floor":6},{"not_picked":["Finisher","Accuracy","Doppelganger"],"picked":"SKIP","floor":8},{"not_picked":["Flying Knee","Deflect"],"picked":"Dash","floor":11}],"player_experience":3433024,"relics_obtained":[{"floor":9,"key":"Frozen Egg 2"}],"event_choices":[{"damage_healed":0,"gold_gain":75,"player_choice":"Gather Gold","damage_taken":11,"max_hp_gain":0,"max_hp_loss":0,"event_name":"World of Goop","floor":2,"gold_loss":0},{"damage_healed":0,"gold_gain":0,"player_choice":"Got Potions","damage_taken":0,"max_hp_gain":0,"max_hp_loss":0,"event_name":"Lab","floor":4,"gold_loss":0},{"cards_removed":["Strike_G"],"damage_healed":0,"gold_gain":0,"player_choice":"Card Removal","damage_taken":0,"max_hp_gain":0,"max_hp_loss":0,"event_name":"The Cleric","floor":13,"gold_loss":75}],"is_beta":false,"boss_relics":[],"items_purged_floors":[3],"is_endless":false,"potions_floor_spawned":[8,11],"killed_by":"Slime Boss","ascension_level":20}