{"gold_per_floor":[119,134,104,121,121,121,156,53,106,31,45,45,65,98,98,98],"floor_reached":16,"playtime":296,"items_purged":["Strike_B"],"score":220,"play_id":"0f4df287-94c3-4ec2-9482-153c0ef3f0f5","local_time":"20190221153846","is_ascension_mode":true,"campfire_choices":[{"data":"Rip and Tear","floor":6.0,"key":"SMITH"},{"data":"Consume","floor":15.0,"key":"SMITH"}],"neow_cost":"PERCENT_DAMAGE","seed_source_timestamp":330300601368462,"circlet_count":0,"master_deck":["AscendersBane","Strike_B+1","Strike_B+1","Defend_B","Defend_B","Zap","Dualcast","Rip and Tear+1","Conserve Battery","Self Repair","Heatsinks","Cold Snap","Consume+1","Defragment"],"special_seed":0,"relics":["Cracked Core","Orichalcum","Whetstone","Smiling Mask"],"potions_floor_usage":[16],"damage_taken":[{"damage":0.0,"enemies":"2 Louse","floor":1.0,"turns":2.0},{"damage":1.0,"enemies":"Cultist","floor":2.0,"turns":3.0},{"damage":12.0,"enemies":"Jaw Worm","floor":4.0,"turns":2.0},{"damage":25.0,"enemies":"Lagavulin","floor":7.0,"turns":7.0},{"damage":6.0,"enemies":"Blue Slaver","floor":11.0,"turns":3.0},{"damage":0.0,"enemies":"Large Slime","floor":13.0,"turns":5.0},{"damage":22.0,"enemies":"Gremlin Nob","floor":14.0,"turns":4.0},{"damage":24,"enemies":"The Guardian","floor":16,"turns":2}],"seed_played":"2545240098041337026","potions_obtained":[{"floor":3.0,"key":"FairyPotion"},{"floor":3.0,"key":"Ancient Potion"},{"floor":7.0,"key":"PowerPotion"},{"floor":13.0,"key":"Strength Potion"}],"is_trial":false,"path_per_floor":["M","M","?","M","?","R","E","$","T","?","M","?","M","E","R","B"],"character_chosen":"DEFECT","items_purchased":["Cold Snap"],"campfire_rested":0,"item_purchase_floors":[8],"current_hp_per_floor":[46,45,45,33,38,38,20,20,20,20,21,21,28,13,13,0],"gold":98,"neow_bonus":"REMOVE_TWO","is_prod":false,"is_daily":false,"chose_seed":false,"campfire_upgraded":2,"win_rate":0,"timestamp":1550734726,"path_taken":["M","M","?","?","?","R","E","$","T","?","M","?","M","E","R","BOSS"],"build_version":"2019-01-23","purchased_purges":1,"victory":false,"max_hp_per_floor":[71,71,71,71,76,76,76,76,76,76,76,76,76,76,76,76],"card_choices":[{"not_picked":["Rebound","Go for the Eyes"],"picked":"Rip and Tear","floor":1.0},{"not_picked":["FTL","Gash"],"picked":"Conserve Battery","floor":2.0},{"not_picked":["Beam Cell","Sweeping Beam"],"picked":"Self Repair","floor":4.0},{"not_picked":["Self Repair","Gash"],"picked":"Heatsinks","floor":7.0},{"not_picked":["Amplify","Ball Lightning","Steam"],"picked":"SKIP","floor":11.0},{"not_picked":["Aggregate","Rebound"],"picked":"Consume","floor":13.0},{"not_picked":["Turbo","Core Surge"],"picked":"Defragment","floor":14.0}],"player_experience":881070,"relics_obtained":[{"floor":7.0,"key":"Orichalcum"},{"floor":9.0,"key":"Whetstone"},{"floor":14.0,"key":"Smiling Mask"}],"event_choices":[{"damage_healed":0.0,"max_hp_gain":0.0,"max_hp_loss":0.0,"gold_gain":0.0,"event_name":"The Woman in Blue","player_choice":"Bought 2 Potions","floor":3.0,"gold_loss":0.0,"damage_taken":0.0},{"damage_healed":0.0,"max_hp_gain":5.0,"max_hp_loss":0.0,"gold_gain":0.0,"event_name":"Big Fish","player_choice":"Donut","floor":5.0,"gold_loss":0.0,"damage_taken":0.0},{"cards_removed":["Defend_B"],"damage_healed":0.0,"max_hp_gain":0.0,"max_hp_loss":0.0,"gold_gain":0.0,"event_name":"The Cleric","player_choice":"Card Removal","floor":10.0,"gold_loss":75.0,"damage_taken":0.0},{"damage_healed":0.0,"max_hp_gain":0.0,"max_hp_loss":0.0,"gold_gain":0.0,"event_name":"Liars Game","player_choice":"Ignored","floor":12.0,"gold_loss":0.0,"damage_taken":0.0}],"is_beta":false,"boss_relics":[],"items_purged_floors":[8],"is_endless":false,"potions_floor_spawned":[7,13],"killed_by":"The Guardian","ascension_level":20}