{"path_per_floor":["M","?","$","M","?","R","E","?","T","?","$","E","R","M","R"],"character_chosen":"THE_SILENT","items_purchased":["Trip","Singing Bowl"],"gold_per_floor":[111,111,22,39,114,114,147,147,170,170,15,49,49,70,70,70],"floor_reached":16,"campfire_rested":1,"playtime":322,"item_purchase_floors":[3,11],"current_hp_per_floor":[71,71,71,71,60,60,24,6,6,6,6,3,27,29,29,0],"items_purged":[],"gold":70,"score":148,"play_id":"3dc6413e-cbc1-486c-b3fd-e6fa9ac257f1","local_time":"20180601113747","is_prod":false,"is_daily":false,"chose_seed":false,"is_ascension_mode":true,"campfire_upgraded":2,"win_rate":0,"timestamp":1527824267,"campfire_choices":[{"data":"Neutralize","floor":6,"key":"SMITH"},{"floor":13,"key":"REST"},{"data":"Trip","floor":15,"key":"SMITH"}],"path_taken":["M","?","$","M","?","R","E","?","T","?","$","E","R","M","R","BOSS"],"build_version":"2018-05-30v2","seed_source_timestamp":6833151063158,"purchased_purges":0,"victory":false,"master_deck":["Defend_G","Defend_G","Defend_G","Defend_G","Defend_G","Strike_G","Strike_G","Strike_G","Strike_G","Strike_G","Survivor","Neutralize+1","Trip+1","Flying Knee","Dagger Throw","Injury","Backflip"],"max_hp_per_floor":[84,81,81,81,81,81,81,81,81,81,81,81,81,83,83,83],"relics":["Ring of the Snake","Kunai","Shuriken","Lantern","Golden Idol","Singing Bowl","Bag of Marbles"],"card_choices":[{"not_picked":["PiercingWail","Malaise","Dodge and Roll"],"picked":"SKIP","floor":1},{"not_picked":["Acrobatics","Quick Slash"],"picked":"Flying Knee","floor":4},{"not_picked":["Outmaneuver","Die Die Die"],"picked":"Dagger Throw","floor":7},{"not_picked":["Quick Slash","Bane"],"picked":"Backflip","floor":12},{"not_picked":["Skewer","Poisoned Stab","Cloak And Dagger"],"picked":"Singing Bowl","floor":14}],"player_experience":519243,"potions_floor_usage":[],"damage_taken":[{"damage":6,"enemies":"Small Slimes","floor":1,"turns":6},{"damage":0,"enemies":"Cultist","floor":4,"turns":4},{"damage":36,"enemies":"Gremlin Nob","floor":7,"turns":5},{"damage":3,"enemies":"Lagavulin","floor":12,"turns":5},{"damage":0,"enemies":"2 Louse","floor":14,"turns":2},{"damage":32,"enemies":"Slime Boss","floor":16,"turns":7}],"relics_obtained":[{"floor":7,"key":"Kunai"},{"floor":9,"key":"Lantern"},{"floor":12,"key":"Bag of Marbles"}],"event_choices":[{"event_name":"Fountain of Cleansing","player_choice":"Removed Curse","floor":2,"damage_taken":0},{"event_name":"World of Goop","player_choice":"Gather Gold","floor":5,"damage_taken":0},{"event_name":"Scrap Ooze","player_choice":"success","floor":8,"damage_taken":18},{"event_name":"Golden Idol","player_choice":"Take Wound","floor":10,"damage_taken":0}],"boss_relics":[],"items_purged_floors":[],"potions_floor_spawned":[4,12,14],"seed_played":"1947992901104718970","killed_by":"Slime Boss","ascension_level":8,"potions_obtained":[{"floor":4,"key":"LiquidBronze"},{"floor":12,"key":"Energy Potion"},{"floor":14,"key":"LiquidBronze"}],"is_trial":false}