{"gold_per_floor":[119,44,59,59,59,90,104,104,104,117,117],"floor_reached":11,"playtime":172,"items_purged":[],"score":196,"play_id":"1fda0a24-56af-438e-8c2d-149574a24879","local_time":"20181227185311","is_ascension_mode":true,"campfire_choices":[{"data":"Cloak And Dagger","floor":8,"key":"SMITH"}],"neow_cost":"NONE","seed_source_timestamp":25982552010982,"circlet_count":0,"master_deck":["AscendersBane","Defend_G","Defend_G","Defend_G","Defend_G","Defend_G","Strike_G","Strike_G","Strike_G","Strike_G","Strike_G","Survivor","Neutralize","Well Laid Plans","Well Laid Plans","Cloak And Dagger+1","Blade Dance"],"relics":["Ring of the Snake","NeowsBlessing","Shuriken","Singing Bowl","Bottled Tornado"],"potions_floor_usage":[10,11],"damage_taken":[{"damage":0,"enemies":"Small Slimes","floor":1,"turns":1},{"damage":0,"enemies":"2 Louse","floor":3,"turns":1},{"damage":0,"enemies":"Lagavulin","floor":6,"turns":2},{"damage":0,"enemies":"Cultist","floor":7,"turns":4},{"damage":0,"enemies":"3 Louse","floor":10,"turns":1},{"damage":44,"enemies":"Gremlin Nob","floor":11,"turns":4}],"seed_played":"-2747571665891405698","potions_obtained":[{"floor":3,"key":"Explosive Potion"},{"floor":10,"key":"SpeedPotion"}],"is_trial":false,"path_per_floor":["M","$","M","?","$","E","M","R","T","M","E"],"character_chosen":"THE_SILENT","items_purchased":["Well Laid Plans"],"campfire_rested":0,"item_purchase_floors":[2],"current_hp_per_floor":[59,59,59,24,24,26,26,26,26,26,0],"gold":117,"neow_bonus":"THREE_ENEMY_KILL","is_prod":false,"is_daily":false,"chose_seed":false,"campfire_upgraded":1,"win_rate":0,"timestamp":1545907991,"path_taken":["M","$","M","?","$","E","M","R","T","M","E"],"build_version":"2018-12-20","purchased_purges":0,"victory":false,"max_hp_per_floor":[66,66,66,66,66,68,68,68,68,68,68],"card_choices":[{"not_picked":["Acrobatics","Underhanded Strike"],"picked":"Well Laid Plans","floor":1},{"not_picked":["Deflect","Dagger Throw","Dodge and Roll"],"picked":"SKIP","floor":3},{"not_picked":["Prepared","Poisoned Stab","Finisher"],"picked":"Singing Bowl","floor":6},{"not_picked":["Sucker Punch","Outmaneuver"],"picked":"Cloak And Dagger","floor":7},{"not_picked":["Endless Agony","Prepared"],"picked":"Blade Dance","floor":10}],"player_experience":1530516,"relics_obtained":[{"floor":6,"key":"Singing Bowl"},{"floor":9,"key":"Bottled Tornado"}],"event_choices":[{"damage_healed":0,"gold_gain":0,"player_choice":"Success","damage_taken":35,"relics_obtained":["Shuriken"],"max_hp_gain":0,"max_hp_loss":0,"event_name":"Scrap Ooze","floor":4,"gold_loss":0}],"is_beta":false,"boss_relics":[],"items_purged_floors":[],"is_endless":false,"potions_floor_spawned":[3,10],"killed_by":"Gremlin Nob","ascension_level":20}