{"gold_per_floor":[111,124,141,141,165,198,198,233,257,298,298,132,147,172,172,303,303,328,328,328,343,343],"floor_reached":22,"playtime":1527,"items_purged":["Strike_R"],"score":277,"play_id":"911d2bb8-5f8b-4198-a5b9-af77bb17392e","local_time":"20190720165009","is_ascension_mode":true,"campfire_choices":[{"data":"The Bomb","floor":7.0,"key":"SMITH"},{"floor":11.0,"key":"REST"},{"floor":15.0,"key":"REST"}],"neow_cost":"TEN_PERCENT_HP_LOSS","seed_source_timestamp":0,"circlet_count":0,"master_deck":["Strike_R+1","Strike_R+1","Strike_R+1","Strike_R+1","Defend_R+1","Defend_R+1","Defend_R+1","Defend_R+1","Bash","The Bomb+1","Finesse","Pommel Strike","Clothesline","Headbutt","Uppercut","Feed","Evolve","Headbutt","Finesse","Whirlwind","Fiend Fire","Shrug It Off","Entrench","Pommel Strike","Juggernaut","Combust"],"special_seed":0,"relics":["Burning Blood","Golden Idol","Red Skull","Bronze Scales","Regal Pillow","Dream Catcher","Orrery","Enchiridion"],"potions_floor_usage":[21,22],"damage_taken":[{"damage":5.0,"enemies":"Cultist","floor":1.0,"turns":4.0},{"damage":10.0,"enemies":"Small Slimes","floor":2.0,"turns":4.0},{"damage":2.0,"enemies":"2 Louse","floor":3.0,"turns":4.0},{"damage":11.0,"enemies":"Blue Slaver","floor":5.0,"turns":5.0},{"damage":20.0,"enemies":"Gremlin Nob","floor":6.0,"turns":4.0},{"damage":30.0,"enemies":"3 Sentries","floor":8.0,"turns":4.0},{"damage":0.0,"enemies":"Gremlin Nob","floor":10.0,"turns":2.0},{"damage":12.0,"enemies":"Looter","floor":13.0,"turns":5.0},{"damage":20.0,"enemies":"2 Fungi Beasts","floor":14.0,"turns":4.0},{"damage":44.0,"enemies":"The Guardian","floor":16.0,"turns":8.0},{"damage":45,"enemies":"Spheric Guardian","floor":18,"turns":6},{"damage":25,"enemies":"2 Thieves","floor":21,"turns":4},{"damage":18,"enemies":"Shelled Parasite and Fungi","floor":22,"turns":1}],"seed_played":"2489773472999527867","potions_obtained":[{"floor":1.0,"key":"SpeedPotion"},{"floor":3.0,"key":"Energy Potion"},{"floor":10.0,"key":"Block Potion"},{"floor":13.0,"key":"EntropicBrew"},{"floor":16.0,"key":"Fire Potion"},{"floor":21,"key":"FearPotion"}],"is_trial":false,"path_per_floor":["M","M","M","?","M","E","R","E","T","E","R","$","M","M","R","B",null,"M","?","?","M","M"],"character_chosen":"IRONCLAD","items_purchased":["Finesse"],"campfire_rested":2,"item_purchase_floors":[12],"current_hp_per_floor":[72,68,72,54,49,35,35,11,11,17,53,53,47,36,73,35,75,36,20,20,13,0],"gold":343,"neow_bonus":"RANDOM_COLORLESS_2","is_prod":false,"is_daily":false,"chose_seed":false,"campfire_upgraded":1,"win_rate":0,"timestamp":1563659409,"path_taken":["M","M","M","?","M","E","R","E","T","E","R","$","M","M","R","BOSS","M","?","?","M","M"],"build_version":"2019-07-17","purchased_purges":1,"victory":false,"max_hp_per_floor":[72,72,72,72,72,72,72,72,72,72,72,72,72,75,75,75,75,75,75,75,75,78],"card_choices":[{"not_picked":["Warcry","Burning Pact","Armaments"],"picked":"SKIP","floor":1.0},{"not_picked":["Spot Weakness","Heavy Blade"],"picked":"Pommel Strike","floor":2.0},{"not_picked":["Feel No Pain","Cleave"],"picked":"Clothesline","floor":3.0},{"not_picked":["Power Through","Perfected Strike"],"picked":"Headbutt","floor":5.0},{"not_picked":["Pommel Strike","Disarm"],"picked":"Uppercut","floor":6.0},{"not_picked":["Infernal Blade","Entrench"],"picked":"Feed","floor":8.0},{"not_picked":["Body Slam","Sword Boomerang"],"picked":"Evolve","floor":10.0},{"not_picked":["Twin Strike","Wild Strike"],"picked":"Headbutt","floor":11.0},{"not_picked":["Body Slam","Thunderclap"],"picked":"Whirlwind","floor":13.0},{"not_picked":["Reckless Charge","Combust","Evolve"],"picked":"SKIP","floor":14.0},{"not_picked":["Double Tap","Dark Embrace"],"picked":"Fiend Fire","floor":16.0},{"not_picked":["Heavy Blade","Armaments"],"picked":"Shrug It Off","floor":17},{"not_picked":["Iron Wave","Sentinel"],"picked":"Entrench","floor":17},{"not_picked":["Havoc","Armaments"],"picked":"Pommel Strike","floor":17},{"not_picked":["Inflame","Havoc"],"picked":"Juggernaut","floor":17},{"not_picked":["Perfected Strike+1","Flex","Heavy Blade"],"picked":"SKIP","floor":18},{"not_picked":["Rupture","Havoc"],"picked":"Combust","floor":21}],"player_experience":246880,"relics_obtained":[{"floor":6.0,"key":"Red Skull"},{"floor":8.0,"key":"Bronze Scales"},{"floor":9.0,"key":"Regal Pillow"},{"floor":10.0,"key":"Dream Catcher"},{"floor":19,"key":"Enchiridion"}],"event_choices":[{"damage_healed":0.0,"max_hp_gain":0.0,"max_hp_loss":0.0,"gold_gain":0.0,"event_name":"Golden Idol","player_choice":"Take Damage","floor":4.0,"gold_loss":0.0,"damage_taken":18.0,"relics_obtained":["Golden Idol"]},{"damage_healed":0,"gold_gain":0,"player_choice":"Obtained Book","damage_taken":16,"max_hp_gain":0,"max_hp_loss":0,"event_name":"Cursed Tome","floor":19,"gold_loss":0},{"damage_healed":0,"gold_gain":0,"player_choice":"Simplicity","damage_taken":0,"max_hp_gain":0,"max_hp_loss":0,"event_name":"Back to Basics","floor":20,"gold_loss":0,"cards_upgraded":["Strike_R","Strike_R","Strike_R","Strike_R","Defend_R","Defend_R","Defend_R","Defend_R"]}],"is_beta":false,"boss_relics":[{"not_picked":["Calling Bell","Coffee Dripper"],"picked":"Orrery"}],"items_purged_floors":[12],"is_endless":false,"potions_floor_spawned":[1,3,10,13,14,16,21],"killed_by":"Shelled Parasite and Fungi","ascension_level":4}