{"gold_per_floor":[113,113,130,150,33,33,43,76,102,102,102,115,115,125,125,201,201,201,218,62,80,93,93,111,111,137,168,168,168,168,178,178,249,249,267,278,297,297,297,297,325,325,379,391,411,436,436,453,453,453,453,453,453,198,223,223],"floor_reached":57,"playtime":3875,"items_purged":["Strike_G","Strike_G","Strike_G+1"],"score":2922,"play_id":"09c6dfd0-4522-4ca0-b046-8915a4665e61","local_time":"20190125200530","is_ascension_mode":true,"campfire_choices":[{"data":"Noxious Fumes","floor":6.0,"key":"SMITH"},{"data":"Catalyst","floor":11.0,"key":"SMITH"},{"floor":15.0,"key":"REST"},{"data":"Neutralize","floor":23.0,"key":"SMITH"},{"data":"Well Laid Plans","floor":25.0,"key":"SMITH"},{"data":"Footwork","floor":30.0,"key":"SMITH"},{"floor":32.0,"key":"REST"},{"data":"Acrobatics","floor":40.0,"key":"SMITH"},{"floor":47,"key":"RECALL"},{"data":"Corpse Explosion","floor":49,"key":"SMITH"},{"data":"Backflip","floor":53,"key":"SMITH"}],"neow_cost":"NONE","seed_source_timestamp":24639476032834,"circlet_count":0,"master_deck":["AscendersBane","Defend_G+1","Defend_G+1","Defend_G","Defend_G","Defend_G","Survivor","Neutralize+1","Footwork+1","Acrobatics+1","Noxious Fumes+1","Catalyst+1","Well Laid Plans+1","Backflip+1","Corpse Explosion+1","Dodge and Roll+1","Well Laid Plans+1","Adrenaline","Bouncing Flask","Malaise"],"special_seed":0,"relics":["Ring of the Snake","Pen Nib","Lantern","Busted Crown","Whetstone","Art of War","theJungle:BirthdayCakeSlice","Coffee Dripper","Gambling Chip","Blood Vial","Centennial Puzzle","Bottled Flame"],"potions_floor_usage":[56],"damage_taken":[{"damage":3.0,"enemies":"Small Slimes","floor":1.0,"turns":5.0},{"damage":0.0,"enemies":"Jaw Worm","floor":3.0,"turns":5.0},{"damage":0.0,"enemies":"2 Louse","floor":4.0,"turns":3.0},{"damage":0.0,"enemies":"Looter","floor":7.0,"turns":4.0},{"damage":7.0,"enemies":"Lagavulin","floor":8.0,"turns":10.0},{"damage":4.0,"enemies":"3 Louse","floor":12.0,"turns":4.0},{"damage":12.0,"enemies":"2 Fungi Beasts","floor":14.0,"turns":5.0},{"damage":10.0,"enemies":"The Guardian","floor":16.0,"turns":11.0},{"damage":0.0,"enemies":"theJungle:Flameango_and_Byrd","floor":18.0,"turns":1.0},{"damage":0.0,"enemies":"theJungle:MUSHROOMGANG","floor":19.0,"turns":4.0},{"damage":14.0,"enemies":"theJungle:2_Snecko_Cultists","floor":21.0,"turns":6.0},{"damage":11.0,"enemies":"theJungle:JungleHuntersEncounter","floor":22.0,"turns":6.0},{"damage":0.0,"enemies":"Snake Plant","floor":24.0,"turns":4.0},{"damage":0.0,"enemies":"theJungle:2_Phrogs","floor":27.0,"turns":4.0},{"damage":0.0,"enemies":"theJungle:Snecko_Cultist_And_Trap","floor":31.0,"turns":8.0},{"damage":45.0,"enemies":"theJungle:TotemBoss","floor":33.0,"turns":10.0},{"damage":0.0,"enemies":"3 Darklings","floor":35.0,"turns":2.0},{"damage":0.0,"enemies":"Orb Walker","floor":36.0,"turns":4.0},{"damage":0.0,"enemies":"Maw","floor":37.0,"turns":7.0},{"damage":14.0,"enemies":"Reptomancer","floor":41.0,"turns":7.0},{"damage":4,"enemies":"Sphere and 2 Shapes","floor":44,"turns":5},{"damage":3,"enemies":"Jaw Worm Horde","floor":45,"turns":4},{"damage":0,"enemies":"Giant Head","floor":46,"turns":8},{"damage":0,"enemies":"Writhing Mass","floor":48,"turns":5},{"damage":0,"enemies":"Donu and Deca","floor":50,"turns":7},{"damage":0,"enemies":"Time Eater","floor":51,"turns":10},{"damage":12,"enemies":"Shield and Spear","floor":55,"turns":6},{"damage":27,"enemies":"The Heart","floor":56,"turns":9}],"seed_played":"8153293704139725342","potions_obtained":[{"floor":1.0,"key":"Strength Potion"},{"floor":4.0,"key":"Dexterity Potion"},{"floor":12.0,"key":"SneckoOil"},{"floor":16.0,"key":"SmokeBomb"},{"floor":19.0,"key":"EssenceOfSteel"},{"floor":22.0,"key":"Poison Potion"},{"floor":31.0,"key":"Fruit Juice"},{"floor":37.0,"key":"GamblersBrew"},{"floor":41.0,"key":"PowerPotion"}],"is_trial":false,"path_per_floor":["M","?","M","M","$","R","M","E","T","?","R","M","?","M","R","B",null,"M","M","$","M","M","R","M","R","T","E","?","?","R","M","R","B",null,"M","M","M","?","?","R","E","?","T","M","M","E","R","M","R","B","B",null,"R","$","E","B",null],"character_chosen":"THE_SILENT","items_purchased":["Noxious Fumes","Weak Potion","Bouncing Flask","GhostInAJar"],"campfire_rested":2,"item_purchase_floors":[5,20,54,54],"current_hp_per_floor":[56,36,36,36,36,36,36,29,29,29,29,25,20,8,27,17,54,54,54,54,40,29,29,29,29,29,29,29,34,34,34,55,15,61,61,61,61,61,61,61,47,47,47,45,44,46,46,48,48,50,52,70,70,70,60,35],"gold":223,"neow_bonus":"REMOVE_CARD","is_prod":false,"is_daily":false,"chose_seed":false,"campfire_upgraded":8,"win_rate":0,"timestamp":1548417930,"path_taken":["M","?","M","M","$","R","M","E","T","?","R","M","?","M","R","BOSS","M","M","$","M","M","R","M","R","T","E","?","?","R","M","R","BOSS","M","M","M","?","?","R","E","?","T","M","M","E","R","M","R","BOSS","BOSS","R","$","E","BOSS"],"build_version":"2019-01-23","purchased_purges":3,"victory":true,"max_hp_per_floor":[66,66,66,66,66,66,66,66,66,66,66,66,66,66,66,66,66,66,66,66,66,66,66,66,66,66,66,66,71,71,71,71,76,76,76,76,76,76,76,76,76,76,76,76,76,76,76,76,76,76,76,76,76,76,76,76],"card_choices":[{"not_picked":["Crippling Poison","Prepared"],"picked":"Footwork","floor":1.0},{"not_picked":["Setup","Quick Slash"],"picked":"Acrobatics","floor":3.0},{"not_picked":["Sucker Punch","Blade Dance","Flying Knee"],"picked":"SKIP","floor":4.0},{"not_picked":["Backstab","Slice"],"picked":"Catalyst","floor":7.0},{"not_picked":["Slice","Eviscerate","Phantasmal Killer"],"picked":"SKIP","floor":8.0},{"not_picked":["Dagger Throw","Underhanded Strike"],"picked":"Well Laid Plans","floor":12.0},{"not_picked":["Dodge and Roll","Cloak And Dagger"],"picked":"Backflip","floor":14.0},{"not_picked":["Bullet Time","After Image"],"picked":"Corpse Explosion","floor":16.0},{"not_picked":["Dagger Spray"],"picked":"SKIP","floor":19.0},{"not_picked":["Slice"],"picked":"SKIP","floor":21.0},{"not_picked":["Infinite Blades"],"picked":"SKIP","floor":22.0},{"not_picked":[],"picked":"Dodge and Roll+1","floor":24.0},{"not_picked":[],"picked":"Well Laid Plans+1","floor":27.0},{"not_picked":["Backstab"],"picked":"SKIP","floor":31.0},{"not_picked":["Slice"],"picked":"SKIP","floor":35.0},{"not_picked":["Dagger Spray"],"picked":"SKIP","floor":36.0},{"not_picked":["Sucker Punch"],"picked":"SKIP","floor":37.0},{"not_picked":["Dagger Spray"],"picked":"SKIP","floor":41.0},{"not_picked":["Underhanded Strike"],"picked":"SKIP","floor":44},{"not_picked":["Sucker Punch+1"],"picked":"SKIP","floor":45},{"not_picked":[],"picked":"Adrenaline","floor":46},{"not_picked":["Setup"],"picked":"SKIP","floor":48},{"not_picked":[],"picked":"Malaise","floor":55}],"player_experience":2243057,"relics_obtained":[{"floor":8.0,"key":"Pen Nib"},{"floor":26.0,"key":"Whetstone"},{"floor":27.0,"key":"Art of War"},{"floor":41.0,"key":"Gambling Chip"},{"floor":43,"key":"Blood Vial"},{"floor":46,"key":"Centennial Puzzle"},{"floor":55,"key":"Bottled Flame"}],"event_choices":[{"damage_healed":0.0,"max_hp_gain":0.0,"max_hp_loss":0.0,"gold_gain":0.0,"event_name":"Shining Light","player_choice":"Entered Light","floor":2.0,"gold_loss":0.0,"damage_taken":20.0,"cards_upgraded":["Defend_G","Defend_G"]},{"damage_healed":0.0,"max_hp_gain":0.0,"max_hp_loss":0.0,"gold_gain":0.0,"event_name":"Liars Game","player_choice":"Ignored","floor":10.0,"gold_loss":0.0,"damage_taken":0.0},{"damage_healed":0.0,"max_hp_gain":0.0,"max_hp_loss":0.0,"gold_gain":0.0,"event_name":"Scrap Ooze","player_choice":"Success","floor":13.0,"gold_loss":0.0,"damage_taken":5.0,"relics_obtained":["Lantern"]},{"cards_removed":["Strike_G"],"damage_healed":0.0,"max_hp_gain":0.0,"max_hp_loss":0.0,"gold_gain":0.0,"event_name":"Falling","player_choice":"Removed Attack","floor":38.0,"gold_loss":0.0,"damage_taken":0.0},{"damage_healed":0.0,"max_hp_gain":0.0,"max_hp_loss":0.0,"gold_gain":0.0,"event_name":"Mysterious Sphere","player_choice":"Ignored","floor":39.0,"gold_loss":0.0,"damage_taken":0.0},{"damage_healed":0,"gold_gain":0,"player_choice":"Memory 1","damage_taken":0,"max_hp_gain":0,"max_hp_loss":0,"event_name":"SensoryStone","floor":42,"gold_loss":0}],"is_beta":false,"boss_relics":[{"not_picked":["Velvet Choker","WristBlade"],"picked":"Busted Crown"},{"not_picked":["HoveringKite","Eternal Feather"],"picked":"Coffee Dripper"}],"items_purged_floors":[5,20,54],"is_endless":false,"potions_floor_spawned":[1,4,12,16,19,22,31,37,41,44,45],"ascension_level":20}