{"gold_per_floor":[109,109,109,132,132,132,166,190,190,211,211],"floor_reached":11,"playtime":494,"items_purged":[],"score":146,"play_id":"e0ad864f-4d78-4c9e-bb22-a94487199854","local_time":"20190622191324","is_ascension_mode":true,"campfire_choices":[{"floor":6,"key":"REST"}],"neow_cost":"PERCENT_DAMAGE","seed_source_timestamp":81990946908896,"circlet_count":0,"master_deck":["AscendersBane","Defend_G","Defend_G","Defend_G","Defend_G","Defend_G","Strike_G","Strike_G","Strike_G","Survivor","Neutralize","Phantasmal Killer+1","Footwork","Slice","Quick Slash","Dagger Throw","Escape Plan","Predator"],"relics":["Ring of the Snake","Golden Idol","Calipers"],"potions_floor_usage":[11],"damage_taken":[{"damage":1,"enemies":"2 Louse","floor":1,"turns":8},{"damage":7,"enemies":"Small Slimes","floor":4,"turns":6},{"damage":26,"enemies":"3 Sentries","floor":7,"turns":12},{"damage":5,"enemies":"Jaw Worm","floor":8,"turns":4},{"damage":5,"enemies":"Exordium Wildlife","floor":10,"turns":3},{"damage":25,"enemies":"Gremlin Nob","floor":11,"turns":3}],"seed_played":"1846497349514605113","potions_obtained":[{"floor":4,"key":"Ancient Potion"},{"floor":7,"key":"Ancient Potion"}],"is_trial":false,"path_per_floor":["M","?","?","M","?","R","E","M","T","M","E"],"character_chosen":"THE_SILENT","items_purchased":[],"campfire_rested":1,"item_purchase_floors":[],"current_hp_per_floor":[43,43,43,36,41,60,34,29,29,24,0],"gold":211,"neow_bonus":"TRANSFORM_TWO_CARDS","is_prod":false,"is_daily":false,"chose_seed":false,"campfire_upgraded":0,"win_rate":0,"timestamp":1561223604,"path_taken":["M","?","?","M","?","R","E","?","T","M","E"],"build_version":"2019-01-23","purchased_purges":0,"victory":false,"max_hp_per_floor":[66,60,60,60,65,65,65,65,65,65,65],"card_choices":[{"not_picked":["Blade Dance","Leg Sweep"],"picked":"Slice","floor":1},{"not_picked":["Accuracy","Bane"],"picked":"Quick Slash","floor":4},{"not_picked":["Phantasmal Killer","Prepared"],"picked":"Dagger Throw","floor":7},{"not_picked":["Underhanded Strike","Blade Dance"],"picked":"Escape Plan","floor":8},{"not_picked":["Setup","Slice"],"picked":"Predator","floor":10}],"player_experience":637569,"relics_obtained":[{"floor":7,"key":"Calipers"}],"event_choices":[{"damage_healed":0,"gold_gain":0,"player_choice":"Lose Max HP","damage_taken":0,"relics_obtained":["Golden Idol"],"max_hp_gain":0,"max_hp_loss":6,"event_name":"Golden Idol","floor":2,"gold_loss":0},{"damage_healed":0,"gold_gain":0,"player_choice":"Grow","damage_taken":0,"max_hp_gain":0,"max_hp_loss":0,"event_name":"Living Wall","floor":3,"gold_loss":0,"cards_upgraded":["Phantasmal Killer"]},{"damage_healed":0,"gold_gain":0,"player_choice":"Donut","damage_taken":0,"max_hp_gain":5,"max_hp_loss":0,"event_name":"Big Fish","floor":5,"gold_loss":0}],"is_beta":false,"boss_relics":[],"items_purged_floors":[],"is_endless":false,"potions_floor_spawned":[4,7],"killed_by":"Gremlin Nob","ascension_level":20}