{"gold_per_floor":[112,112,37,107,117,117,17,30,30,30,41,41,56,56,56,130,130,130],"floor_reached":18,"playtime":554,"items_purged":["Decay","Strike_G"],"score":300,"play_id":"3d62db69-0abc-432d-aadb-47943dd553d7","local_time":"20190116125807","is_ascension_mode":true,"campfire_choices":[{"data":"Tactician","floor":6,"key":"SMITH"},{"data":"Deadly Poison","floor":10,"key":"SMITH"},{"data":"Bouncing Flask","floor":15,"key":"SMITH"}],"neow_cost":"NONE","seed_source_timestamp":7033610182090,"circlet_count":0,"master_deck":["AscendersBane","Defend_G","Defend_G","Defend_G","Defend_G","Defend_G+1","Strike_G","Strike_G+1","Strike_G","Strike_G","Survivor","Neutralize+1","Tactician+1","Deadly Poison+1","Bouncing Flask+1","Burst","Acrobatics","Corpse Explosion"],"relics":["Ring of the Snake","Meat on the Bone","Unceasing Top","Orrery"],"potions_floor_usage":[16,18],"damage_taken":[{"damage":0,"enemies":"Cultist","floor":1,"turns":5},{"damage":7,"enemies":"Small Slimes","floor":5,"turns":5},{"damage":6,"enemies":"2 Louse","floor":8,"turns":5},{"damage":32,"enemies":"Large Slime","floor":11,"turns":11},{"damage":3,"enemies":"Looter","floor":13,"turns":4},{"damage":12,"enemies":"The Guardian","floor":16,"turns":8},{"damage":0,"enemies":"3 Byrds","floor":18,"turns":2}],"seed_played":"5364376052022384866","potions_obtained":[{"floor":1,"key":"LiquidBronze"},{"floor":11,"key":"SkillPotion"}],"is_trial":false,"path_per_floor":["M","?","$","T","M","R","$","M","T","R","M","?","M","?","R","B",null,"M"],"character_chosen":"THE_SILENT","items_purchased":[],"campfire_rested":0,"item_purchase_floors":[],"current_hp_per_floor":[59,59,59,59,52,52,52,46,46,46,26,26,35,15,15,15,53,53],"gold":130,"neow_bonus":"UPGRADE_CARD","is_prod":false,"is_daily":false,"chose_seed":false,"campfire_upgraded":3,"win_rate":0,"timestamp":1547614687,"path_taken":["M","?","$","?","M","R","$","M","T","R","M","?","?","?","R","BOSS","M"],"build_version":"2019-01-10","purchased_purges":2,"victory":false,"max_hp_per_floor":[66,66,66,66,66,66,66,66,66,66,66,66,66,66,66,66,66,66],"card_choices":[{"not_picked":["Terror","Infinite Blades"],"picked":"Tactician","floor":1},{"not_picked":["All Out Attack","PiercingWail","Crippling Poison"],"picked":"SKIP","floor":5},{"not_picked":["Deflect","Riddle With Holes"],"picked":"Deadly Poison","floor":8},{"not_picked":["Prepared","Dodge and Roll","Bullet Time"],"picked":"SKIP","floor":11},{"not_picked":["Slice","Infinite Blades"],"picked":"Bouncing Flask","floor":13},{"not_picked":["Malaise","Storm of Steel"],"picked":"Burst","floor":16},{"not_picked":["All Out Attack","Backflip"],"picked":"Acrobatics","floor":17},{"not_picked":["Deflect","Expertise"],"picked":"Corpse Explosion","floor":17}],"player_experience":1945662,"relics_obtained":[{"floor":4,"key":"Meat on the Bone"},{"floor":9,"key":"Unceasing Top"}],"event_choices":[{"damage_healed":0,"gold_gain":0,"player_choice":"Cursed","damage_taken":0,"max_hp_gain":0,"max_hp_loss":0,"event_name":"Wheel of Change","floor":2,"gold_loss":0,"cards_obtained":["Decay"]},{"damage_healed":0,"gold_gain":0,"player_choice":"0 cards matched","damage_taken":0,"max_hp_gain":0,"max_hp_loss":0,"event_name":"Match and Keep!","floor":12,"gold_loss":0,"cards_obtained":[]},{"damage_healed":0,"gold_gain":0,"player_choice":"Entered Light","damage_taken":20,"max_hp_gain":0,"max_hp_loss":0,"event_name":"Shining Light","floor":14,"gold_loss":0,"cards_upgraded":["Strike_G","Defend_G"]}],"is_beta":false,"boss_relics":[{"not_picked":["Ectoplasm","Fusion Hammer"],"picked":"Orrery"}],"items_purged_floors":[3,7],"is_endless":false,"potions_floor_spawned":[1,11],"killed_by":"3 Byrds","ascension_level":20}