{"gold_per_floor":[115,48,64,74,74,74,92,92,119,119,119,133,167,182,182,287,287,306,216,203,220,46,46,66,66,66,66,66,66,91,51,51,154,154,170,95,95,95,111,111,122,133,133,133,133,355,369,219,219,219],"floor_reached":51,"playtime":2088,"items_purged":["Strike_G","Strike_G"],"score":770,"play_id":"674cd364-fb25-42e4-9aef-ab2b28bb2cb4","local_time":"20181125105640","is_ascension_mode":false,"campfire_choices":[{"data":"Well Laid Plans","floor":6.0,"key":"SMITH"},{"data":"Catalyst","floor":8.0,"key":"SMITH"},{"data":"Neutralize","floor":11.0,"key":"SMITH"},{"data":"Predator","floor":15.0,"key":"SMITH"},{"data":"Calculated Gamble","floor":23.0,"key":"SMITH"},{"data":"Prepared","floor":25,"key":"SMITH"},{"data":"Reflex","floor":27,"key":"SMITH"},{"data":"Catalyst","floor":29,"key":"SMITH"},{"data":"Noxious Fumes","floor":32,"key":"SMITH"},{"data":"Well Laid Plans","floor":40,"key":"SMITH"},{"data":"Corpse Explosion","floor":44,"key":"SMITH"},{"data":"Impatience","floor":49,"key":"SMITH"}],"neow_cost":"NONE","seed_source_timestamp":6439320289880,"circlet_count":0,"master_deck":["Defend_G","Defend_G","Defend_G","Defend_G","Defend_G+1","Survivor","Neutralize+1","Well Laid Plans+1","Tactician","Catalyst+1","Concentrate","Calculated Gamble+1","Terror","Predator+1","Venomology","Reflex+1","Tactician","Prepared+1","Catalyst+1","Ghostly","Ghostly","Ghostly","Ghostly","Ghostly","Noxious Fumes+1","Corpse Explosion+1","Prepared+1","Well Laid Plans+1","Expertise+1","Impatience+1","Flash of Steel"],"special_seed":0,"relics":["White Beast Statue","Bag of Marbles","Strawberry","Philosopher\u0027s Stone","Potion Belt","Red Mask","Empty Cage","Meat on the Bone"],"potions_floor_usage":[24,24,24,35,35,35,41,42,47,50,50,50,50,50,50,50,50,50],"damage_taken":[{"damage":1.0,"enemies":"2 Louse","floor":1.0,"turns":4.0},{"damage":4.0,"enemies":"Cultist","floor":3.0,"turns":5.0},{"damage":0.0,"enemies":"Small Slimes","floor":4.0,"turns":5.0},{"damage":0.0,"enemies":"3 Louse","floor":7.0,"turns":4.0},{"damage":0.0,"enemies":"2 Fungi Beasts","floor":12.0,"turns":6.0},{"damage":0.0,"enemies":"3 Sentries","floor":13.0,"turns":12.0},{"damage":17.0,"enemies":"Large Slime","floor":14.0,"turns":7.0},{"damage":6.0,"enemies":"The Guardian","floor":16.0,"turns":11.0},{"damage":4.0,"enemies":"Chosen","floor":18.0,"turns":4.0},{"damage":26.0,"enemies":"2 Thieves","floor":20.0,"turns":4.0},{"damage":5.0,"enemies":"Chosen and Byrds","floor":21.0,"turns":9.0},{"damage":8,"enemies":"Cultist and Chosen","floor":24,"turns":10},{"damage":15,"enemies":"Masked Bandits","floor":30,"turns":8},{"damage":15,"enemies":"Champ","floor":33,"turns":12},{"damage":7,"enemies":"3 Darklings","floor":35,"turns":5},{"damage":1,"enemies":"Orb Walker","floor":39,"turns":5},{"damage":0,"enemies":"Transient","floor":41,"turns":5},{"damage":3,"enemies":"Jaw Worm Horde","floor":42,"turns":3},{"damage":2,"enemies":"Spire Growth","floor":47,"turns":5},{"damage":0,"enemies":"Donu and Deca","floor":50,"turns":4}],"seed_played":"-5734803254933952533","potions_obtained":[{"floor":1.0,"key":"GhostInAJar"},{"floor":3.0,"key":"GhostInAJar"},{"floor":4.0,"key":"Poison Potion"},{"floor":7.0,"key":"Block Potion"},{"floor":12.0,"key":"EntropicBrew"},{"floor":13.0,"key":"Regen Potion"},{"floor":14.0,"key":"Explosive Potion"},{"floor":16.0,"key":"Explosive Potion"},{"floor":18.0,"key":"Dexterity Potion"},{"floor":20.0,"key":"SneckoOil"},{"floor":21.0,"key":"FearPotion"},{"floor":24,"key":"FearPotion"},{"floor":30,"key":"Swift Potion"},{"floor":33,"key":"Explosive Potion"},{"floor":35,"key":"EntropicBrew"},{"floor":39,"key":"PowerPotion"},{"floor":42,"key":"PowerPotion"}],"is_trial":false,"path_per_floor":["M","$","M","M","$","R","M","R","T","?","R","M","E","M","R","B",null,"M","?","M","M","$","R","M","R","T","R","?","R","?","$","R","B",null,"M","$","?","$","M","R","M","M","T","R","?","?","M","$","R","B",null],"character_chosen":"THE_SILENT","items_purchased":["Tactician","Potion Belt","Prepared","Noxious Fumes","Swift Potion"],"campfire_rested":0,"item_purchase_floors":[2,22,22,31,48],"current_hp_per_floor":[69,69,65,65,65,65,65,65,65,70,70,70,77,60,60,69,82,78,78,52,47,47,47,39,39,39,39,39,39,24,24,24,9,41,34,34,34,34,33,33,33,30,30,30,20,20,30,30,30,30],"gold":219,"neow_bonus":"BOSS_RELIC","is_prod":false,"is_daily":false,"chose_seed":false,"campfire_upgraded":12,"win_rate":0,"timestamp":1543114600,"path_taken":["M","$","M","M","$","R","M","R","T","?","R","M","E","M","R","BOSS","M","?","M","M","$","R","?","R","T","R","?","R","?","$","R","BOSS","M","$","?","$","M","R","M","M","T","R","?","?","M","?","R","BOSS"],"build_version":"2018-11-15","purchased_purges":2,"victory":true,"max_hp_per_floor":[70,70,70,70,70,70,70,70,70,75,75,75,82,82,82,82,82,82,82,82,82,82,82,82,82,82,82,41,41,41,41,41,41,41,41,41,39,39,39,39,39,39,39,39,39,39,39,39,39,39],"card_choices":[{"not_picked":["Heel Hook","Blade Dance"],"picked":"Well Laid Plans","floor":1.0},{"not_picked":["Sucker Punch","PiercingWail"],"picked":"Catalyst","floor":3.0},{"not_picked":["Endless Agony","Blade Dance"],"picked":"Concentrate","floor":4.0},{"not_picked":["PiercingWail","Dagger Spray","Quick Slash"],"picked":"SKIP","floor":7.0},{"not_picked":["All Out Attack","Flying Knee"],"picked":"Calculated Gamble","floor":12.0},{"not_picked":["Bane","Sucker Punch"],"picked":"Terror","floor":13.0},{"not_picked":["Cloak And Dagger","Dash"],"picked":"Predator","floor":14.0},{"not_picked":["Adrenaline","Burst"],"picked":"Venomology","floor":16.0},{"not_picked":["PiercingWail","Backflip"],"picked":"Reflex","floor":18.0},{"not_picked":["Bane+1","Dagger Throw"],"picked":"Tactician","floor":20.0},{"not_picked":["PiercingWail","Finisher+1","Terror"],"picked":"SKIP","floor":21.0},{"not_picked":["Sucker Punch","Finisher"],"picked":"Catalyst","floor":24},{"not_picked":["Tools of the Trade","Phantasmal Killer"],"picked":"Corpse Explosion","floor":33},{"not_picked":["Setup+1","Dodge and Roll"],"picked":"Prepared+1","floor":35},{"not_picked":["Distraction+1","Setup+1"],"picked":"Well Laid Plans","floor":39},{"not_picked":["Bouncing Flask+1","Tactician+1"],"picked":"Expertise+1","floor":41},{"not_picked":["Bane+1","Distraction","Blur"],"picked":"SKIP","floor":42},{"not_picked":["Metamorphosis","Finesse"],"picked":"Impatience","floor":45},{"not_picked":["Chrysalis","Panacea"],"picked":"Flash of Steel","floor":45},{"not_picked":["Flechettes","Skewer","Leg Sweep"],"picked":"SKIP","floor":47}],"player_experience":1179573,"relics_obtained":[{"floor":9.0,"key":"Bag of Marbles"},{"floor":13.0,"key":"Strawberry"},{"floor":30,"key":"Red Mask"},{"floor":43,"key":"Meat on the Bone"}],"event_choices":[{"damage_healed":0.0,"max_hp_gain":5.0,"max_hp_loss":0.0,"gold_gain":0.0,"event_name":"Big Fish","player_choice":"Donut","floor":10.0,"gold_loss":0.0,"damage_taken":0.0},{"cards_removed":["Strike_G"],"damage_healed":0.0,"max_hp_gain":0.0,"max_hp_loss":0.0,"gold_gain":0.0,"event_name":"Designer","player_choice":"Upgrade and Remove","floor":19.0,"gold_loss":90.0,"damage_taken":0.0,"cards_upgraded":["Defend_G"]},{"damage_healed":0,"gold_gain":0,"player_choice":"Became a Ghost","damage_taken":0,"max_hp_gain":0,"max_hp_loss":41,"event_name":"Ghosts","floor":28,"gold_loss":0,"cards_obtained":["Ghostly","Ghostly","Ghostly","Ghostly","Ghostly"]},{"damage_healed":0,"gold_gain":0,"player_choice":"Fought Bandits","damage_taken":0,"max_hp_gain":0,"max_hp_loss":0,"event_name":"Masked Bandits","floor":30,"gold_loss":0},{"damage_healed":0,"gold_gain":0,"player_choice":"Max HP","damage_taken":0,"max_hp_gain":0,"max_hp_loss":2,"event_name":"Winding Halls","floor":37,"gold_loss":0},{"damage_healed":0,"gold_gain":0,"player_choice":"Memory 3","damage_taken":10,"max_hp_gain":0,"max_hp_loss":0,"event_name":"SensoryStone","floor":45,"gold_loss":0},{"damage_healed":0,"gold_gain":222,"player_choice":"Wore Mask","damage_taken":0,"max_hp_gain":0,"max_hp_loss":0,"event_name":"Tomb of Lord Red Mask","floor":46,"gold_loss":0}],"is_beta":false,"boss_relics":[{"not_picked":["HoveringKite","Velvet Choker"],"picked":"Philosopher\u0027s Stone"},{"not_picked":["Runic Dome","Fusion Hammer"],"picked":"Empty Cage"}],"items_purged_floors":[36,48],"is_endless":false,"potions_floor_spawned":[1,3,4,7,12,13,14,16,18,20,21,24,30,33,35,39,41,42,47],"ascension_level":0}