{"gold_per_floor":[118,118,118,6,19,19,19,19,45,45,58,58,108,133,133,261,261,276,300,225,241,256,256,356,356,380,400,425,425,425,425,425,526,526,539,371,371,371,390,390,10,10,10,110,110,110,126,137,137,137],"floor_reached":51,"playtime":899,"items_purged":["Strike_G","Strike_G","Strike_G"],"score":708,"play_id":"796c356f-298d-4c61-8dba-1e8ae9721e37","local_time":"20181104110732","is_ascension_mode":false,"campfire_choices":[{"data":"Well Laid Plans","floor":6,"key":"SMITH"},{"data":"Dagger Spray","floor":10,"key":"SMITH"},{"data":"Catalyst","floor":12,"key":"SMITH"},{"data":"Noxious Fumes","floor":15,"key":"SMITH"},{"data":"Deadly Poison","floor":23,"key":"SMITH"},{"data":"Bouncing Flask","floor":25,"key":"SMITH"},{"data":"Corpse Explosion","floor":29,"key":"SMITH"},{"data":"Leg Sweep","floor":32,"key":"SMITH"},{"data":"Footwork","floor":40,"key":"SMITH"},{"data":"Glass Knife","floor":42,"key":"SMITH"},{"floor":49,"key":"REST"}],"neow_cost":"NONE","seed_source_timestamp":4252309170976,"circlet_count":0,"master_deck":["Defend_G","Defend_G+1","Defend_G","Defend_G","Defend_G","Strike_G","Survivor","Neutralize+1","Dagger Spray+1","Well Laid Plans+1","Catalyst+1","Escape Plan","Noxious Fumes+1","Corpse Explosion+1","Leg Sweep+1","Bouncing Flask+1","Deadly Poison+1","Glass Knife+1","Footwork+1","Sadistic Nature","Footwork"],"relics":["Ring of the Snake","Juzu Bracelet","Bronze Scales","Bloody Idol","Vajra","Anchor","Runic Dome","Lantern","Black Star","Pantograph","Shuriken","Potion Belt"],"potions_floor_usage":[47,50,50,50],"damage_taken":[{"damage":0,"enemies":"Cultist","floor":1,"turns":5},{"damage":0,"enemies":"Small Slimes","floor":5,"turns":3},{"damage":0,"enemies":"2 Louse","floor":11,"turns":2},{"damage":0,"enemies":"Blue Slaver","floor":14,"turns":3},{"damage":21,"enemies":"Slime Boss","floor":16,"turns":7},{"damage":0,"enemies":"Chosen","floor":18,"turns":3},{"damage":0,"enemies":"3 Byrds","floor":19,"turns":2},{"damage":9,"enemies":"Centurion and Healer","floor":21,"turns":3},{"damage":0,"enemies":"3 Cultists","floor":22,"turns":3},{"damage":12,"enemies":"Snecko","floor":27,"turns":5},{"damage":0,"enemies":"Snake Plant","floor":28,"turns":2},{"damage":0,"enemies":"Champ","floor":33,"turns":7},{"damage":0,"enemies":"Orb Walker","floor":35,"turns":4},{"damage":38,"enemies":"3 Darklings","floor":39,"turns":3},{"damage":0,"enemies":"Spire Growth","floor":47,"turns":3},{"damage":25,"enemies":"Writhing Mass","floor":48,"turns":4},{"damage":40,"enemies":"Time Eater","floor":50,"turns":7}],"seed_played":"2530147193667338662","potions_obtained":[{"floor":5,"key":"Ancient Potion"},{"floor":14,"key":"SkillPotion"},{"floor":28,"key":"LiquidBronze"},{"floor":33,"key":"Ancient Potion"},{"floor":48,"key":"Regen Potion"}],"is_trial":false,"path_per_floor":["M","?","?","$","M","R","?","$","T","R","M","R","T","M","R","B",null,"M","M","$","M","M","R","?","R","T","M","M","R","?","?","R","B",null,"M","$","?","?","M","R","$","R","T","?","T","?","M","M","R","B",null],"character_chosen":"THE_SILENT","items_purchased":["Well Laid Plans","Catalyst","Footwork","Pantograph"],"campfire_rested":1,"item_purchase_floors":[4,4,36,41],"current_hp_per_floor":[70,56,53,53,53,53,53,53,53,53,53,53,53,53,53,32,65,65,65,65,56,56,56,56,56,56,44,44,44,44,44,44,49,65,65,65,62,62,29,29,29,29,29,34,34,34,39,19,37,36],"gold":137,"neow_bonus":"RANDOM_COMMON_RELIC","is_prod":false,"is_daily":false,"chose_seed":false,"campfire_upgraded":10,"win_rate":0,"timestamp":1541300852,"path_taken":["M","?","?","$","M","R","?","$","T","R","M","R","?","M","R","BOSS","M","M","$","M","M","R","?","R","T","M","M","R","?","?","R","BOSS","M","$","?","?","M","R","?","R","T","?","?","?","M","M","R","BOSS"],"build_version":"2018-11-01","purchased_purges":3,"victory":true,"max_hp_per_floor":[70,70,70,70,70,70,65,65,65,65,65,65,65,65,65,65,65,65,65,65,65,65,65,65,65,65,65,65,65,65,65,65,65,65,65,65,62,62,62,62,62,62,62,62,62,62,62,62,62,62],"card_choices":[{"not_picked":["Prepared","Reflex"],"picked":"Dagger Spray","floor":1},{"not_picked":["Cloak And Dagger","Backstab"],"picked":"Escape Plan","floor":5},{"not_picked":["Predator","Dagger Throw","Sucker Punch"],"picked":"SKIP","floor":11},{"not_picked":["Deflect","Footwork"],"picked":"Noxious Fumes","floor":14},{"not_picked":["Wraith Form v2","Malaise"],"picked":"Corpse Explosion","floor":16},{"not_picked":["Poisoned Stab+1","Riddle With Holes","Underhanded Strike+1"],"picked":"SKIP","floor":18},{"not_picked":["Blur","Predator"],"picked":"Leg Sweep","floor":19},{"not_picked":["Concentrate","Underhanded Strike"],"picked":"Bouncing Flask","floor":21},{"not_picked":["Expertise","Poisoned Stab+1"],"picked":"Deadly Poison","floor":22},{"not_picked":["Bane+1","Outmaneuver","Dagger Throw+1"],"picked":"SKIP","floor":27},{"not_picked":["Cloak And Dagger","Blade Dance+1","Dagger Spray+1"],"picked":"SKIP","floor":28},{"not_picked":["Adrenaline","Storm of Steel"],"picked":"Glass Knife","floor":33},{"not_picked":["Sucker Punch","Masterful Stab+1","Deadly Poison+1"],"picked":"SKIP","floor":35},{"not_picked":["Enlightenment","PanicButton"],"picked":"Sadistic Nature","floor":38},{"not_picked":["Heel Hook","Slice+1","Bouncing Flask"],"picked":"SKIP","floor":39},{"not_picked":["Underhanded Strike+1","Bane+1"],"picked":"Footwork","floor":47},{"not_picked":["Poisoned Stab+1","Underhanded Strike","Slice+1"],"picked":"SKIP","floor":48}],"player_experience":850484,"relics_obtained":[{"floor":9,"key":"Vajra"},{"floor":13,"key":"Anchor"},{"floor":26,"key":"Lantern"},{"floor":43,"key":"Shuriken"},{"floor":45,"key":"Potion Belt"}],"event_choices":[{"damage_healed":0,"gold_gain":0,"player_choice":"Entered Light","damage_taken":14,"max_hp_gain":0,"max_hp_loss":0,"event_name":"Shining Light","floor":2,"gold_loss":0,"cards_upgraded":["Defend_G","Neutralize"]},{"damage_healed":0,"gold_gain":0,"player_choice":"Success","damage_taken":3,"relics_obtained":["Bronze Scales"],"max_hp_gain":0,"max_hp_loss":0,"event_name":"Scrap Ooze","floor":3,"gold_loss":0},{"damage_healed":0,"gold_gain":0,"player_choice":"Lose Max HP","damage_taken":0,"relics_obtained":["Golden Idol"],"max_hp_gain":0,"max_hp_loss":5,"event_name":"Golden Idol","floor":7,"gold_loss":0},{"damage_healed":0,"gold_gain":100,"player_choice":"Pray","damage_taken":0,"max_hp_gain":0,"max_hp_loss":0,"event_name":"Golden Shrine","floor":24,"gold_loss":0},{"damage_healed":0,"gold_gain":0,"player_choice":"Ignored","damage_taken":0,"max_hp_gain":0,"max_hp_loss":0,"event_name":"Vampires","floor":30,"gold_loss":0},{"damage_healed":0,"gold_gain":0,"player_choice":"Gave Idol","damage_taken":0,"relics_obtained":["Bloody Idol"],"max_hp_gain":0,"max_hp_loss":0,"event_name":"Forgotten Altar","floor":31,"relics_lost":["Golden Idol"],"gold_loss":0},{"damage_healed":0,"gold_gain":0,"player_choice":"Max HP","damage_taken":0,"max_hp_gain":0,"max_hp_loss":3,"event_name":"Winding Halls","floor":37,"gold_loss":0},{"damage_healed":0,"gold_gain":0,"player_choice":"Memory 1","damage_taken":0,"max_hp_gain":0,"max_hp_loss":0,"event_name":"SensoryStone","floor":38,"gold_loss":0},{"damage_healed":0,"gold_gain":100,"player_choice":"Pray","damage_taken":0,"max_hp_gain":0,"max_hp_loss":0,"event_name":"Golden Shrine","floor":44,"gold_loss":0},{"cards_removed":["Strike_G"],"damage_healed":0,"gold_gain":0,"player_choice":"Removed Attack","damage_taken":0,"max_hp_gain":0,"max_hp_loss":0,"event_name":"Falling","floor":46,"gold_loss":0}],"is_beta":false,"boss_relics":[{"not_picked":["Astrolabe","Ectoplasm"],"picked":"Runic Dome"},{"not_picked":["Calling Bell","WristBlade"],"picked":"Black Star"}],"items_purged_floors":[20,36,41],"is_endless":false,"potions_floor_spawned":[5,14,28,33,39,48],"ascension_level":0}