{"gold_per_floor":[114,114,189,189,63,63,75,103,103,103,28,41,66,66,66,139,139,154,172,172,172,187,187,187,187,187,212,9,21,21,34,34,113,113,132,82,95,95,195,195,221,231,254,254,254,268,268,319,319,319],"floor_reached":51,"playtime":1532,"items_purged":["Strike_G","Deadly Poison","Bouncing Flask"],"score":1418,"play_id":"4e808cf1-2ec0-4948-8d46-3fd3fcdc7707","local_time":"20190216140234","is_ascension_mode":true,"campfire_choices":[{"data":"Neutralize","floor":6,"key":"SMITH"},{"data":"Cloak And Dagger","floor":10,"key":"SMITH"},{"data":"Malaise","floor":15,"key":"SMITH"},{"data":"Cloak And Dagger","floor":23,"key":"SMITH"},{"data":"Catalyst","floor":25,"key":"SMITH"},{"data":"Catalyst","floor":30,"key":"SMITH"},{"data":"Prepared","floor":32,"key":"SMITH"},{"floor":40,"key":"RECALL"},{"floor":45,"key":"REST"},{"floor":49,"key":"REST"}],"neow_cost":"NONE","seed_source_timestamp":326190611908208,"circlet_count":0,"master_deck":["AscendersBane","Survivor","Neutralize+1","Cloak And Dagger+1","Malaise+1","Corpse Explosion+1","Prepared+1","Adrenaline","Adrenaline","Catalyst+1","Accuracy","PiercingWail","Backflip","Cloak And Dagger+1","Well Laid Plans","Impatience+1","Catalyst+1","Tactician","Footwork","Adrenaline","Adrenaline"],"relics":["Ring of the Snake","Orichalcum","Prayer Wheel","Smiling Mask","Happy Flower","Pandora\u0027s Box","Singing Bowl","Boot","Fusion Hammer","Nunchaku","War Paint","Bag of Preparation"],"potions_floor_usage":[27,27],"damage_taken":[{"damage":6,"enemies":"Small Slimes","floor":1,"turns":4},{"damage":0,"enemies":"2 Louse","floor":7,"turns":2},{"damage":8,"enemies":"Gremlin Nob","floor":8,"turns":5},{"damage":0,"enemies":"Jaw Worm","floor":12,"turns":3},{"damage":6,"enemies":"The Guardian","floor":16,"turns":14},{"damage":0,"enemies":"2 Thieves","floor":18,"turns":2},{"damage":0,"enemies":"Shell Parasite","floor":19,"turns":4},{"damage":6,"enemies":"Centurion and Healer","floor":22,"turns":3},{"damage":14,"enemies":"Slavers","floor":27,"turns":3},{"damage":0,"enemies":"Sentry and Sphere","floor":29,"turns":3},{"damage":0,"enemies":"Cultist and Chosen","floor":31,"turns":2},{"damage":4,"enemies":"Automaton","floor":33,"turns":6},{"damage":0,"enemies":"Orb Walker","floor":35,"turns":3},{"damage":0,"enemies":"3 Shapes","floor":37,"turns":2},{"damage":0,"enemies":"Mind Bloom Boss Battle","floor":39,"turns":4},{"damage":1,"enemies":"Reptomancer","floor":41,"turns":6},{"damage":0,"enemies":"Maw","floor":42,"turns":4},{"damage":0,"enemies":"Jaw Worm Horde","floor":46,"turns":2},{"damage":0,"enemies":"2 Orb Walkers","floor":48,"turns":2},{"damage":0,"enemies":"Donu and Deca","floor":50,"turns":2}],"seed_played":"-8171175481182958508","potions_obtained":[{"floor":7,"key":"Swift Potion"},{"floor":12,"key":"PowerPotion"},{"floor":33,"key":"Energy Potion"},{"floor":37,"key":"Swift Potion"}],"is_trial":false,"path_per_floor":["M","?","?","?","$","R","M","E","T","R","?","M","T","?","R","B",null,"M","M","?","?","M","R","?","R","T","E","$","M","R","M","R","B",null,"M","$","M","?","?","R","E","M","T","?","R","M","?","?","R","B",null],"character_chosen":"THE_SILENT","items_purchased":["Deadly Poison","Well Laid Plans","Impatience"],"campfire_rested":2,"item_purchase_floors":[5,28,28],"current_hp_per_floor":[53,33,22,27,27,27,27,19,19,19,19,19,19,19,19,13,57,57,57,57,57,51,51,51,51,51,39,39,41,41,43,43,41,70,72,72,76,76,78,78,77,81,81,76,91,95,95,95,95,95],"gold":319,"neow_bonus":"RANDOM_COMMON_RELIC","is_prod":false,"is_daily":false,"chose_seed":false,"campfire_upgraded":7,"win_rate":0,"timestamp":1550296954,"path_taken":["M","?","?","?","$","R","M","E","T","R","?","?","?","?","R","BOSS","M","M","?","?","M","R","?","R","T","E","$","M","R","M","R","BOSS","M","$","M","?","?","R","E","M","T","?","R","?","?","?","R","BOSS"],"build_version":"2019-01-23","purchased_purges":3,"victory":true,"max_hp_per_floor":[66,66,66,71,71,71,71,71,71,71,71,71,71,71,71,71,71,71,71,71,71,71,71,71,71,71,73,73,75,75,77,77,79,79,81,81,85,85,87,87,87,91,91,91,91,95,95,95,95,95],"card_choices":[{"not_picked":["Poisoned Stab","Outmaneuver","Deflect"],"picked":"SKIP","floor":1},{"not_picked":["Acrobatics","Blade Dance"],"picked":"Cloak And Dagger","floor":7},{"not_picked":["Blur","PiercingWail"],"picked":"Backstab","floor":8},{"not_picked":["Dagger Spray","Outmaneuver"],"picked":"Malaise","floor":12},{"not_picked":["Prepared","Cloak And Dagger","Acrobatics"],"picked":"SKIP","floor":12},{"not_picked":["Wraith Form v2","Envenom"],"picked":"Corpse Explosion","floor":16},{"not_picked":["Dagger Throw","Prepared"],"picked":"Backflip","floor":18},{"not_picked":["Slice","Reflex"],"picked":"Cloak And Dagger","floor":18},{"not_picked":["Venomology","Choke+1","Dagger Throw"],"picked":"SKIP","floor":19},{"not_picked":["Dagger Throw","Caltrops","Sucker Punch"],"picked":"SKIP","floor":19},{"not_picked":["Deflect","All Out Attack","Bane"],"picked":"SKIP","floor":22},{"not_picked":["Dodge and Roll","Cloak And Dagger","Outmaneuver"],"picked":"SKIP","floor":22},{"not_picked":["Leg Sweep","Eviscerate","Slice"],"picked":"Singing Bowl","floor":27},{"not_picked":["Expertise","Predator+1","Heel Hook+1"],"picked":"Singing Bowl","floor":29},{"not_picked":["Corpse Explosion","PiercingWail+1"],"picked":"Catalyst","floor":29},{"not_picked":["Deadly Poison","Dodge and Roll"],"picked":"Tactician","floor":31},{"not_picked":["Tactician","Underhanded Strike","Poisoned Stab"],"picked":"Singing Bowl","floor":31},{"not_picked":["A Thousand Cuts","Unload","Night Terror"],"picked":"Singing Bowl","floor":33},{"not_picked":["Sucker Punch+1","Noxious Fumes+1"],"picked":"Footwork","floor":35},{"not_picked":["Crippling Poison","Quick Slash+1","Poisoned Stab"],"picked":"SKIP","floor":35},{"not_picked":["Crippling Poison","Quick Slash+1","Poisoned Stab"],"picked":"Singing Bowl","floor":35},{"not_picked":["Outmaneuver","Deflect","Dagger Spray"],"picked":"Singing Bowl","floor":37},{"not_picked":["Deflect","PiercingWail","Poisoned Stab"],"picked":"Singing Bowl","floor":37},{"not_picked":["Backflip+1","Slice","Blade Dance"],"picked":"Singing Bowl","floor":39},{"not_picked":["Doppelganger","Prepared+1"],"picked":"Adrenaline","floor":41},{"not_picked":["Acrobatics+1","PiercingWail","Deflect"],"picked":"Singing Bowl","floor":42},{"not_picked":["Acrobatics","Sucker Punch","Dagger Spray"],"picked":"Singing Bowl","floor":42},{"not_picked":["Deadly Poison","Poisoned Stab+1","Finisher"],"picked":"Singing Bowl","floor":46},{"not_picked":["Acrobatics","Sucker Punch+1","Backflip+1"],"picked":"Singing Bowl","floor":46},{"not_picked":["Slice","Prepared"],"picked":"Adrenaline","floor":48}],"player_experience":781558,"relics_obtained":[{"floor":8,"key":"Prayer Wheel"},{"floor":9,"key":"Smiling Mask"},{"floor":13,"key":"Happy Flower"},{"floor":26,"key":"Singing Bowl"},{"floor":27,"key":"Boot"},{"floor":39,"key":"Nunchaku"},{"floor":41,"key":"War Paint"},{"floor":43,"key":"Bag of Preparation"}],"event_choices":[{"damage_healed":0,"gold_gain":0,"player_choice":"Entered Light","damage_taken":20,"max_hp_gain":0,"max_hp_loss":0,"event_name":"Shining Light","floor":2,"gold_loss":0,"cards_upgraded":["Strike_G","Strike_G"]},{"damage_healed":0,"gold_gain":75,"player_choice":"Gather Gold","damage_taken":11,"max_hp_gain":0,"max_hp_loss":0,"event_name":"World of Goop","floor":3,"gold_loss":0},{"damage_healed":0,"gold_gain":0,"player_choice":"Donut","damage_taken":0,"max_hp_gain":5,"max_hp_loss":0,"event_name":"Big Fish","floor":4,"gold_loss":0},{"cards_removed":["Strike_G"],"damage_healed":0,"gold_gain":0,"player_choice":"Card Removal","damage_taken":0,"max_hp_gain":0,"max_hp_loss":0,"event_name":"The Cleric","floor":11,"gold_loss":75},{"damage_healed":0,"gold_gain":0,"player_choice":"Ignored","damage_taken":0,"max_hp_gain":0,"max_hp_loss":0,"event_name":"Liars Game","floor":14,"gold_loss":0},{"damage_healed":0,"gold_gain":0,"player_choice":"Ignored","damage_taken":0,"max_hp_gain":0,"max_hp_loss":0,"event_name":"Cursed Tome","floor":20,"gold_loss":0},{"cards_removed":["Envenom"],"damage_healed":0,"gold_gain":0,"player_choice":"Elegance","damage_taken":0,"max_hp_gain":0,"max_hp_loss":0,"event_name":"Back to Basics","floor":21,"gold_loss":0},{"damage_healed":0,"gold_gain":0,"player_choice":"Ignored","damage_taken":0,"max_hp_gain":0,"max_hp_loss":0,"event_name":"Ghosts","floor":24,"gold_loss":0},{"damage_healed":0,"gold_gain":0,"player_choice":"Ignored","damage_taken":0,"max_hp_gain":0,"max_hp_loss":0,"event_name":"Tomb of Lord Red Mask","floor":38,"gold_loss":0},{"damage_healed":0,"gold_gain":0,"player_choice":"Fight","damage_taken":0,"max_hp_gain":0,"max_hp_loss":0,"event_name":"MindBloom","floor":39,"gold_loss":0},{"damage_healed":0,"gold_gain":0,"player_choice":"Bought 0 Potions","damage_taken":0,"max_hp_gain":0,"max_hp_loss":0,"event_name":"The Woman in Blue","floor":44,"gold_loss":0},{"cards_removed":["Backstab"],"damage_healed":0,"gold_gain":0,"player_choice":"Removed Attack","damage_taken":0,"max_hp_gain":0,"max_hp_loss":0,"event_name":"Falling","floor":47,"gold_loss":0},{"damage_healed":0,"gold_gain":0,"player_choice":"Fight","damage_taken":0,"max_hp_gain":0,"max_hp_loss":0,"event_name":"Mysterious Sphere","floor":48,"gold_loss":0}],"is_beta":false,"boss_relics":[{"not_picked":["Lizard Tail","White Beast Statue"],"picked":"Pandora\u0027s Box"},{"not_picked":["Snecko Eye","Tiny House"],"picked":"Fusion Hammer"}],"items_purged_floors":[5,28,36],"is_endless":false,"potions_floor_spawned":[7,12,19,22,33,37,41,46],"ascension_level":15}