{"gold_per_floor":[111,36,51,51,66,66,98,116,116,132,152,163,163,90,90,195,195,209,223,223,252,264,264,299,299,351,380,380],"floor_reached":28,"playtime":954,"items_purged":["Strike_R"],"score":465,"play_id":"e228a95a-f4c8-4806-bd5d-ea0529378fd1","local_time":"20180921223239","is_ascension_mode":true,"campfire_choices":[{"data":"Body Slam","floor":6,"key":"SMITH"},{"data":"Body Slam","floor":13,"key":"SMITH"},{"data":"Flame Barrier","floor":15,"key":"SMITH"},{"data":"Entrench","floor":23,"key":"SMITH"},{"data":"Power Through","floor":25,"key":"SMITH"}],"neow_cost":"TEN_PERCENT_HP_LOSS","seed_source_timestamp":35544277299449,"circlet_count":0,"master_deck":["Strike_R","Strike_R","Strike_R","Strike_R","Defend_R","Defend_R","Defend_R","Defend_R","Bash","AscendersBane","Body Slam+1","Body Slam+1","Flame Barrier+1","Power Through+1","Feel No Pain","Fiend Fire","Entrench+1","Fiend Fire","Shrug It Off+1"],"relics":["Burning Blood","Champion Belt","Regal Pillow","Matryoshka","Busted Crown","Red Mask","Mercury Hourglass","Pear","Dream Catcher","Ornamental Fan"],"potions_floor_usage":[7,16,16,16,16,18,21,22,22,24],"damage_taken":[{"damage":4,"enemies":"Cultist","floor":1,"turns":3},{"damage":4,"enemies":"Small Slimes","floor":3,"turns":5},{"damage":10,"enemies":"Jaw Worm","floor":5,"turns":5},{"damage":37,"enemies":"Gremlin Nob","floor":7,"turns":5},{"damage":12,"enemies":"2 Fungi Beasts","floor":8,"turns":4},{"damage":3,"enemies":"Looter","floor":10,"turns":4},{"damage":0,"enemies":"3 Louse","floor":11,"turns":3},{"damage":4,"enemies":"Exordium Thugs","floor":12,"turns":5},{"damage":0,"enemies":"The Guardian","floor":16,"turns":8},{"damage":0,"enemies":"3 Byrds","floor":18,"turns":5},{"damage":0,"enemies":"Chosen","floor":19,"turns":4},{"damage":13,"enemies":"Masked Bandits","floor":21,"turns":5},{"damage":10,"enemies":"Shelled Parasite and Fungi","floor":22,"turns":6},{"damage":8,"enemies":"Book of Stabbing","floor":24,"turns":6},{"damage":43,"enemies":"Slavers","floor":27,"turns":9},{"damage":26,"enemies":"Sentry and Sphere","floor":28,"turns":5}],"seed_played":"-8081454528685761709","potions_obtained":[{"floor":3,"key":"BloodPotion"},{"floor":5,"key":"Ancient Potion"},{"floor":7,"key":"EntropicBrew"},{"floor":10,"key":"PowerPotion"},{"floor":16,"key":"Block Potion"},{"floor":19,"key":"GamblersBrew"},{"floor":21,"key":"LiquidBronze"},{"floor":27,"key":"Explosive Potion"}],"is_trial":false,"path_per_floor":["M","$","M","?","M","R","E","M","T","M","M","M","R","$","R","B",null,"M","M","?","?","M","R","E","R","T","E"],"character_chosen":"IRONCLAD","items_purchased":["Feel No Pain"],"campfire_rested":0,"item_purchase_floors":[14],"current_hp_per_floor":[72,72,72,72,68,68,44,38,38,41,47,49,49,49,49,55,68,72,72,59,52,48,48,46,46,56,19,0],"gold":380,"neow_bonus":"ONE_RARE_RELIC","is_prod":false,"is_daily":false,"chose_seed":false,"campfire_upgraded":5,"win_rate":0,"timestamp":1537540359,"path_taken":["M","?","M","?","M","R","E","?","T","M","M","M","R","$","R","BOSS","M","M","?","?","M","R","E","R","T","E","M"],"build_version":"2018-09-20","purchased_purges":1,"victory":false,"max_hp_per_floor":[72,72,72,72,72,72,72,72,72,72,72,72,72,72,72,72,72,72,72,77,77,77,77,77,77,87,87,87],"card_choices":[{"not_picked":["True Grit","Wild Strike"],"picked":"Body Slam","floor":1},{"not_picked":["Anger","Corruption"],"picked":"Body Slam","floor":3},{"not_picked":["Fire Breathing","Iron Wave","Rage"],"picked":"SKIP","floor":5},{"not_picked":["Iron Wave","Pummel"],"picked":"Flame Barrier","floor":7},{"not_picked":["Dropkick","True Grit"],"picked":"Power Through","floor":8},{"not_picked":["Rampage","Bloodletting","Wild Strike"],"picked":"SKIP","floor":10},{"not_picked":["Hemokinesis","Wild Strike","Body Slam"],"picked":"SKIP","floor":11},{"not_picked":["Corruption","Perfected Strike","Dropkick"],"picked":"SKIP","floor":12},{"not_picked":["Exhume","Offering"],"picked":"Fiend Fire","floor":16},{"not_picked":[],"picked":"Entrench","floor":18},{"not_picked":["Bloodletting+1"],"picked":"SKIP","floor":19},{"not_picked":["Twin Strike+1"],"picked":"SKIP","floor":22},{"not_picked":[],"picked":"Fiend Fire","floor":24},{"not_picked":[],"picked":"Shrug It Off+1","floor":27}],"player_experience":74917,"relics_obtained":[{"floor":7,"key":"Regal Pillow"},{"floor":9,"key":"Matryoshka"},{"floor":21,"key":"Red Mask"},{"floor":24,"key":"Mercury Hourglass"},{"floor":26,"key":"Pear"},{"floor":26,"key":"Dream Catcher"},{"floor":27,"key":"Ornamental Fan"}],"event_choices":[{"event_name":"Liars Game","player_choice":"disagreed","floor":4,"damage_taken":0},{"event_name":"Forgotten Altar","player_choice":"Shed Blood","floor":20,"damage_taken":0},{"event_name":"Masked Bandits","player_choice":"Fought Bandits","floor":21,"damage_taken":0}],"is_beta":false,"boss_relics":[{"not_picked":["Eternal Feather","Lizard Tail"],"picked":"Busted Crown"}],"items_purged_floors":[2],"is_endless":false,"potions_floor_spawned":[3,5,7,10,16,19,21,27],"killed_by":"Sentry and Sphere","ascension_level":10}