{"gold_per_floor":[364,22,22,22,22,42,42,42,42,77,2,20,44,44,44,44],"floor_reached":16,"playtime":399,"items_purged":["Strike_G"],"score":196,"play_id":"4ef32ff8-f7b1-4aac-b34c-1ac42a031ada","local_time":"20190204133432","is_ascension_mode":true,"campfire_choices":[{"data":"All Out Attack","floor":7.0,"key":"SMITH"},{"data":"Flechettes","floor":15,"key":"SMITH"}],"neow_cost":"TEN_PERCENT_HP_LOSS","seed_source_timestamp":6684508192816,"circlet_count":0,"master_deck":["AscendersBane","Defend_G","Defend_G","Defend_G","Defend_G","Defend_G","Strike_G","Survivor","Neutralize","All Out Attack+1","Flechettes+1"],"special_seed":0,"relics":["Ring of the Snake","Sundial","Golden Idol","Letter Opener","Gremlin Horn"],"potions_floor_usage":[16,16],"damage_taken":[{"damage":7.0,"enemies":"Small Slimes","floor":1.0,"turns":6.0},{"damage":2.0,"enemies":"2 Louse","floor":6.0,"turns":5.0},{"damage":22.0,"enemies":"3 Sentries","floor":10.0,"turns":7.0},{"damage":1.0,"enemies":"Jaw Worm","floor":12.0,"turns":2.0},{"damage":0.0,"enemies":"2 Fungi Beasts","floor":13.0,"turns":3.0},{"damage":27,"enemies":"Hexaghost","floor":16,"turns":9}],"seed_played":"-8026978278582221105","potions_obtained":[{"floor":1.0,"key":"LiquidBronze"},{"floor":10.0,"key":"FearPotion"}],"is_trial":false,"path_per_floor":["M","$","?","?","?","M","R","$","T","E","?","M","M","?","R","B"],"character_chosen":"THE_SILENT","items_purchased":["Sundial"],"campfire_rested":0,"item_purchase_floors":[2],"current_hp_per_floor":[52,52,52,45,45,43,43,43,43,21,21,20,20,25,25,0],"gold":44,"neow_bonus":"TWO_FIFTY_GOLD","is_prod":false,"is_daily":false,"chose_seed":false,"campfire_upgraded":2,"win_rate":0,"timestamp":1549258472,"path_taken":["M","$","?","?","?","M","R","?","T","E","?","?","M","?","R","BOSS"],"build_version":"2019-01-23","purchased_purges":1,"victory":false,"max_hp_per_floor":[60,60,54,54,54,54,54,54,54,54,54,54,54,59,59,59],"card_choices":[{"not_picked":["Caltrops","Bane","Dodge and Roll"],"picked":"SKIP","floor":1.0},{"not_picked":["Blade Dance","Outmaneuver"],"picked":"Flechettes","floor":6.0},{"not_picked":["Terror","Prepared","Bouncing Flask"],"picked":"SKIP","floor":10.0},{"not_picked":["Dodge and Roll","Eviscerate","Sucker Punch"],"picked":"SKIP","floor":12.0},{"not_picked":["Quick Slash","Accuracy","Dagger Spray"],"picked":"SKIP","floor":13.0}],"player_experience":1411532,"relics_obtained":[{"floor":9.0,"key":"Letter Opener"},{"floor":10.0,"key":"Gremlin Horn"}],"event_choices":[{"damage_healed":0.0,"max_hp_gain":0.0,"max_hp_loss":6.0,"gold_gain":0.0,"event_name":"Golden Idol","player_choice":"Lose Max HP","floor":3.0,"gold_loss":0.0,"damage_taken":0.0,"relics_obtained":["Golden Idol"]},{"cards_removed":["Strike_G"],"damage_healed":0.0,"max_hp_gain":0.0,"max_hp_loss":0.0,"gold_gain":0.0,"event_name":"Golden Wing","player_choice":"Card Removal","floor":4.0,"gold_loss":0.0,"damage_taken":7.0},{"damage_healed":0.0,"max_hp_gain":0.0,"max_hp_loss":0.0,"gold_gain":0.0,"cards_transformed":["Strike_G"],"event_name":"Living Wall","player_choice":"Change","floor":5.0,"gold_loss":0.0,"damage_taken":0.0,"cards_obtained":["All Out Attack"]},{"cards_removed":["Strike_G"],"damage_healed":0.0,"max_hp_gain":0.0,"max_hp_loss":0.0,"gold_gain":0.0,"event_name":"The Cleric","player_choice":"Card Removal","floor":11.0,"gold_loss":75.0,"damage_taken":0.0},{"damage_healed":0,"gold_gain":0,"player_choice":"Donut","damage_taken":0,"max_hp_gain":5,"max_hp_loss":0,"event_name":"Big Fish","floor":14,"gold_loss":0}],"is_beta":true,"boss_relics":[],"items_purged_floors":[2],"is_endless":false,"potions_floor_spawned":[1,10,12],"killed_by":"Hexaghost","ascension_level":20}