{"gold_per_floor":[112,112,112,122,13,13,30,57,57,0,10,10,41,41,41,117,117,136,136,57,73,123,123,141,141,187,197,197,214,214,85,85,162,162,176,176,196,196,34,34,59,9,9,9,36,36,36,49,49,49,49,49,49,49,82,82],"floor_reached":56,"playtime":2390,"items_purged":["Strike_B","Strike_B"],"score":1818,"play_id":"e29c4bc7-067b-4530-937d-07302761dafc","local_time":"20190627154420","is_ascension_mode":true,"campfire_choices":[{"data":"Consume","floor":6.0,"key":"SMITH"},{"data":"Dualcast","floor":12.0,"key":"SMITH"},{"floor":15.0,"key":"RECALL"},{"data":"Loop","floor":23.0,"key":"SMITH"},{"data":"Defragment","floor":25.0,"key":"SMITH"},{"floor":28.0,"key":"REST"},{"data":"Cold Snap","floor":30.0,"key":"SMITH"},{"data":"Defragment","floor":32.0,"key":"SMITH"},{"data":"Thunder Strike","floor":40.0,"key":"SMITH"},{"data":"Defend_B","floor":46.0,"key":"SMITH"},{"data":"Defend_B","floor":49.0,"key":"SMITH"},{"data":"Defend_B","floor":53.0,"key":"SMITH"}],"neow_cost":"NONE","seed_source_timestamp":16145813333296,"circlet_count":0,"master_deck":["AscendersBane","Strike_B","Defend_B+1","Defend_B","Defend_B+1","Defend_B+1","Zap+1","Dualcast+1","Consume+1","Redo+1","Ball Lightning","Cold Snap+1","Hologram+1","Coolheaded+1","Multi-Cast+1","White Noise+1","Loop+1","Coolheaded+1","Defragment+1","Defragment+1","Thunder Strike+1","Blizzard+1","Undo+1"],"special_seed":0,"relics":["Cracked Core","Toxic Egg 2","StoneCalendar","Singing Bowl","Letter Opener","Runic Dome","Smiling Mask","Coffee Dripper","DataDisk","Blue Candle","Emotion Chip","Gambling Chip","Boot"],"potions_floor_usage":[56,56],"damage_taken":[{"damage":0.0,"enemies":"Small Slimes","floor":1.0,"turns":2.0},{"damage":7.0,"enemies":"2 Louse","floor":4.0,"turns":3.0},{"damage":2.0,"enemies":"Jaw Worm","floor":7.0,"turns":3.0},{"damage":15.0,"enemies":"Gremlin Nob","floor":8.0,"turns":3.0},{"damage":2.0,"enemies":"Exordium Wildlife","floor":11.0,"turns":2.0},{"damage":7.0,"enemies":"Lagavulin","floor":13.0,"turns":5.0},{"damage":3.0,"enemies":"Hexaghost","floor":16.0,"turns":7.0},{"damage":0.0,"enemies":"Chosen","floor":18.0,"turns":3.0},{"damage":2.0,"enemies":"2 Thieves","floor":21.0,"turns":4.0},{"damage":26.0,"enemies":"Chosen and Byrds","floor":24.0,"turns":6.0},{"damage":0.0,"enemies":"Snecko","floor":27.0,"turns":5.0},{"damage":18.0,"enemies":"Centurion and Healer","floor":29.0,"turns":5.0},{"damage":4.0,"enemies":"Champ","floor":33.0,"turns":10.0},{"damage":0.0,"enemies":"3 Shapes","floor":35.0,"turns":4.0},{"damage":9.0,"enemies":"Orb Walker","floor":37.0,"turns":3.0},{"damage":14.0,"enemies":"Giant Head","floor":41.0,"turns":10.0},{"damage":1.0,"enemies":"Nemesis","floor":45.0,"turns":7.0},{"damage":20.0,"enemies":"Writhing Mass","floor":48.0,"turns":4.0},{"damage":14.0,"enemies":"Awakened One","floor":50.0,"turns":14.0},{"damage":8.0,"enemies":"Time Eater","floor":51.0,"turns":23.0},{"damage":8.0,"enemies":"Shield and Spear","floor":55.0,"turns":6.0},{"damage":66,"enemies":"The Heart","floor":56,"turns":12}],"seed_played":"-4537605268184988676","potions_obtained":[{"floor":1.0,"key":"FearPotion"},{"floor":8.0,"key":"Ancient Potion"},{"floor":11.0,"key":"Fire Potion"},{"floor":24.0,"key":"Regen Potion"},{"floor":27.0,"key":"Dexterity Potion"},{"floor":29.0,"key":"LiquidBronze"}],"is_trial":false,"path_per_floor":["M","?","?","M","$","R","M","E","T","$","M","R","E","?","R","B",null,"M","?","$","M","?","R","M","R","T","M","R","M","R","$","R","B",null,"M","?","M","?","$","R","E","$","T","T","E","R","$","M","R","B","B",null,"R","$","E","B"],"character_chosen":"DEFECT","items_purchased":["Redo+1","Explosive Potion","Hologram+1","Loop","Defragment","DataDisk"],"campfire_rested":1,"item_purchase_floors":[5,5,10,20,31,39],"current_hp_per_floor":[64,69,58,51,51,51,49,34,34,34,32,32,27,20,20,17,63,63,63,63,61,61,61,35,35,35,51,75,59,59,59,59,55,75,75,75,66,66,66,66,54,54,54,54,55,55,55,37,37,23,15,67,67,67,61,0],"gold":82,"neow_bonus":"UPGRADE_CARD","is_prod":false,"is_daily":false,"chose_seed":false,"campfire_upgraded":10,"win_rate":0,"timestamp":1561621460,"path_taken":["M","?","?","M","?","R","M","E","T","$","?","R","E","?","R","BOSS","M","?","$","M","?","R","?","R","T","?","R","M","R","$","R","BOSS","M","?","M","?","$","R","E","$","T","?","E","R","?","M","R","BOSS","BOSS","R","$","E","BOSS"],"build_version":"2019-01-23","purchased_purges":2,"victory":false,"max_hp_per_floor":[71,76,76,76,76,76,76,76,76,76,76,76,78,78,78,78,78,78,78,78,78,78,78,78,78,78,80,80,82,82,82,82,82,82,82,78,78,78,78,78,80,80,80,80,82,82,82,84,84,84,84,84,84,84,86,86],"card_choices":[{"not_picked":["Heatsinks","Coolheaded"],"picked":"Consume","floor":1.0},{"not_picked":["Sweeping Beam","Beam Cell","Storm"],"picked":"SKIP","floor":4.0},{"not_picked":["Turbo+1","Beam Cell"],"picked":"Ball Lightning","floor":7.0},{"not_picked":["Force Field+1","Redo+1"],"picked":"Cold Snap","floor":8.0},{"not_picked":["Rebound","Storm"],"picked":"Coolheaded+1","floor":11.0},{"not_picked":["Compile Driver","Gash","Chill+1"],"picked":"Singing Bowl","floor":13.0},{"not_picked":["Creative AI","Echo Form"],"picked":"Multi-Cast+1","floor":16.0},{"not_picked":["Chaos+1","Sweeping Beam"],"picked":"White Noise+1","floor":18.0},{"not_picked":["Barrage","Leap+1"],"picked":"Coolheaded+1","floor":21.0},{"not_picked":["Storm","Rebound"],"picked":"Defragment","floor":24.0},{"not_picked":["Conserve Battery+1","Streamline","Tempest+1"],"picked":"Singing Bowl","floor":27.0},{"not_picked":["Coolheaded+1","Leap+1","Sunder+1"],"picked":"Singing Bowl","floor":29.0},{"not_picked":["Echo Form","Seek+1"],"picked":"Thunder Strike","floor":33.0},{"not_picked":["Glacier+1","Reinforced Body+1"],"picked":"Blizzard+1","floor":35.0},{"not_picked":["Compile Driver","Turbo+1"],"picked":"Undo+1","floor":37.0},{"not_picked":["Compile Driver","Stack+1","Steam+1"],"picked":"Singing Bowl","floor":41.0},{"not_picked":["Leap+1","Hologram+1","Auto Shields+1"],"picked":"Singing Bowl","floor":45.0},{"not_picked":["Fusion+1","Cold Snap+1","Tempest+1"],"picked":"Singing Bowl","floor":48.0},{"not_picked":["Go for the Eyes","Scrape","Static Discharge"],"picked":"Singing Bowl","floor":55.0}],"player_experience":5544681,"relics_obtained":[{"floor":8.0,"key":"StoneCalendar"},{"floor":9.0,"key":"Singing Bowl"},{"floor":13.0,"key":"Letter Opener"},{"floor":26.0,"key":"Smiling Mask"},{"floor":41.0,"key":"Blue Candle"},{"floor":44.0,"key":"Emotion Chip"},{"floor":45.0,"key":"Gambling Chip"},{"floor":55.0,"key":"Boot"}],"event_choices":[{"damage_healed":0.0,"max_hp_gain":5.0,"max_hp_loss":0.0,"gold_gain":0.0,"event_name":"Big Fish","player_choice":"Donut","floor":2.0,"gold_loss":0.0,"damage_taken":0.0},{"damage_healed":0.0,"max_hp_gain":0.0,"max_hp_loss":0.0,"gold_gain":0.0,"event_name":"Scrap Ooze","player_choice":"Success","floor":3.0,"gold_loss":0.0,"damage_taken":11.0,"relics_obtained":["Toxic Egg 2"]},{"cards_removed":["Strike_B"],"damage_healed":0.0,"max_hp_gain":0.0,"max_hp_loss":0.0,"gold_gain":0.0,"event_name":"Golden Wing","player_choice":"Card Removal","floor":14.0,"gold_loss":0.0,"damage_taken":7.0},{"damage_healed":0.0,"max_hp_gain":0.0,"max_hp_loss":0.0,"gold_gain":0.0,"event_name":"Cursed Tome","player_choice":"Ignored","floor":19.0,"gold_loss":0.0,"damage_taken":0.0},{"damage_healed":0.0,"max_hp_gain":0.0,"max_hp_loss":0.0,"gold_gain":50.0,"event_name":"Nest","player_choice":"Stole From Cult","floor":22.0,"gold_loss":0.0,"damage_taken":0.0},{"damage_healed":0.0,"max_hp_gain":0.0,"max_hp_loss":4.0,"gold_gain":0.0,"event_name":"Winding Halls","player_choice":"Max HP","floor":36.0,"gold_loss":0.0,"damage_taken":0.0},{"damage_healed":0.0,"max_hp_gain":0.0,"max_hp_loss":0.0,"gold_gain":0.0,"event_name":"Tomb of Lord Red Mask","player_choice":"Ignored","floor":38.0,"gold_loss":0.0,"damage_taken":0.0}],"is_beta":false,"boss_relics":[{"not_picked":["Eternal Feather","Empty Cage"],"picked":"Runic Dome"},{"not_picked":["FrozenCore","Tiny House"],"picked":"Coffee Dripper"}],"items_purged_floors":[31,42],"is_endless":false,"potions_floor_spawned":[1,7,8,11,24,27,29,41,48,55],"killed_by":"The Heart","ascension_level":20}