{"gold_per_floor":[110,110,122,42,317,317,335,177,177,77,105,125,125,85,85,184,184,202,186,186,210,0,0,0,16,16,16,16,37,37,53,53,149,149,173,197,211,211,234,275,275,316,366,366,366,386,386,411,411,411,411,411,411,76,115,115],"floor_reached":57,"playtime":2354,"items_purged":["Regret","Strike_G","Strike_G"],"score":2709,"play_id":"96997372-b73f-4e3c-b2bf-72f9d734ebb0","local_time":"20181227170916","is_ascension_mode":true,"campfire_choices":[{"data":"Well Laid Plans","floor":6.0,"key":"SMITH"},{"data":"Noxious Fumes","floor":15.0,"key":"SMITH"},{"data":"Footwork","floor":23.0,"key":"SMITH"},{"data":"Catalyst","floor":30.0,"key":"SMITH"},{"data":"Catalyst","floor":32.0,"key":"SMITH"},{"data":"Corpse Explosion","floor":41,"key":"SMITH"},{"data":"Bouncing Flask","floor":44,"key":"SMITH"},{"floor":47,"key":"RECALL"},{"data":"Crippling Poison","floor":49,"key":"SMITH"},{"data":"Calculated Gamble","floor":53,"key":"SMITH"}],"neow_cost":"NONE","seed_source_timestamp":17441878788670,"circlet_count":0,"master_deck":["AscendersBane","Defend_G","Defend_G+1","Defend_G","Defend_G","Defend_G","Strike_G+1","Strike_G+1","Survivor","Neutralize","Crippling Poison+1","Concentrate","Well Laid Plans+1","Noxious Fumes+1","Well Laid Plans","Footwork+1","Bouncing Flask+1","Corpse Explosion+1","PiercingWail+1","Calculated Gamble+1","Escape Plan","Catalyst+1","Catalyst+1","Backflip+1","Expertise","Malaise","Backflip","Calculated Gamble"],"special_seed":0,"relics":["Ring of the Snake","NeowsBlessing","Meat on the Bone","Bag of Preparation","Golden Idol","Runic Pyramid","Velvet Choker","Letter Opener","Pantograph","Whetstone","War Paint","TwistedFunnel","Orichalcum"],"potions_floor_usage":[56,56],"damage_taken":[{"damage":0.0,"enemies":"Cultist","floor":1.0,"turns":1.0},{"damage":0.0,"enemies":"Jaw Worm","floor":3.0,"turns":1.0},{"damage":0.0,"enemies":"2 Louse","floor":7.0,"turns":1.0},{"damage":38.0,"enemies":"Lagavulin","floor":11.0,"turns":11.0},{"damage":13.0,"enemies":"Lots of Slimes","floor":12.0,"turns":5.0},{"damage":4.0,"enemies":"Looter","floor":14.0,"turns":4.0},{"damage":26.0,"enemies":"Slime Boss","floor":16.0,"turns":10.0},{"damage":0.0,"enemies":"3 Byrds","floor":18.0,"turns":4.0},{"damage":7.0,"enemies":"2 Thieves","floor":19.0,"turns":5.0},{"damage":39.0,"enemies":"Shelled Parasite and Fungi","floor":21.0,"turns":7.0},{"damage":9.0,"enemies":"Centurion and Healer","floor":25.0,"turns":4.0},{"damage":13.0,"enemies":"3 Cultists","floor":29.0,"turns":4.0},{"damage":12.0,"enemies":"Shelled Parasite and Fungi","floor":31.0,"turns":4.0},{"damage":17.0,"enemies":"Collector","floor":33.0,"turns":5.0},{"damage":0,"enemies":"3 Darklings","floor":35,"turns":1},{"damage":0,"enemies":"3 Shapes","floor":36,"turns":4},{"damage":14,"enemies":"Transient","floor":37,"turns":6},{"damage":24,"enemies":"4 Shapes","floor":39,"turns":4},{"damage":3,"enemies":"Giant Head","floor":40,"turns":6},{"damage":21,"enemies":"Nemesis","floor":42,"turns":5},{"damage":0,"enemies":"Jaw Worm Horde","floor":46,"turns":3},{"damage":2,"enemies":"Writhing Mass","floor":48,"turns":3},{"damage":46,"enemies":"Donu and Deca","floor":50,"turns":6},{"damage":47,"enemies":"Awakened One","floor":51,"turns":21},{"damage":25,"enemies":"Shield and Spear","floor":55,"turns":4},{"damage":47,"enemies":"The Heart","floor":56,"turns":7}],"seed_played":"8707971024910946097","potions_obtained":[{"floor":7.0,"key":"LiquidBronze"},{"floor":12.0,"key":"Explosive Potion"},{"floor":25.0,"key":"SpeedPotion"},{"floor":33.0,"key":"Explosive Potion"},{"floor":46,"key":"GhostInAJar"},{"floor":55,"key":"Energy Potion"}],"is_trial":false,"path_per_floor":["M","?","M","$","?","R","M","$","T","$","E","M","?","M","R","B",null,"M","M","?","M","?","R","?","M","T","?","$","M","R","M","R","B",null,"M","M","M","?","M","E","R","E","T","R","?","M","R","M","R","B","B",null,"R","$","E","B",null],"character_chosen":"THE_SILENT","items_purchased":["Well Laid Plans","Well Laid Plans","TwistedFunnel"],"campfire_rested":0,"item_purchase_floors":[4,8,54],"current_hp_per_floor":[59,59,59,59,59,59,59,59,59,59,33,32,32,40,40,26,52,52,45,45,18,18,18,18,21,21,21,21,20,20,20,20,15,49,49,49,35,35,23,32,32,23,23,23,23,35,35,33,33,23,13,46,46,46,33,22],"gold":115,"neow_bonus":"THREE_ENEMY_KILL","is_prod":false,"is_daily":false,"chose_seed":false,"campfire_upgraded":9,"win_rate":0,"timestamp":1545901756,"path_taken":["M","?","M","$","?","R","?","?","T","$","E","M","?","M","R","BOSS","M","M","?","M","?","R","?","M","T","?","$","M","R","M","R","BOSS","M","M","?","?","M","E","R","E","T","R","?","M","R","?","R","BOSS","BOSS","R","$","E","BOSS"],"build_version":"2018-12-20","purchased_purges":3,"victory":true,"max_hp_per_floor":[66,66,66,66,66,66,66,66,66,66,66,66,60,60,60,60,60,60,60,60,60,60,60,60,60,60,60,60,60,60,60,60,60,60,60,60,60,57,57,57,57,57,57,57,57,57,57,57,57,57,57,57,57,57,57,57],"card_choices":[{"not_picked":["Sucker Punch","Prepared","Slice"],"picked":"SKIP","floor":1.0},{"not_picked":["Outmaneuver","Endless Agony"],"picked":"Concentrate","floor":3.0},{"not_picked":["Dodge and Roll","Leg Sweep"],"picked":"Noxious Fumes","floor":7.0},{"not_picked":["Accuracy","Dagger Spray","Crippling Poison"],"picked":"SKIP","floor":11.0},{"not_picked":["Deadly Poison","Flying Knee"],"picked":"Footwork","floor":12.0},{"not_picked":["All Out Attack","Leg Sweep"],"picked":"Bouncing Flask","floor":14.0},{"not_picked":["Tools of the Trade","Doppelganger"],"picked":"Corpse Explosion","floor":16.0},{"not_picked":["Quick Slash","Poisoned Stab"],"picked":"PiercingWail+1","floor":18.0},{"not_picked":["Deflect","Dagger Throw"],"picked":"Calculated Gamble","floor":19.0},{"not_picked":["Underhanded Strike","Cloak And Dagger"],"picked":"Escape Plan","floor":21.0},{"not_picked":["Sucker Punch","Poisoned Stab","Outmaneuver"],"picked":"SKIP","floor":25.0},{"not_picked":["Backflip","Heel Hook+1"],"picked":"Escape Plan","floor":29.0},{"not_picked":["Phantasmal Killer","Quick Slash","All Out Attack"],"picked":"SKIP","floor":31.0},{"not_picked":["Dagger Throw","Bane"],"picked":"Backflip","floor":35},{"not_picked":["Flechettes","Choke","Underhanded Strike+1"],"picked":"SKIP","floor":36},{"not_picked":["Setup","Deadly Poison"],"picked":"Expertise","floor":37},{"not_picked":["Flying Knee","Poisoned Stab+1"],"picked":"Malaise","floor":39},{"not_picked":["Quick Slash","Eviscerate","Tactician"],"picked":"SKIP","floor":40},{"not_picked":["Blade Dance","Predator"],"picked":"Backflip","floor":42},{"not_picked":["Deadly Poison","Acrobatics","Sucker Punch"],"picked":"SKIP","floor":46},{"not_picked":["Well Laid Plans","Accuracy","Acrobatics"],"picked":"SKIP","floor":48},{"not_picked":["Deflect","A Thousand Cuts"],"picked":"Calculated Gamble","floor":55}],"player_experience":1524167,"relics_obtained":[{"floor":9.0,"key":"Meat on the Bone"},{"floor":11.0,"key":"Bag of Preparation"},{"floor":40,"key":"Letter Opener"},{"floor":42,"key":"Pantograph"},{"floor":43,"key":"Whetstone"},{"floor":55,"key":"Orichalcum"}],"event_choices":[{"damage_healed":0.0,"max_hp_gain":0.0,"max_hp_loss":0.0,"gold_gain":0.0,"cards_transformed":["Strike_G"],"event_name":"Living Wall","player_choice":"Change","floor":2.0,"gold_loss":0.0,"damage_taken":0.0,"cards_obtained":["Crippling Poison"]},{"damage_healed":0.0,"max_hp_gain":0.0,"max_hp_loss":0.0,"gold_gain":275.0,"event_name":"Golden Shrine","player_choice":"Desecrate","floor":5.0,"gold_loss":0.0,"damage_taken":0.0,"cards_obtained":["Regret"]},{"damage_healed":0.0,"max_hp_gain":0.0,"max_hp_loss":6.0,"gold_gain":0.0,"event_name":"Golden Idol","player_choice":"Lose Max HP","floor":13.0,"gold_loss":0.0,"damage_taken":0.0,"relics_obtained":["Golden Idol"]},{"damage_healed":0.0,"max_hp_gain":0.0,"max_hp_loss":0.0,"gold_gain":0.0,"event_name":"The Mausoleum","player_choice":"Ignored","floor":20.0,"gold_loss":0.0,"damage_taken":0.0},{"damage_healed":0.0,"max_hp_gain":0.0,"max_hp_loss":0.0,"gold_gain":0.0,"event_name":"Masked Bandits","player_choice":"Paid Fearfully","floor":22.0,"gold_loss":210.0,"damage_taken":0.0},{"damage_healed":0.0,"max_hp_gain":0.0,"max_hp_loss":0.0,"gold_gain":0.0,"event_name":"The Library","player_choice":"Read","floor":24.0,"gold_loss":0.0,"damage_taken":0.0,"cards_obtained":["Catalyst"]},{"damage_healed":0.0,"max_hp_gain":0.0,"max_hp_loss":0.0,"gold_gain":0.0,"event_name":"Duplicator","player_choice":"Copied","floor":27.0,"gold_loss":0.0,"damage_taken":0.0,"cards_obtained":["Catalyst"]},{"damage_healed":0,"gold_gain":0,"player_choice":"Max HP","damage_taken":0,"max_hp_gain":0,"max_hp_loss":3,"event_name":"Winding Halls","floor":38,"gold_loss":0},{"cards_removed":["Escape Plan"],"damage_healed":0,"gold_gain":0,"player_choice":"Gave Card","damage_taken":0,"relics_obtained":["War Paint"],"max_hp_gain":0,"max_hp_loss":0,"event_name":"WeMeetAgain","floor":45,"gold_loss":0}],"is_beta":false,"boss_relics":[{"not_picked":["Pandora\u0027s Box","Fusion Hammer"],"picked":"Runic Pyramid"},{"not_picked":["Tiny House","Snecko Eye"],"picked":"Velvet Choker"}],"items_purged_floors":[8,10,54],"is_endless":false,"potions_floor_spawned":[7,12,25,29,33,37,39,42,46,55],"ascension_level":20}