{"gold_per_floor":[110,25,43,60,60,60,88,102,102,116,148,148,34,48,48,119,119,139,39,52,65,84,84,100,125,150,150,150,162,162,172,172,172],"floor_reached":33,"playtime":1509,"items_purged":["Strike_G","Strike_G"],"score":662,"play_id":"d9cc7543-1e47-4b15-bb47-7bf104f8afa5","local_time":"20190323225621","is_ascension_mode":true,"campfire_choices":[{"data":"Neutralize","floor":6,"key":"SMITH"},{"data":"Deadly Poison","floor":12,"key":"SMITH"},{"data":"Calculated Gamble","floor":15,"key":"SMITH"},{"floor":23,"key":"REST"},{"floor":30,"key":"REST"},{"floor":32,"key":"REST"}],"neow_cost":"NONE","seed_source_timestamp":10115212117716,"circlet_count":0,"master_deck":["AscendersBane","Defend_G+1","Defend_G+1","Defend_G+1","Defend_G+1","Defend_G+1","Strike_G+1","Strike_G+1","Survivor","Neutralize+1","Dash","Blur","Deadly Poison+1","Calculated Gamble+1","Adrenaline","PiercingWail+1","Footwork","Backflip","Poisoned Stab"],"special_seed":0,"relics":["Ring of the Snake","NeowsBlessing","Paper Crane","Mercury Hourglass","Darkstone Periapt","Fusion Hammer","Mummified Hand","Art of War"],"potions_floor_usage":[16,22,25],"damage_taken":[{"damage":0,"enemies":"Jaw Worm","floor":1,"turns":1},{"damage":0,"enemies":"2 Louse","floor":3,"turns":1},{"damage":0,"enemies":"Cultist","floor":4,"turns":1},{"damage":38,"enemies":"Gremlin Nob","floor":7,"turns":6},{"damage":0,"enemies":"2 Fungi Beasts","floor":8,"turns":5},{"damage":2,"enemies":"Exordium Wildlife","floor":10,"turns":3},{"damage":3,"enemies":"Lagavulin","floor":11,"turns":9},{"damage":1,"enemies":"Looter","floor":14,"turns":3},{"damage":0,"enemies":"The Guardian","floor":16,"turns":14},{"damage":8,"enemies":"Chosen","floor":18,"turns":5},{"damage":7,"enemies":"3 Byrds","floor":20,"turns":6},{"damage":4,"enemies":"Snake Plant","floor":21,"turns":6},{"damage":3,"enemies":"Chosen and Byrds","floor":22,"turns":8},{"damage":0,"enemies":"Shelled Parasite and Fungi","floor":24,"turns":8},{"damage":63,"enemies":"Slavers","floor":25,"turns":10},{"damage":0,"enemies":"Snake Plant","floor":29,"turns":5},{"damage":7,"enemies":"Snecko","floor":31,"turns":9},{"damage":39,"enemies":"Automaton","floor":33,"turns":6}],"seed_played":"7416795089355848392","potions_obtained":[{"floor":3,"key":"GamblersBrew"},{"floor":7,"key":"Explosive Potion"},{"floor":14,"key":"GhostInAJar"},{"floor":16,"key":"GamblersBrew"},{"floor":22,"key":"Regen Potion"}],"is_trial":false,"path_per_floor":["M","$","M","M","?","R","E","M","T","M","E","R","$","M","R","B",null,"M","$","M","M","M","R","M","E","T","?","$","M","R","M","R","B"],"character_chosen":"THE_SILENT","items_purchased":["Dash","Calculated Gamble"],"campfire_rested":3,"item_purchase_floors":[2,13],"current_hp_per_floor":[59,59,59,59,52,52,14,14,14,12,9,9,9,8,8,8,52,44,44,37,33,30,49,49,1,1,1,1,1,20,13,32,0],"gold":172,"neow_bonus":"THREE_ENEMY_KILL","is_prod":false,"is_daily":false,"chose_seed":false,"campfire_upgraded":3,"win_rate":0,"timestamp":1553352981,"path_taken":["M","$","M","M","?","R","E","M","T","M","E","R","$","M","R","BOSS","M","$","M","M","M","R","M","E","T","?","$","M","R","M","R","BOSS"],"build_version":"2019-01-23","purchased_purges":2,"victory":false,"max_hp_per_floor":[66,66,66,66,66,66,66,66,66,66,66,66,66,66,66,66,66,66,66,66,66,66,66,66,66,66,66,66,66,66,66,66,66],"card_choices":[{"not_picked":["Deflect","Accuracy","Poisoned Stab"],"picked":"SKIP","floor":3},{"not_picked":["Slice","Doppelganger"],"picked":"Blur","floor":7},{"not_picked":["Poisoned Stab","Bane"],"picked":"Deadly Poison","floor":8},{"not_picked":["Blade Dance","Prepared","Underhanded Strike"],"picked":"SKIP","floor":10},{"not_picked":["Tools of the Trade","Deflect","Dagger Spray"],"picked":"SKIP","floor":11},{"not_picked":["Outmaneuver","Dagger Spray","Deadly Poison"],"picked":"SKIP","floor":14},{"not_picked":["Night Terror","Phantasmal Killer"],"picked":"Adrenaline","floor":16},{"not_picked":["Cloak And Dagger","Flying Knee","Dagger Throw"],"picked":"SKIP","floor":18},{"not_picked":["Deflect","Finisher"],"picked":"PiercingWail+1","floor":20},{"not_picked":["Crippling Poison","Deadly Poison"],"picked":"Footwork","floor":21},{"not_picked":["Dodge and Roll","Deflect+1"],"picked":"Backflip","floor":22},{"not_picked":["Dagger Throw","Setup+1","Prepared"],"picked":"SKIP","floor":24},{"not_picked":["Wraith Form v2","Noxious Fumes","Flechettes"],"picked":"SKIP","floor":25},{"not_picked":["Sucker Punch","Dagger Throw","Bouncing Flask"],"picked":"SKIP","floor":29},{"not_picked":["Cloak And Dagger","PiercingWail"],"picked":"Poisoned Stab","floor":31}],"player_experience":1482737,"relics_obtained":[{"floor":7,"key":"Paper Crane"},{"floor":9,"key":"Mercury Hourglass"},{"floor":11,"key":"Darkstone Periapt"},{"floor":25,"key":"Mummified Hand"},{"floor":26,"key":"Art of War"}],"event_choices":[{"cards_removed":["Strike_G"],"damage_healed":0,"gold_gain":0,"player_choice":"Card Removal","damage_taken":7,"max_hp_gain":0,"max_hp_loss":0,"event_name":"Golden Wing","floor":5,"gold_loss":0},{"damage_healed":0,"gold_gain":0,"player_choice":"Simplicity","damage_taken":0,"max_hp_gain":0,"max_hp_loss":0,"event_name":"Back to Basics","floor":27,"gold_loss":0,"cards_upgraded":["Defend_G","Defend_G","Defend_G","Defend_G","Defend_G","Strike_G","Strike_G"]}],"is_beta":false,"boss_relics":[{"not_picked":["Runic Pyramid","Busted Crown"],"picked":"Fusion Hammer"}],"items_purged_floors":[13,19],"is_endless":false,"potions_floor_spawned":[3,7,10,14,16,20,22,24],"killed_by":"Automaton","ascension_level":20}