{"gold_per_floor":[116,132,57,71,97,97,117,117,117,180,180,208,208,233,233,306,306],"floor_reached":17,"playtime":510,"items_purged":["Strike_R"],"score":396,"play_id":"0a51e8f6-53b7-4c9c-b9a0-fda7d0500b1c","local_time":"20190311135305","is_ascension_mode":true,"campfire_choices":[{"data":"Rampage","floor":6.0,"key":"SMITH"},{"data":"Offering","floor":8.0,"key":"SMITH"},{"data":"Fiend Fire","floor":11.0,"key":"SMITH"},{"data":"Flame Barrier","floor":15,"key":"SMITH"}],"neow_cost":"NONE","seed_source_timestamp":9729341367409,"circlet_count":0,"master_deck":["AscendersBane","Strike_R","Strike_R","Strike_R","Strike_R","Defend_R","Defend_R+1","Defend_R","Defend_R","Bash","Offering+1","Shockwave+1","Rampage+1","Power Through","Fiend Fire+1","Power Through","Flame Barrier+1","Impervious"],"special_seed":0,"relics":["Burning Blood","War Paint","Question Card","Tiny Chest","Mango","Gremlin Horn"],"potions_floor_usage":[16],"damage_taken":[{"damage":7.0,"enemies":"Cultist","floor":1.0,"turns":3.0},{"damage":15.0,"enemies":"Small Slimes","floor":2.0,"turns":3.0},{"damage":10.0,"enemies":"Jaw Worm","floor":4.0,"turns":3.0},{"damage":19.0,"enemies":"Large Slime","floor":7.0,"turns":3.0},{"damage":11.0,"enemies":"Lagavulin","floor":10.0,"turns":6.0},{"damage":31,"enemies":"3 Sentries","floor":12,"turns":7},{"damage":6,"enemies":"Gremlin Nob","floor":14,"turns":2},{"damage":21,"enemies":"Hexaghost","floor":16,"turns":9}],"seed_played":"5804228548560652220","potions_obtained":[{"floor":1.0,"key":"Ancient Potion"},{"floor":4.0,"key":"Fire Potion"},{"floor":16,"key":"SteroidPotion"}],"is_trial":false,"path_per_floor":["M","M","$","M","T","R","M","R","T","E","R","E","?","E","R","B",null],"character_chosen":"IRONCLAD","items_purchased":[],"campfire_rested":0,"item_purchase_floors":[],"current_hp_per_floor":[67,58,58,54,54,54,41,41,41,36,36,25,25,25,25,10,10],"gold":306,"neow_bonus":"ONE_RANDOM_RARE_CARD","is_prod":false,"is_daily":false,"chose_seed":false,"campfire_upgraded":4,"win_rate":0,"timestamp":1552283585,"path_taken":["M","M","$","M","?","R","?","R","T","E","R","E","?","E","R","BOSS"],"build_version":"2019-01-23","purchased_purges":1,"victory":false,"max_hp_per_floor":[75,75,75,75,75,75,75,75,75,75,75,89,89,89,89,89,89],"card_choices":[{"not_picked":["Blood for Blood","Pommel Strike"],"picked":"Shockwave","floor":1.0},{"not_picked":["Sword Boomerang","Dropkick"],"picked":"Rampage","floor":2.0},{"not_picked":["Wild Strike","Battle Trance"],"picked":"Power Through","floor":4.0},{"not_picked":["Reckless Charge","Headbutt","Searing Blow"],"picked":"SKIP","floor":7.0},{"not_picked":["Corruption","Anger","Shrug It Off"],"picked":"Fiend Fire","floor":10.0},{"not_picked":["Thunderclap","Ghostly Armor","Pommel Strike"],"picked":"Power Through","floor":12},{"not_picked":["Wild Strike","Sword Boomerang","Warcry"],"picked":"Flame Barrier","floor":14},{"not_picked":["Bludgeon","Double Tap","Exhume"],"picked":"Impervious","floor":16}],"player_experience":3479102,"relics_obtained":[{"floor":5.0,"key":"War Paint"},{"floor":9.0,"key":"Question Card"},{"floor":10.0,"key":"Tiny Chest"},{"floor":12,"key":"Mango"},{"floor":14,"key":"Gremlin Horn"}],"event_choices":[{"damage_healed":0,"gold_gain":0,"player_choice":"Ignored","damage_taken":0,"max_hp_gain":0,"max_hp_loss":0,"event_name":"Liars Game","floor":13,"gold_loss":0}],"is_beta":false,"boss_relics":[],"items_purged_floors":[3],"is_endless":false,"potions_floor_spawned":[1,4,7,10,16],"ascension_level":20}