{"gold_per_floor":[114,129,129,145,163,163,192,192,192,219,229,247,247,247,247,321,321,335,250,250,4,17,17,52,71,97,97,97,107,107,119,119,194,194,212,212,212,212,232,232,266,266,266,283,283,301,301,315,315,315,315,315,315,5,33,33],"floor_reached":57,"playtime":2711,"items_purged":["Strike_B","Multi-Cast"],"score":2649,"play_id":"5ab146f5-bc1e-4134-9df8-c3a63f9353ce","local_time":"20190703004151","is_ascension_mode":true,"campfire_choices":[{"data":"Dualcast","floor":6.0,"key":"SMITH"},{"data":"Rainbow","floor":8.0,"key":"SMITH"},{"data":"Defragment","floor":15.0,"key":"SMITH"},{"data":"Coolheaded","floor":23.0,"key":"SMITH"},{"data":"Consume","floor":28.0,"key":"SMITH"},{"data":"Recycle","floor":30.0,"key":"SMITH"},{"data":"Zap","floor":32.0,"key":"SMITH"},{"data":"Coolheaded","floor":40.0,"key":"SMITH"},{"data":"Loop","floor":42.0,"key":"SMITH"},{"data":"Multi-Cast","floor":47.0,"key":"SMITH"},{"floor":49.0,"key":"RECALL"},{"data":"Turbo","floor":53.0,"key":"SMITH"}],"neow_cost":"NONE","seed_source_timestamp":24859880135777,"circlet_count":0,"master_deck":["AscendersBane","Zap+1","Dualcast+1","Coolheaded+1","Cold Snap","Electrodynamics","Rainbow+1","Turbo+1","Hologram","Ball Lightning","Defragment+1","Seek","Consume+1","Hologram+1","Recycle+1","Buffer","Core Surge","Multi-Cast+1","Meteor Strike","Loop+1","Coolheaded+1","Violence","Echo Form","Echo Form"],"special_seed":0,"relics":["Cracked Core","NeowsBlessing","Omamori","Mummified Hand","Emotion Chip","Pantograph","Eternal Feather","Darkstone Periapt","Enchiridion","Anchor","Art of War","Pandora\u0027s Box","Singing Bowl","Dodecahedron","Pear","DollysMirror","Happy Flower"],"potions_floor_usage":[56],"damage_taken":[{"damage":0.0,"enemies":"Jaw Worm","floor":1.0,"turns":1.0},{"damage":0.0,"enemies":"Cultist","floor":2.0,"turns":1.0},{"damage":0.0,"enemies":"2 Louse","floor":4.0,"turns":1.0},{"damage":7.0,"enemies":"Blue Slaver","floor":5.0,"turns":3.0},{"damage":21.0,"enemies":"Lagavulin","floor":7.0,"turns":6.0},{"damage":10.0,"enemies":"3 Sentries","floor":10.0,"turns":5.0},{"damage":0.0,"enemies":"3 Louse","floor":11.0,"turns":3.0},{"damage":2.0,"enemies":"2 Fungi Beasts","floor":12.0,"turns":2.0},{"damage":11.0,"enemies":"Hexaghost","floor":16.0,"turns":7.0},{"damage":0.0,"enemies":"Chosen","floor":18.0,"turns":3.0},{"damage":0.0,"enemies":"Spheric Guardian","floor":22.0,"turns":4.0},{"damage":9.0,"enemies":"Book of Stabbing","floor":24.0,"turns":4.0},{"damage":0.0,"enemies":"3 Cultists","floor":25.0,"turns":3.0},{"damage":4.0,"enemies":"Centurion and Healer","floor":29.0,"turns":3.0},{"damage":1.0,"enemies":"Sentry and Sphere","floor":31.0,"turns":3.0},{"damage":7.0,"enemies":"Collector","floor":33.0,"turns":10.0},{"damage":2.0,"enemies":"3 Darklings","floor":35.0,"turns":2.0},{"damage":0.0,"enemies":"Orb Walker","floor":39.0,"turns":3.0},{"damage":0.0,"enemies":"Giant Head","floor":41.0,"turns":7.0},{"damage":0.0,"enemies":"Maw","floor":44.0,"turns":5.0},{"damage":0.0,"enemies":"Transient","floor":46.0,"turns":6.0},{"damage":0.0,"enemies":"Sphere and 2 Shapes","floor":48.0,"turns":1.0},{"damage":26.0,"enemies":"Donu and Deca","floor":50.0,"turns":7.0},{"damage":11.0,"enemies":"Time Eater","floor":51.0,"turns":8.0},{"damage":72,"enemies":"Shield and Spear","floor":55,"turns":5},{"damage":32,"enemies":"The Heart","floor":56,"turns":10}],"seed_played":"-2824809012089045095","potions_obtained":[{"floor":4.0,"key":"EssenceOfSteel"},{"floor":5.0,"key":"SpeedPotion"},{"floor":25.0,"key":"FocusPotion"},{"floor":35.0,"key":"LiquidBronze"},{"floor":41.0,"key":"Ancient Potion"}],"is_trial":false,"path_per_floor":["M","M","?","M","M","R","E","R","T","E","M","M","T","?","R","B",null,"M","?","?","$","M","R","E","M","T","?","R","M","R","M","R","B",null,"M","?","?","?","M","R","E","R","T","M","?","M","R","M","R","B","B",null,"R","$","E","B",null],"character_chosen":"DEFECT","items_purchased":["Anchor","DollysMirror"],"campfire_rested":0,"item_purchase_floors":[21,54],"current_hp_per_floor":[64,64,64,64,57,57,36,36,36,26,26,24,24,17,17,31,61,61,61,40,40,40,49,40,40,40,40,49,45,57,56,68,64,69,67,67,67,67,69,69,71,71,81,81,81,83,83,85,85,59,73,82,85,85,15,8],"gold":33,"neow_bonus":"THREE_ENEMY_KILL","is_prod":false,"is_daily":false,"chose_seed":false,"campfire_upgraded":11,"win_rate":0,"timestamp":1562085711,"path_taken":["M","M","?","M","M","R","E","R","T","E","M","?","?","?","R","BOSS","M","?","?","$","M","R","E","M","T","?","R","M","R","M","R","BOSS","M","?","?","?","M","R","E","R","T","?","?","?","R","M","R","BOSS","BOSS","R","$","E","BOSS"],"build_version":"2019-07-01","purchased_purges":2,"victory":true,"max_hp_per_floor":[71,71,71,71,71,71,71,71,71,71,71,71,71,71,71,71,71,71,71,71,71,71,71,71,71,71,71,71,71,71,71,71,71,71,71,71,67,67,69,69,71,71,81,81,81,83,83,85,85,85,85,85,85,85,87,87],"card_choices":[{"not_picked":["Compile Driver","Redo"],"picked":"Coolheaded","floor":1.0},{"not_picked":["Gash","Lockon"],"picked":"Cold Snap","floor":2.0},{"not_picked":["Stack","Cold Snap"],"picked":"Rainbow","floor":4.0},{"not_picked":["Barrage","Rebound"],"picked":"Turbo","floor":5.0},{"not_picked":["Reprogram","Coolheaded","Leap"],"picked":"SKIP","floor":7.0},{"not_picked":["Lockon","Turbo"],"picked":"Hologram","floor":10.0},{"not_picked":["Beam Cell","Conserve Battery"],"picked":"Ball Lightning","floor":11.0},{"not_picked":["Hologram","Barrage"],"picked":"Defragment","floor":12.0},{"not_picked":["Electrodynamics","Reboot"],"picked":"Seek","floor":16.0},{"not_picked":["Sweeping Beam+1","Steam Power"],"picked":"Consume","floor":18.0},{"not_picked":["Conserve Battery","Turbo+1","Beam Cell"],"picked":"SKIP","floor":22.0},{"not_picked":["Ball Lightning","Rebound"],"picked":"Hologram+1","floor":24.0},{"not_picked":["Compile Driver","Leap","Doom and Gloom"],"picked":"SKIP","floor":25.0},{"not_picked":["Coolheaded","Gash"],"picked":"Recycle","floor":29.0},{"not_picked":["Reinforced Body","Redo"],"picked":"Buffer","floor":31.0},{"not_picked":["Seek","Machine Learning"],"picked":"Multi-Cast","floor":33.0},{"not_picked":["Recycle","Redo+1"],"picked":"Coolheaded","floor":35.0},{"not_picked":["Trip","The Bomb"],"picked":"Violence","floor":36.0},{"not_picked":["Coolheaded","FTL","Turbo"],"picked":"Singing Bowl","floor":39.0},{"not_picked":["Redo","Leap","Streamline"],"picked":"Singing Bowl","floor":41.0},{"not_picked":["Stack+1","Gash"],"picked":"Echo Form","floor":44.0},{"not_picked":["Sweeping Beam","Go for the Eyes+1","Rebound"],"picked":"Singing Bowl","floor":46.0},{"not_picked":["Genetic Algorithm","Stack","Streamline+1"],"picked":"Singing Bowl","floor":48.0},{"not_picked":["Genetic Algorithm","Beam Cell","Hyperbeam"],"picked":"Singing Bowl","floor":55}],"player_experience":5610644,"relics_obtained":[{"floor":7.0,"key":"Omamori"},{"floor":9.0,"key":"Mummified Hand"},{"floor":10.0,"key":"Emotion Chip"},{"floor":13.0,"key":"Pantograph"},{"floor":20.0,"key":"Enchiridion"},{"floor":24.0,"key":"Art of War"},{"floor":41.0,"key":"Dodecahedron"},{"floor":43.0,"key":"Pear"},{"floor":55,"key":"Happy Flower"}],"event_choices":[{"damage_healed":0.0,"max_hp_gain":0.0,"max_hp_loss":0.0,"gold_gain":0.0,"event_name":"Match and Keep!","player_choice":"1 cards matched","floor":3.0,"gold_loss":0.0,"damage_taken":0.0,"cards_obtained":["Electrodynamics"]},{"cards_removed":["Strike_B"],"damage_healed":0.0,"max_hp_gain":0.0,"max_hp_loss":0.0,"gold_gain":0.0,"event_name":"Golden Wing","player_choice":"Card Removal","floor":14.0,"gold_loss":0.0,"damage_taken":7.0},{"damage_healed":0.0,"max_hp_gain":0.0,"max_hp_loss":0.0,"gold_gain":0.0,"event_name":"Addict","player_choice":"Obtained Relic","floor":19.0,"gold_loss":85.0,"damage_taken":0.0,"relics_obtained":["Darkstone Periapt"]},{"damage_healed":0.0,"max_hp_gain":0.0,"max_hp_loss":0.0,"gold_gain":0.0,"event_name":"Cursed Tome","player_choice":"Obtained Book","floor":20.0,"gold_loss":0.0,"damage_taken":21.0},{"cards_removed":["Strike_B"],"damage_healed":0.0,"max_hp_gain":0.0,"max_hp_loss":0.0,"gold_gain":0.0,"event_name":"Back to Basics","player_choice":"Elegance","floor":27.0,"gold_loss":0.0,"damage_taken":0.0},{"damage_healed":0.0,"max_hp_gain":0.0,"max_hp_loss":0.0,"gold_gain":0.0,"event_name":"SensoryStone","player_choice":"Memory 1","floor":36.0,"gold_loss":0.0,"damage_taken":0.0},{"damage_healed":0.0,"max_hp_gain":0.0,"max_hp_loss":4.0,"gold_gain":0.0,"event_name":"Winding Halls","player_choice":"Max HP","floor":37.0,"gold_loss":0.0,"damage_taken":0.0},{"cards_removed":["Streamline"],"damage_healed":0.0,"max_hp_gain":0.0,"max_hp_loss":0.0,"gold_gain":0.0,"event_name":"WeMeetAgain","player_choice":"Gave Card","floor":38.0,"gold_loss":0.0,"damage_taken":0.0,"relics_obtained":["Singing Bowl"]},{"damage_healed":0.0,"max_hp_gain":0.0,"max_hp_loss":0.0,"gold_gain":0.0,"event_name":"SecretPortal","player_choice":"Ignored","floor":45.0,"gold_loss":0.0,"damage_taken":0.0}],"is_beta":false,"boss_relics":[{"not_picked":["Lizard Tail","Ectoplasm"],"picked":"Eternal Feather"},{"not_picked":["FrozenCore","Fusion Hammer"],"picked":"Pandora\u0027s Box"}],"items_purged_floors":[21,54],"is_endless":false,"potions_floor_spawned":[4,5,7,24,25,35,41,44,48],"ascension_level":20}