{"gold_per_floor":[115,131,144,159,177,177,195,207,207,227,227,259,259,259,259,355,355,370,370,383,403,403,403,403,417,417,467,467,467],"floor_reached":29,"playtime":935,"items_purged":[],"score":608,"play_id":"f1841f19-5478-4753-948f-8d373bb4f855","local_time":"20190122201128","is_ascension_mode":true,"campfire_choices":[{"data":"Bouncing Flask","floor":6.0,"key":"SMITH"},{"data":"Catalyst","floor":11.0,"key":"SMITH"},{"data":"Acrobatics","floor":15.0,"key":"SMITH"},{"data":"Ghostly","floor":23,"key":"SMITH"},{"data":"Neutralize","floor":28,"key":"SMITH"}],"neow_cost":"NONE","seed_source_timestamp":16933762308762,"circlet_count":0,"master_deck":["AscendersBane","Defend_G","Defend_G","Defend_G","Defend_G","Defend_G","Strike_G","Strike_G","Survivor","Neutralize+1","Acrobatics+1","Bouncing Flask+1","PiercingWail","Catalyst+1","Backflip","Grand Finale","Ghostly+1","Ghostly","Ghostly"],"special_seed":0,"relics":["Ring of the Snake","Vajra","Pen Nib","Golden Idol","Nloth\u0027s Gift","Matryoshka"],"potions_floor_usage":[29],"damage_taken":[{"damage":6.0,"enemies":"Jaw Worm","floor":1.0,"turns":7.0},{"damage":0.0,"enemies":"2 Louse","floor":2.0,"turns":3.0},{"damage":4.0,"enemies":"Small Slimes","floor":3.0,"turns":4.0},{"damage":28.0,"enemies":"Gremlin Gang","floor":4.0,"turns":7.0},{"damage":3.0,"enemies":"Blue Slaver","floor":5.0,"turns":10.0},{"damage":11.0,"enemies":"Large Slime","floor":7.0,"turns":6.0},{"damage":0.0,"enemies":"Looter","floor":8.0,"turns":4.0},{"damage":4.0,"enemies":"Lots of Slimes","floor":10.0,"turns":6.0},{"damage":2.0,"enemies":"Lagavulin","floor":12.0,"turns":6.0},{"damage":0.0,"enemies":"Hexaghost","floor":16.0,"turns":7.0},{"damage":0,"enemies":"2 Thieves","floor":18,"turns":2},{"damage":1,"enemies":"Shell Parasite","floor":20,"turns":3},{"damage":0,"enemies":"Snake Plant","floor":21,"turns":3},{"damage":11,"enemies":"Cultist and Chosen","floor":25,"turns":6},{"damage":30,"enemies":"Slavers","floor":29,"turns":4}],"seed_played":"807120618306518251","potions_obtained":[{"floor":4.0,"key":"EntropicBrew"},{"floor":7.0,"key":"EssenceOfSteel"},{"floor":20,"key":"Energy Potion"}],"is_trial":false,"path_per_floor":["?","?","?","?","?","M","?"],"character_chosen":"THE_SILENT","items_purchased":[],"campfire_rested":0,"item_purchase_floors":[],"current_hp_per_floor":[53,53,49,21,18,18,7,7,7,3,3,1,1,1,1,1,45,45,30,29,29,29,29,29,18,18,18,18,0],"gold":467,"neow_bonus":"REMOVE_CARD","is_prod":false,"is_daily":false,"chose_seed":false,"campfire_upgraded":5,"win_rate":0,"timestamp":1548159088,"path_taken":["M","M","M","M","M","R","M","M","T","M","R","E","?","?","R","BOSS","M","?","M","M","?","R","?","?","T","?","R","E"],"build_version":"2019-01-20","purchased_purges":0,"victory":false,"max_hp_per_floor":[66,66,66,66,66,66,66,66,66,66,66,66,60,60,60,60,60,60,30,30,30,30,30,30,30,30,30,30,30],"card_choices":[{"not_picked":["Cloak And Dagger","Dagger Throw"],"picked":"Acrobatics","floor":1.0},{"not_picked":["Dagger Throw","Eviscerate"],"picked":"Bouncing Flask","floor":2.0},{"not_picked":["Blade Dance","Dash","Prepared"],"picked":"SKIP","floor":3.0},{"not_picked":["Quick Slash","Night Terror","Deflect"],"picked":"SKIP","floor":4.0},{"not_picked":["Acrobatics","Predator"],"picked":"PiercingWail","floor":5.0},{"not_picked":["Deadly Poison","Dagger Spray"],"picked":"Catalyst","floor":7.0},{"not_picked":["Sucker Punch","PiercingWail","Bane"],"picked":"SKIP","floor":8.0},{"not_picked":["Deflect","Cloak And Dagger","All Out Attack"],"picked":"SKIP","floor":10.0},{"not_picked":["Choke","Sucker Punch"],"picked":"Backflip","floor":12.0},{"not_picked":["Night Terror","Wraith Form v2"],"picked":"Grand Finale","floor":16.0},{"not_picked":["Dagger Throw","Flying Knee","PiercingWail"],"picked":"SKIP","floor":18},{"not_picked":["Eviscerate","Dagger Throw+1","Predator"],"picked":"SKIP","floor":20},{"not_picked":["PiercingWail","Dodge and Roll","Crippling Poison"],"picked":"SKIP","floor":21},{"not_picked":["Distraction","Poisoned Stab","Quick Slash"],"picked":"SKIP","floor":25}],"player_experience":1316278,"relics_obtained":[{"floor":9.0,"key":"Vajra"},{"floor":12.0,"key":"Pen Nib"},{"floor":26,"key":"Matryoshka"}],"event_choices":[{"damage_healed":0.0,"max_hp_gain":0.0,"max_hp_loss":6.0,"gold_gain":0.0,"event_name":"Golden Idol","player_choice":"Lose Max HP","floor":13.0,"gold_loss":0.0,"damage_taken":0.0,"relics_obtained":["Golden Idol"]},{"damage_healed":0.0,"max_hp_gain":0.0,"max_hp_loss":0.0,"gold_gain":0.0,"event_name":"Liars Game","player_choice":"Ignored","floor":14.0,"gold_loss":0.0,"damage_taken":0.0},{"damage_healed":0,"gold_gain":0,"player_choice":"Became a Ghost","damage_taken":0,"max_hp_gain":0,"max_hp_loss":30,"event_name":"Ghosts","floor":19,"gold_loss":0,"cards_obtained":["Ghostly","Ghostly","Ghostly"]},{"damage_healed":0,"gold_gain":0,"player_choice":"Ignored","damage_taken":0,"max_hp_gain":0,"max_hp_loss":0,"event_name":"The Mausoleum","floor":22,"gold_loss":0},{"damage_healed":0,"gold_gain":0,"player_choice":"Traded Relic","damage_taken":0,"relics_obtained":["Nloth\u0027s Gift"],"max_hp_gain":0,"max_hp_loss":0,"event_name":"N\u0027loth","floor":24,"relics_lost":["Empty Cage"],"gold_loss":0},{"damage_healed":0,"gold_gain":50,"player_choice":"Stole From Cult","damage_taken":0,"max_hp_gain":0,"max_hp_loss":0,"event_name":"Nest","floor":27,"gold_loss":0}],"is_beta":true,"boss_relics":[{"not_picked":["Pandora\u0027s Box","Cursed Key"],"picked":"Empty Cage"}],"items_purged_floors":[],"is_endless":false,"potions_floor_spawned":[4,5,7,8,10,20],"killed_by":"Slavers","ascension_level":20}