{"gold_per_floor":[117,117,117,20,33,33,67,67,67,67],"floor_reached":10,"playtime":197,"items_purged":[],"score":128,"play_id":"6d49235e-4eed-4ee1-a42b-d7161ae8cec5","local_time":"20190121214227","is_ascension_mode":true,"campfire_choices":[{"data":"Discovery","floor":6,"key":"SMITH"},{"data":"Buffer","floor":8,"key":"SMITH"}],"neow_cost":"TEN_PERCENT_HP_LOSS","seed_source_timestamp":39189701685984,"circlet_count":0,"master_deck":["AscendersBane","Strike_B","Strike_B","Strike_B","Strike_B","Defend_B","Defend_B","Defend_B","Defend_B","Zap","Dualcast","Buffer+1","Gash","Discovery+1","Reinforced Body","Skim"],"relics":["Cracked Core","Golden Idol","Omamori","Cables"],"potions_floor_usage":[7],"damage_taken":[{"damage":7,"enemies":"Small Slimes","floor":1,"turns":4},{"damage":7,"enemies":"Jaw Worm","floor":5,"turns":3},{"damage":26,"enemies":"Gremlin Nob","floor":7,"turns":5},{"damage":0,"enemies":"Lagavulin","floor":10,"turns":2}],"seed_played":"-5227561564757873507","potions_obtained":[{"floor":5,"key":"Block Potion"}],"is_trial":false,"path_per_floor":["M","?","?","$","M","R","E","R","T","E"],"character_chosen":"DEFECT","items_purchased":["Discovery"],"campfire_rested":0,"item_purchase_floors":[4],"current_hp_per_floor":[57,57,62,62,55,55,29,29,29,29],"gold":67,"neow_bonus":"THREE_RARE_CARDS","is_prod":false,"is_daily":false,"chose_seed":false,"campfire_upgraded":2,"win_rate":0,"timestamp":1548078147,"path_taken":["M","?","?","$","?","R","E","R","T","E"],"build_version":"2019-01-17v2","purchased_purges":0,"victory":false,"max_hp_per_floor":[64,58,63,63,63,63,63,63,63,63],"card_choices":[{"not_picked":["Meteor Strike","Machine Learning"],"picked":"Buffer","floor":0},{"not_picked":["Beam Cell","Redo"],"picked":"Gash","floor":1},{"not_picked":["Conserve Battery","Static Discharge"],"picked":"Reinforced Body","floor":5},{"not_picked":["Fusion","Cold Snap"],"picked":"Skim","floor":7}],"player_experience":2116794,"relics_obtained":[{"floor":7,"key":"Omamori"},{"floor":9,"key":"Cables"}],"event_choices":[{"damage_healed":0,"gold_gain":0,"player_choice":"Lose Max HP","damage_taken":0,"relics_obtained":["Golden Idol"],"max_hp_gain":0,"max_hp_loss":6,"event_name":"Golden Idol","floor":2,"gold_loss":0},{"damage_healed":0,"gold_gain":0,"player_choice":"Donut","damage_taken":0,"max_hp_gain":5,"max_hp_loss":0,"event_name":"Big Fish","floor":3,"gold_loss":0}],"is_beta":false,"boss_relics":[],"items_purged_floors":[],"is_endless":false,"potions_floor_spawned":[5],"killed_by":"Lagavulin","ascension_level":20}