{"gold_per_floor":[111,36,36,186,286,312,312,329,376,391,366,366],"floor_reached":12,"playtime":207,"items_purged":["Strike_B"],"score":206,"play_id":"af81981a-196f-47bd-b69e-7f22a01ebb01","local_time":"20190107133142","is_ascension_mode":true,"campfire_choices":[{"data":"Consume","floor":7,"key":"SMITH"}],"neow_cost":"NONE","seed_source_timestamp":5599531541094,"circlet_count":0,"master_deck":["AscendersBane","Strike_B","Strike_B","Strike_B","Defend_B","Defend_B","Defend_B","Defend_B","Zap","Dualcast","Consume+1","Doubt","Ball Lightning","Chill","Coolheaded","Conserve Battery"],"relics":["Cracked Core","NeowsBlessing","Art of War","Lantern"],"potions_floor_usage":[],"damage_taken":[{"damage":0,"enemies":"Small Slimes","floor":1,"turns":1},{"damage":0,"enemies":"3 Sentries","floor":6,"turns":2},{"damage":0,"enemies":"Jaw Worm","floor":8,"turns":1},{"damage":7,"enemies":"2 Louse","floor":10,"turns":2},{"damage":9,"enemies":"Exordium Thugs","floor":11,"turns":4},{"damage":37,"enemies":"Gremlin Gang","floor":12,"turns":3}],"seed_played":"-7355188017433100708","potions_obtained":[{"floor":1,"key":"Regen Potion"},{"floor":10,"key":"EssenceOfSteel"}],"is_trial":false,"path_per_floor":["M","$","?","?","?","E","R","M","T","M","M","M"],"character_chosen":"DEFECT","items_purchased":[],"campfire_rested":0,"item_purchase_floors":[],"current_hp_per_floor":[64,64,69,69,69,69,69,69,69,62,53,16],"gold":366,"neow_bonus":"THREE_ENEMY_KILL","is_prod":false,"is_daily":false,"chose_seed":false,"campfire_upgraded":1,"win_rate":0,"timestamp":1546839102,"path_taken":["M","$","?","?","?","E","R","?","T","?","M","M"],"build_version":"2019-01-03v4","purchased_purges":1,"victory":false,"max_hp_per_floor":[71,71,76,76,76,76,76,76,76,76,76,76],"card_choices":[{"not_picked":["Stack","Doom and Gloom"],"picked":"Consume","floor":1},{"not_picked":["Stack","Conserve Battery"],"picked":"Ball Lightning","floor":6},{"not_picked":["Steam Power","Hologram"],"picked":"Chill","floor":8},{"not_picked":["Steam Power","Thunder Strike"],"picked":"Coolheaded","floor":10},{"not_picked":["Scrape","Go for the Eyes"],"picked":"Conserve Battery","floor":11}],"player_experience":1809690,"relics_obtained":[{"floor":6,"key":"Art of War"},{"floor":9,"key":"Lantern"}],"event_choices":[{"damage_healed":0,"gold_gain":0,"player_choice":"Donut","damage_taken":0,"max_hp_gain":5,"max_hp_loss":0,"event_name":"Big Fish","floor":3,"gold_loss":0},{"damage_healed":0,"gold_gain":150,"player_choice":"AGREE","damage_taken":0,"max_hp_gain":0,"max_hp_loss":0,"event_name":"Liars Game","floor":4,"gold_loss":0,"cards_obtained":["Doubt"]},{"damage_healed":0,"gold_gain":100,"player_choice":"Gold","damage_taken":0,"max_hp_gain":0,"max_hp_loss":0,"event_name":"Wheel of Change","floor":5,"gold_loss":0}],"is_beta":false,"boss_relics":[],"items_purged_floors":[2],"is_endless":false,"potions_floor_spawned":[1,10],"killed_by":"Gremlin Gang","ascension_level":20}