{"gold_per_floor":[365,379,141,141,157,192,13,48,48,76,76,88,114,114,114,185,185,203,128,128,128,128,156,174,174,201,201,229,247,257,207,207,279,279,295,305,323,340,352,381,381,391,414,414,364,391,391,404,404,404,404,404,404,59,88,88],"floor_reached":57,"playtime":2836,"items_purged":["Strike_G","Strike_G","Defend_G","Defend_G","Defend_G"],"score":3085,"play_id":"e9609c39-670b-42b4-983a-2445834b4111","local_time":"20190405135247","is_ascension_mode":true,"campfire_choices":[{"data":"Catalyst","floor":11.0,"key":"SMITH"},{"data":"Catalyst","floor":15.0,"key":"SMITH"},{"data":"Bouncing Flask","floor":25.0,"key":"SMITH"},{"data":"Well Laid Plans","floor":32.0,"key":"SMITH"},{"data":"Burst","floor":41.0,"key":"SMITH"},{"floor":47.0,"key":"RECALL"},{"data":"Wraith Form v2","floor":49.0,"key":"SMITH"},{"data":"Calculated Gamble","floor":53.0,"key":"SMITH"}],"neow_cost":"TEN_PERCENT_HP_LOSS","seed_source_timestamp":7217792315589,"circlet_count":0,"master_deck":["AscendersBane","Defend_G","Defend_G","Survivor","Neutralize","Bouncing Flask+1","Well Laid Plans+1","Catalyst+1","Adrenaline","Catalyst+1","Backflip","Wraith Form v2+1","Adrenaline","Crippling Poison+1","Ghostly","Ghostly","Ghostly","Burst+1","Backflip+1","Wraith Form v2+1","Calculated Gamble+1","Acrobatics+1","Well Laid Plans+1","Wraith Form v2+1"],"special_seed":0,"relics":["Ring of the Snake","Prayer Wheel","Mummified Hand","Darkstone Periapt","Paper Crane","Question Card","Pantograph","Empty Cage","Frozen Egg 2","Smiling Mask","PreservedInsect","Gremlin Horn","Bottled Lightning","Sozu","Letter Opener","Juzu Bracelet","ClockworkSouvenir","Anchor"],"potions_floor_usage":[56,56],"damage_taken":[{"damage":1.0,"enemies":"2 Louse","floor":1.0,"turns":3.0},{"damage":1.0,"enemies":"Small Slimes","floor":2.0,"turns":4.0},{"damage":4.0,"enemies":"Jaw Worm","floor":5.0,"turns":6.0},{"damage":6.0,"enemies":"3 Sentries","floor":6.0,"turns":18.0},{"damage":0.0,"enemies":"Gremlin Nob","floor":8.0,"turns":3.0},{"damage":2.0,"enemies":"Lagavulin","floor":10.0,"turns":6.0},{"damage":0.0,"enemies":"Large Slime","floor":12.0,"turns":5.0},{"damage":22.0,"enemies":"3 Sentries","floor":13.0,"turns":13.0},{"damage":15.0,"enemies":"Hexaghost","floor":16.0,"turns":6.0},{"damage":0.0,"enemies":"Spheric Guardian","floor":18.0,"turns":3.0},{"damage":0.0,"enemies":"Gremlin Leader","floor":23.0,"turns":7.0},{"damage":0.0,"enemies":"Shell Parasite","floor":24.0,"turns":4.0},{"damage":0.0,"enemies":"Slavers","floor":28.0,"turns":6.0},{"damage":0.0,"enemies":"3 Cultists","floor":29.0,"turns":5.0},{"damage":0.0,"enemies":"Cultist and Chosen","floor":30.0,"turns":4.0},{"damage":0.0,"enemies":"Collector","floor":33.0,"turns":5.0},{"damage":0.0,"enemies":"Orb Walker","floor":35.0,"turns":1.0},{"damage":0.0,"enemies":"3 Darklings","floor":36.0,"turns":5.0},{"damage":0.0,"enemies":"Spire Growth","floor":37.0,"turns":2.0},{"damage":0.0,"enemies":"4 Shapes","floor":38.0,"turns":6.0},{"damage":0.0,"enemies":"Sphere and 2 Shapes","floor":39.0,"turns":4.0},{"damage":0.0,"enemies":"Reptomancer","floor":40.0,"turns":3.0},{"damage":0.0,"enemies":"Spire Growth","floor":42.0,"turns":4.0},{"damage":0.0,"enemies":"Nemesis","floor":46.0,"turns":1.0},{"damage":0.0,"enemies":"Jaw Worm Horde","floor":48.0,"turns":2.0},{"damage":4.0,"enemies":"Donu and Deca","floor":50.0,"turns":6.0},{"damage":3.0,"enemies":"Awakened One","floor":51.0,"turns":5.0},{"damage":1.0,"enemies":"Shield and Spear","floor":55.0,"turns":5.0},{"damage":26,"enemies":"The Heart","floor":56,"turns":4}],"seed_played":"4366257739341545724","potions_obtained":[{"floor":2.0,"key":"EssenceOfSteel"},{"floor":5.0,"key":"Dexterity Potion"},{"floor":10.0,"key":"FearPotion"},{"floor":12.0,"key":"Dexterity Potion"},{"floor":16.0,"key":"Weak Potion"},{"floor":28.0,"key":"Poison Potion"}],"is_trial":false,"path_per_floor":["M","M","$","?","M","E","$","E","T","E","R","M","E","?","R","B",null,"M","?","T","?","?","E","M","R","T","T","E","M","M","$","R","B",null,"M","M","M","M","M","E","R","M","T","?","$","E","R","M","R","B","B",null,"R","$","E","B",null],"character_chosen":"THE_SILENT","items_purchased":["Well Laid Plans","Catalyst","Backflip","Poison Potion","ClockworkSouvenir","Well Laid Plans+1"],"campfire_rested":0,"item_purchase_floors":[3,3,7,7,54,54],"current_hp_per_floor":[58,57,57,52,48,42,42,42,42,40,40,40,18,18,18,28,52,52,52,52,30,30,30,30,30,30,30,30,30,30,30,30,30,30,30,30,30,30,30,30,30,30,30,30,30,30,30,30,30,26,27,29,29,29,28,4],"gold":88,"neow_bonus":"TWO_FIFTY_GOLD","is_prod":false,"is_daily":false,"chose_seed":false,"campfire_upgraded":7,"win_rate":0,"timestamp":1554443567,"path_taken":["M","M","$","?","M","E","$","E","T","E","R","M","E","?","R","BOSS","M","?","?","?","?","E","M","R","T","?","E","?","M","$","R","BOSS","M","?","M","M","?","E","R","M","T","?","$","E","R","M","R","BOSS","BOSS","R","$","E","BOSS"],"build_version":"2019-01-23","purchased_purges":5,"victory":true,"max_hp_per_floor":[60,60,60,60,60,60,60,60,60,60,60,60,60,60,60,60,60,60,60,60,30,30,30,30,30,30,30,30,30,30,30,30,30,30,30,30,30,30,30,30,30,30,30,30,30,30,30,30,30,30,30,30,30,30,30,30],"card_choices":[{"not_picked":["Dodge and Roll","Slice"],"picked":"Bouncing Flask","floor":1.0},{"not_picked":["Outmaneuver","Deflect","Distraction"],"picked":"SKIP","floor":2.0},{"not_picked":["Escape Plan","Outmaneuver"],"picked":"Adrenaline","floor":5.0},{"not_picked":["Dash","Dagger Throw","Slice"],"picked":"SKIP","floor":5.0},{"not_picked":["Endless Agony","Well Laid Plans"],"picked":"Catalyst","floor":6.0},{"not_picked":["Sucker Punch","Deflect","Backflip"],"picked":"SKIP","floor":8.0},{"not_picked":["Phantasmal Killer","Flechettes","Prepared"],"picked":"SKIP","floor":10.0},{"not_picked":["Sucker Punch","Choke","Blade Dance","Slice"],"picked":"SKIP","floor":12.0},{"not_picked":["Bane","Finisher","Deflect","Caltrops"],"picked":"SKIP","floor":12.0},{"not_picked":["Sucker Punch","Terror","Bane"],"picked":"Wraith Form v2","floor":13.0},{"not_picked":["Grand Finale","Malaise","A Thousand Cuts"],"picked":"Adrenaline","floor":16.0},{"not_picked":["Crippling Poison+1","Infinite Blades","Deadly Poison","Outmaneuver"],"picked":"SKIP","floor":18.0},{"not_picked":["Poisoned Stab","Underhanded Strike","Flying Knee","Heel Hook"],"picked":"SKIP","floor":18.0},{"not_picked":["Infinite Blades","Deadly Poison","Outmaneuver"],"picked":"Crippling Poison+1","floor":18.0},{"not_picked":["Poisoned Stab","Underhanded Strike","Flying Knee","Heel Hook"],"picked":"SKIP","floor":18.0},{"not_picked":["Reflex","Blade Dance","Cloak And Dagger","Masterful Stab"],"picked":"SKIP","floor":23.0},{"not_picked":["Outmaneuver","Acrobatics","Dagger Spray","Prepared"],"picked":"SKIP","floor":24.0},{"not_picked":["Die Die Die","Acrobatics","Blur","Accuracy+1"],"picked":"SKIP","floor":24.0},{"not_picked":["Outmaneuver","Acrobatics","Dagger Spray","Prepared"],"picked":"SKIP","floor":24.0},{"not_picked":["Die Die Die","Acrobatics","Blur","Accuracy+1"],"picked":"SKIP","floor":24.0},{"not_picked":["Sucker Punch","Dagger Spray","Eviscerate","Dodge and Roll"],"picked":"SKIP","floor":28.0},{"not_picked":["Dash","Footwork+1","Dagger Spray","Flying Knee"],"picked":"SKIP","floor":29.0},{"not_picked":["Underhanded Strike","Deadly Poison","Predator","Dodge and Roll"],"picked":"SKIP","floor":29.0},{"not_picked":["Backstab","Quick Slash","Leg Sweep","PiercingWail"],"picked":"SKIP","floor":30.0},{"not_picked":["Caltrops+1","Dash","Flying Knee","Eviscerate"],"picked":"SKIP","floor":30.0},{"not_picked":["Grand Finale","Unload","Doppelganger"],"picked":"Burst","floor":33.0},{"not_picked":["Sucker Punch","Dagger Throw","Dash"],"picked":"Backflip+1","floor":35.0},{"not_picked":["Flying Knee+1","Catalyst+1","Reflex"],"picked":"Wraith Form v2+1","floor":35.0},{"not_picked":["Predator","Blade Dance+1","PiercingWail+1","Backflip+1"],"picked":"SKIP","floor":36.0},{"not_picked":["Dash","Bane","Choke+1","All Out Attack+1"],"picked":"SKIP","floor":36.0},{"not_picked":["Dagger Throw","Acrobatics","Underhanded Strike"],"picked":"Calculated Gamble","floor":37.0},{"not_picked":["Backflip","All Out Attack","Cloak And Dagger","Endless Agony+1"],"picked":"SKIP","floor":37.0},{"not_picked":["Blade Dance","Grand Finale","Deflect","Terror+1"],"picked":"SKIP","floor":38.0},{"not_picked":["Choke","PiercingWail","Backflip","Heel Hook"],"picked":"SKIP","floor":38.0},{"not_picked":["Crippling Poison","Reflex","All Out Attack+1","Dagger Throw"],"picked":"SKIP","floor":39.0},{"not_picked":["Dagger Throw","Deflect","Prepared","Outmaneuver"],"picked":"SKIP","floor":39.0},{"not_picked":["Concentrate","Poisoned Stab+1","Riddle With Holes","Distraction+1"],"picked":"SKIP","floor":40.0},{"not_picked":["Dagger Spray","Reflex","Outmaneuver","Leg Sweep"],"picked":"SKIP","floor":42.0},{"not_picked":["Terror","Flying Knee","Bullet Time","Slice"],"picked":"SKIP","floor":42.0},{"not_picked":["Infinite Blades+1","Dagger Spray","Footwork+1"],"picked":"Acrobatics+1","floor":46.0},{"not_picked":["Eviscerate+1","Deflect","Endless Agony","Calculated Gamble"],"picked":"SKIP","floor":48.0},{"not_picked":["Slice","Underhanded Strike","Flechettes","Deflect"],"picked":"SKIP","floor":48.0},{"not_picked":["Bullet Time","Leg Sweep","Bane"],"picked":"Wraith Form v2+1","floor":55.0}],"player_experience":4074852,"relics_obtained":[{"floor":6.0,"key":"Mummified Hand"},{"floor":8.0,"key":"Darkstone Periapt"},{"floor":9.0,"key":"Paper Crane"},{"floor":10.0,"key":"Question Card"},{"floor":13.0,"key":"Pantograph"},{"floor":20.0,"key":"Frozen Egg 2"},{"floor":23.0,"key":"Smiling Mask"},{"floor":26.0,"key":"PreservedInsect"},{"floor":27.0,"key":"Gremlin Horn"},{"floor":28.0,"key":"Bottled Lightning"},{"floor":40.0,"key":"Letter Opener"},{"floor":46.0,"key":"Juzu Bracelet"},{"floor":55.0,"key":"Anchor"}],"event_choices":[{"damage_healed":0.0,"max_hp_gain":0.0,"max_hp_loss":0.0,"gold_gain":0.0,"event_name":"Scrap Ooze","player_choice":"Success","floor":4.0,"gold_loss":0.0,"damage_taken":5.0,"relics_obtained":["Prayer Wheel"]},{"damage_healed":0.0,"max_hp_gain":0.0,"max_hp_loss":0.0,"gold_gain":0.0,"event_name":"Liars Game","player_choice":"Ignored","floor":14.0,"gold_loss":0.0,"damage_taken":0.0},{"cards_removed":["Strike_G"],"damage_healed":0.0,"max_hp_gain":0.0,"max_hp_loss":0.0,"gold_gain":0.0,"event_name":"Beggar","player_choice":"Gave Gold","floor":19.0,"gold_loss":75.0,"damage_taken":0.0},{"damage_healed":0.0,"max_hp_gain":0.0,"max_hp_loss":30.0,"gold_gain":0.0,"event_name":"Ghosts","player_choice":"Became a Ghost","floor":21.0,"gold_loss":0.0,"damage_taken":0.0,"cards_obtained":["Ghostly","Ghostly","Ghostly"]},{"damage_healed":0.0,"max_hp_gain":0.0,"max_hp_loss":0.0,"gold_gain":0.0,"event_name":"Cursed Tome","player_choice":"Ignored","floor":22.0,"gold_loss":0.0,"damage_taken":0.0},{"damage_healed":0.0,"max_hp_gain":0.0,"max_hp_loss":0.0,"gold_gain":0.0,"event_name":"SensoryStone","player_choice":"Memory 1","floor":44.0,"gold_loss":0.0,"damage_taken":0.0}],"is_beta":false,"boss_relics":[{"not_picked":["Philosopher\u0027s Stone","Cursed Key"],"picked":"Empty Cage"},{"not_picked":["Tiny House","Calling Bell"],"picked":"Sozu"}],"items_purged_floors":[3,7,31,45,54],"is_endless":false,"potions_floor_spawned":[2,5,10,12,16,23,28,29,30,37,38,42,46,55],"ascension_level":20}