{"gold_per_floor":[113,113,133,151,76,76,102,102,154,154,173,186,186,86,86,163,163],"floor_reached":17,"playtime":602,"items_purged":["Strike_G","Strike_G"],"score":410,"play_id":"95460047-2a09-4122-8bcc-ba0778e5072d","local_time":"20181230141335","is_ascension_mode":true,"campfire_choices":[{"data":"Predator","floor":6,"key":"SMITH"},{"data":"Neutralize","floor":8,"key":"SMITH"},{"data":"Predator","floor":13,"key":"SMITH"},{"data":"Terror","floor":15,"key":"SMITH"}],"neow_cost":"NONE","seed_source_timestamp":7812718977517,"circlet_count":0,"master_deck":["AscendersBane","Defend_G","Defend_G","Defend_G","Defend_G","Defend_G","Strike_G","Strike_G","Strike_G","Survivor","Neutralize+1","Storm of Steel","Predator+1","Predator+1","Terror+1","Masterful Stab","Glass Knife","Noxious Fumes","Bouncing Flask","Venomology","Bouncing Flask"],"relics":["Ring of the Snake","Omamori","Oddly Smooth Stone","Orrery"],"potions_floor_usage":[7,16],"damage_taken":[{"damage":0,"enemies":"Jaw Worm","floor":1,"turns":5},{"damage":0,"enemies":"Small Slimes","floor":3,"turns":4},{"damage":1,"enemies":"Cultist","floor":4,"turns":3},{"damage":32,"enemies":"Lagavulin","floor":7,"turns":8},{"damage":3,"enemies":"Exordium Wildlife","floor":11,"turns":4},{"damage":6,"enemies":"3 Louse","floor":12,"turns":3},{"damage":0,"enemies":"The Guardian","floor":16,"turns":12}],"seed_played":"5703212489168995683","potions_obtained":[{"floor":1,"key":"Fire Potion"},{"floor":3,"key":"GhostInAJar"}],"is_trial":false,"path_per_floor":["M","?","M","M","$","R","E","R","T","?","M","M","R","$","R","B",null],"character_chosen":"THE_SILENT","items_purchased":[],"campfire_rested":0,"item_purchase_floors":[],"current_hp_per_floor":[59,59,59,58,58,58,26,26,26,17,14,8,8,8,8,8,52],"gold":163,"neow_bonus":"ONE_RANDOM_RARE_CARD","is_prod":false,"is_daily":false,"chose_seed":false,"campfire_upgraded":4,"win_rate":0,"timestamp":1546150415,"path_taken":["M","?","M","M","$","R","E","R","T","?","M","?","R","$","R","BOSS"],"build_version":"2018-12-20","purchased_purges":2,"victory":false,"max_hp_per_floor":[66,66,66,66,66,66,66,66,66,66,66,66,66,66,66,66,66],"card_choices":[{"not_picked":["Underhanded Strike","Dagger Spray"],"picked":"Predator","floor":1},{"not_picked":["Prepared","Bane"],"picked":"Predator","floor":3},{"not_picked":["Dagger Spray","Poisoned Stab","Underhanded Strike"],"picked":"SKIP","floor":4},{"not_picked":["PiercingWail","Dagger Throw"],"picked":"Terror","floor":7},{"not_picked":["Bane","Terror"],"picked":"Masterful Stab","floor":11},{"not_picked":["Riddle With Holes","Slice","Deflect"],"picked":"SKIP","floor":12},{"not_picked":["Storm of Steel","Unload"],"picked":"Glass Knife","floor":16},{"not_picked":["Blade Dance","Blur"],"picked":"Noxious Fumes","floor":17},{"not_picked":["Reflex","Heel Hook"],"picked":"Bouncing Flask","floor":17},{"not_picked":["Outmaneuver","Dodge and Roll"],"picked":"Venomology","floor":17},{"not_picked":["Deflect","Dash"],"picked":"Bouncing Flask","floor":17}],"player_experience":1590857,"relics_obtained":[{"floor":7,"key":"Omamori"},{"floor":9,"key":"Oddly Smooth Stone"}],"event_choices":[{"damage_healed":0,"gold_gain":0,"player_choice":"Ignored","damage_taken":0,"max_hp_gain":0,"max_hp_loss":0,"event_name":"Liars Game","floor":2,"gold_loss":0},{"damage_healed":0,"gold_gain":0,"player_choice":"Damaged","damage_taken":9,"max_hp_gain":0,"max_hp_loss":0,"event_name":"Wheel of Change","floor":10,"gold_loss":0}],"is_beta":false,"boss_relics":[{"not_picked":["Black Star","Calling Bell"],"picked":"Orrery"}],"items_purged_floors":[5,14],"is_endless":false,"potions_floor_spawned":[1,3,4],"ascension_level":20}