{"gold_per_floor":[115,115,40,50,70,70,70,89,89,89,120,139,139,172,172,172],"floor_reached":16,"playtime":569,"items_purged":["Strike_G"],"score":220,"play_id":"dbd0a6c6-ee65-437e-85e9-c6afd503f6f7","local_time":"20190129112138","is_ascension_mode":true,"campfire_choices":[{"data":"Deadly Poison","floor":6.0,"key":"SMITH"},{"data":"Catalyst","floor":10,"key":"SMITH"},{"data":"Calculated Gamble","floor":13,"key":"SMITH"},{"data":"Deadly Poison","floor":15,"key":"SMITH"}],"neow_cost":"NONE","seed_source_timestamp":0,"circlet_count":0,"master_deck":["AscendersBane","Defend_G","Defend_G","Defend_G","Defend_G","Defend_G+1","Strike_G","Strike_G","Strike_G","Survivor","Neutralize","Impatience+1","Deadly Poison+1","Calculated Gamble+1","Catalyst+1","Deadly Poison+1"],"special_seed":0,"relics":["Ring of the Snake","Meat on the Bone","Pear","War Paint","Potion Belt"],"potions_floor_usage":[11,11,16],"damage_taken":[{"damage":21.0,"enemies":"Jaw Worm","floor":1.0,"turns":9.0},{"damage":4.0,"enemies":"Small Slimes","floor":4.0,"turns":4.0},{"damage":2.0,"enemies":"Cultist","floor":5.0,"turns":4.0},{"damage":1,"enemies":"Blue Slaver","floor":8,"turns":4},{"damage":49,"enemies":"3 Sentries","floor":11,"turns":15},{"damage":5,"enemies":"Large Slime","floor":12,"turns":6},{"damage":10,"enemies":"Lagavulin","floor":14,"turns":5},{"damage":22,"enemies":"Slime Boss","floor":16,"turns":6}],"seed_played":"4505847564097073462","potions_obtained":[{"floor":4.0,"key":"GhostInAJar"},{"floor":5.0,"key":"SneckoOil"},{"floor":12,"key":"LiquidBronze"},{"floor":14,"key":"SpeedPotion"}],"is_trial":false,"path_per_floor":["M","?","$","M","M","R","?","M","T","R","E","M","R","E","R","B"],"character_chosen":"THE_SILENT","items_purchased":[],"campfire_rested":0,"item_purchase_floors":[],"current_hp_per_floor":[38,27,27,35,45,45,45,44,54,54,17,24,24,26,26,4],"gold":172,"neow_bonus":"RANDOM_COLORLESS","is_prod":false,"is_daily":false,"chose_seed":false,"campfire_upgraded":4,"win_rate":0,"timestamp":1548732098,"path_taken":["M","?","$","M","M","R","?","?","T","R","E","M","R","E","R","BOSS"],"build_version":"2019-01-23","purchased_purges":1,"victory":false,"max_hp_per_floor":[66,66,66,66,66,66,66,66,76,76,76,76,76,76,76,76],"card_choices":[{"not_picked":["Dodge and Roll","Backflip"],"picked":"Deadly Poison","floor":1.0},{"not_picked":["Dagger Spray","Finisher","Riddle With Holes"],"picked":"SKIP","floor":4.0},{"not_picked":["Infinite Blades","Poisoned Stab"],"picked":"Calculated Gamble","floor":5.0},{"not_picked":["Concentrate","Footwork","Sucker Punch"],"picked":"SKIP","floor":8},{"not_picked":["Masterful Stab","Heel Hook","Deflect"],"picked":"SKIP","floor":11},{"not_picked":["Masterful Stab","Envenom","Bane"],"picked":"SKIP","floor":12},{"not_picked":["Dodge and Roll","Deflect"],"picked":"Deadly Poison","floor":14}],"player_experience":1381074,"relics_obtained":[{"floor":9,"key":"Pear"},{"floor":11,"key":"War Paint"},{"floor":14,"key":"Potion Belt"}],"event_choices":[{"damage_healed":0.0,"max_hp_gain":0.0,"max_hp_loss":0.0,"gold_gain":0.0,"event_name":"Scrap Ooze","player_choice":"Success","floor":2.0,"gold_loss":0.0,"damage_taken":11.0,"relics_obtained":["Meat on the Bone"]},{"damage_healed":0,"gold_gain":0,"cards_transformed":["Strike_G"],"player_choice":"Transformed","damage_taken":0,"max_hp_gain":0,"max_hp_loss":0,"event_name":"Transmorgrifier","floor":7,"gold_loss":0,"cards_obtained":["Catalyst"]}],"is_beta":true,"boss_relics":[],"items_purged_floors":[3],"is_endless":false,"potions_floor_spawned":[4,5,12,14],"killed_by":"Slime Boss","ascension_level":20}