{"gold_per_floor":[10,24,39,4,14,14,47,47,47,63,13,13,40,53,53,53],"floor_reached":16,"playtime":762,"items_purged":["Strike_B"],"score":224,"play_id":"3800ecae-f1d8-4d2d-aee6-a8059f1f23dd","local_time":"20190101141115","is_ascension_mode":true,"campfire_choices":[{"data":"Zap","floor":6.0,"key":"SMITH"},{"data":"Dualcast","floor":8.0,"key":"SMITH"},{"data":"Recycle","floor":15,"key":"SMITH"}],"neow_cost":"NO_GOLD","seed_source_timestamp":8301889087523,"circlet_count":0,"master_deck":["AscendersBane","Strike_B","Strike_B","Strike_B","Defend_B","Defend_B","Defend_B","Defend_B","Zap+1","Dualcast+1","All For One","Gash","FTL","Beam Cell","Go for the Eyes","Fission","Recycle+1"],"special_seed":0,"relics":["Cracked Core","Ancient Tea Set","Smiling Mask","Singing Bowl"],"potions_floor_usage":[13,16],"damage_taken":[{"damage":1.0,"enemies":"Cultist","floor":1.0,"turns":3.0},{"damage":7.0,"enemies":"Small Slimes","floor":2.0,"turns":3.0},{"damage":12.0,"enemies":"Jaw Worm","floor":3.0,"turns":2.0},{"damage":6.0,"enemies":"Lots of Slimes","floor":5.0,"turns":2.0},{"damage":8.0,"enemies":"Gremlin Nob","floor":7.0,"turns":3.0},{"damage":11.0,"enemies":"Looter","floor":10.0,"turns":3.0},{"damage":2,"enemies":"Lagavulin","floor":13,"turns":6},{"damage":4,"enemies":"Blue Slaver","floor":14,"turns":3},{"damage":32,"enemies":"Hexaghost","floor":16,"turns":9}],"seed_played":"3396206222541399693","potions_obtained":[{"floor":3.0,"key":"Dexterity Potion"},{"floor":5.0,"key":"FearPotion"},{"floor":7.0,"key":"FocusPotion"},{"floor":14,"key":"Weak Potion"}],"is_trial":false,"path_per_floor":["M","M","M","M","?","M","R","E","R","T","M","$","?","E","M","R","B"],"character_chosen":"DEFECT","items_purchased":[],"campfire_rested":0,"item_purchase_floors":[],"current_hp_per_floor":[63,56,44,61,55,55,47,47,47,36,36,36,36,32,32,0],"gold":53,"neow_bonus":"THREE_RARE_CARDS","is_prod":false,"is_daily":false,"chose_seed":false,"campfire_upgraded":3,"win_rate":0,"timestamp":1546323075,"path_taken":["M","M","M","?","M","R","E","R","T","M","$","?","E","?","R","BOSS"],"build_version":"2018-12-20","purchased_purges":1,"victory":false,"max_hp_per_floor":[71,71,71,71,71,71,71,71,71,71,71,71,73,73,73,73],"card_choices":[{"not_picked":["Meteor Strike","Multi-Cast"],"picked":"All For One","floor":0.0},{"not_picked":["Streamline","Darkness"],"picked":"Gash","floor":1.0},{"not_picked":["Cold Snap","Coolheaded"],"picked":"FTL","floor":2.0},{"not_picked":["Barrage","Skim"],"picked":"Beam Cell","floor":3.0},{"not_picked":["Turbo","Stack"],"picked":"Go for the Eyes","floor":5.0},{"not_picked":["Ball Lightning","Skim"],"picked":"Fission","floor":7.0},{"not_picked":["Barrage","Steam","Tempest"],"picked":"SKIP","floor":10.0},{"not_picked":["Steam","Consume","Stack"],"picked":"Singing Bowl","floor":13},{"not_picked":["Self Repair","Beam Cell"],"picked":"Recycle","floor":14}],"player_experience":1637891,"relics_obtained":[{"floor":7.0,"key":"Ancient Tea Set"},{"floor":9.0,"key":"Smiling Mask"},{"floor":13,"key":"Singing Bowl"}],"event_choices":[{"damage_healed":17.0,"max_hp_gain":0.0,"max_hp_loss":0.0,"gold_gain":0.0,"event_name":"The Cleric","player_choice":"Healed","floor":4.0,"gold_loss":35.0,"damage_taken":0.0},{"damage_healed":0,"gold_gain":0,"player_choice":"0 cards matched","damage_taken":0,"max_hp_gain":0,"max_hp_loss":0,"event_name":"Match and Keep!","floor":12,"gold_loss":0,"cards_obtained":[]}],"is_beta":false,"boss_relics":[],"items_purged_floors":[11],"is_endless":false,"potions_floor_spawned":[3,5,7,14],"killed_by":"Hexaghost","ascension_level":20}