{"gold_per_floor":[114,25,25,38,50,78,78,78,78,78,3,17,17,49,49,121,121,135,135,154,69,87,87,102,102,102,102,136,148,179,41,41,120,120,137,137,10,10,28,28,44,78,130,146,146,158,158,174,174,174,174,174,52,78,78],"floor_reached":55,"playtime":2882,"items_purged":["Strike_B"],"score":1364,"play_id":"3e9d578d-56c2-4812-84c4-5af87d276e44","local_time":"20181217165600","is_ascension_mode":true,"campfire_choices":[{"floor":7.0,"key":"REST"},{"data":"Defragment","floor":10.0,"key":"SMITH"},{"data":"Sunder","floor":13.0,"key":"SMITH"},{"data":"Capacitor","floor":15.0,"key":"SMITH"},{"data":"Defragment","floor":23.0,"key":"SMITH"},{"floor":25.0,"key":"REST"},{"data":"Dualcast","floor":27.0,"key":"SMITH"},{"floor":32.0,"key":"REST"},{"floor":40.0,"key":"REST"},{"floor":45.0,"key":"REST"},{"data":"Defragment","floor":47.0,"key":"SMITH"},{"floor":49.0,"key":"RECALL"},{"data":"Defragment","floor":52.0,"key":"SMITH"}],"neow_cost":"NONE","seed_source_timestamp":14272652319428,"circlet_count":0,"master_deck":["AscendersBane","Strike_B","Defend_B","Defend_B","Defend_B","Defend_B","Zap","Dualcast+1","Meteor Strike","Ball Lightning","Capacitor+1","Defragment+1","Ball Lightning","Sunder+1","Chill","Coolheaded","Echo Form","Coolheaded","Meteor Strike","Defragment+1","Coolheaded","Loop+1","Defragment+1","Hyperbeam","Buffer","Hologram+1","Madness","Madness","Defragment+1","Capacitor","PanicButton","Dark Shackles","Bandage Up","White Noise","Fission","Reinforced Body","Double Energy","Capacitor","Creative AI"],"special_seed":0,"relics":["Mummified Hand","Pantograph","Juzu Bracelet","Runic Pyramid","Nloth\u0027s Gift","The Courier","Red Mask","PreservedInsect","Regal Pillow","Runic Dome","Bottled Tornado","Dodecahedron"],"potions_floor_usage":[55,55],"damage_taken":[{"damage":8.0,"enemies":"2 Louse","floor":1.0,"turns":3.0},{"damage":11.0,"enemies":"Cultist","floor":4.0,"turns":4.0},{"damage":13.0,"enemies":"Small Slimes","floor":5.0,"turns":3.0},{"damage":22.0,"enemies":"Gremlin Nob","floor":6.0,"turns":4.0},{"damage":11.0,"enemies":"2 Fungi Beasts","floor":12.0,"turns":3.0},{"damage":12.0,"enemies":"Lagavulin","floor":14.0,"turns":6.0},{"damage":16.0,"enemies":"Hexaghost","floor":16.0,"turns":9.0},{"damage":13.0,"enemies":"2 Thieves","floor":18.0,"turns":4.0},{"damage":6.0,"enemies":"Shell Parasite","floor":20.0,"turns":5.0},{"damage":0.0,"enemies":"Centurion and Healer","floor":22.0,"turns":5.0},{"damage":0.0,"enemies":"Cultist and Chosen","floor":24.0,"turns":5.0},{"damage":7.0,"enemies":"Masked Bandits","floor":28.0,"turns":6.0},{"damage":9.0,"enemies":"Snecko","floor":29.0,"turns":5.0},{"damage":37.0,"enemies":"Book of Stabbing","floor":30.0,"turns":6.0},{"damage":30.0,"enemies":"Collector","floor":33.0,"turns":8.0},{"damage":0.0,"enemies":"Orb Walker","floor":35.0,"turns":4.0},{"damage":6.0,"enemies":"3 Shapes","floor":39.0,"turns":2.0},{"damage":18.0,"enemies":"Transient","floor":41.0,"turns":5.0},{"damage":0.0,"enemies":"Giant Head","floor":42.0,"turns":7.0},{"damage":28.0,"enemies":"Spire Growth","floor":44.0,"turns":6.0},{"damage":16.0,"enemies":"Jaw Worm Horde","floor":46.0,"turns":4.0},{"damage":12.0,"enemies":"Sphere and 2 Shapes","floor":48.0,"turns":7.0},{"damage":40.0,"enemies":"Awakened One","floor":50.0,"turns":15.0},{"damage":15.0,"enemies":"Shield and Spear","floor":54.0,"turns":7.0},{"damage":74,"enemies":"The Heart","floor":55,"turns":6}],"seed_played":"-4988709844719863396","potions_obtained":[{"floor":1.0,"key":"SkillPotion"},{"floor":5.0,"key":"PowerPotion"},{"floor":14.0,"key":"Explosive Potion"},{"floor":18.0,"key":"Weak Potion"},{"floor":22.0,"key":"Poison Potion"},{"floor":29.0,"key":"Strength Potion"},{"floor":33.0,"key":"Dexterity Potion"}],"is_trial":false,"path_per_floor":["M","$","?","M","M","E","E","R","?","T","R","?","M","R","E","R","B",null,"M","?","M","$","M","R","M","R","T","R","?","M","E","$","R","B",null,"M","?","$","?","M","R","M","E","T","M","R","M","R","M","R","B",null,"R","$","E","B"],"character_chosen":"DEFECT","items_purchased":["Capacitor","Defragment","Regal Pillow","Defragment","Capacitor","Capacitor"],"campfire_rested":5,"item_purchase_floors":[2,21,31,37,37,53],"current_hp_per_floor":[56,56,56,45,32,10,31,31,31,31,31,20,20,8,8,17,58,45,45,39,39,39,39,39,60,60,60,53,44,7,7,43,38,63,63,50,50,40,34,70,53,57,57,33,69,55,55,51,51,35,62,62,62,51,0],"gold":78,"neow_bonus":"ONE_RANDOM_RARE_CARD","is_prod":false,"is_daily":false,"chose_seed":false,"campfire_upgraded":7,"win_rate":0,"timestamp":1545036960,"path_taken":["M","$","?","M","?","E","R","?","T","R","?","M","R","E","R","BOSS","M","?","M","?","M","R","M","R","T","R","?","M","E","$","R","BOSS","M","?","$","?","M","R","M","E","T","M","R","M","R","M","R","BOSS","R","$","E","BOSS"],"build_version":"2018-12-13","purchased_purges":1,"victory":false,"max_hp_per_floor":[71,71,71,71,71,71,71,71,71,71,71,71,71,71,71,71,71,71,71,71,71,71,71,71,71,71,71,71,71,71,71,71,71,71,71,71,71,71,71,71,71,71,71,71,71,71,71,71,71,71,71,71,71,71,71],"card_choices":[{"not_picked":["Genetic Algorithm","Redo"],"picked":"Ball Lightning","floor":1.0},{"not_picked":["Reinforced Body","Barrage"],"picked":"Ball Lightning","floor":4.0},{"not_picked":["Sweeping Beam","Steam","Beam Cell"],"picked":"SKIP","floor":5.0},{"not_picked":["Static Discharge","FTL"],"picked":"Sunder","floor":6.0},{"not_picked":["Leap","Hologram"],"picked":"Chill","floor":12.0},{"not_picked":["Hologram","Streamline"],"picked":"Coolheaded","floor":14.0},{"not_picked":["Multi-Cast","Reboot"],"picked":"Echo Form","floor":16.0},{"not_picked":["Chill","BootSequence"],"picked":"Coolheaded","floor":18.0},{"not_picked":["Ball Lightning","Cold Snap+1"],"picked":"Meteor Strike","floor":20.0},{"not_picked":["Conserve Battery","Steam"],"picked":"Coolheaded","floor":22.0},{"not_picked":["Sweeping Beam","Redo"],"picked":"Loop+1","floor":24.0},{"not_picked":["Steam Power+1","Skim"],"picked":"Defragment","floor":28.0},{"not_picked":["Steam","Streamline+1"],"picked":"Hyperbeam","floor":29.0},{"not_picked":["Cold Snap","Steam","Gash"],"picked":"SKIP","floor":30.0},{"not_picked":["Machine Learning","Amplify"],"picked":"Buffer","floor":33.0},{"not_picked":["Go for the Eyes","Auto Shields"],"picked":"Hologram+1","floor":35.0},{"not_picked":["Thinking Ahead","Bandage Up"],"picked":"PanicButton","floor":38.0},{"not_picked":["Impatience","The Bomb"],"picked":"Dark Shackles","floor":38.0},{"not_picked":["Trip","Good Instincts"],"picked":"Bandage Up","floor":38.0},{"not_picked":["Beam Cell+1","Melter","Steam"],"picked":"SKIP","floor":39.0},{"not_picked":["Rebound+1","Lockon"],"picked":"White Noise","floor":41.0},{"not_picked":["Hyperbeam","Conserve Battery"],"picked":"Fission","floor":42.0},{"not_picked":["Conserve Battery","Turbo","Genetic Algorithm"],"picked":"SKIP","floor":44.0},{"not_picked":["Sunder","Cold Snap"],"picked":"Reinforced Body","floor":46.0},{"not_picked":["Sweeping Beam","Leap+1"],"picked":"Double Energy","floor":48.0},{"not_picked":["Cold Snap","Steam"],"picked":"Creative AI","floor":54.0}],"player_experience":1313044,"relics_obtained":[{"floor":6.0,"key":"Mummified Hand"},{"floor":9.0,"key":"Pantograph"},{"floor":14.0,"key":"Juzu Bracelet"},{"floor":26.0,"key":"The Courier"},{"floor":28.0,"key":"Red Mask"},{"floor":30.0,"key":"PreservedInsect"},{"floor":42.0,"key":"Bottled Tornado"},{"floor":54.0,"key":"Dodecahedron"}],"event_choices":[{"damage_healed":0.0,"max_hp_gain":0.0,"max_hp_loss":0.0,"gold_gain":0.0,"cards_transformed":["Strike_B"],"event_name":"Transmorgrifier","player_choice":"Transformed","floor":3.0,"gold_loss":0.0,"damage_taken":0.0,"cards_obtained":["Defragment"]},{"damage_healed":0.0,"max_hp_gain":0.0,"max_hp_loss":0.0,"gold_gain":0.0,"event_name":"Scrap Ooze","player_choice":"Fled","floor":8.0,"gold_loss":0.0,"damage_taken":0.0},{"cards_removed":["Strike_B"],"damage_healed":0.0,"max_hp_gain":0.0,"max_hp_loss":0.0,"gold_gain":0.0,"event_name":"The Cleric","player_choice":"Card Removal","floor":11.0,"gold_loss":75.0,"damage_taken":0.0},{"damage_healed":0.0,"max_hp_gain":0.0,"max_hp_loss":0.0,"gold_gain":0.0,"event_name":"N\u0027loth","player_choice":"Traded Relic","floor":19.0,"relics_lost":["Cracked Core"],"gold_loss":0.0,"damage_taken":0.0,"relics_obtained":["Nloth\u0027s Gift"]},{"damage_healed":0.0,"max_hp_gain":0.0,"max_hp_loss":0.0,"gold_gain":0.0,"event_name":"Masked Bandits","player_choice":"Fought Bandits","floor":28.0,"gold_loss":0.0,"damage_taken":0.0},{"damage_healed":0.0,"max_hp_gain":0.0,"max_hp_loss":0.0,"gold_gain":0.0,"event_name":"Winding Halls","player_choice":"Embrace Madness","floor":36.0,"gold_loss":0.0,"damage_taken":13.0,"cards_obtained":["Madness","Madness"]},{"damage_healed":0.0,"max_hp_gain":0.0,"max_hp_loss":0.0,"gold_gain":0.0,"event_name":"SensoryStone","player_choice":"Memory 3","floor":38.0,"gold_loss":0.0,"damage_taken":10.0}],"is_beta":false,"boss_relics":[{"not_picked":["Astrolabe","FrozenCore"],"picked":"Runic Pyramid"},{"not_picked":["Velvet Choker","Eternal Feather"],"picked":"Runic Dome"}],"items_purged_floors":[53],"is_endless":false,"potions_floor_spawned":[1,5,14,18,22,29,33,39,46,54],"killed_by":"The Heart","ascension_level":16}