{"gold_per_floor":[110,21,35,46,65,65,83,83,83,83,109,109,141,66,66,143,143,163,180,76,76,76,105,105,132,185,185,200,200,234,82,82,159,159,179,198,218,218,218,218,218],"floor_reached":41,"playtime":2038,"items_purged":["Strike_G","Defend_G"],"score":964,"play_id":"49bc9106-212d-4923-8a92-a5c876af06bc","local_time":"20190725081329","is_ascension_mode":true,"campfire_choices":[{"data":"Noxious Fumes","floor":6.0,"key":"SMITH"},{"data":"Deadly Poison","floor":8.0,"key":"SMITH"},{"data":"Bane","floor":10.0,"key":"SMITH"},{"floor":12.0,"key":"REST"},{"data":"Neutralize","floor":15.0,"key":"SMITH"},{"floor":24.0,"key":"REST"},{"data":"Corpse Explosion","floor":27.0,"key":"SMITH"},{"floor":29.0,"key":"REST"},{"data":"Burst","floor":32.0,"key":"SMITH"},{"data":"Well Laid Plans","floor":40.0,"key":"SMITH"}],"neow_cost":"NONE","seed_source_timestamp":0,"circlet_count":0,"master_deck":["AscendersBane","Defend_G","Defend_G","Defend_G","Defend_G","Survivor","Neutralize+1","Noxious Fumes+1","Bane+1","Deadly Poison+1","PiercingWail","Corpse Explosion+1","PiercingWail+1","Footwork+1","Outmaneuver+1","Backflip","Calculated Gamble+1","Burst+1","Well Laid Plans+1"],"special_seed":0,"relics":["Ring of the Snake","Mango","The Courier","Gambling Chip","Astrolabe","Pen Nib","Ornamental Fan","Lantern","Juzu Bracelet","Black Star"],"potions_floor_usage":[41,41],"damage_taken":[{"damage":0.0,"enemies":"2 Louse","floor":1.0,"turns":4.0},{"damage":2.0,"enemies":"Jaw Worm","floor":3.0,"turns":6.0},{"damage":6.0,"enemies":"Small Slimes","floor":4.0,"turns":6.0},{"damage":2.0,"enemies":"Looter","floor":5.0,"turns":5.0},{"damage":19.0,"enemies":"Exordium Thugs","floor":7.0,"turns":4.0},{"damage":15.0,"enemies":"Lagavulin","floor":11.0,"turns":7.0},{"damage":30.0,"enemies":"Gremlin Nob","floor":13.0,"turns":4.0},{"damage":15.0,"enemies":"The Guardian","floor":16.0,"turns":9.0},{"damage":6.0,"enemies":"Spheric Guardian","floor":18.0,"turns":3.0},{"damage":19.0,"enemies":"2 Thieves","floor":19.0,"turns":3.0},{"damage":13.0,"enemies":"Book of Stabbing","floor":23.0,"turns":7.0},{"damage":22.0,"enemies":"Gremlin Leader","floor":25.0,"turns":8.0},{"damage":2.0,"enemies":"3 Cultists","floor":28.0,"turns":3.0},{"damage":5.0,"enemies":"Book of Stabbing","floor":30.0,"turns":6.0},{"damage":6.0,"enemies":"Automaton","floor":33.0,"turns":8.0},{"damage":4.0,"enemies":"3 Shapes","floor":35.0,"turns":2.0},{"damage":10.0,"enemies":"Orb Walker","floor":36.0,"turns":5.0},{"damage":43.0,"enemies":"Spire Growth","floor":37.0,"turns":7.0},{"damage":18,"enemies":"Nemesis","floor":41,"turns":6}],"seed_played":"-9091726288583858742","potions_obtained":[{"floor":1.0,"key":"Dexterity Potion"},{"floor":4.0,"key":"GamblersBrew"},{"floor":5.0,"key":"Fire Potion"},{"floor":16.0,"key":"Swift Potion"},{"floor":18.0,"key":"PowerPotion"},{"floor":23.0,"key":"FearPotion"},{"floor":25.0,"key":"Energy Potion"},{"floor":35.0,"key":"Swift Potion"},{"floor":37.0,"key":"Block Potion"}],"is_trial":false,"path_per_floor":["M","$","M","M","M","R","M","R","T","R","E","R","E","?","R","B",null,"M","M","$","?","?","E","R","E","T","R","M","R","E","$","R","B",null,"M","M","M","?","?","R","E"],"character_chosen":"THE_SILENT","items_purchased":["Noxious Fumes","Backflip","Well Laid Plans"],"campfire_rested":3,"item_purchase_floors":[2,20,31],"current_hp_per_floor":[59,59,57,51,49,49,30,30,44,44,29,53,23,23,23,8,62,56,37,37,14,31,18,43,21,21,21,19,44,39,39,39,33,72,68,58,15,15,15,15,0],"gold":218,"neow_bonus":"REMOVE_CARD","is_prod":false,"is_daily":false,"chose_seed":false,"campfire_upgraded":7,"win_rate":0,"timestamp":1564013609,"path_taken":["M","$","M","M","M","R","M","R","T","R","E","R","E","?","R","BOSS","M","M","$","?","?","E","R","E","T","R","M","R","E","?","R","BOSS","M","M","M","?","?","R","E"],"build_version":"2019-07-17","purchased_purges":2,"victory":false,"max_hp_per_floor":[66,66,66,66,66,66,66,66,80,80,80,80,80,80,80,80,80,80,80,80,85,85,85,85,85,85,85,85,85,85,85,85,85,85,85,85,85,85,81,81,81],"card_choices":[{"not_picked":["Expertise","Acrobatics","Riddle With Holes"],"picked":"SKIP","floor":1.0},{"not_picked":["Masterful Stab","Footwork"],"picked":"Bane","floor":3.0},{"not_picked":["Dagger Throw","Outmaneuver","PiercingWail"],"picked":"SKIP","floor":4.0},{"not_picked":["Reflex","PiercingWail"],"picked":"Deadly Poison","floor":5.0},{"not_picked":["Outmaneuver","PiercingWail"],"picked":"Backflip","floor":7.0},{"not_picked":["Terror","Dagger Throw","Cloak And Dagger"],"picked":"SKIP","floor":11.0},{"not_picked":["Storm of Steel","Heel Hook"],"picked":"PiercingWail","floor":13.0},{"not_picked":["Bullet Time","After Image"],"picked":"Corpse Explosion","floor":16.0},{"not_picked":["Sucker Punch","Prepared","Flechettes"],"picked":"SKIP","floor":18.0},{"not_picked":["PiercingWail","Underhanded Strike","Riddle With Holes"],"picked":"SKIP","floor":19.0},{"not_picked":["Distraction","PiercingWail","Riddle With Holes"],"picked":"SKIP","floor":23.0},{"not_picked":["Eviscerate","PiercingWail","Concentrate"],"picked":"SKIP","floor":25.0},{"not_picked":["Eviscerate","PiercingWail","Concentrate"],"picked":"SKIP","floor":25.0},{"not_picked":["Eviscerate","PiercingWail","Concentrate"],"picked":"SKIP","floor":25.0},{"not_picked":["Cloak And Dagger","Underhanded Strike"],"picked":"Calculated Gamble+1","floor":28.0},{"not_picked":["PiercingWail","Blade Dance+1"],"picked":"Burst","floor":30.0},{"not_picked":["Poisoned Stab","Sucker Punch","Underhanded Strike+1"],"picked":"SKIP","floor":35.0},{"not_picked":["Bouncing Flask","Outmaneuver","Deadly Poison+1"],"picked":"SKIP","floor":36.0},{"not_picked":["Underhanded Strike+1","Prepared","Dagger Spray+1"],"picked":"SKIP","floor":37.0}],"player_experience":1666261,"relics_obtained":[{"floor":9.0,"key":"Mango"},{"floor":11.0,"key":"The Courier"},{"floor":13.0,"key":"Gambling Chip"},{"floor":23.0,"key":"Pen Nib"},{"floor":25.0,"key":"Ornamental Fan"},{"floor":26.0,"key":"Lantern"},{"floor":30.0,"key":"Juzu Bracelet"}],"event_choices":[{"cards_removed":["Strike_G"],"damage_healed":0.0,"max_hp_gain":0.0,"max_hp_loss":0.0,"gold_gain":0.0,"event_name":"The Cleric","player_choice":"Card Removal","floor":14.0,"gold_loss":75.0,"damage_taken":0.0},{"damage_healed":0.0,"max_hp_gain":5.0,"max_hp_loss":0.0,"gold_gain":0.0,"event_name":"Forgotten Altar","player_choice":"Shed Blood","floor":21.0,"gold_loss":0.0,"damage_taken":28.0},{"damage_healed":17.0,"max_hp_gain":0.0,"max_hp_loss":0.0,"gold_gain":0.0,"event_name":"The Library","player_choice":"Heal","floor":22.0,"gold_loss":0.0,"damage_taken":0.0},{"damage_healed":0.0,"max_hp_gain":0.0,"max_hp_loss":0.0,"gold_gain":0.0,"event_name":"Tomb of Lord Red Mask","player_choice":"Ignored","floor":38.0,"gold_loss":0.0,"damage_taken":0.0},{"damage_healed":0.0,"max_hp_gain":0.0,"max_hp_loss":4.0,"gold_gain":0.0,"event_name":"Winding Halls","player_choice":"Max HP","floor":39.0,"gold_loss":0.0,"damage_taken":0.0}],"is_beta":false,"boss_relics":[{"not_picked":["Tiny House","Sozu"],"picked":"Astrolabe"},{"not_picked":["Empty Cage","Calling Bell"],"picked":"Black Star"}],"items_purged_floors":[20,31],"is_endless":false,"potions_floor_spawned":[1,4,5,16,18,23,25,30,35,37],"killed_by":"Nemesis","ascension_level":20}