{"gold_per_floor":[118,43,55,130,130,130,130,130,130,130,130,162,17,17,17,121,121,140,15,47,47,47,47,65,65,65,65,83,100,114,132,132,236,236,251,265,28,45,59,59,59,69,96,114,114,125,139,153,153,153],"floor_reached":51,"playtime":947,"items_purged":["Strike_B","Strike_B","Zap","Blizzard+1"],"score":799,"play_id":"24bd3524-28a4-4b3c-8004-9222cfd324ce","local_time":"20190618184727","is_ascension_mode":false,"campfire_choices":[{"data":"Darkness","floor":6.0,"key":"SMITH"},{"data":"Loop","floor":8.0,"key":"SMITH"},{"data":"Dualcast","floor":11.0,"key":"SMITH"},{"data":"Lockon","floor":15.0,"key":"SMITH"},{"data":"Redo","floor":23.0,"key":"SMITH"},{"data":"Defend_B","floor":25.0,"key":"SMITH"},{"data":"Defend_B","floor":27.0,"key":"SMITH"},{"data":"Defend_B","floor":32.0,"key":"SMITH"},{"data":"Impatience","floor":40,"key":"SMITH"},{"floor":45,"key":"REST"},{"floor":49,"key":"REST"}],"neow_cost":"TEN_PERCENT_HP_LOSS","seed_source_timestamp":30953928292734,"circlet_count":0,"master_deck":["Defend_B+1","Defend_B+1","Defend_B+1","Dualcast+1","Multi-Cast+1","Darkness+1","Loop+1","Lockon+1","Redo+1","Impatience+1"],"special_seed":0,"relics":["Cracked Core","Cables","Dream Catcher","Philosopher\u0027s Stone","Red Mask","Mummified Hand","Runic Dome","CultistMask","Pen Nib"],"potions_floor_usage":[42,50,50],"damage_taken":[{"damage":1.0,"enemies":"Cultist","floor":1.0,"turns":3.0},{"damage":6.0,"enemies":"Jaw Worm","floor":3.0,"turns":4.0},{"damage":0.0,"enemies":"Gremlin Nob","floor":12.0,"turns":3.0},{"damage":13.0,"enemies":"The Guardian","floor":16.0,"turns":5.0},{"damage":0.0,"enemies":"Spheric Guardian","floor":18.0,"turns":2.0},{"damage":2.0,"enemies":"Masked Bandits","floor":20.0,"turns":2.0},{"damage":3.0,"enemies":"Chosen","floor":24.0,"turns":2.0},{"damage":0.0,"enemies":"Snake Plant","floor":28.0,"turns":2.0},{"damage":10.0,"enemies":"Centurion and Healer","floor":29.0,"turns":2.0},{"damage":8.0,"enemies":"Chosen and Byrds","floor":30.0,"turns":2.0},{"damage":19.0,"enemies":"3 Cultists","floor":31.0,"turns":4.0},{"damage":15.0,"enemies":"Automaton","floor":33.0,"turns":6.0},{"damage":20,"enemies":"3 Shapes","floor":35,"turns":4},{"damage":0,"enemies":"3 Darklings","floor":36,"turns":2},{"damage":10,"enemies":"Sphere and 2 Shapes","floor":38,"turns":3},{"damage":4,"enemies":"Spire Growth","floor":39,"turns":2},{"damage":0,"enemies":"4 Shapes","floor":42,"turns":2},{"damage":8,"enemies":"Maw","floor":44,"turns":3},{"damage":0,"enemies":"Jaw Worm Horde","floor":46,"turns":2},{"damage":0,"enemies":"Transient","floor":47,"turns":5},{"damage":14,"enemies":"Maw","floor":48,"turns":3},{"damage":25,"enemies":"Time Eater","floor":50,"turns":3}],"seed_played":"-262616225633360095","potions_obtained":[{"floor":1.0,"key":"SkillPotion"},{"floor":12.0,"key":"Explosive Potion"},{"floor":18.0,"key":"SkillPotion"},{"floor":20.0,"key":"EssenceOfSteel"},{"floor":36,"key":"Block Potion"},{"floor":46,"key":"SneckoOil"}],"is_trial":false,"path_per_floor":["M","$","M","?","?","R","?","R","T","?","R","E","$","$","R","B",null,"M","$","?","$","?","R","M","R","T","R","M","M","M","M","R","B",null,"M","M","$","M","M","R","?","M","T","M","R","M","M","M","R","B",null],"character_chosen":"DEFECT","items_purchased":["Redo","Impatience"],"campfire_rested":2,"item_purchase_floors":[13,37],"current_hp_per_floor":[67,67,61,50,36,36,41,41,41,34,34,34,34,34,34,21,73,73,73,71,71,71,71,68,68,68,68,68,58,50,31,31,16,73,53,53,53,43,39,39,39,39,39,31,52,52,52,38,59,34],"gold":153,"neow_bonus":"TRANSFORM_TWO_CARDS","is_prod":false,"is_daily":false,"chose_seed":false,"campfire_upgraded":9,"win_rate":0,"timestamp":1560854847,"path_taken":["M","$","M","?","?","R","?","R","T","?","R","E","?","$","R","BOSS","M","?","?","?","?","R","M","R","T","R","M","M","M","?","R","BOSS","M","M","$","M","M","R","?","M","T","M","R","M","M","?","R","BOSS"],"build_version":"2019-01-23","purchased_purges":4,"victory":true,"max_hp_per_floor":[68,68,68,68,68,68,73,73,73,73,73,73,73,73,73,73,73,73,73,73,73,73,73,73,73,73,73,73,73,73,73,73,73,73,73,73,73,73,73,73,73,73,73,73,73,73,73,73,73,73],"card_choices":[{"not_picked":["Aggregate","Melter"],"picked":"Darkness","floor":1.0},{"not_picked":["Steam","Reinforced Body"],"picked":"Loop","floor":3.0},{"not_picked":["Streamline","Hologram"],"picked":"Lockon","floor":12.0},{"not_picked":["Cold Snap","Leap+1","Conserve Battery+1"],"picked":"SKIP","floor":18.0},{"not_picked":["Force Field","Streamline","BootSequence"],"picked":"SKIP","floor":24.0},{"not_picked":["Compile Driver","Hologram","Turbo"],"picked":"SKIP","floor":28.0},{"not_picked":["Glacier+1","Gash","Barrage"],"picked":"SKIP","floor":29.0},{"not_picked":["Tempest+1","Rainbow","Hologram"],"picked":"SKIP","floor":30.0},{"not_picked":["Coolheaded","Fusion","Aggregate"],"picked":"SKIP","floor":31.0},{"not_picked":["White Noise","Compile Driver","Blizzard"],"picked":"SKIP","floor":35},{"not_picked":["Ball Lightning+1","Darkness","Turbo+1"],"picked":"SKIP","floor":36},{"not_picked":["Darkness+1","Auto Shields","Ball Lightning+1"],"picked":"SKIP","floor":38},{"not_picked":["Compile Driver+1","Steam","Sweeping Beam+1"],"picked":"SKIP","floor":39},{"not_picked":["Genetic Algorithm+1","Cold Snap","Doom and Gloom+1"],"picked":"SKIP","floor":42},{"not_picked":["Storm","Ball Lightning+1","Self Repair+1"],"picked":"SKIP","floor":44},{"not_picked":["Self Repair","Defragment+1","Glacier"],"picked":"SKIP","floor":46},{"not_picked":["Force Field","All For One","Scrape+1"],"picked":"SKIP","floor":47},{"not_picked":["Darkness+1","Genetic Algorithm","Aggregate"],"picked":"SKIP","floor":48}],"player_experience":5411251,"relics_obtained":[{"floor":9.0,"key":"Cables"},{"floor":12.0,"key":"Dream Catcher"},{"floor":20.0,"key":"Red Mask"},{"floor":26.0,"key":"Mummified Hand"},{"floor":43,"key":"Pen Nib"}],"event_choices":[{"damage_healed":0.0,"max_hp_gain":0.0,"max_hp_loss":0.0,"gold_gain":75.0,"event_name":"World of Goop","player_choice":"Gather Gold","floor":4.0,"gold_loss":0.0,"damage_taken":11.0},{"damage_healed":0.0,"max_hp_gain":0.0,"max_hp_loss":0.0,"gold_gain":0.0,"event_name":"Shining Light","player_choice":"Entered Light","floor":5.0,"gold_loss":0.0,"damage_taken":14.0,"cards_upgraded":["Multi-Cast","Blizzard"]},{"damage_healed":0.0,"max_hp_gain":5.0,"max_hp_loss":0.0,"gold_gain":0.0,"event_name":"Big Fish","player_choice":"Donut","floor":7.0,"gold_loss":0.0,"damage_taken":0.0},{"cards_removed":["Strike_B"],"damage_healed":0.0,"max_hp_gain":0.0,"max_hp_loss":0.0,"gold_gain":0.0,"event_name":"Golden Wing","player_choice":"Card Removal","floor":10.0,"gold_loss":0.0,"damage_taken":7.0},{"damage_healed":0.0,"max_hp_gain":0.0,"max_hp_loss":0.0,"gold_gain":0.0,"event_name":"Masked Bandits","player_choice":"Fought Bandits","floor":20.0,"gold_loss":0.0,"damage_taken":0.0},{"damage_healed":0,"gold_gain":0,"player_choice":"Trade","damage_taken":0,"relics_obtained":["CultistMask"],"max_hp_gain":0,"max_hp_loss":0,"event_name":"FaceTrader","floor":41,"gold_loss":0}],"is_beta":false,"boss_relics":[{"not_picked":["Inserter","Nuclear Battery"],"picked":"Philosopher\u0027s Stone"},{"not_picked":["Snecko Eye","Pandora\u0027s Box"],"picked":"Runic Dome"}],"items_purged_floors":[2,13,19,37],"is_endless":false,"potions_floor_spawned":[1,12,18,20,28,29,36,39,46,47],"ascension_level":0}