{"gold_per_floor":[115,139,64,81,81,107,107,117,170,190,21,21,56,67,67,171,171,185,205,130,5,105,118,130],"floor_reached":24,"playtime":2619,"items_purged":["Reflex","Backflip","Dagger Throw"],"score":233,"play_id":"61b554a1-7659-4f29-b239-0d23d36fe0b3","local_time":"20190512192914","daily_mods":["SealedDeck"],"is_ascension_mode":false,"campfire_choices":[{"data":"Endless Agony","floor":7,"key":"SMITH"},{"data":"Tactician","floor":15,"key":"SMITH"}],"neow_cost":"","seed_source_timestamp":0,"circlet_count":0,"master_deck":["Dash","Acrobatics","Flying Knee","Acrobatics","Well Laid Plans","Endless Agony+1","Expertise","Tactician+1","A Thousand Cuts","Underhanded Strike","Bouncing Flask"],"relics":["Ring of the Snake","Lantern","Bag of Marbles","Tiny Chest","Pantograph","Dream Catcher","HoveringKite"],"potions_floor_usage":[],"damage_taken":[{"damage":0,"enemies":"Cultist","floor":1,"turns":3},{"damage":0,"enemies":"2 Louse","floor":4,"turns":2},{"damage":4,"enemies":"Gremlin Nob","floor":6,"turns":3},{"damage":0,"enemies":"Jaw Worm","floor":8,"turns":3},{"damage":0,"enemies":"Looter","floor":10,"turns":2},{"damage":0,"enemies":"3 Sentries","floor":13,"turns":4},{"damage":0,"enemies":"Gremlin Gang","floor":14,"turns":2},{"damage":38,"enemies":"Hexaghost","floor":16,"turns":5},{"damage":0,"enemies":"3 Byrds","floor":18,"turns":2},{"damage":0,"enemies":"Spheric Guardian","floor":19,"turns":2},{"damage":1,"enemies":"Snake Plant","floor":23,"turns":2},{"damage":0,"enemies":"3 Cultists","floor":24,"turns":1}],"seed_played":"-3493496760566574937","potions_obtained":[{"floor":4,"key":"Explosive Potion"},{"floor":6,"key":"SkillPotion"},{"floor":10,"key":"GamblersBrew"},{"floor":14,"key":"Regen Potion"},{"floor":18,"key":"Swift Potion"}],"is_trial":true,"path_per_floor":["M","T","$","M","?","E","R","M","T","M","$","T","E","M","R","B",null,"M","M","?","$","?","M","M"],"character_chosen":"THE_SILENT","items_purchased":["Tactician"],"campfire_rested":0,"item_purchase_floors":[11],"current_hp_per_floor":[70,70,70,70,70,66,66,66,66,66,66,66,66,66,66,32,70,70,70,70,70,70,69,69],"gold":130,"neow_bonus":"","is_prod":false,"is_daily":false,"chose_seed":false,"campfire_upgraded":2,"win_rate":0,"timestamp":1557682154,"path_taken":["M","?","$","M","?","E","R","?","T","M","$","?","E","M","R","BOSS","M","M","?","$","?","?","M"],"build_version":"2019-01-23","purchased_purges":3,"victory":false,"max_hp_per_floor":[70,70,70,70,70,70,70,70,70,70,70,70,70,70,70,70,70,70,70,70,70,70,70,70],"card_choices":[{"not_picked":["Blade Dance","Escape Plan","Endless Agony"],"picked":"SKIP","floor":1},{"not_picked":["Dagger Spray","Noxious Fumes","Quick Slash"],"picked":"SKIP","floor":4},{"not_picked":["Sucker Punch","Masterful Stab"],"picked":"Expertise","floor":6},{"not_picked":["PiercingWail","Bane","Wraith Form v2"],"picked":"SKIP","floor":8},{"not_picked":["All Out Attack","Masterful Stab","Expertise"],"picked":"SKIP","floor":10},{"not_picked":["Acrobatics","Outmaneuver","Wraith Form v2"],"picked":"SKIP","floor":13},{"not_picked":["Acrobatics","Quick Slash","Tactician"],"picked":"SKIP","floor":14},{"not_picked":["Unload","Venomology"],"picked":"A Thousand Cuts","floor":16},{"not_picked":["Sucker Punch","Flechettes","Footwork"],"picked":"SKIP","floor":18},{"not_picked":["Acrobatics","Endless Agony","Poisoned Stab+1"],"picked":"SKIP","floor":19},{"not_picked":["Dash","Prepared"],"picked":"Underhanded Strike","floor":23},{"not_picked":["Deadly Poison+1","Quick Slash"],"picked":"Bouncing Flask","floor":24}],"player_experience":423555,"relics_obtained":[{"floor":2,"key":"Lantern"},{"floor":6,"key":"Bag of Marbles"},{"floor":9,"key":"Tiny Chest"},{"floor":12,"key":"Pantograph"},{"floor":13,"key":"Dream Catcher"}],"event_choices":[{"damage_healed":0,"gold_gain":0,"cards_transformed":["Skewer"],"player_choice":"Transformed","damage_taken":0,"max_hp_gain":0,"max_hp_loss":0,"event_name":"Transmorgrifier","floor":5,"gold_loss":0,"cards_obtained":["PiercingWail"]},{"cards_removed":["PiercingWail"],"damage_healed":0,"gold_gain":0,"player_choice":"Gave Gold","damage_taken":0,"max_hp_gain":0,"max_hp_loss":0,"event_name":"Beggar","floor":20,"gold_loss":75},{"damage_healed":0,"gold_gain":100,"player_choice":"Pray","damage_taken":0,"max_hp_gain":0,"max_hp_loss":0,"event_name":"Golden Shrine","floor":22,"gold_loss":0}],"is_beta":false,"boss_relics":[{"not_picked":["Astrolabe","Coffee Dripper"],"picked":"HoveringKite"}],"items_purged_floors":[3,11,21],"is_endless":false,"potions_floor_spawned":[4,6,10,14,18,19],"killed_by":"3 Cultists","ascension_level":0}