{"gold_per_floor":[114,189,201,27,46,46,64,75,75,75,75,75,95,114,114,193,193,164,64,64,75,106,138,163,163,163,187,199,228,258,287,299,385,397,426,438,461,180,234,234,249,274,300,329,344,566,566,595,595,595,595,595,595,132,163,163],"floor_reached":57,"playtime":17836,"items_purged":["Strike_G","Blade Dance","Poisoned Stab+1","Survivor+1"],"score":3379,"play_id":"1d093d4f-56ce-40ef-b11e-b9543935c72e","local_time":"20190424065927","is_ascension_mode":true,"campfire_choices":[{"data":"Poisoned Stab","floor":6.0,"key":"SMITH"},{"data":"Well Laid Plans","floor":11.0,"key":"SMITH"},{"data":"Prepared","floor":15.0,"key":"SMITH"},{"data":"Expertise","floor":25.0,"key":"SMITH"},{"data":"Tactician","floor":28.0,"key":"SMITH"},{"data":"Impatience","floor":32.0,"key":"SMITH"},{"floor":40.0,"key":"RECALL"},{"data":"Calculated Gamble","floor":47.0,"key":"SMITH"},{"data":"Acrobatics","floor":49,"key":"SMITH"}],"neow_cost":"PERCENT_DAMAGE","seed_source_timestamp":122125853486801,"circlet_count":0,"master_deck":["AscendersBane","Neutralize+1","Expertise+1","Deflect+1","Escape Plan+1","Impatience+1","Well Laid Plans+1","Tactician+1","Deadly Poison+1","Footwork+1","Prepared+1","Adrenaline+1","After Image+1","PiercingWail+1","Footwork+1","Reflex+1","Noxious Fumes+1","Backflip+1","Eviscerate+1","Calculated Gamble+1","Acrobatics+1"],"special_seed":0,"relics":["Ring of the Snake","Anchor","Pandora\u0027s Box","Red Mask","Vajra","Potion Belt","MawBank","Coffee Dripper","Mark of the Bloom","Bag of Preparation","Ginger","Pantograph","War Paint","Paper Crane","Dream Catcher","Membership Card","Mummified Hand","Turnip"],"potions_floor_usage":[],"damage_taken":[{"damage":0.0,"enemies":"2 Louse","floor":1.0,"turns":4.0},{"damage":0.0,"enemies":"Cultist","floor":3.0,"turns":3.0},{"damage":3.0,"enemies":"Jaw Worm","floor":5.0,"turns":4.0},{"damage":8.0,"enemies":"Looter","floor":7.0,"turns":3.0},{"damage":0.0,"enemies":"Large Slime","floor":8.0,"turns":8.0},{"damage":0.0,"enemies":"Blue Slaver","floor":13.0,"turns":3.0},{"damage":0.0,"enemies":"Red Slaver","floor":14.0,"turns":5.0},{"damage":0.0,"enemies":"The Guardian","floor":16.0,"turns":9.0},{"damage":0.0,"enemies":"2 Thieves","floor":18.0,"turns":4.0},{"damage":0.0,"enemies":"Shell Parasite","floor":21.0,"turns":5.0},{"damage":0.0,"enemies":"Masked Bandits","floor":22.0,"turns":5.0},{"damage":0.0,"enemies":"Book of Stabbing","floor":23.0,"turns":5.0},{"damage":9.0,"enemies":"Snecko","floor":29.0,"turns":7.0},{"damage":0.0,"enemies":"Sentry and Sphere","floor":30.0,"turns":4.0},{"damage":40.0,"enemies":"Cultist and Chosen","floor":31.0,"turns":8.0},{"damage":0.0,"enemies":"Collector","floor":33.0,"turns":4.0},{"damage":0.0,"enemies":"3 Darklings","floor":35.0,"turns":3.0},{"damage":0.0,"enemies":"Orb Walker","floor":37.0,"turns":3.0},{"damage":0.0,"enemies":"2 Orb Walkers","floor":39.0,"turns":2.0},{"damage":0.0,"enemies":"Jaw Worm Horde","floor":41.0,"turns":1.0},{"damage":0.0,"enemies":"Nemesis","floor":42.0,"turns":3.0},{"damage":0.0,"enemies":"Giant Head","floor":44.0,"turns":2.0},{"damage":0.0,"enemies":"3 Darklings","floor":45.0,"turns":1.0},{"damage":0,"enemies":"Reptomancer","floor":48,"turns":1},{"damage":0,"enemies":"Awakened One","floor":50,"turns":2},{"damage":0,"enemies":"Time Eater","floor":51,"turns":12},{"damage":0,"enemies":"Shield and Spear","floor":55,"turns":1},{"damage":0,"enemies":"The Heart","floor":56,"turns":3}],"seed_played":"-5789750471823409927","potions_obtained":[{"floor":5.0,"key":"SpeedPotion"},{"floor":7.0,"key":"SpeedPotion"},{"floor":8.0,"key":"Fire Potion"},{"floor":13.0,"key":"Fire Potion"},{"floor":21.0,"key":"AttackPotion"},{"floor":29.0,"key":"Swift Potion"},{"floor":30.0,"key":"Regen Potion"},{"floor":33.0,"key":"Weak Potion"},{"floor":37.0,"key":"SteroidPotion"},{"floor":39.0,"key":"FearPotion"}],"is_trial":false,"path_per_floor":["M","?","M","$","M","R","M","M","T","$","R","?","M","M","R","B",null,"M","$","?","M","?","E","T","R","T","T","R","M","M","M","R","B",null,"M","?","M","$","?","R","M","E","T","E","M","?","R","E","R","B","B",null,"R","$","E","B",null],"character_chosen":"THE_SILENT","items_purchased":["Impatience","Bag of Preparation","Membership Card","Mummified Hand","Swift Potion"],"campfire_rested":0,"item_purchase_floors":[4,38,54,54,54],"current_hp_per_floor":[44,33,33,33,30,30,22,22,22,22,22,22,22,22,22,22,55,55,55,55,55,55,55,55,55,55,55,55,46,46,6,6,6,51,63,63,63,63,63,63,63,63,63,63,63,63,63,63,63,63,63,63,63,63,63,63],"gold":163,"neow_bonus":"TRANSFORM_TWO_CARDS","is_prod":false,"is_daily":false,"chose_seed":false,"campfire_upgraded":8,"win_rate":0,"timestamp":1556060367,"path_taken":["M","?","M","$","M","R","M","M","T","$","R","?","M","M","R","BOSS","M","?","?","M","?","E","?","R","T","?","R","M","?","M","R","BOSS","M","?","M","$","?","R","M","E","T","E","M","?","R","E","R","BOSS","BOSS","R","$","E","BOSS"],"build_version":"2019-01-23","purchased_purges":4,"victory":true,"max_hp_per_floor":[66,66,66,66,66,66,66,66,66,66,66,66,66,66,66,66,66,66,66,66,66,66,66,66,66,66,66,66,66,66,66,66,66,66,66,66,66,66,66,66,66,66,66,66,66,66,66,66,66,66,66,66,66,66,66,66],"card_choices":[{"not_picked":["Blade Dance","Heel Hook"],"picked":"Poisoned Stab","floor":1.0},{"not_picked":["Blur","Expertise"],"picked":"Escape Plan","floor":3.0},{"not_picked":["All Out Attack","Dagger Throw"],"picked":"Well Laid Plans","floor":5.0},{"not_picked":["Calculated Gamble","Crippling Poison"],"picked":"Tactician","floor":7.0},{"not_picked":["Choke","Terror"],"picked":"Deadly Poison","floor":8.0},{"not_picked":["Bouncing Flask","Accuracy"],"picked":"Prepared","floor":13.0},{"not_picked":["PiercingWail","Dagger Throw","Die Die Die"],"picked":"SKIP","floor":14.0},{"not_picked":["Storm of Steel","Die Die Die"],"picked":"Adrenaline","floor":16.0},{"not_picked":["Deflect","Sucker Punch","Flying Knee+1"],"picked":"SKIP","floor":18.0},{"not_picked":["Well Laid Plans+1","Blade Dance","Dodge and Roll"],"picked":"SKIP","floor":21.0},{"not_picked":["Bane","Unload","Catalyst"],"picked":"SKIP","floor":23.0},{"not_picked":["Blade Dance","Eviscerate","Deflect"],"picked":"SKIP","floor":29.0},{"not_picked":["Blade Dance","Deflect"],"picked":"Eviscerate","floor":29.0},{"not_picked":["Eviscerate","Flechettes+1","Deflect"],"picked":"SKIP","floor":30.0},{"not_picked":["Quick Slash","Deadly Poison","Dodge and Roll"],"picked":"SKIP","floor":31.0},{"not_picked":["Outmaneuver","Setup","All Out Attack"],"picked":"SKIP","floor":35.0},{"not_picked":["Deadly Poison+1","Blade Dance+1","Bane"],"picked":"SKIP","floor":37.0},{"not_picked":["Concentrate","Terror","Underhanded Strike"],"picked":"SKIP","floor":41.0},{"not_picked":["Dodge and Roll","Flying Knee","Accuracy"],"picked":"SKIP","floor":42.0},{"not_picked":["Malaise","Heel Hook"],"picked":"Calculated Gamble","floor":44.0},{"not_picked":["Crippling Poison+1","Blade Dance","Bane"],"picked":"SKIP","floor":45.0},{"not_picked":["Prepared","Concentrate"],"picked":"Acrobatics","floor":48},{"not_picked":["Eviscerate","Blade Dance+1","Bane"],"picked":"SKIP","floor":55}],"player_experience":4474466,"relics_obtained":[{"floor":9.0,"key":"Anchor"},{"floor":22.0,"key":"Red Mask"},{"floor":23.0,"key":"Vajra"},{"floor":26.0,"key":"Potion Belt"},{"floor":27.0,"key":"MawBank"},{"floor":39.0,"key":"Ginger"},{"floor":42.0,"key":"Pantograph"},{"floor":43.0,"key":"War Paint"},{"floor":44.0,"key":"Paper Crane"},{"floor":48,"key":"Dream Catcher"},{"floor":55,"key":"Turnip"}],"event_choices":[{"damage_healed":0.0,"max_hp_gain":0.0,"max_hp_loss":0.0,"gold_gain":75.0,"event_name":"World of Goop","player_choice":"Gather Gold","floor":2.0,"gold_loss":0.0,"damage_taken":11.0},{"damage_healed":0.0,"max_hp_gain":0.0,"max_hp_loss":0.0,"gold_gain":0.0,"cards_transformed":["Strike_G"],"event_name":"Transmorgrifier","player_choice":"Transformed","floor":12.0,"gold_loss":0.0,"damage_taken":0.0,"cards_obtained":["Footwork"]},{"damage_healed":0.0,"max_hp_gain":0.0,"max_hp_loss":0.0,"gold_gain":0.0,"event_name":"The Library","player_choice":"Read","floor":20.0,"gold_loss":0.0,"damage_taken":0.0,"cards_obtained":["Backflip"]},{"damage_healed":0.0,"max_hp_gain":0.0,"max_hp_loss":0.0,"gold_gain":0.0,"event_name":"Masked Bandits","player_choice":"Fought Bandits","floor":22.0,"gold_loss":0.0,"damage_taken":0.0},{"damage_healed":0.0,"max_hp_gain":0.0,"max_hp_loss":0.0,"gold_gain":0.0,"event_name":"MindBloom","player_choice":"Upgrade","floor":36.0,"gold_loss":0.0,"damage_taken":0.0,"cards_upgraded":["Survivor","Neutralize","Deflect","Escape Plan","Deadly Poison","Footwork","Adrenaline","After Image","PiercingWail","Footwork","Reflex","Noxious Fumes","Backflip","Eviscerate"],"relics_obtained":["Mark of the Bloom"]},{"damage_healed":0.0,"max_hp_gain":0.0,"max_hp_loss":0.0,"gold_gain":0.0,"event_name":"Mysterious Sphere","player_choice":"Fight","floor":39.0,"gold_loss":0.0,"damage_taken":0.0},{"damage_healed":0.0,"max_hp_gain":0.0,"max_hp_loss":0.0,"gold_gain":222.0,"event_name":"Tomb of Lord Red Mask","player_choice":"Wore Mask","floor":46.0,"gold_loss":0.0,"damage_taken":0.0}],"is_beta":false,"boss_relics":[{"not_picked":["Ectoplasm","Ring of the Serpent"],"picked":"Pandora\u0027s Box"},{"not_picked":["Philosopher\u0027s Stone","WristBlade"],"picked":"Coffee Dripper"}],"items_purged_floors":[4,19,38,54],"is_endless":false,"potions_floor_spawned":[5,7,8,13,14,21,29,30,33,37,39,41,48],"ascension_level":20}