{"gold_per_floor":[361,361,374,374,385,418,418,429,429,440,453,453,453,242,242,315,315,335,348,362,105,105,105,105,105,105,105,105,123,149,64,64,142,142,154,54,54,65,77,107,125,125,151,151,163,163,173,203,203,203,203,203,203,83,115,115],"floor_reached":57,"playtime":3286,"items_purged":["Strike_R","Strike_R","Strike_R","Bash+1"],"score":2864,"play_id":"0c550502-f726-4e42-afdc-52155b9e92d6","local_time":"20190527020719","is_ascension_mode":true,"campfire_choices":[{"data":"Flex","floor":7.0,"key":"SMITH"},{"data":"Limit Break","floor":12.0,"key":"SMITH"},{"data":"Shockwave","floor":15.0,"key":"SMITH"},{"data":"Power Through","floor":23.0,"key":"SMITH"},{"data":"Fiend Fire","floor":25.0,"key":"SMITH"},{"floor":27.0,"key":"RECALL"},{"data":"True Grit","floor":32.0,"key":"SMITH"},{"data":"Second Wind","floor":42,"key":"SMITH"},{"data":"Offering","floor":44,"key":"SMITH"},{"data":"Shrug It Off","floor":46,"key":"SMITH"},{"data":"Cleave","floor":49,"key":"SMITH"},{"data":"Defend_R","floor":53,"key":"SMITH"}],"neow_cost":"TEN_PERCENT_HP_LOSS","seed_source_timestamp":41781125504938,"circlet_count":0,"master_deck":["AscendersBane","Strike_R+1","Defend_R","Defend_R","Defend_R","Defend_R+1","Spot Weakness+1","Flex+1","Cleave+1","Limit Break+1","Shrug It Off+1","Power Through+1","Shockwave+1","Fiend Fire+1","Shrug It Off+1","True Grit+1","Second Wind+1","Offering+1","AscendersBane","Evolve+1","Heavy Blade+1"],"special_seed":0,"relics":["Burning Blood","FaceOfCleric","Thread and Needle","Letter Opener","Coffee Dripper","Bag of Preparation","Mercury Hourglass","The Courier","Sozu","Dodecahedron","Blood Vial","Pear","Sundial"],"potions_floor_usage":[55,56],"damage_taken":[{"damage":6.0,"enemies":"Cultist","floor":1.0,"turns":3.0},{"damage":5.0,"enemies":"2 Louse","floor":3.0,"turns":4.0},{"damage":2.0,"enemies":"Jaw Worm","floor":5.0,"turns":3.0},{"damage":45.0,"enemies":"3 Sentries","floor":6.0,"turns":8.0},{"damage":9.0,"enemies":"Gremlin Gang","floor":8.0,"turns":4.0},{"damage":9.0,"enemies":"Blue Slaver","floor":10.0,"turns":2.0},{"damage":0.0,"enemies":"3 Louse","floor":11.0,"turns":3.0},{"damage":21.0,"enemies":"The Guardian","floor":16.0,"turns":9.0},{"damage":11.0,"enemies":"Chosen","floor":18.0,"turns":5.0},{"damage":9.0,"enemies":"Shell Parasite","floor":19.0,"turns":4.0},{"damage":6.0,"enemies":"Snecko","floor":20.0,"turns":4.0},{"damage":8.0,"enemies":"Cultist and Chosen","floor":29.0,"turns":7.0},{"damage":0.0,"enemies":"Gremlin Leader","floor":30.0,"turns":3.0},{"damage":15.0,"enemies":"Automaton","floor":33.0,"turns":10.0},{"damage":0.0,"enemies":"Orb Walker","floor":35.0,"turns":2.0},{"damage":15.0,"enemies":"3 Darklings","floor":38.0,"turns":6.0},{"damage":2.0,"enemies":"Sphere and 2 Shapes","floor":39.0,"turns":3.0},{"damage":12,"enemies":"Giant Head","floor":40,"turns":11},{"damage":8,"enemies":"Spire Growth","floor":41,"turns":4},{"damage":6,"enemies":"Maw","floor":45,"turns":6},{"damage":6,"enemies":"Sphere and 2 Shapes","floor":47,"turns":3},{"damage":6,"enemies":"Reptomancer","floor":48,"turns":4},{"damage":23,"enemies":"Time Eater","floor":50,"turns":7},{"damage":6,"enemies":"Donu and Deca","floor":51,"turns":8},{"damage":13,"enemies":"Shield and Spear","floor":55,"turns":5},{"damage":64,"enemies":"The Heart","floor":56,"turns":9}],"seed_played":"-2381485571152757454","potions_obtained":[{"floor":5.0,"key":"LiquidBronze"},{"floor":10.0,"key":"BloodPotion"},{"floor":19.0,"key":"Fire Potion"}],"is_trial":false,"path_per_floor":["M","?","M","?","M","E","R","M","T","M","M","R","?","$","R","B",null,"M","M","M","$","?","R","?","R","T","R","?","M","E","?","R","B",null,"M","$","?","M","M","E","M","R","T","R","M","R","M","E","R","B","B",null,"R","$","E","B",null],"character_chosen":"IRONCLAD","items_purchased":["Swift Potion","Shockwave","Bag of Preparation"],"campfire_rested":0,"item_purchase_floors":[14,14,21],"current_hp_per_floor":[68,68,69,48,53,15,15,13,13,11,25,25,25,25,25,11,59,55,53,54,54,54,54,54,54,54,54,54,53,60,60,60,52,74,81,81,81,73,78,73,72,72,72,72,75,75,78,91,91,77,80,96,96,96,92,37],"gold":115,"neow_bonus":"TWO_FIFTY_GOLD","is_prod":false,"is_daily":false,"chose_seed":false,"campfire_upgraded":11,"win_rate":0,"timestamp":1558894039,"path_taken":["M","?","?","?","M","E","R","M","T","M","M","R","?","$","R","BOSS","M","?","M","$","?","R","?","R","T","R","?","M","E","?","R","BOSS","M","$","?","M","M","E","?","R","T","R","M","R","M","E","R","BOSS","BOSS","R","$","E","BOSS"],"build_version":"2019-01-23","purchased_purges":4,"victory":true,"max_hp_per_floor":[68,68,69,69,70,71,71,72,72,73,74,74,74,74,74,75,75,76,77,78,78,78,78,78,78,78,78,78,79,80,80,80,81,81,82,82,82,83,84,85,86,86,86,86,87,87,88,99,99,100,101,101,101,101,102,103],"card_choices":[{"not_picked":["Headbutt","Pummel"],"picked":"Spot Weakness","floor":1.0},{"not_picked":["Anger","Wild Strike"],"picked":"Flex","floor":3.0},{"not_picked":["Havoc","Reckless Charge"],"picked":"Cleave","floor":5.0},{"not_picked":["Warcry","Power Through"],"picked":"Limit Break","floor":6.0},{"not_picked":["Perfected Strike","Wild Strike"],"picked":"Shrug It Off","floor":8.0},{"not_picked":["Heavy Blade","Bloodletting"],"picked":"Power Through","floor":10.0},{"not_picked":["Pummel","Blood for Blood","Carnage"],"picked":"SKIP","floor":11.0},{"not_picked":["Double Tap","Berserk"],"picked":"Fiend Fire","floor":16.0},{"not_picked":["Intimidate","Dropkick+1","Thunderclap"],"picked":"SKIP","floor":18.0},{"not_picked":["Twin Strike+1","Headbutt"],"picked":"Shrug It Off+1","floor":19.0},{"not_picked":["Entrench","Brutality","Rupture"],"picked":"SKIP","floor":20.0},{"not_picked":["Thunderclap","Cleave"],"picked":"True Grit","floor":29.0},{"not_picked":["Power Through","True Grit"],"picked":"Second Wind","floor":30.0},{"not_picked":["Juggernaut","Feed"],"picked":"Offering","floor":33.0},{"not_picked":["Shrug It Off","Second Wind","Searing Blow+1"],"picked":"SKIP","floor":35.0},{"not_picked":["Heavy Blade","Dropkick"],"picked":"Evolve+1","floor":38.0},{"not_picked":["Iron Wave","Searing Blow+1","Pummel+1"],"picked":"SKIP","floor":39.0},{"not_picked":["Uppercut+1","Hemokinesis+1","Corruption"],"picked":"SKIP","floor":40},{"not_picked":["Flex+1","Sword Boomerang","Shockwave"],"picked":"SKIP","floor":41},{"not_picked":["Cleave+1","True Grit","Shrug It Off+1"],"picked":"SKIP","floor":45},{"not_picked":["Demon Form","Pummel","Clothesline+1"],"picked":"SKIP","floor":47},{"not_picked":["Heavy Blade+1","Searing Blow","Twin Strike"],"picked":"SKIP","floor":48},{"not_picked":["Heavy Blade+1","Searing Blow","Twin Strike"],"picked":"SKIP","floor":48},{"not_picked":["Searing Blow","Twin Strike"],"picked":"Heavy Blade+1","floor":48},{"not_picked":["Spot Weakness","Thunderclap","Combust"],"picked":"SKIP","floor":55}],"player_experience":4837298,"relics_obtained":[{"floor":6.0,"key":"Thread and Needle"},{"floor":9.0,"key":"Letter Opener"},{"floor":30.0,"key":"Mercury Hourglass"},{"floor":40,"key":"Dodecahedron"},{"floor":43,"key":"Blood Vial"},{"floor":48,"key":"Pear"},{"floor":55,"key":"Sundial"}],"event_choices":[{"damage_healed":0.0,"max_hp_gain":0.0,"max_hp_loss":0.0,"gold_gain":0.0,"event_name":"FaceTrader","player_choice":"Trade","floor":2.0,"gold_loss":0.0,"damage_taken":0.0,"relics_obtained":["FaceOfCleric"]},{"damage_healed":0.0,"max_hp_gain":0.0,"max_hp_loss":0.0,"gold_gain":0.0,"event_name":"Shining Light","player_choice":"Entered Light","floor":4.0,"gold_loss":0.0,"damage_taken":21.0,"cards_upgraded":["Strike_R","Bash"]},{"damage_healed":0.0,"max_hp_gain":0.0,"max_hp_loss":0.0,"gold_gain":0.0,"event_name":"Upgrade Shrine","player_choice":"Upgraded","floor":13.0,"gold_loss":0.0,"damage_taken":0.0,"cards_upgraded":["Spot Weakness"]},{"damage_healed":0.0,"max_hp_gain":0.0,"max_hp_loss":0.0,"gold_gain":0.0,"event_name":"Vampires","player_choice":"Ignored","floor":22.0,"gold_loss":0.0,"damage_taken":0.0},{"cards_removed":["Strike_R"],"damage_healed":0.0,"max_hp_gain":0.0,"max_hp_loss":0.0,"gold_gain":0.0,"event_name":"Back to Basics","player_choice":"Elegance","floor":24.0,"gold_loss":0.0,"damage_taken":0.0},{"damage_healed":0.0,"max_hp_gain":0.0,"max_hp_loss":0.0,"gold_gain":0.0,"event_name":"The Mausoleum","player_choice":"Ignored","floor":28.0,"gold_loss":0.0,"damage_taken":0.0},{"damage_healed":0.0,"max_hp_gain":0.0,"max_hp_loss":0.0,"gold_gain":0.0,"event_name":"Addict","player_choice":"Obtained Relic","floor":31.0,"gold_loss":85.0,"damage_taken":0.0,"relics_obtained":["The Courier"]},{"damage_healed":0.0,"max_hp_gain":0.0,"max_hp_loss":0.0,"gold_gain":0.0,"event_name":"Duplicator","player_choice":"Copied","floor":37.0,"gold_loss":0.0,"damage_taken":0.0,"cards_obtained":["AscendersBane"]}],"is_beta":false,"boss_relics":[{"not_picked":["Runic Cube","Lizard Tail"],"picked":"Coffee Dripper"},{"not_picked":["Black Star","Eternal Feather"],"picked":"Sozu"}],"items_purged_floors":[14,21,36,54],"is_endless":false,"potions_floor_spawned":[5,10,19,33,38,39,45],"ascension_level":20}