{"gold_per_floor":[113,188,188,28,28,61,61,96,149,169,181,181,200,50,50,122,122,140,140,172,172,47,47,61,61,61,61,76,105,105,105],"floor_reached":31,"playtime":705,"items_purged":["Strike_B","Strike_B","Strike_B"],"score":618,"play_id":"ef6b194a-8964-46d2-a797-bd0f52ebffd0","local_time":"20190217110403","is_ascension_mode":true,"campfire_choices":[{"data":"Sunder","floor":7,"key":"SMITH"},{"data":"Beam Cell","floor":12,"key":"SMITH"},{"data":"Strike_B","floor":15,"key":"PURGE"},{"data":"Loop","floor":23,"key":"SMITH"}],"neow_cost":"NONE","seed_source_timestamp":402715400675976,"circlet_count":0,"master_deck":["AscendersBane","Defend_B","Defend_B","Defend_B","Defend_B","Zap","Dualcast","Glacier","Sunder+1","Recycle","Go for the Eyes","Conserve Battery","Electrodynamics","Beam Cell+1","Turbo","Seek","Loop+1","Coolheaded","Capacitor","Seek","Coolheaded"],"relics":["Cracked Core","NeowsBlessing","Prayer Wheel","Peace Pipe","Dream Catcher","Coffee Dripper","Red Mask","Ornamental Fan","Centennial Puzzle"],"potions_floor_usage":[16,16,29],"damage_taken":[{"damage":0,"enemies":"2 Louse","floor":1,"turns":1},{"damage":0,"enemies":"Lagavulin","floor":6,"turns":1},{"damage":0,"enemies":"Gremlin Nob","floor":8,"turns":1},{"damage":2,"enemies":"Small Slimes","floor":10,"turns":2},{"damage":5,"enemies":"Jaw Worm","floor":11,"turns":5},{"damage":0,"enemies":"2 Fungi Beasts","floor":13,"turns":3},{"damage":6,"enemies":"The Guardian","floor":16,"turns":10},{"damage":18,"enemies":"Spheric Guardian","floor":18,"turns":4},{"damage":17,"enemies":"Masked Bandits","floor":20,"turns":3},{"damage":16,"enemies":"Shell Parasite","floor":24,"turns":6},{"damage":14,"enemies":"Snake Plant","floor":28,"turns":4},{"damage":1,"enemies":"Gremlin Leader","floor":29,"turns":6},{"damage":6,"enemies":"Centurion and Healer","floor":31,"turns":2}],"seed_played":"4631177701189379476","potions_obtained":[{"floor":1,"key":"EssenceOfSteel"},{"floor":8,"key":"Poison Potion"},{"floor":24,"key":"EssenceOfSteel"},{"floor":28,"key":"FearPotion"}],"is_trial":false,"path_per_floor":["M","?","?","$","?","E","R","E","T","M","M","R","M","$","R","B",null,"M","?","?","?","$","R","M","?","T","$","M","E","?","M"],"character_chosen":"DEFECT","items_purchased":["Sunder","Turbo"],"campfire_rested":0,"item_purchase_floors":[4,14],"current_hp_per_floor":[64,53,58,58,58,58,58,58,58,56,51,51,51,51,51,45,68,50,50,33,33,33,33,17,17,17,17,3,2,2,0],"gold":105,"neow_bonus":"THREE_ENEMY_KILL","is_prod":false,"is_daily":false,"chose_seed":false,"campfire_upgraded":3,"win_rate":0,"timestamp":1550372643,"path_taken":["M","?","?","?","?","E","R","E","T","M","?","R","M","$","R","BOSS","M","?","?","?","$","R","?","?","T","$","M","E","?","M"],"build_version":"2019-01-23","purchased_purges":3,"victory":false,"max_hp_per_floor":[71,71,76,76,76,76,76,76,76,76,76,76,76,76,76,76,76,76,76,76,76,76,76,76,76,76,76,76,76,76,76],"card_choices":[{"not_picked":["Recycle","Sunder"],"picked":"Glacier","floor":1},{"not_picked":["Ball Lightning","Undo"],"picked":"Go for the Eyes","floor":6},{"not_picked":["Stack","Streamline"],"picked":"Conserve Battery","floor":8},{"not_picked":["Barrage","Stack","Lockon"],"picked":"SKIP","floor":10},{"not_picked":["Redo","Streamline","Rebound"],"picked":"SKIP","floor":10},{"not_picked":["Hello World","Turbo"],"picked":"Electrodynamics","floor":11},{"not_picked":["Sweeping Beam","Compile Driver"],"picked":"Beam Cell","floor":11},{"not_picked":["Ball Lightning","Force Field","Compile Driver"],"picked":"SKIP","floor":13},{"not_picked":["Cold Snap","Steam","Electrodynamics"],"picked":"SKIP","floor":13},{"not_picked":["Fission","Hyperbeam"],"picked":"Seek","floor":16},{"not_picked":["Conserve Battery","Auto Shields"],"picked":"Loop","floor":18},{"not_picked":["Gash","Conserve Battery","Rebound"],"picked":"SKIP","floor":18},{"not_picked":["Darkness","Machine Learning"],"picked":"Capacitor","floor":20},{"not_picked":["Leap","Gash"],"picked":"Coolheaded","floor":24},{"not_picked":["Fusion","Static Discharge","Sweeping Beam"],"picked":"SKIP","floor":24},{"not_picked":["Rebound","Cold Snap","Gash"],"picked":"SKIP","floor":28},{"not_picked":["Aggregate+1","Cold Snap","Compile Driver"],"picked":"SKIP","floor":28},{"not_picked":["Go for the Eyes","Darkness","Heatsinks+1"],"picked":"SKIP","floor":29}],"player_experience":799837,"relics_obtained":[{"floor":6,"key":"Prayer Wheel"},{"floor":8,"key":"Peace Pipe"},{"floor":9,"key":"Dream Catcher"},{"floor":20,"key":"Red Mask"},{"floor":26,"key":"Ornamental Fan"},{"floor":29,"key":"Centennial Puzzle"}],"event_choices":[{"damage_healed":0,"gold_gain":75,"player_choice":"Gather Gold","damage_taken":11,"max_hp_gain":0,"max_hp_loss":0,"event_name":"World of Goop","floor":2,"gold_loss":0},{"damage_healed":0,"gold_gain":0,"player_choice":"Donut","damage_taken":0,"max_hp_gain":5,"max_hp_loss":0,"event_name":"Big Fish","floor":3,"gold_loss":0},{"damage_healed":0,"gold_gain":0,"player_choice":"1 cards matched","damage_taken":0,"max_hp_gain":0,"max_hp_loss":0,"event_name":"Match and Keep!","floor":5,"gold_loss":0,"cards_obtained":["Recycle"]},{"damage_healed":0,"gold_gain":0,"player_choice":"Read","damage_taken":0,"max_hp_gain":0,"max_hp_loss":0,"event_name":"The Library","floor":19,"gold_loss":0,"cards_obtained":["Coolheaded"]},{"damage_healed":0,"gold_gain":0,"player_choice":"Fought Bandits","damage_taken":0,"max_hp_gain":0,"max_hp_loss":0,"event_name":"Masked Bandits","floor":20,"gold_loss":0},{"damage_healed":0,"gold_gain":0,"player_choice":"1 cards matched","damage_taken":0,"max_hp_gain":0,"max_hp_loss":0,"event_name":"Match and Keep!","floor":21,"gold_loss":0,"cards_obtained":["Seek"]},{"damage_healed":0,"gold_gain":0,"player_choice":"Ignored","damage_taken":0,"max_hp_gain":0,"max_hp_loss":0,"event_name":"Cursed Tome","floor":25,"gold_loss":0},{"damage_healed":0,"gold_gain":0,"player_choice":"Ignored","damage_taken":0,"max_hp_gain":0,"max_hp_loss":0,"event_name":"The Mausoleum","floor":30,"gold_loss":0}],"is_beta":false,"boss_relics":[{"not_picked":["Ectoplasm","Empty Cage"],"picked":"Coffee Dripper"}],"items_purged_floors":[4,14,22],"is_endless":false,"potions_floor_spawned":[1,8,11,13,24,28],"killed_by":"Centurion and Healer","ascension_level":20}