{"gold_per_floor":[118,43,62,79,89,89,117,128,176,211,227,227,227,305,305,396,396,419,114,114,129,153,153,28,28,53,103,103,117,117,133,133,229,229,243,267,267,117,137,168,168,168,195,208,239,239,272,605,605,605,605,605,605,101,129,129],"floor_reached":57,"playtime":2431,"items_purged":["Strike_R","Strike_R","Strike_R","Strike_R","Hemokinesis"],"score":3075,"play_id":"645462a6-2dcc-4be7-8a99-521980129795","local_time":"20190804175459","is_ascension_mode":true,"campfire_choices":[{"data":"Armaments","floor":6.0,"key":"SMITH"},{"data":"Body Slam","floor":15.0,"key":"SMITH"},{"data":"Burning Pact","floor":23.0,"key":"SMITH"},{"data":"Pommel Strike","floor":25.0,"key":"SMITH"},{"data":"Fiend Fire","floor":32.0,"key":"SMITH"},{"data":"Offering","floor":42.0,"key":"SMITH"},{"floor":46.0,"key":"RECALL"},{"data":"Rage","floor":49.0,"key":"SMITH"},{"data":"Battle Trance","floor":53.0,"key":"SMITH"}],"neow_cost":"NONE","seed_source_timestamp":691473876706100,"circlet_count":0,"master_deck":["AscendersBane","Defend_R","Defend_R","Defend_R","Defend_R","Bash","Flex","Armaments+1","Sword Boomerang","Body Slam+1","Fiend Fire+1","Battle Trance+1","Feed","Second Wind","Offering+1","Pommel Strike+1","Burning Pact+1","Ghostly","Ghostly","Ghostly","Shrug It Off","Rage+1","Pommel Strike+1"],"special_seed":0,"relics":["Burning Blood","Omamori","Torii","Bag of Marbles","Sundial","Matryoshka","Coffee Dripper","Self Forming Clay","Vajra","Eternal Feather","Du-Vu Doll","Dodecahedron","Ornamental Fan","Ginger","Magic Flower","Red Skull"],"potions_floor_usage":[56,56],"damage_taken":[{"damage":2.0,"enemies":"Cultist","floor":1.0,"turns":4.0},{"damage":11.0,"enemies":"Small Slimes","floor":3.0,"turns":6.0},{"damage":7.0,"enemies":"Jaw Worm","floor":4.0,"turns":3.0},{"damage":14.0,"enemies":"Blue Slaver","floor":5.0,"turns":7.0},{"damage":41.0,"enemies":"3 Sentries","floor":7.0,"turns":13.0},{"damage":2.0,"enemies":"Red Slaver","floor":8.0,"turns":4.0},{"damage":0.0,"enemies":"Lagavulin","floor":10.0,"turns":2.0},{"damage":10.0,"enemies":"Large Slime","floor":11.0,"turns":5.0},{"damage":24.0,"enemies":"Hexaghost","floor":16.0,"turns":8.0},{"damage":3.0,"enemies":"Chosen","floor":18.0,"turns":2.0},{"damage":7.0,"enemies":"Shell Parasite","floor":21.0,"turns":2.0},{"damage":43.0,"enemies":"Shelled Parasite and Fungi","floor":22.0,"turns":5.0},{"damage":8.0,"enemies":"Cultist and Chosen","floor":29.0,"turns":5.0},{"damage":4.0,"enemies":"3 Cultists","floor":31.0,"turns":4.0},{"damage":1.0,"enemies":"Collector","floor":33.0,"turns":5.0},{"damage":3.0,"enemies":"3 Darklings","floor":35.0,"turns":5.0},{"damage":7.0,"enemies":"3 Shapes","floor":36.0,"turns":3.0},{"damage":4.0,"enemies":"Jaw Worm Horde","floor":39.0,"turns":4.0},{"damage":1.0,"enemies":"Reptomancer","floor":40.0,"turns":3.0},{"damage":1.0,"enemies":"Spire Growth","floor":44.0,"turns":2.0},{"damage":1.0,"enemies":"Nemesis","floor":45.0,"turns":4.0},{"damage":1.0,"enemies":"Giant Head","floor":47.0,"turns":4.0},{"damage":2.0,"enemies":"Awakened One","floor":50.0,"turns":5.0},{"damage":38.0,"enemies":"Time Eater","floor":51.0,"turns":10.0},{"damage":1.0,"enemies":"Shield and Spear","floor":55.0,"turns":4.0},{"damage":40,"enemies":"The Heart","floor":56,"turns":8}],"seed_played":"-6379916864100916501","potions_obtained":[{"floor":3.0,"key":"Ancient Potion"},{"floor":7.0,"key":"SteroidPotion"},{"floor":10.0,"key":"EssenceOfSteel"},{"floor":16.0,"key":"LiquidBronze"},{"floor":31.0,"key":"AttackPotion"},{"floor":33.0,"key":"LiquidBronze"},{"floor":36.0,"key":"Ancient Potion"},{"floor":45.0,"key":"PowerPotion"}],"is_trial":false,"path_per_floor":["M","$","M","M","M","R","E","M","T","E","M","?","?","T","R","B",null,"M","$","?","M","M","R","$","R","T","?","?","M","?","M","R","B",null,"M","M","?","$","M","E","$","R","T","M","E","R","E","?","R","B","B",null,"R","$","E","B",null],"character_chosen":"IRONCLAD","items_purchased":["Second Wind","Offering","Magic Flower"],"campfire_rested":0,"item_purchase_floors":[19,19,54],"current_hp_per_floor":[72,72,67,66,58,58,23,27,27,33,29,29,29,29,29,11,54,57,57,57,56,22,22,22,22,22,22,22,24,24,26,26,31,37,39,41,41,41,45,45,45,45,45,45,45,45,49,49,49,52,20,44,52,52,52,21],"gold":129,"neow_bonus":"RANDOM_COMMON_RELIC","is_prod":false,"is_daily":false,"chose_seed":false,"campfire_upgraded":8,"win_rate":0,"timestamp":1564912499,"path_taken":["M","$","M","M","M","R","E","M","T","E","M","?","?","?","R","BOSS","M","$","?","?","M","R","$","R","T","?","?","M","?","M","R","BOSS","M","M","?","$","M","E","$","R","T","M","E","R","E","?","R","BOSS","BOSS","R","$","E","BOSS"],"build_version":"2019-07-17","purchased_purges":5,"victory":true,"max_hp_per_floor":[75,75,75,75,75,75,75,75,75,75,75,75,68,68,68,68,68,68,68,68,68,71,71,71,71,71,71,35,39,39,39,39,39,39,39,42,42,42,45,45,45,45,45,45,45,45,49,49,49,52,52,52,52,52,52,52],"card_choices":[{"not_picked":["Twin Strike","Sword Boomerang"],"picked":"Flex","floor":1.0},{"not_picked":["Wild Strike","Fire Breathing"],"picked":"Armaments","floor":3.0},{"not_picked":["Warcry","Iron Wave","Armaments"],"picked":"SKIP","floor":4.0},{"not_picked":["Cleave","Pummel"],"picked":"Sword Boomerang","floor":5.0},{"not_picked":["Demon Form","Hemokinesis"],"picked":"Body Slam","floor":7.0},{"not_picked":["Twin Strike","Havoc","Flex"],"picked":"SKIP","floor":8.0},{"not_picked":["Iron Wave","Bloodletting"],"picked":"Fiend Fire","floor":10.0},{"not_picked":["Clothesline","Shrug It Off"],"picked":"Battle Trance","floor":11.0},{"not_picked":["Double Tap","Brutality"],"picked":"Feed","floor":16.0},{"not_picked":["Havoc","Heavy Blade+1","Headbutt"],"picked":"SKIP","floor":18.0},{"not_picked":["Clash","Havoc+1"],"picked":"Pommel Strike","floor":21.0},{"not_picked":["Metallicize","Wild Strike+1"],"picked":"Burning Pact","floor":22.0},{"not_picked":["Sword Boomerang","Hemokinesis+1","Armaments+1"],"picked":"SKIP","floor":29.0},{"not_picked":["Clothesline","Hemokinesis","Anger"],"picked":"SKIP","floor":31.0},{"not_picked":["Clothesline","Hemokinesis","Anger"],"picked":"SKIP","floor":31.0},{"not_picked":["True Grit","Feel No Pain+1"],"picked":"Shrug It Off","floor":35.0},{"not_picked":["Rage","Corruption","Headbutt"],"picked":"SKIP","floor":36.0},{"not_picked":["Corruption","Headbutt"],"picked":"Rage","floor":36.0},{"not_picked":["Inflame","Clash","Burning Pact"],"picked":"SKIP","floor":39.0},{"not_picked":["Bloodletting","Sword Boomerang","Warcry"],"picked":"SKIP","floor":40.0},{"not_picked":["True Grit+1","Limit Break"],"picked":"Pommel Strike+1","floor":44.0},{"not_picked":["Sword Boomerang","Heavy Blade","Iron Wave"],"picked":"SKIP","floor":45.0},{"not_picked":["Heavy Blade","Flame Barrier","Corruption"],"picked":"SKIP","floor":47.0},{"not_picked":["Havoc","Flex","Heavy Blade"],"picked":"SKIP","floor":55.0}],"player_experience":728161,"relics_obtained":[{"floor":7.0,"key":"Torii"},{"floor":9.0,"key":"Bag of Marbles"},{"floor":10.0,"key":"Sundial"},{"floor":14.0,"key":"Matryoshka"},{"floor":26.0,"key":"Self Forming Clay"},{"floor":26.0,"key":"Vajra"},{"floor":40.0,"key":"Du-Vu Doll"},{"floor":43.0,"key":"Dodecahedron"},{"floor":45.0,"key":"Ornamental Fan"},{"floor":47.0,"key":"Ginger"},{"floor":55.0,"key":"Red Skull"}],"event_choices":[{"damage_healed":0.0,"max_hp_gain":0.0,"max_hp_loss":0.0,"gold_gain":0.0,"cards_transformed":["Strike_R"],"event_name":"Living Wall","player_choice":"Change","floor":12.0,"gold_loss":0.0,"damage_taken":0.0,"cards_obtained":["Hemokinesis"]},{"damage_healed":0.0,"max_hp_gain":0.0,"max_hp_loss":7.0,"gold_gain":0.0,"event_name":"Golden Idol","player_choice":"Lose Max HP","floor":13.0,"gold_loss":0.0,"damage_taken":0.0,"relics_obtained":["Golden Idol"]},{"damage_healed":0.0,"max_hp_gain":0.0,"max_hp_loss":0.0,"gold_gain":0.0,"event_name":"Wheel of Change","player_choice":"Cursed","floor":20.0,"gold_loss":0.0,"damage_taken":0.0,"cards_obtained":["Decay"]},{"damage_healed":0.0,"max_hp_gain":0.0,"max_hp_loss":0.0,"gold_gain":50.0,"event_name":"Nest","player_choice":"Stole From Cult","floor":27.0,"gold_loss":0.0,"damage_taken":0.0},{"damage_healed":0.0,"max_hp_gain":0.0,"max_hp_loss":36.0,"gold_gain":0.0,"event_name":"Ghosts","player_choice":"Became a Ghost","floor":28.0,"gold_loss":0.0,"damage_taken":0.0,"cards_obtained":["Ghostly","Ghostly","Ghostly"]},{"damage_healed":0.0,"max_hp_gain":0.0,"max_hp_loss":0.0,"gold_gain":0.0,"event_name":"Vampires","player_choice":"Ignored","floor":30.0,"gold_loss":0.0,"damage_taken":0.0},{"damage_healed":0.0,"max_hp_gain":0.0,"max_hp_loss":0.0,"gold_gain":0.0,"event_name":"Tomb of Lord Red Mask","player_choice":"Ignored","floor":37.0,"gold_loss":0.0,"damage_taken":0.0},{"damage_healed":0.0,"max_hp_gain":0.0,"max_hp_loss":0.0,"gold_gain":333.0,"event_name":"The Moai Head","player_choice":"Gave Idol","floor":48.0,"relics_lost":["Golden Idol"],"gold_loss":0.0,"damage_taken":0.0}],"is_beta":false,"boss_relics":[{"not_picked":["Runic Pyramid","White Beast Statue"],"picked":"Coffee Dripper"},{"not_picked":["Mark of Pain","Velvet Choker"],"picked":"Eternal Feather"}],"items_purged_floors":[2,19,24,38,54],"is_endless":false,"potions_floor_spawned":[3,7,8,10,11,16,22,31,33,36,40,45,47],"ascension_level":20}