{"gold_per_floor":[111,111,36,52,52,77,89,89,114,125,125,156,156,191,191,191],"floor_reached":16,"playtime":334,"items_purged":["Strike_B"],"score":286,"play_id":"5cc412ad-ec39-42d1-90d0-0e3f193db985","local_time":"20190116190719","is_ascension_mode":true,"campfire_choices":[{"data":"Multi-Cast","floor":8.0,"key":"SMITH"},{"data":"Dualcast","floor":11.0,"key":"SMITH"},{"data":"Consume","floor":15,"key":"SMITH"}],"neow_cost":"NONE","seed_source_timestamp":29324560116357,"circlet_count":0,"master_deck":["AscendersBane","Strike_B","Strike_B","Strike_B","Defend_B","Defend_B","Defend_B","Defend_B","Zap","Dualcast+1","Defragment+1","Glacier","Multi-Cast+1","Parasite","Consume+1"],"special_seed":0,"relics":["Cracked Core","NeowsBlessing","Vajra","Blood Vial","Dream Catcher","Ornamental Fan"],"potions_floor_usage":[14],"damage_taken":[{"damage":0.0,"enemies":"2 Louse","floor":1.0,"turns":1.0},{"damage":0.0,"enemies":"Cultist","floor":4.0,"turns":1.0},{"damage":0.0,"enemies":"3 Sentries","floor":6.0,"turns":1.0},{"damage":1.0,"enemies":"Small Slimes","floor":7.0,"turns":4.0},{"damage":9.0,"enemies":"Red Slaver","floor":10.0,"turns":3.0},{"damage":5.0,"enemies":"Lagavulin","floor":12.0,"turns":7.0},{"damage":39,"enemies":"Gremlin Nob","floor":14,"turns":6},{"damage":14,"enemies":"Hexaghost","floor":16,"turns":5}],"seed_played":"-7575334304409435005","potions_obtained":[{"floor":1.0,"key":"SteroidPotion"},{"floor":7.0,"key":"SteroidPotion"}],"is_trial":false,"path_per_floor":["M","?","$","M","$","E","M","R","T","M","R","E","?","E","R","B"],"character_chosen":"DEFECT","items_purchased":[],"campfire_rested":0,"item_purchase_floors":[],"current_hp_per_floor":[64,64,64,64,64,64,63,63,63,56,56,53,70,32,32,20],"gold":191,"neow_bonus":"THREE_ENEMY_KILL","is_prod":false,"is_daily":false,"chose_seed":false,"campfire_upgraded":3,"win_rate":0,"timestamp":1547636839,"path_taken":["M","?","$","?","$","E","M","R","T","?","R","E","?","E","R","BOSS"],"build_version":"2019-01-10","purchased_purges":1,"victory":false,"max_hp_per_floor":[71,71,71,71,71,71,71,71,71,71,71,71,71,71,71,71],"card_choices":[{"not_picked":["Go for the Eyes","Genetic Algorithm"],"picked":"Defragment","floor":1.0},{"not_picked":["Go for the Eyes","Steam","Redo"],"picked":"SKIP","floor":4.0},{"not_picked":["Storm","Capacitor"],"picked":"Glacier","floor":6.0},{"not_picked":["Static Discharge","Rebound"],"picked":"Multi-Cast","floor":7.0},{"not_picked":["Fusion","Steam","Redo"],"picked":"SKIP","floor":10.0},{"not_picked":["Fusion","Steam","Redo"],"picked":"SKIP","floor":10.0},{"not_picked":["Tempest","Beam Cell","Go for the Eyes"],"picked":"SKIP","floor":12.0},{"not_picked":["Streamline","Beam Cell"],"picked":"Consume","floor":14}],"player_experience":1953363,"relics_obtained":[{"floor":6.0,"key":"Vajra"},{"floor":9.0,"key":"Blood Vial"},{"floor":12.0,"key":"Dream Catcher"},{"floor":14,"key":"Ornamental Fan"}],"event_choices":[{"damage_healed":0.0,"max_hp_gain":0.0,"max_hp_loss":0.0,"gold_gain":0.0,"event_name":"Upgrade Shrine","player_choice":"Upgraded","floor":2.0,"gold_loss":0.0,"damage_taken":0.0,"cards_upgraded":["Defragment"]},{"damage_healed":17,"gold_gain":0,"player_choice":"Healed and dodged fight","damage_taken":0,"max_hp_gain":0,"max_hp_loss":0,"event_name":"Mushrooms","floor":13,"gold_loss":0,"cards_obtained":["Parasite"]}],"is_beta":false,"boss_relics":[],"items_purged_floors":[3],"is_endless":false,"potions_floor_spawned":[1,7,12],"killed_by":"Hexaghost","ascension_level":20}