{"gold_per_floor":[111,111,111,111,130,130,169,8,8,8,48,72,91,130,130,223,223,243,243,256,47,47,47,62,95,95,95,120,120,35,68,68,164,164,180,180,36,36,52,88,101,142,142,142,162,162,162,198,198,198,198,198,5,41,41],"floor_reached":56,"playtime":1731,"items_purged":["Rip and Tear"],"score":2206,"play_id":"fa9e68de-9687-40ae-8337-fbaad46a6bae","local_time":"20190303185931","is_ascension_mode":true,"campfire_choices":[{"data":"Zap","floor":6,"key":"SMITH"},{"data":"Dualcast","floor":10,"key":"SMITH"},{"data":"Coolheaded","floor":15,"key":"SMITH"},{"data":"Turbo","floor":23,"key":"SMITH"},{"floor":29,"key":"REST"},{"data":"Blizzard","floor":32,"key":"SMITH"},{"data":"Redo","floor":44,"key":"SMITH"},{"floor":46,"key":"RECALL"},{"data":"Hologram","floor":49,"key":"SMITH"},{"data":"Skim","floor":52,"key":"SMITH"}],"neow_cost":"NONE","seed_source_timestamp":85756800272300,"circlet_count":0,"master_deck":["AscendersBane","Zap+1","Dualcast+1","Hologram+1","Chill","Electrodynamics+1","Defragment+1","Skim+1","Conserve Battery+1","Coolheaded+1","Defragment+1","All For One","Amplify+1","Chill","Electrodynamics+1","Cold Snap","Redo+1","Tempest","Turbo+1","Ball Lightning","Blizzard+1","Skim","Self Repair+1","Buffer+1","Defragment+1","Echo Form+1","Recycle+1","Hologram+1","Force Field"],"relics":["Cracked Core","NeowsBlessing","Golden Idol","Frozen Egg 2","Matryoshka","Gremlin Horn","Darkstone Periapt","Pandora\u0027s Box","Runic Capacitor","Symbiotic Virus","Bag of Marbles","Pantograph","Meat on the Bone","Vajra","Runic Pyramid","Art of War","PreservedInsect","Smiling Mask","Letter Opener","OrangePellets","War Paint"],"potions_floor_usage":[55,55],"damage_taken":[{"damage":0,"enemies":"Small Slimes","floor":1,"turns":1},{"damage":0,"enemies":"2 Louse","floor":5,"turns":1},{"damage":0,"enemies":"Gremlin Nob","floor":7,"turns":1},{"damage":3,"enemies":"3 Sentries","floor":11,"turns":2},{"damage":4,"enemies":"Jaw Worm","floor":12,"turns":3},{"damage":0,"enemies":"Exordium Wildlife","floor":13,"turns":4},{"damage":25,"enemies":"Gremlin Nob","floor":14,"turns":5},{"damage":0,"enemies":"The Guardian","floor":16,"turns":11},{"damage":2,"enemies":"Chosen","floor":18,"turns":3},{"damage":8,"enemies":"Shell Parasite","floor":20,"turns":3},{"damage":27,"enemies":"Snake Plant","floor":24,"turns":3},{"damage":0,"enemies":"Gremlin Leader","floor":25,"turns":3},{"damage":0,"enemies":"3 Cultists","floor":28,"turns":2},{"damage":24,"enemies":"Book of Stabbing","floor":31,"turns":5},{"damage":10,"enemies":"Collector","floor":33,"turns":7},{"damage":20,"enemies":"3 Shapes","floor":35,"turns":3},{"damage":11,"enemies":"Orb Walker","floor":39,"turns":3},{"damage":3,"enemies":"Reptomancer","floor":40,"turns":4},{"damage":19,"enemies":"Jaw Worm Horde","floor":41,"turns":2},{"damage":12,"enemies":"Giant Head","floor":42,"turns":7},{"damage":20,"enemies":"Spire Growth","floor":45,"turns":5},{"damage":0,"enemies":"Nemesis","floor":48,"turns":5},{"damage":40,"enemies":"Time Eater","floor":50,"turns":7},{"damage":5,"enemies":"Shield and Spear","floor":54,"turns":3},{"damage":47,"enemies":"The Heart","floor":55,"turns":8}],"seed_played":"7025505732899944230","potions_obtained":[{"floor":7,"key":"Fire Potion"},{"floor":13,"key":"Explosive Potion"},{"floor":16,"key":"FocusPotion"},{"floor":35,"key":"Swift Potion"}],"is_trial":false,"path_per_floor":["M","?","?","?","M","R","E","$","T","R","E","M","M","E","R","B",null,"M","?","M","$","?","R","M","E","T","?","M","R","?","E","R","B",null,"M","?","$","?","M","E","M","E","T","R","M","R","?","E","R","B",null,"R","$","E","B",null],"character_chosen":"DEFECT","items_purchased":["Defragment+1","Skim","Conserve Battery","Runic Capacitor","Defragment+1","OrangePellets"],"campfire_rested":1,"item_purchase_floors":[8,8,8,21,37,53],"current_hp_per_floor":[64,43,43,43,43,43,43,43,43,43,40,36,36,11,11,11,51,49,49,41,41,41,41,14,14,14,14,14,33,33,41,41,64,64,64,74,74,74,73,74,55,63,63,63,63,63,63,73,73,66,72,72,72,74,39],"gold":41,"neow_bonus":"THREE_ENEMY_KILL","is_prod":false,"is_daily":false,"chose_seed":false,"campfire_upgraded":8,"win_rate":0,"timestamp":1551610771,"path_taken":["M","?","?","?","M","R","E","?","T","R","E","M","M","E","R","BOSS","M","?","?","$","?","R","M","E","T","?","M","R","?","E","R","BOSS","M","?","?","?","?","E","M","E","T","R","M","R","?","E","R","BOSS","R","$","E","BOSS"],"build_version":"2019-01-23","purchased_purges":1,"victory":true,"max_hp_per_floor":[71,71,64,64,64,64,64,64,64,64,64,64,64,64,64,64,64,64,64,64,64,64,64,64,64,64,64,64,64,64,64,64,64,64,64,74,74,74,74,74,74,74,74,74,74,74,74,74,74,74,74,74,74,74,74],"card_choices":[{"not_picked":["Beam Cell","Gash"],"picked":"Hologram","floor":1},{"not_picked":["Go for the Eyes","Aggregate"],"picked":"Chill","floor":5},{"not_picked":["Darkness","Compile Driver"],"picked":"Electrodynamics","floor":7},{"not_picked":["Barrage","Lockon"],"picked":"Coolheaded","floor":11},{"not_picked":["Conserve Battery","Redo","Beam Cell"],"picked":"SKIP","floor":12},{"not_picked":["Hello World+1","Rebound"],"picked":"Defragment+1","floor":13},{"not_picked":["Sweeping Beam","Auto Shields"],"picked":"All For One","floor":14},{"not_picked":["Fission","All For One"],"picked":"Amplify","floor":16},{"not_picked":["Steam","Stack"],"picked":"Turbo","floor":18},{"not_picked":["Steam Power","Tempest"],"picked":"Ball Lightning","floor":20},{"not_picked":["Compile Driver","Cold Snap","Rip and Tear"],"picked":"SKIP","floor":24},{"not_picked":["Tempest+1","Steam"],"picked":"Skim","floor":25},{"not_picked":["Creative AI+1","Go for the Eyes"],"picked":"Self Repair+1","floor":28},{"not_picked":["Conserve Battery","Consume","Lockon"],"picked":"SKIP","floor":31},{"not_picked":["Rainbow","Thunder Strike"],"picked":"Buffer+1","floor":33},{"not_picked":["Hello World+1","Cold Snap","Rip and Tear+1"],"picked":"SKIP","floor":35},{"not_picked":["Cold Snap","Ball Lightning","Streamline+1"],"picked":"SKIP","floor":39},{"not_picked":["Go for the Eyes","Undo","Steam"],"picked":"SKIP","floor":40},{"not_picked":["White Noise","Gash"],"picked":"Echo Form+1","floor":41},{"not_picked":["Amplify","Leap"],"picked":"Recycle+1","floor":42},{"not_picked":["Recycle","Skim"],"picked":"Hologram","floor":45},{"not_picked":["Aggregate","Beam Cell+1"],"picked":"Force Field","floor":48},{"not_picked":["Stack+1","Streamline","Chaos"],"picked":"SKIP","floor":54}],"player_experience":1087867,"relics_obtained":[{"floor":7,"key":"Frozen Egg 2"},{"floor":9,"key":"Matryoshka"},{"floor":11,"key":"Gremlin Horn"},{"floor":14,"key":"Darkstone Periapt"},{"floor":25,"key":"Symbiotic Virus"},{"floor":26,"key":"Bag of Marbles"},{"floor":26,"key":"Pantograph"},{"floor":31,"key":"Vajra"},{"floor":40,"key":"Art of War"},{"floor":42,"key":"PreservedInsect"},{"floor":43,"key":"Smiling Mask"},{"floor":48,"key":"Letter Opener"},{"floor":54,"key":"War Paint"}],"event_choices":[{"damage_healed":0,"gold_gain":0,"player_choice":"Entered Light","damage_taken":21,"max_hp_gain":0,"max_hp_loss":0,"event_name":"Shining Light","floor":2,"gold_loss":0,"cards_upgraded":["Defend_B","Hologram"]},{"damage_healed":0,"gold_gain":0,"player_choice":"Lose Max HP","damage_taken":0,"relics_obtained":["Golden Idol"],"max_hp_gain":0,"max_hp_loss":7,"event_name":"Golden Idol","floor":3,"gold_loss":0},{"damage_healed":0,"gold_gain":0,"player_choice":"Ignored","damage_taken":0,"max_hp_gain":0,"max_hp_loss":0,"event_name":"Liars Game","floor":4,"gold_loss":0},{"damage_healed":0,"gold_gain":0,"player_choice":"Ignored","damage_taken":0,"max_hp_gain":0,"max_hp_loss":0,"event_name":"N\u0027loth","floor":19,"gold_loss":0},{"damage_healed":0,"gold_gain":0,"player_choice":"Read","damage_taken":0,"max_hp_gain":0,"max_hp_loss":0,"event_name":"The Library","floor":22,"gold_loss":0,"cards_obtained":["Blizzard"]},{"damage_healed":0,"gold_gain":0,"player_choice":"Ignored","damage_taken":0,"max_hp_gain":0,"max_hp_loss":0,"event_name":"The Mausoleum","floor":27,"gold_loss":0},{"damage_healed":0,"gold_gain":0,"player_choice":"Obtained Relic","damage_taken":0,"relics_obtained":["Meat on the Bone"],"max_hp_gain":0,"max_hp_loss":0,"event_name":"Addict","floor":30,"gold_loss":85},{"cards_removed":["Machine Learning"],"damage_healed":0,"gold_gain":0,"player_choice":"Offered Rare","damage_taken":0,"max_hp_gain":10,"max_hp_loss":0,"event_name":"Bonfire Elementals","floor":36,"gold_loss":0},{"damage_healed":0,"gold_gain":0,"player_choice":"0 cards matched","damage_taken":0,"max_hp_gain":0,"max_hp_loss":0,"event_name":"Match and Keep!","floor":38,"gold_loss":0,"cards_obtained":[]},{"cards_removed":["Sweeping Beam"],"damage_healed":0,"gold_gain":0,"player_choice":"Removed Attack","damage_taken":0,"max_hp_gain":0,"max_hp_loss":0,"event_name":"Falling","floor":47,"gold_loss":0}],"is_beta":false,"boss_relics":[{"not_picked":["Coffee Dripper","Sozu"],"picked":"Pandora\u0027s Box"},{"not_picked":["Busted Crown","Philosopher\u0027s Stone"],"picked":"Runic Pyramid"}],"items_purged_floors":[37],"is_endless":false,"potions_floor_spawned":[7,13,16,18,25,33,35,39,42,45,54],"ascension_level":15}