{"path_per_floor":["M","?","$","M","M","R","M","R","T","M","M","E","M","?","R","B",null,"M","M","M","?","$","R","E","M","T","M","M","R","M","$","R","B",null,"M","M","?","M","$","R","T","M","T","E","?","R","M","M","R","B"],"character_chosen":"IRONCLAD","items_purchased":["Molten Egg 2","Limit Break"],"gold_per_floor":[114,64,64,79,94,94,109,109,134,149,164,194,209,209,209,309,309,324,339,354,354,29,29,59,74,149,164,179,179,194,38,38,138,138,153,168,168,183,183,183,258,273,323,353,353,353,368,383,383,383],"floor_reached":51,"campfire_rested":1,"playtime":2099,"current_hp_per_floor":[80,80,80,80,80,80,80,80,80,80,80,80,80,90,90,90,90,89,90,90,90,90,90,81,83,83,81,83,83,85,85,85,76,90,86,88,78,77,77,77,77,71,71,73,61,61,67,62,91,37],"items_purged":["Fire Breathing"],"gold":383,"score":830,"play_id":"a00dedbb-3b30-48ff-87dd-bf2054921434","local_time":"20180411123830","daily_mods":["Draft","Time Dilation","Uncertain Future"],"is_prod":false,"is_daily":true,"is_ascension_mode":false,"campfire_upgraded":8,"timestamp":1523421510,"path_taken":["M","?","$","M","M","R","?","R","T","M","M","E","M","?","R","BOSS","M","M","M","?","$","R","E","M","T","?","M","R","M","?","R","BOSS","M","M","?","M","$","R","?","M","T","E","?","R","M","M","R","BOSS"],"build_version":"2018-04-05v2","purchased_purges":3,"victory":true,"master_deck":["True Grit+1","Iron Wave+1","Ghostly Armor","Body Slam+1","Whirlwind+1","Flex","Sword Boomerang","Spot Weakness","Shrug It Off","Clash","Armaments+1","Pommel Strike+1","Offering+1","Inflame","Rage","Barricade+1","Headbutt","Limit Break+1","Disarm+1","Sword Boomerang+1","Feed+1","Pummel+1","Master of Strategy","Finesse","Deep Breath","Seeing Red","Evolve+1","Madness+1","Madness"],"max_hp_per_floor":[80,80,80,80,80,80,80,80,80,80,80,80,80,90,90,90,90,90,90,90,90,90,90,90,90,90,90,90,90,90,90,90,90,90,94,94,94,94,94,94,94,98,98,98,98,98,98,98,98,102],"relics":["Burning Blood","Bag of Preparation","Omamori","Pear","Black Star","Molten Egg 2","Bag of Marbles","Whetstone","Question Card","Astrolabe","The Courier","Art of War","Ancient Tea Set","Juzu Bracelet"],"card_choices":[{"not_picked":["Hemokinesis","Burning Pact"],"picked":"True Grit","floor":0},{"not_picked":["Perfected Strike","Heavy Blade"],"picked":"Iron Wave","floor":0},{"not_picked":["Battle Trance","Blood for Blood"],"picked":"Ghostly Armor","floor":0},{"not_picked":["Spot Weakness","Cleave"],"picked":"Body Slam","floor":0},{"not_picked":["Perfected Strike","Searing Blow"],"picked":"Fire Breathing","floor":0},{"not_picked":["Reckless Charge","Burning Pact"],"picked":"Whirlwind","floor":0},{"not_picked":["Sentinel","Warcry"],"picked":"Flex","floor":0},{"not_picked":["Perfected Strike","Heavy Blade"],"picked":"Disarm","floor":0},{"not_picked":["Clothesline","Searing Blow"],"picked":"Sword Boomerang","floor":0},{"not_picked":["Heavy Blade","Clothesline"],"picked":"Spot Weakness","floor":0},{"not_picked":["Wild Strike","Combust"],"picked":"Anger","floor":0},{"not_picked":["Uppercut","Rage"],"picked":"Shrug It Off","floor":0},{"not_picked":["Dual Wield","Heavy Blade"],"picked":"Shrug It Off","floor":0},{"not_picked":["Corruption","Second Wind"],"picked":"Clash","floor":0},{"not_picked":["Flex","Headbutt"],"picked":"Armaments","floor":0},{"not_picked":["Sentinel","Sword Boomerang"],"picked":"Evolve","floor":1},{"not_picked":["Perfected Strike","Flex"],"picked":"Pommel Strike","floor":7},{"not_picked":["Corruption","Shrug It Off"],"picked":"Offering","floor":10},{"not_picked":["Spot Weakness","Dual Wield"],"picked":"Inflame","floor":11},{"not_picked":["Flame Barrier","Body Slam"],"picked":"Rage","floor":13},{"not_picked":["Reaper","Bludgeon"],"picked":"Barricade","floor":16},{"not_picked":["Rupture","Heavy Blade"],"picked":"Headbutt","floor":19},{"not_picked":["Armaments","Warcry","Shockwave"],"picked":"Pummel","floor":35},{"not_picked":["Mind Blast","Purity","Jack Of All Trades"],"picked":"Master of Strategy","floor":37},{"not_picked":["Transmutation","Purity","Good Instincts"],"picked":"Finesse","floor":37},{"not_picked":["Secret Technique","Blind","Purity"],"picked":"Deep Breath","floor":37},{"not_picked":["Twin Strike","Disarm","Infernal Blade"],"picked":"Seeing Red","floor":38},{"not_picked":["Feel No Pain","Burning Pact","Thunderclap"],"picked":"Evolve","floor":42}],"player_experience":396128,"potions_floor_usage":[12,18,24,33,38,50,50,50],"damage_taken":[{"damage":0,"enemies":"Small Slimes","floor":1,"turns":2},{"damage":0,"enemies":"2 Louse","floor":4,"turns":2},{"damage":0,"enemies":"Cultist","floor":5,"turns":4},{"damage":1,"enemies":"2 Fungi Beasts","floor":7,"turns":3},{"damage":0,"enemies":"3 Louse","floor":10,"turns":1},{"damage":4,"enemies":"Looter","floor":11,"turns":2},{"damage":4,"enemies":"Lagavulin","floor":12,"turns":3},{"damage":0,"enemies":"Exordium Wildlife","floor":13,"turns":3},{"damage":4,"enemies":"The Guardian","floor":16,"turns":6},{"damage":7,"enemies":"2 Thieves","floor":18,"turns":3},{"damage":4,"enemies":"Spheric Guardian","floor":19,"turns":3},{"damage":4,"enemies":"Snake Plant","floor":20,"turns":1},{"damage":15,"enemies":"Book of Stabbing","floor":24,"turns":4},{"damage":4,"enemies":"Cultist and Chosen","floor":25,"turns":2},{"damage":8,"enemies":"Centurion and Healer","floor":27,"turns":4},{"damage":4,"enemies":"Snake Plant","floor":28,"turns":2},{"damage":4,"enemies":"3 Cultists","floor":30,"turns":1},{"damage":15,"enemies":"Collector","floor":33,"turns":5},{"damage":14,"enemies":"Orb Walker","floor":35,"turns":3},{"damage":4,"enemies":"3 Shapes","floor":36,"turns":1},{"damage":16,"enemies":"Maw","floor":38,"turns":5},{"damage":16,"enemies":"4 Shapes","floor":42,"turns":2},{"damage":4,"enemies":"Giant Head","floor":44,"turns":5},{"damage":0,"enemies":"3 Darklings","floor":47,"turns":2},{"damage":11,"enemies":"Maw","floor":48,"turns":5},{"damage":64,"enemies":"Donu and Deca","floor":50,"turns":6}],"event_choices":[{"event_name":"The Cleric","player_choice":"Card Removal","floor":2,"damage_taken":0},{"event_name":"Big Fish","player_choice":"Box","floor":14,"damage_taken":0},{"event_name":"Ghosts","player_choice":"Ignored","floor":21,"damage_taken":0},{"event_name":"SensoryStone","player_choice":"Memory 3","floor":37,"damage_taken":0},{"event_name":"Winding Halls","player_choice":"Embrace Madness","floor":45,"damage_taken":0}],"boss_relics":[{"not_picked":["Orrery","Black Blood"],"picked":"Black Star"},{"not_picked":["Runic Pyramid","Eternal Feather"],"picked":"Astrolabe"}],"potions_floor_spawned":[1,7,10,12,16,18,20,27,28,35,42,48],"seed_played":"-391097367170320496","ascension_level":0,"is_trial":false}