{"gold_per_floor":[110,37,37,47,67,67,94,107,137,87,87,97,108,108,108,108],"floor_reached":16,"playtime":383,"items_purged":["Strike_G"],"score":204,"play_id":"82dc9f7a-9c0e-492a-ada4-8ba1d210ece5","local_time":"20181117120602","is_ascension_mode":true,"campfire_choices":[{"data":"Dash","floor":6,"key":"SMITH"},{"data":"Neutralize","floor":11,"key":"SMITH"},{"data":"Well Laid Plans","floor":15,"key":"SMITH"}],"neow_cost":"NONE","seed_source_timestamp":4927444901392,"circlet_count":0,"master_deck":["AscendersBane","Defend_G","Defend_G","Defend_G","Defend_G","Defend_G","Strike_G","Strike_G","Strike_G","Survivor","Neutralize+1","Escape Plan","Dash+1","Well Laid Plans+1","PiercingWail"],"relics":["Ring of the Snake","NeowsBlessing","Smiling Mask","Singing Bowl","Tiny Chest"],"potions_floor_usage":[7,12,12],"damage_taken":[{"damage":0,"enemies":"Jaw Worm","floor":1,"turns":1},{"damage":0,"enemies":"Cultist","floor":4,"turns":1},{"damage":0,"enemies":"2 Louse","floor":5,"turns":1},{"damage":67,"enemies":"3 Sentries","floor":7,"turns":19},{"damage":1,"enemies":"Blue Slaver","floor":8,"turns":5},{"damage":11,"enemies":"Exordium Thugs","floor":12,"turns":7},{"damage":3,"enemies":"Exordium Wildlife","floor":13,"turns":6},{"damage":0,"enemies":"Hexaghost","floor":16,"turns":3}],"seed_played":"-3336774184908613752","potions_obtained":[{"floor":4,"key":"Regen Potion"},{"floor":5,"key":"Block Potion"},{"floor":7,"key":"Regen Potion"}],"is_trial":false,"path_per_floor":["M","?","$","M","M","R","E","M","T","$","R","M","M","?","R","B"],"character_chosen":"THE_SILENT","items_purchased":[],"campfire_rested":0,"item_purchase_floors":[],"current_hp_per_floor":[59,59,59,59,59,59,7,6,6,6,6,9,8,1,1,1],"gold":108,"neow_bonus":"THREE_ENEMY_KILL","is_prod":false,"is_daily":false,"chose_seed":false,"campfire_upgraded":3,"win_rate":0,"timestamp":1542427562,"path_taken":["M","?","?","M","?","R","E","M","T","$","R","M","M","?","R","BOSS"],"build_version":"2018-11-15","purchased_purges":1,"victory":false,"max_hp_per_floor":[66,66,66,66,66,66,66,66,66,66,66,68,70,70,70,70],"card_choices":[{"not_picked":["Quick Slash","Dodge and Roll","Dagger Spray"],"picked":"SKIP","floor":1},{"not_picked":["Bane","Caltrops"],"picked":"Escape Plan","floor":4},{"not_picked":["Prepared","Quick Slash"],"picked":"Dash","floor":5},{"not_picked":["Blade Dance","PiercingWail"],"picked":"Well Laid Plans","floor":7},{"not_picked":["Sucker Punch","Outmaneuver"],"picked":"PiercingWail","floor":8},{"not_picked":["Outmaneuver","Flying Knee","Noxious Fumes"],"picked":"Singing Bowl","floor":12},{"not_picked":["Cloak And Dagger","Finisher","Catalyst"],"picked":"Singing Bowl","floor":13}],"player_experience":1089320,"relics_obtained":[{"floor":7,"key":"Singing Bowl"},{"floor":9,"key":"Tiny Chest"}],"event_choices":[{"damage_healed":0,"gold_gain":0,"player_choice":"Paid Gold","damage_taken":0,"relics_obtained":["Smiling Mask"],"max_hp_gain":0,"max_hp_loss":0,"event_name":"WeMeetAgain","floor":2,"gold_loss":73},{"cards_removed":["Strike_G"],"damage_healed":0,"gold_gain":0,"player_choice":"Card Removal","damage_taken":7,"max_hp_gain":0,"max_hp_loss":0,"event_name":"Golden Wing","floor":14,"gold_loss":0}],"is_beta":true,"boss_relics":[],"items_purged_floors":[10],"is_endless":false,"potions_floor_spawned":[4,5,7],"killed_by":"Hexaghost","ascension_level":20}