{"gold_per_floor":[14,14,31,31,44,44,62,62,62,76,76,20,20,51,51,125,125,135,135,135,180,11,37,37,37,119,139,158,187,206,26,26,105,105,117,128,53,63,285,285,311,311,391,391,406,406,406,441,441,441,441,441,441,3,32,32],"floor_reached":57,"playtime":1713,"items_purged":["Cloak And Dagger+1","Survivor"],"score":3277,"play_id":"e1720b86-7f09-4c61-8abd-ea30a32a9729","local_time":"20190805111445","is_ascension_mode":true,"campfire_choices":[{"data":"A Thousand Cuts","floor":6.0,"key":"SMITH"},{"data":"Neutralize","floor":8.0,"key":"SMITH"},{"data":"Prepared","floor":11.0,"key":"SMITH"},{"data":"Cloak And Dagger","floor":15.0,"key":"SMITH"},{"data":"Footwork","floor":24.0,"key":"SMITH"},{"data":"Well Laid Plans","floor":32.0,"key":"SMITH"},{"data":"Backflip","floor":40,"key":"SMITH"},{"data":"Calculated Gamble","floor":42,"key":"SMITH"},{"floor":44,"key":"RECALL"},{"data":"Backflip","floor":46,"key":"SMITH"},{"data":"Grand Finale","floor":49,"key":"SMITH"},{"data":"Grand Finale","floor":53,"key":"SMITH"}],"neow_cost":"NO_GOLD","seed_source_timestamp":755436325833500,"circlet_count":0,"master_deck":["AscendersBane","Neutralize+1","A Thousand Cuts+1","Prepared+1","Footwork+1","Blur","Backflip+1","Well Laid Plans+1","Backflip+1","Adrenaline","Grand Finale+1","Grand Finale+1","Calculated Gamble+1"],"special_seed":0,"relics":["Ring of the Snake","Pantograph","Matryoshka","Pandora\u0027s Box","MutagenicStrength","Lantern","PreservedInsect","Boot","Centennial Puzzle","Oddly Smooth Stone","Sundial","Red Mask","Coffee Dripper","Letter Opener","Pen Nib","Gambling Chip","Orichalcum"],"potions_floor_usage":[],"damage_taken":[{"damage":3.0,"enemies":"Jaw Worm","floor":1.0,"turns":5.0},{"damage":3.0,"enemies":"Cultist","floor":3.0,"turns":5.0},{"damage":0.0,"enemies":"2 Louse","floor":5.0,"turns":3.0},{"damage":6.0,"enemies":"Looter","floor":7.0,"turns":4.0},{"damage":8.0,"enemies":"Large Slime","floor":10.0,"turns":6.0},{"damage":33.0,"enemies":"Gremlin Nob","floor":14.0,"turns":5.0},{"damage":26.0,"enemies":"Slime Boss","floor":16.0,"turns":13.0},{"damage":9.0,"enemies":"Shell Parasite","floor":18.0,"turns":4.0},{"damage":10.0,"enemies":"Book of Stabbing","floor":23.0,"turns":4.0},{"damage":9.0,"enemies":"2 Thieves","floor":27.0,"turns":3.0},{"damage":0.0,"enemies":"Snecko","floor":28.0,"turns":5.0},{"damage":0.0,"enemies":"Masked Bandits","floor":29.0,"turns":2.0},{"damage":0.0,"enemies":"3 Cultists","floor":30.0,"turns":3.0},{"damage":0.0,"enemies":"Collector","floor":33.0,"turns":4.0},{"damage":0,"enemies":"3 Darklings","floor":35,"turns":1},{"damage":0,"enemies":"3 Shapes","floor":36,"turns":1},{"damage":6,"enemies":"Jaw Worm Horde","floor":38,"turns":2},{"damage":0,"enemies":"Giant Head","floor":41,"turns":2},{"damage":0,"enemies":"Spire Growth","floor":45,"turns":2},{"damage":0,"enemies":"Nemesis","floor":48,"turns":1},{"damage":0,"enemies":"Time Eater","floor":50,"turns":4},{"damage":0,"enemies":"Awakened One","floor":51,"turns":3},{"damage":0,"enemies":"Shield and Spear","floor":55,"turns":1},{"damage":0,"enemies":"The Heart","floor":56,"turns":5}],"seed_played":"-7735193440357293812","potions_obtained":[{"floor":3.0,"key":"AttackPotion"},{"floor":5.0,"key":"SpeedPotion"},{"floor":7.0,"key":"Weak Potion"},{"floor":14.0,"key":"GhostInAJar"},{"floor":18.0,"key":"Fruit Juice"},{"floor":29.0,"key":"Explosive Potion"},{"floor":30.0,"key":"FairyPotion"},{"floor":36,"key":"GhostInAJar"}],"is_trial":false,"path_per_floor":["M","?","M","$","M","R","M","R","T","M","R","$","?","E","R","B",null,"M","?","?","T","$","E","R","$","T","M","M","?","M","$","R","B",null,"M","M","$","M","?","R","E","R","T","R","M","R","?","E","R","B","B",null,"R","$","E","B",null],"character_chosen":"THE_SILENT","items_purchased":["Cloak And Dagger","Boot","Adrenaline","Gambling Chip"],"campfire_rested":0,"item_purchase_floors":[12,22,31,54],"current_hp_per_floor":[56,56,53,53,53,53,47,47,47,39,39,39,39,6,6,5,51,47,47,47,47,47,37,37,37,37,28,28,28,28,28,28,53,67,67,67,67,61,61,61,61,61,61,61,61,61,61,61,61,71,71,71,71,71,71,71],"gold":32,"neow_bonus":"THREE_RARE_CARDS","is_prod":false,"is_daily":false,"chose_seed":false,"campfire_upgraded":11,"win_rate":0,"timestamp":1564974885,"path_taken":["M","?","?","$","M","R","M","R","T","M","R","$","?","E","R","BOSS","M","?","?","?","$","E","R","?","T","?","M","?","M","$","R","BOSS","M","M","$","M","?","R","E","R","T","R","M","R","?","E","R","BOSS","BOSS","R","$","E","BOSS"],"build_version":"2019-07-17","purchased_purges":2,"victory":true,"max_hp_per_floor":[66,66,66,66,66,66,66,66,66,66,66,66,66,66,66,66,66,71,71,71,71,71,71,71,71,71,71,71,71,71,71,71,71,71,71,71,71,71,71,71,71,71,71,71,71,71,71,71,71,71,71,71,71,71,71,71],"card_choices":[{"not_picked":["Envenom","Corpse Explosion"],"picked":"A Thousand Cuts","floor":0.0},{"not_picked":["Backflip","Setup","Acrobatics"],"picked":"SKIP","floor":1.0},{"not_picked":["Dodge and Roll","Deflect","Slice"],"picked":"SKIP","floor":3.0},{"not_picked":["Poisoned Stab","Venomology","Distraction"],"picked":"SKIP","floor":5.0},{"not_picked":["Prepared","Sucker Punch","Dodge and Roll"],"picked":"SKIP","floor":7.0},{"not_picked":["Sucker Punch","Dodge and Roll"],"picked":"Prepared","floor":7.0},{"not_picked":["Sucker Punch","Poisoned Stab"],"picked":"Footwork","floor":10.0},{"not_picked":["Expertise","Deadly Poison","Flying Knee"],"picked":"SKIP","floor":14.0},{"not_picked":["Dagger Throw","Quick Slash","Slice"],"picked":"SKIP","floor":18.0},{"not_picked":["Dagger Throw","Quick Slash","Slice"],"picked":"SKIP","floor":18.0},{"not_picked":["Prepared","Outmaneuver","Blur"],"picked":"SKIP","floor":23.0},{"not_picked":["Prepared","Outmaneuver"],"picked":"Blur","floor":23.0},{"not_picked":["Dagger Spray","Footwork"],"picked":"Backflip","floor":27.0},{"not_picked":["Underhanded Strike","Endless Agony"],"picked":"Well Laid Plans","floor":28.0},{"not_picked":["Sucker Punch","Venomology"],"picked":"Backflip","floor":30.0},{"not_picked":["Doppelganger","Night Terror"],"picked":"Grand Finale","floor":33.0},{"not_picked":["Prepared","Backflip","Blade Dance"],"picked":"SKIP","floor":35},{"not_picked":["Blade Dance+1","Underhanded Strike"],"picked":"Grand Finale","floor":36},{"not_picked":["Dagger Spray","Deflect","Outmaneuver"],"picked":"SKIP","floor":38},{"not_picked":["Prepared","Malaise"],"picked":"Calculated Gamble","floor":41},{"not_picked":["Tactician","Deflect","Flying Knee"],"picked":"SKIP","floor":45},{"not_picked":["Quick Slash","Acrobatics","Poisoned Stab"],"picked":"SKIP","floor":48},{"not_picked":["Escape Plan+1","Slice","All Out Attack"],"picked":"SKIP","floor":55}],"player_experience":730592,"relics_obtained":[{"floor":9.0,"key":"Pantograph"},{"floor":14.0,"key":"Matryoshka"},{"floor":21.0,"key":"Lantern"},{"floor":21.0,"key":"PreservedInsect"},{"floor":23.0,"key":"Centennial Puzzle"},{"floor":26.0,"key":"Oddly Smooth Stone"},{"floor":26.0,"key":"Sundial"},{"floor":29.0,"key":"Red Mask"},{"floor":41,"key":"Letter Opener"},{"floor":48,"key":"Pen Nib"},{"floor":55,"key":"Orichalcum"}],"event_choices":[{"cards_removed":["Strike_G"],"damage_healed":0.0,"max_hp_gain":0.0,"max_hp_loss":0.0,"gold_gain":0.0,"event_name":"Purifier","player_choice":"Purged","floor":2.0,"gold_loss":0.0,"damage_taken":0.0},{"damage_healed":0.0,"max_hp_gain":0.0,"max_hp_loss":0.0,"gold_gain":0.0,"event_name":"Liars Game","player_choice":"Ignored","floor":13.0,"gold_loss":0.0,"damage_taken":0.0},{"damage_healed":0.0,"max_hp_gain":0.0,"max_hp_loss":0.0,"gold_gain":0.0,"event_name":"The Mausoleum","player_choice":"Ignored","floor":19.0,"gold_loss":0.0,"damage_taken":0.0},{"damage_healed":0.0,"max_hp_gain":0.0,"max_hp_loss":0.0,"gold_gain":0.0,"event_name":"Drug Dealer","player_choice":"Inject Mutagens","floor":20.0,"gold_loss":0.0,"damage_taken":0.0,"relics_obtained":["MutagenicStrength"]},{"damage_healed":0.0,"max_hp_gain":0.0,"max_hp_loss":0.0,"gold_gain":0.0,"event_name":"Masked Bandits","player_choice":"Fought Bandits","floor":29.0,"gold_loss":0.0,"damage_taken":0.0},{"damage_healed":0,"gold_gain":222,"player_choice":"Wore Mask","damage_taken":0,"max_hp_gain":0,"max_hp_loss":0,"event_name":"Tomb of Lord Red Mask","floor":39,"gold_loss":0},{"damage_healed":0,"gold_gain":0,"player_choice":"Ignored","damage_taken":0,"max_hp_gain":0,"max_hp_loss":0,"event_name":"SecretPortal","floor":47,"gold_loss":0}],"is_beta":false,"boss_relics":[{"not_picked":["Fusion Hammer","Busted Crown"],"picked":"Pandora\u0027s Box"},{"not_picked":["Philosopher\u0027s Stone","Tiny House"],"picked":"Coffee Dripper"}],"items_purged_floors":[37,54],"is_endless":false,"potions_floor_spawned":[3,5,7,14,18,29,30,36,45,55],"ascension_level":20}