{"gold_per_floor":[110,126,126,143,143,143,168,187,187,7,7],"floor_reached":11,"playtime":154,"items_purged":[],"score":146,"play_id":"020be70a-1cda-46d3-879a-e9fb7e4d0b83","local_time":"20190223160959","is_ascension_mode":true,"campfire_choices":[{"floor":6,"key":"REST"}],"neow_cost":"NONE","seed_source_timestamp":505147137163981,"circlet_count":0,"master_deck":["AscendersBane","Strike_B","Strike_B","Strike_B","Strike_B","Defend_B+1","Defend_B","Defend_B+1","Defend_B","Zap","Dualcast","Loop","Doom and Gloom","Ball Lightning","FTL","Reinforced Body","Apotheosis"],"relics":["Cracked Core","NeowsBlessing","Frozen Egg 2","Gremlin Horn","Singing Bowl"],"potions_floor_usage":[],"damage_taken":[{"damage":0,"enemies":"2 Louse","floor":1,"turns":1},{"damage":0,"enemies":"Small Slimes","floor":2,"turns":1},{"damage":0,"enemies":"Jaw Worm","floor":4,"turns":1},{"damage":19,"enemies":"Lagavulin","floor":7,"turns":7},{"damage":9,"enemies":"Red Slaver","floor":8,"turns":3},{"damage":10,"enemies":"Large Slime","floor":11,"turns":1}],"seed_played":"-7326473271618064527","potions_obtained":[{"floor":8,"key":"Ancient Potion"}],"is_trial":false,"path_per_floor":["M","M","?","M","?","R","E","M","T","$","M"],"character_chosen":"DEFECT","items_purchased":["Apotheosis"],"campfire_rested":1,"item_purchase_floors":[10],"current_hp_per_floor":[64,64,29,29,8,29,10,1,1,1,0],"gold":7,"neow_bonus":"THREE_ENEMY_KILL","is_prod":false,"is_daily":false,"chose_seed":false,"campfire_upgraded":0,"win_rate":0,"timestamp":1550909399,"path_taken":["M","M","?","M","?","R","E","M","T","?","?"],"build_version":"2019-01-23","purchased_purges":0,"victory":false,"max_hp_per_floor":[71,71,71,71,71,71,71,71,71,71,71],"card_choices":[{"not_picked":["Beam Cell","Barrage"],"picked":"Loop","floor":1},{"not_picked":["Sweeping Beam","Conserve Battery"],"picked":"Doom and Gloom","floor":2},{"not_picked":["Compile Driver","Hologram"],"picked":"Ball Lightning","floor":4},{"not_picked":["Melter","Lockon"],"picked":"FTL","floor":7},{"not_picked":["Gash","Leap"],"picked":"Reinforced Body","floor":8}],"player_experience":936857,"relics_obtained":[{"floor":7,"key":"Gremlin Horn"},{"floor":9,"key":"Singing Bowl"}],"event_choices":[{"damage_healed":0,"gold_gain":0,"player_choice":"Success","damage_taken":35,"relics_obtained":["Frozen Egg 2"],"max_hp_gain":0,"max_hp_loss":0,"event_name":"Scrap Ooze","floor":3,"gold_loss":0},{"damage_healed":0,"gold_gain":0,"player_choice":"Entered Light","damage_taken":21,"max_hp_gain":0,"max_hp_loss":0,"event_name":"Shining Light","floor":5,"gold_loss":0,"cards_upgraded":["Defend_B","Defend_B"]}],"is_beta":false,"boss_relics":[],"items_purged_floors":[],"is_endless":false,"potions_floor_spawned":[8],"killed_by":"Large Slime","ascension_level":20}