{"gold_per_floor":[109,124,140,140,120,120,120,120,165,193,118,145,145,160,160,264,264,274,674,724,228,228,228,242,242,242,262,282,75,89,101,101,200,200,217,217,235,62,81,81,98,110,182,192,192,0,20,32,32],"floor_reached":49,"playtime":1360,"items_purged":["Strike_R","Defend_R","Strike_R"],"score":726,"play_id":"0b6a54b0-95d1-4d97-a09c-f65e0549eaf1","local_time":"20180921013131","is_ascension_mode":true,"campfire_choices":[{"data":"Bash","floor":6.0,"key":"SMITH"},{"data":"Thunderclap","floor":8.0,"key":"SMITH"},{"data":"Clash","floor":13.0,"key":"SMITH"},{"data":"Cleave","floor":15.0,"key":"SMITH"},{"data":"Shrug It Off","floor":23.0,"key":"SMITH"},{"data":"Shrug It Off","floor":25.0,"key":"SMITH"},{"floor":32.0,"key":"REST"},{"data":"Shrug It Off","floor":40.0,"key":"SMITH"},{"floor":45,"key":"REST"},{"floor":49,"key":"REST"}],"neow_cost":"NONE","seed_source_timestamp":44882890556514,"circlet_count":0,"master_deck":["Strike_R","Strike_R+1","Defend_R","Defend_R","Bash+1","Thunderclap+1","Cleave+1","Clash+1","Pommel Strike+1","Shrug It Off+1","Shrug It Off+1","Headbutt+1","Battle Trance+1"],"special_seed":0,"relics":["Burning Blood","NeowsBlessing","Mercury Hourglass","Bag of Preparation","PreservedInsect","Pen Nib","Busted Crown","Old Coin","Question Card","Whetstone","Toolbox","Dead Branch","Medical Kit","White Beast Statue","Dodecahedron","Red Mask"],"potions_floor_usage":[42,44,47,48,48],"damage_taken":[{"damage":0.0,"enemies":"2 Louse","floor":1.0,"turns":1.0},{"damage":0.0,"enemies":"Jaw Worm","floor":2.0,"turns":1.0},{"damage":0.0,"enemies":"Cultist","floor":3.0,"turns":1.0},{"damage":20.0,"enemies":"Gremlin Nob","floor":10.0,"turns":4.0},{"damage":10.0,"enemies":"3 Sentries","floor":12.0,"turns":4.0},{"damage":0.0,"enemies":"Gremlin Gang","floor":14.0,"turns":2.0},{"damage":13.0,"enemies":"Slime Boss","floor":16.0,"turns":6.0},{"damage":0.0,"enemies":"3 Byrds","floor":18.0,"turns":3.0},{"damage":8.0,"enemies":"Colosseum Slavers","floor":19.0,"turns":2.0},{"damage":46.0,"enemies":"Colosseum Nobs","floor":19.0,"turns":4.0},{"damage":17.0,"enemies":"2 Thieves","floor":24.0,"turns":3.0},{"damage":0.0,"enemies":"Snake Plant","floor":27.0,"turns":2.0},{"damage":21.0,"enemies":"Snecko","floor":28.0,"turns":4.0},{"damage":7.0,"enemies":"Centurion and Healer","floor":30.0,"turns":5.0},{"damage":1.0,"enemies":"Cultist and Chosen","floor":31.0,"turns":3.0},{"damage":3.0,"enemies":"Collector","floor":33.0,"turns":5.0},{"damage":21.0,"enemies":"3 Darklings","floor":35.0,"turns":3.0},{"damage":2.0,"enemies":"Orb Walker","floor":37.0,"turns":2.0},{"damage":15.0,"enemies":"4 Shapes","floor":39.0,"turns":4.0},{"damage":50.0,"enemies":"Spire Growth","floor":41.0,"turns":5.0},{"damage":0,"enemies":"Transient","floor":42,"turns":5},{"damage":11,"enemies":"4 Shapes","floor":44,"turns":3},{"damage":29,"enemies":"Spire Growth","floor":47,"turns":4},{"damage":16,"enemies":"Transient","floor":48,"turns":5}],"seed_played":"7853098765183077410","potions_obtained":[{"floor":1.0,"key":"EssenceOfSteel"},{"floor":2.0,"key":"BloodPotion"},{"floor":5.0,"key":"Block Potion"},{"floor":10.0,"key":"Strength Potion"},{"floor":16.0,"key":"Poison Potion"},{"floor":19.0,"key":"Dexterity Potion"},{"floor":24.0,"key":"Weak Potion"},{"floor":30.0,"key":"Strength Potion"},{"floor":35.0,"key":"Dexterity Potion"},{"floor":37.0,"key":"BloodPotion"},{"floor":39.0,"key":"EssenceOfSteel"},{"floor":41.0,"key":"PowerPotion"},{"floor":42,"key":"Swift Potion"},{"floor":44,"key":"Weak Potion"},{"floor":47,"key":"Explosive Potion"},{"floor":48,"key":"EssenceOfSteel"}],"is_trial":false,"path_per_floor":["M","M","M","?","?","R","?","R","T","E","$","E","R","M","R","B",null,"M","?","?","$","?","R","M","R","T","M","M","$","M","M","R","B",null,"M","?","M","$","M","R","M","M","T","M","R","?","M","M"],"character_chosen":"IRONCLAD","items_purchased":["Shrug It Off","Whetstone","Toolbox","Medical Kit","Shrug It Off"],"campfire_rested":3,"item_purchase_floors":[21,21,21,29,38],"current_hp_per_floor":[78,80,80,80,80,80,80,80,80,74,74,70,70,76,76,69,77,80,38,38,38,38,38,35,35,35,41,26,26,25,30,54,57,74,59,59,63,63,62,62,18,24,24,19,43,43,20,10,34],"gold":32,"neow_bonus":"THREE_ENEMY_KILL","is_prod":false,"is_daily":false,"chose_seed":false,"campfire_upgraded":7,"win_rate":0,"timestamp":1537464691,"path_taken":["M","M","M","?","?","R","?","R","T","E","$","E","R","?","R","BOSS","M","?","?","$","?","R","?","R","T","?","M","?","M","M","R","BOSS","M","?","M","$","M","R","M","?","T","M","R","?","M","M","R"],"build_version":"2018-09-06","purchased_purges":3,"victory":false,"max_hp_per_floor":[80,80,80,80,80,80,80,80,80,80,80,80,80,80,80,80,80,80,80,80,80,80,80,80,80,80,80,80,80,80,80,80,80,80,80,80,80,80,80,80,80,80,80,80,80,80,80,80,80],"card_choices":[{"not_picked":["Uppercut","Infernal Blade","Entrench"],"picked":"SKIP","floor":1.0},{"not_picked":["Warcry","Sword Boomerang"],"picked":"Thunderclap","floor":2.0},{"not_picked":["Body Slam","Anger"],"picked":"Cleave","floor":3.0},{"not_picked":["Searing Blow","Anger"],"picked":"Clash","floor":10.0},{"not_picked":["Corruption","Sentinel"],"picked":"Pommel Strike","floor":12.0},{"not_picked":["Thunderclap","Combust","Heavy Blade"],"picked":"SKIP","floor":14.0},{"not_picked":["Clothesline"],"picked":"SKIP","floor":18.0},{"not_picked":["Sever Soul"],"picked":"Shrug It Off","floor":24.0},{"not_picked":["Pommel Strike+1","True Grit"],"picked":"SKIP","floor":27.0},{"not_picked":["Twin Strike","Wild Strike"],"picked":"SKIP","floor":28.0},{"not_picked":["True Grit","Dropkick"],"picked":"SKIP","floor":30.0},{"not_picked":["Perfected Strike","Clothesline"],"picked":"SKIP","floor":31.0},{"not_picked":["Heavy Blade","Entrench"],"picked":"SKIP","floor":35.0},{"not_picked":["Headbutt","Rupture"],"picked":"SKIP","floor":37.0},{"not_picked":["Entrench+1","Disarm+1"],"picked":"SKIP","floor":39.0},{"not_picked":["Pommel Strike+1"],"picked":"Headbutt+1","floor":41.0},{"not_picked":["Thunderclap+1","Feel No Pain"],"picked":"SKIP","floor":42},{"not_picked":["Anger+1","Clothesline"],"picked":"SKIP","floor":44},{"not_picked":["Warcry"],"picked":"Battle Trance+1","floor":47},{"not_picked":["Clothesline+1","Bloodletting"],"picked":"SKIP","floor":48}],"player_experience":57548,"relics_obtained":[{"floor":9.0,"key":"Bag of Preparation"},{"floor":10.0,"key":"PreservedInsect"},{"floor":12.0,"key":"Pen Nib"},{"floor":19.0,"key":"Old Coin"},{"floor":19.0,"key":"Question Card"},{"floor":26.0,"key":"Dead Branch"},{"floor":43,"key":"Dodecahedron"}],"event_choices":[{"event_name":"Living Wall","player_choice":"Forget","floor":4.0,"damage_taken":0.0},{"event_name":"The Woman in Blue","player_choice":"Bought 1 Potion","floor":5.0,"damage_taken":0.0},{"event_name":"Dead Adventurer","player_choice":"Searched \u00271\u0027 times","floor":7.0,"damage_taken":0.0},{"event_name":"Colosseum","player_choice":"Fight","floor":19.0,"damage_taken":0.0},{"event_name":"Colosseum","player_choice":"Fought Nobs","floor":19.0,"damage_taken":0.0},{"event_name":"The Joust","player_choice":"Bet on Murderer","floor":20.0,"damage_taken":0.0},{"event_name":"Back to Basics","player_choice":"Elegance","floor":22.0,"damage_taken":0.0},{"event_name":"Falling","player_choice":"Removed Skill","floor":36.0,"damage_taken":0.0},{"event_name":"Tomb of Lord Red Mask","player_choice":"Paid","floor":46,"damage_taken":0}],"is_beta":false,"boss_relics":[{"not_picked":["Eternal Feather","Black Star"],"picked":"Busted Crown"},{"not_picked":["Runic Cube","Mark of Pain"],"picked":"White Beast Statue"}],"items_purged_floors":[11,21,38],"is_endless":false,"potions_floor_spawned":[1,2,10,16,19,24,28,30,35,37,39,41,42,44,47,48],"ascension_level":8}