{"gold_per_floor":[111,121,121,121,132,132,132,132,132,166,180,213,138,9,9,9],"floor_reached":16,"playtime":338,"items_purged":[],"score":216,"play_id":"71609184-7d5e-43ab-995e-070e2bf686f8","local_time":"20190313154959","is_ascension_mode":true,"campfire_choices":[{"data":"Zap","floor":6.0,"key":"SMITH"},{"data":"Dualcast","floor":8.0,"key":"SMITH"},{"data":"Coolheaded","floor":15,"key":"SMITH"}],"neow_cost":"NONE","seed_source_timestamp":939785309534625,"circlet_count":0,"master_deck":["AscendersBane","Strike_B","Strike_B","Defend_B","Defend_B","Defend_B","Defend_B","Zap+1","Dualcast+1","Stack","Cold Snap","White Noise","Coolheaded+1","Core Surge","Tempest","Skim","Heatsinks"],"special_seed":0,"relics":["Cracked Core","NeowsBlessing","Golden Idol","Boot","Bottled Lightning","Orichalcum"],"potions_floor_usage":[12],"damage_taken":[{"damage":0.0,"enemies":"Small Slimes","floor":1.0,"turns":1.0},{"damage":0.0,"enemies":"Jaw Worm","floor":2.0,"turns":1.0},{"damage":0.0,"enemies":"2 Louse","floor":5.0,"turns":1.0},{"damage":12.0,"enemies":"3 Sentries","floor":10.0,"turns":8.0},{"damage":8,"enemies":"Looter","floor":11,"turns":3},{"damage":18,"enemies":"Lagavulin","floor":12,"turns":7},{"damage":21,"enemies":"Slime Boss","floor":16,"turns":7}],"seed_played":"6111919839919798437","potions_obtained":[{"floor":2.0,"key":"FocusPotion"},{"floor":11,"key":"FearPotion"}],"is_trial":false,"path_per_floor":["M","M","?","?","M","R","?","R","T","E","M","E","?","$","R","B"],"character_chosen":"DEFECT","items_purchased":["Skim","Heatsinks"],"campfire_rested":0,"item_purchase_floors":[14,14],"current_hp_per_floor":[64,64,57,57,57,57,57,57,57,45,37,19,19,19,19,0],"gold":9,"neow_bonus":"THREE_ENEMY_KILL","is_prod":false,"is_daily":false,"chose_seed":false,"campfire_upgraded":3,"win_rate":0,"timestamp":1552463399,"path_taken":["M","M","?","?","M","R","?","R","T","E","M","E","?","$","R","BOSS"],"build_version":"2019-01-23","purchased_purges":0,"victory":false,"max_hp_per_floor":[71,71,71,71,71,71,64,64,64,64,64,64,64,64,64,64],"card_choices":[{"not_picked":["Leap","Streamline"],"picked":"Stack","floor":1.0},{"not_picked":["Hologram","Gash"],"picked":"Cold Snap","floor":2.0},{"not_picked":["Self Repair","Rebound"],"picked":"White Noise","floor":5.0},{"not_picked":["Turbo","Genetic Algorithm"],"picked":"Coolheaded","floor":10},{"not_picked":["Streamline","Redo"],"picked":"Core Surge","floor":11},{"not_picked":["Doom and Gloom","Rip and Tear"],"picked":"Tempest","floor":12}],"player_experience":1184792,"relics_obtained":[{"floor":9.0,"key":"Boot"},{"floor":10,"key":"Bottled Lightning"},{"floor":12,"key":"Orichalcum"}],"event_choices":[{"cards_removed":["Strike_B"],"damage_healed":0.0,"max_hp_gain":0.0,"max_hp_loss":0.0,"gold_gain":0.0,"event_name":"Golden Wing","player_choice":"Card Removal","floor":3.0,"gold_loss":0.0,"damage_taken":7.0},{"damage_healed":0.0,"max_hp_gain":0.0,"max_hp_loss":0.0,"gold_gain":0.0,"event_name":"Liars Game","player_choice":"Ignored","floor":4.0,"gold_loss":0.0,"damage_taken":0.0},{"damage_healed":0.0,"max_hp_gain":0.0,"max_hp_loss":7.0,"gold_gain":0.0,"event_name":"Golden Idol","player_choice":"Lose Max HP","floor":7.0,"gold_loss":0.0,"damage_taken":0.0,"relics_obtained":["Golden Idol"]},{"cards_removed":["Strike_B"],"damage_healed":0,"gold_gain":0,"player_choice":"Card Removal","damage_taken":0,"max_hp_gain":0,"max_hp_loss":0,"event_name":"The Cleric","floor":13,"gold_loss":75}],"is_beta":false,"boss_relics":[],"items_purged_floors":[],"is_endless":false,"potions_floor_spawned":[2,11],"killed_by":"Slime Boss","ascension_level":20}