{"gold_per_floor":[110,24,24,34,51,85,85,113,113,113,148,148,148,73,73,168,168,182,332,332,302,100,100,135,135,159,183,204,204,79,92,92,183,183,207,207,207,207,207,207,223,17,40,40,65,89,89,104,104,104,104],"floor_reached":51,"playtime":2024,"items_purged":["Strike_R","Defend_R","Defend_R","Defend_R"],"score":1411,"play_id":"dfa98ab0-ae34-4341-969e-c26ffcbd885f","local_time":"20190126185503","is_ascension_mode":true,"campfire_choices":[{"data":"Uppercut","floor":7.0,"key":"SMITH"},{"floor":10.0,"key":"REST"},{"data":"Havoc","floor":12.0,"key":"SMITH"},{"data":"Rampage","floor":15.0,"key":"SMITH"},{"data":"Offering","floor":23.0,"key":"SMITH"},{"data":"Purity","floor":25.0,"key":"SMITH"},{"floor":29.0,"key":"REST"},{"data":"Battle Trance","floor":32.0,"key":"SMITH"},{"data":"Fiend Fire","floor":40.0,"key":"SMITH"},{"data":"Evolve","floor":44.0,"key":"SMITH"},{"floor":47.0,"key":"REST"},{"floor":49.0,"key":"REST"}],"neow_cost":"NONE","seed_source_timestamp":34801407913131,"circlet_count":0,"master_deck":["AscendersBane","Uppercut+1","Evolve+1","Battle Trance+1","Havoc+1","Offering+1","Purity+1","Shockwave+1","Double Tap+1","Fiend Fire+1","True Grit+1","Warcry+1","Intimidate+1"],"special_seed":0,"relics":["Burning Blood","NeowsBlessing","Potion Belt","Dead Branch","Letter Opener","Darkstone Periapt","Golden Idol","Empty Cage","theJungle:SpiritDisease","Toxic Egg 2","Spirit Poop","Mark of Pain","Boot"],"potions_floor_usage":[51,51],"damage_taken":[{"damage":0.0,"enemies":"2 Louse","floor":1.0,"turns":1.0},{"damage":0.0,"enemies":"Cultist","floor":4.0,"turns":1.0},{"damage":0.0,"enemies":"Jaw Worm","floor":5.0,"turns":1.0},{"damage":35.0,"enemies":"3 Sentries","floor":6.0,"turns":15.0},{"damage":35.0,"enemies":"Gremlin Nob","floor":8.0,"turns":4.0},{"damage":25.0,"enemies":"Lagavulin","floor":11.0,"turns":7.0},{"damage":17.0,"enemies":"Hexaghost","floor":16.0,"turns":7.0},{"damage":24.0,"enemies":"Shell Parasite","floor":18.0,"turns":3.0},{"damage":6.0,"enemies":"theJungle:MamaSnecko","floor":24.0,"turns":2.0},{"damage":12.0,"enemies":"theJungle:Flameango_and_Byrd","floor":27.0,"turns":3.0},{"damage":9.0,"enemies":"Snake Plant","floor":28.0,"turns":2.0},{"damage":16.0,"enemies":"theJungle:Lyon","floor":31.0,"turns":5.0},{"damage":54.0,"enemies":"theJungle:FunGuy","floor":33.0,"turns":8.0},{"damage":18.0,"enemies":"Orb Walker","floor":35.0,"turns":1.0},{"damage":0.0,"enemies":"3 Shapes","floor":36.0,"turns":1.0},{"damage":12.0,"enemies":"Jaw Worm Horde","floor":41.0,"turns":2.0},{"damage":23.0,"enemies":"Transient","floor":45.0,"turns":6.0},{"damage":6.0,"enemies":"4 Shapes","floor":46.0,"turns":3.0},{"damage":12.0,"enemies":"Writhing Mass","floor":48.0,"turns":2.0},{"damage":30,"enemies":"Donu and Deca","floor":50,"turns":3},{"damage":28,"enemies":"Time Eater","floor":51,"turns":7}],"seed_played":"2927901657351783346","potions_obtained":[{"floor":4.0,"key":"Strength Potion"},{"floor":6.0,"key":"FairyPotion"},{"floor":8.0,"key":"EssenceOfSteel"},{"floor":11.0,"key":"LiquidBronze"},{"floor":21.0,"key":"EssenceOfSteel"},{"floor":21.0,"key":"SkillPotion"},{"floor":24.0,"key":"SmokeBomb"},{"floor":27.0,"key":"SpeedPotion"},{"floor":31.0,"key":"SpeedPotion"},{"floor":48.0,"key":"BloodPotion"}],"is_trial":false,"path_per_floor":["M","$","?","M","M","E","R","E","T","R","E","R","?","$","R","B",null,"M","?","?","?","$","R","E","R","T","M","M","R","$","M","R","B",null,"M","M","$","?","?","R","M","$","T","R","M","M","R","M","R","B","B"],"character_chosen":"IRONCLAD","items_purchased":["Evolve","Purity","Swift Potion"],"campfire_rested":4,"item_purchase_floors":[2,22,42],"current_hp_per_floor":[74,74,74,75,75,46,46,17,17,39,20,20,20,20,20,9,53,35,41,41,41,41,41,41,41,41,35,32,54,54,44,44,11,58,46,52,52,52,52,52,46,46,46,46,29,29,51,45,67,43,22],"gold":104,"neow_bonus":"THREE_ENEMY_KILL","is_prod":false,"is_daily":false,"chose_seed":false,"campfire_upgraded":8,"win_rate":0,"timestamp":1548500103,"path_taken":["M","$","?","?","M","E","R","E","T","R","E","R","?","$","R","BOSS","M","?","?","?","$","R","E","R","T","M","M","R","$","?","R","BOSS","M","M","$","?","?","R","M","$","T","R","?","M","R","M","R","BOSS","BOSS"],"build_version":"2019-01-23","purchased_purges":4,"victory":false,"max_hp_per_floor":[75,75,75,75,75,75,75,75,75,75,75,75,68,68,68,68,68,68,74,74,74,74,74,74,74,74,74,74,74,74,74,74,74,74,74,74,74,74,74,74,74,74,74,74,74,74,74,74,74,74,74],"card_choices":[{"not_picked":["Twin Strike","Intimidate"],"picked":"Uppercut","floor":1.0},{"not_picked":["Pommel Strike","Rage"],"picked":"Battle Trance","floor":4.0},{"not_picked":["Thunderclap","Sentinel","Perfected Strike"],"picked":"SKIP","floor":5.0},{"not_picked":["Sword Boomerang","Thunderclap"],"picked":"Rampage","floor":6.0},{"not_picked":["Thunderclap","Flex","Ghostly Armor"],"picked":"SKIP","floor":8.0},{"not_picked":["Havoc","Pommel Strike","Wild Strike"],"picked":"SKIP","floor":11.0},{"not_picked":["Pommel Strike","Wild Strike"],"picked":"Havoc","floor":11.0},{"not_picked":["Feed","Fiend Fire"],"picked":"Offering","floor":16.0},{"not_picked":["Thunderclap","Perfected Strike","Wild Strike"],"picked":"SKIP","floor":18.0},{"not_picked":["Clash","Iron Wave","Dark Embrace"],"picked":"SKIP","floor":24.0},{"not_picked":["Evolve","Sword Boomerang"],"picked":"Shockwave+1","floor":27.0},{"not_picked":["Twin Strike","Blood for Blood","Pommel Strike"],"picked":"SKIP","floor":28.0},{"not_picked":["Pommel Strike","Carnage","Sword Boomerang"],"picked":"SKIP","floor":31.0},{"not_picked":["Immolate","Berserk"],"picked":"Double Tap+1","floor":33.0},{"not_picked":["Perfected Strike","Clothesline","Flex+1"],"picked":"SKIP","floor":35.0},{"not_picked":["Thunderclap+1","Wild Strike"],"picked":"True Grit+1","floor":41.0},{"not_picked":["Wild Strike","Pommel Strike","Armaments+1"],"picked":"SKIP","floor":45.0},{"not_picked":["Flex+1","Wild Strike"],"picked":"Warcry+1","floor":46.0},{"not_picked":["Iron Wave+1","Twin Strike"],"picked":"Intimidate+1","floor":48.0}],"player_experience":2286100,"relics_obtained":[{"floor":6.0,"key":"Potion Belt"},{"floor":8.0,"key":"Dead Branch"},{"floor":9.0,"key":"Letter Opener"},{"floor":11.0,"key":"Darkstone Periapt"},{"floor":24.0,"key":"Toxic Egg 2"},{"floor":26.0,"key":"Spirit Poop"},{"floor":43.0,"key":"Boot"}],"event_choices":[{"cards_removed":["Strike_R"],"damage_healed":0.0,"max_hp_gain":0.0,"max_hp_loss":0.0,"gold_gain":0.0,"event_name":"Bonfire Elementals","player_choice":"Offered Basic","floor":3.0,"gold_loss":0.0,"damage_taken":0.0},{"damage_healed":0.0,"max_hp_gain":0.0,"max_hp_loss":7.0,"gold_gain":0.0,"event_name":"Golden Idol","player_choice":"Lose Max HP","floor":13.0,"gold_loss":0.0,"damage_taken":0.0,"relics_obtained":["Golden Idol"]},{"damage_healed":0.0,"max_hp_gain":0.0,"max_hp_loss":0.0,"gold_gain":0.0,"event_name":"The Woman in Blue","player_choice":"Bought 2 Potions","floor":21.0,"gold_loss":0.0,"damage_taken":0.0},{"cards_removed":["Rampage"],"damage_healed":0.0,"max_hp_gain":0.0,"max_hp_loss":0.0,"gold_gain":0.0,"event_name":"Falling","player_choice":"Removed Attack","floor":38.0,"gold_loss":0.0,"damage_taken":0.0},{"damage_healed":0.0,"max_hp_gain":0.0,"max_hp_loss":0.0,"gold_gain":0.0,"cards_transformed":["Defend_R"],"event_name":"Transmorgrifier","player_choice":"Transformed","floor":39.0,"gold_loss":0.0,"damage_taken":0.0,"cards_obtained":["Fiend Fire"]}],"is_beta":false,"boss_relics":[{"not_picked":["Orrery","White Beast Statue"],"picked":"Empty Cage"},{"not_picked":["Lizard Tail","Runic Cube"],"picked":"Mark of Pain"}],"items_purged_floors":[14,22,30,42],"is_endless":false,"potions_floor_spawned":[4,6,8,11,24,27,31,36,48],"killed_by":"Time Eater","ascension_level":20}