{"gold_per_floor":[12,12,26,46,58,58,73,102,153,170,196,213,213,288,288,360,360,379,379,379,410,23,23,23],"floor_reached":24,"playtime":629,"items_purged":[],"score":412,"play_id":"b8b939df-aee0-4b82-a01e-c971468d0acb","local_time":"20190601175006","is_ascension_mode":true,"campfire_choices":[{"data":"Hyperbeam","floor":6,"key":"SMITH"},{"data":"Dualcast","floor":13,"key":"SMITH"},{"data":"Zap","floor":15,"key":"SMITH"},{"data":"Recycle","floor":23,"key":"SMITH"}],"neow_cost":"NO_GOLD","seed_source_timestamp":3751545237964,"circlet_count":0,"master_deck":["AscendersBane","Strike_B","Strike_B","Defend_B","Defend_B","Defend_B","Defend_B","Zap+1","Dualcast+1","Bandage Up","Melter","Glacier","Tempest","Hyperbeam+1","Ball Lightning","Seek","Skim","Cold Snap+1","All For One+1","Go for the Eyes+1","Force Field","Recycle+1","Impatience"],"relics":["Cracked Core","Dream Catcher","Molten Egg 2","Blood Vial","Boot","Cursed Key","Red Mask","Frozen Egg 2"],"potions_floor_usage":[16,16,24],"damage_taken":[{"damage":3,"enemies":"2 Louse","floor":1,"turns":3},{"damage":1,"enemies":"Cultist","floor":3,"turns":3},{"damage":2,"enemies":"Jaw Worm","floor":4,"turns":3},{"damage":17,"enemies":"Large Slime","floor":5,"turns":6},{"damage":0,"enemies":"Looter","floor":7,"turns":3},{"damage":14,"enemies":"3 Sentries","floor":8,"turns":3},{"damage":2,"enemies":"2 Fungi Beasts","floor":10,"turns":3},{"damage":37,"enemies":"Lagavulin","floor":11,"turns":7},{"damage":8,"enemies":"Large Slime","floor":12,"turns":4},{"damage":8,"enemies":"Hexaghost","floor":16,"turns":9},{"damage":0,"enemies":"Spheric Guardian","floor":18,"turns":1},{"damage":31,"enemies":"Colosseum Slavers","floor":19,"turns":5},{"damage":0,"enemies":"Masked Bandits","floor":21,"turns":2},{"damage":41,"enemies":"Gremlin Leader","floor":24,"turns":4}],"seed_played":"3981910539597130548","potions_obtained":[{"floor":3,"key":"FocusPotion"},{"floor":7,"key":"Strength Potion"},{"floor":10,"key":"FearPotion"},{"floor":18,"key":"SpeedPotion"}],"is_trial":false,"path_per_floor":["M","?","M","M","M","R","M","E","T","M","E","M","R","?","R","B",null,"M","?","?","?","$","R","E"],"character_chosen":"DEFECT","items_purchased":["Frozen Egg 2","Impatience"],"campfire_rested":0,"item_purchase_floors":[22,22],"current_hp_per_floor":[65,65,68,70,57,57,61,51,51,55,24,22,22,11,11,9,56,58,33,33,35,35,35,0],"gold":23,"neow_bonus":"RANDOM_COLORLESS_2","is_prod":false,"is_daily":false,"chose_seed":false,"campfire_upgraded":4,"win_rate":0,"timestamp":1559382606,"path_taken":["M","?","M","M","M","R","M","E","T","M","E","?","R","?","R","BOSS","M","?","?","?","$","R","E"],"build_version":"2019-01-23","purchased_purges":0,"victory":false,"max_hp_per_floor":[71,71,71,71,71,71,71,71,71,71,71,71,71,71,71,71,71,71,71,71,71,71,71,71],"card_choices":[{"not_picked":["Leap","Beam Cell"],"picked":"Melter","floor":1},{"not_picked":["Turbo","Sweeping Beam"],"picked":"Glacier","floor":3},{"not_picked":["Beam Cell","Reinforced Body"],"picked":"Tempest","floor":4},{"not_picked":["Hello World","Cold Snap"],"picked":"Hyperbeam","floor":5},{"not_picked":["Gash","Steam"],"picked":"Ball Lightning","floor":7},{"not_picked":["Auto Shields","Scrape"],"picked":"Seek","floor":8},{"not_picked":["Rebound+1","Reprogram"],"picked":"Skim","floor":10},{"not_picked":["Gash+1","Genetic Algorithm"],"picked":"Cold Snap+1","floor":11},{"not_picked":["Cold Snap+1","Lockon+1","Barrage+1"],"picked":"SKIP","floor":12},{"not_picked":["Rainbow","Reboot"],"picked":"All For One+1","floor":16},{"not_picked":["Lockon+1","Chaos"],"picked":"Go for the Eyes+1","floor":18}],"player_experience":4967566,"relics_obtained":[{"floor":8,"key":"Molten Egg 2"},{"floor":9,"key":"Blood Vial"},{"floor":11,"key":"Boot"},{"floor":21,"key":"Red Mask"}],"event_choices":[{"cards_removed":["Forethought"],"damage_healed":0,"gold_gain":0,"player_choice":"Gave Card","damage_taken":0,"relics_obtained":["Dream Catcher"],"max_hp_gain":0,"max_hp_loss":0,"event_name":"WeMeetAgain","floor":2,"gold_loss":0},{"damage_healed":0,"gold_gain":75,"player_choice":"Gather Gold","damage_taken":11,"max_hp_gain":0,"max_hp_loss":0,"event_name":"World of Goop","floor":14,"gold_loss":0},{"damage_healed":0,"gold_gain":0,"player_choice":"Fight","damage_taken":0,"max_hp_gain":0,"max_hp_loss":0,"event_name":"Colosseum","floor":19,"gold_loss":0},{"damage_healed":0,"gold_gain":0,"player_choice":"Fled From Nobs","damage_taken":0,"max_hp_gain":0,"max_hp_loss":0,"event_name":"Colosseum","floor":19,"gold_loss":0},{"damage_healed":0,"gold_gain":0,"cards_transformed":["Strike_B","Strike_B"],"player_choice":"Became Test Subject","damage_taken":0,"max_hp_gain":0,"max_hp_loss":0,"event_name":"Drug Dealer","floor":20,"gold_loss":0,"cards_obtained":["Force Field","Recycle"]},{"damage_healed":0,"gold_gain":0,"player_choice":"Fought Bandits","damage_taken":0,"max_hp_gain":0,"max_hp_loss":0,"event_name":"Masked Bandits","floor":21,"gold_loss":0}],"is_beta":false,"boss_relics":[{"not_picked":["Ectoplasm","FrozenCore"],"picked":"Cursed Key"}],"items_purged_floors":[],"is_endless":false,"potions_floor_spawned":[3,7,8,10,11,18,19],"killed_by":"Gremlin Leader","ascension_level":20}