{"gold_per_floor":[19,119,119,131,146,146,172,172,195,224,243,243,257,268,268,364,364,381,381,396,416,426,426,459,479,531,531,212,127,127,141,141,141],"floor_reached":33,"playtime":1028,"items_purged":["Strike_R"],"score":446,"play_id":"6cf68d8b-e501-4af4-b0b3-1e94a7b965a7","local_time":"20181020011159","is_ascension_mode":true,"campfire_choices":[{"data":"Searing Blow","floor":6,"key":"SMITH"},{"data":"Searing Blow+1","floor":8,"key":"SMITH"},{"data":"Searing Blow+2","floor":12,"key":"SMITH"},{"data":"Searing Blow+3","floor":15,"key":"SMITH"},{"data":"Searing Blow+4","floor":23,"key":"SMITH"},{"data":"Searing Blow+5","floor":27,"key":"SMITH"},{"floor":30,"key":"REST"},{"data":"Searing Blow+6","floor":32,"key":"SMITH"}],"neow_cost":"NO_GOLD","seed_source_timestamp":198197777713022,"circlet_count":0,"master_deck":["Strike_R","Strike_R+1","Strike_R","Defend_R","Defend_R","Defend_R+1","Defend_R","Bash","AscendersBane","Searing Blow+7","Warcry","Seeing Red","Battle Trance","Disarm","Sentinel","Flex+1","Armaments","Whirlwind+1","Shrug It Off"],"relics":["Burning Blood","Incense Burner","PreservedInsect","Orichalcum","Dead Branch","Sozu","Potion Belt","Bag of Marbles","Pantograph","Question Card"],"potions_floor_usage":[10,13,16],"damage_taken":[{"damage":11,"enemies":"2 Louse","floor":1,"turns":3},{"damage":0,"enemies":"Cultist","floor":4,"turns":3},{"damage":6,"enemies":"Jaw Worm","floor":5,"turns":4},{"damage":18,"enemies":"Gremlin Nob","floor":7,"turns":5},{"damage":11,"enemies":"3 Sentries","floor":10,"turns":5},{"damage":3,"enemies":"Large Slime","floor":11,"turns":6},{"damage":3,"enemies":"Lots of Slimes","floor":13,"turns":4},{"damage":0,"enemies":"Red Slaver","floor":14,"turns":1},{"damage":26,"enemies":"The Guardian","floor":16,"turns":9},{"damage":0,"enemies":"Spheric Guardian","floor":18,"turns":3},{"damage":14,"enemies":"2 Thieves","floor":20,"turns":4},{"damage":9,"enemies":"Snake Plant","floor":21,"turns":3},{"damage":12,"enemies":"Shelled Parasite and Fungi","floor":22,"turns":5},{"damage":37,"enemies":"Slavers","floor":24,"turns":7},{"damage":19,"enemies":"Sentry and Sphere","floor":25,"turns":5},{"damage":0,"enemies":"Snecko","floor":31,"turns":2},{"damage":66,"enemies":"Automaton","floor":33,"turns":8}],"seed_played":"-4864565232236111025","potions_obtained":[{"floor":5,"key":"Explosive Potion"},{"floor":10,"key":"Energy Potion"},{"floor":14,"key":"PowerPotion"},{"floor":16,"key":"Weak Potion"}],"is_trial":false,"path_per_floor":["M","?","?","M","M","R","E","R","T","E","M","R","M","M","R","B",null,"M","?","M","M","M","R","E","M","T","R","$","?","R","M","R"],"character_chosen":"IRONCLAD","items_purchased":["Pantograph"],"campfire_rested":1,"item_purchase_floors":[28],"current_hp_per_floor":[67,67,51,57,57,57,45,45,45,40,43,43,46,52,52,32,68,74,74,66,63,57,57,26,13,13,13,13,13,37,43,43,2],"gold":141,"neow_bonus":"ONE_RARE_RELIC","is_prod":false,"is_daily":false,"chose_seed":false,"campfire_upgraded":7,"win_rate":0,"timestamp":1539969119,"path_taken":["M","?","?","M","?","R","E","R","T","E","?","R","?","M","R","BOSS","M","?","M","M","M","R","E","M","T","R","$","?","R","M","R","BOSS"],"build_version":"2018-10-18","purchased_purges":1,"victory":false,"max_hp_per_floor":[80,80,80,80,80,80,80,80,80,80,80,80,80,80,80,80,80,80,80,80,80,80,80,80,80,80,80,80,80,80,80,80,80],"card_choices":[{"not_picked":["Wild Strike","Inflame"],"picked":"Searing Blow","floor":1},{"not_picked":["Evolve","Second Wind"],"picked":"Warcry","floor":4},{"not_picked":["Feel No Pain","Anger","Spot Weakness"],"picked":"SKIP","floor":5},{"not_picked":["Iron Wave","Blood for Blood","Perfected Strike"],"picked":"SKIP","floor":7},{"not_picked":["Fire Breathing","Anger"],"picked":"Seeing Red","floor":10},{"not_picked":["Pommel Strike","Carnage","Headbutt"],"picked":"SKIP","floor":11},{"not_picked":["Sentinel","Heavy Blade"],"picked":"Battle Trance","floor":13},{"not_picked":["Headbutt","Havoc","Disarm"],"picked":"SKIP","floor":14},{"not_picked":["Headbutt","Havoc"],"picked":"Disarm","floor":14},{"not_picked":["Body Slam","Sword Boomerang"],"picked":"Sentinel","floor":18},{"not_picked":["Cleave","Shrug It Off"],"picked":"Flex+1","floor":20},{"not_picked":["Perfected Strike","Twin Strike+1","Heavy Blade"],"picked":"SKIP","floor":21},{"not_picked":["Pommel Strike","Heavy Blade"],"picked":"Armaments","floor":22},{"not_picked":["Juggernaut","Demon Form"],"picked":"Whirlwind+1","floor":24},{"not_picked":["Pommel Strike","Cleave"],"picked":"Shrug It Off","floor":25},{"not_picked":["Sword Boomerang","Dropkick","Cleave","Evolve"],"picked":"SKIP","floor":31}],"player_experience":343666,"relics_obtained":[{"floor":7,"key":"PreservedInsect"},{"floor":9,"key":"Orichalcum"},{"floor":10,"key":"Dead Branch"},{"floor":24,"key":"Potion Belt"},{"floor":26,"key":"Bag of Marbles"}],"event_choices":[{"damage_healed":0,"gold_gain":100,"player_choice":"Gold","damage_taken":0,"max_hp_gain":0,"max_hp_loss":0,"event_name":"Wheel of Change","floor":2,"gold_loss":0},{"damage_healed":0,"gold_gain":0,"player_choice":"Entered Light","damage_taken":16,"max_hp_gain":0,"max_hp_loss":0,"event_name":"Shining Light","floor":3,"gold_loss":0,"cards_upgraded":["Defend_R","Strike_R"]},{"cards_removed":["Strike_R"],"damage_healed":0,"gold_gain":0,"player_choice":"Offered Basic","damage_taken":0,"max_hp_gain":0,"max_hp_loss":0,"event_name":"Bonfire Elementals","floor":19,"gold_loss":0},{"damage_healed":0,"gold_gain":0,"player_choice":"Obtained Relic","damage_taken":0,"relics_obtained":["Question Card"],"max_hp_gain":0,"max_hp_loss":0,"event_name":"Addict","floor":29,"gold_loss":85}],"is_beta":false,"boss_relics":[{"not_picked":["Eternal Feather","Mark of Pain"],"picked":"Sozu"}],"items_purged_floors":[28],"is_endless":false,"potions_floor_spawned":[5,10,14,16,18,21,22,25],"killed_by":"Automaton","ascension_level":12}