{"gold_per_floor":[365,382,46,58,58,58,74,87,160,194,194,210,210,228,228,306,306,324,339,339,351,276,276,125,125,177,193,218,237,107,123,123,198,198,215,268,44,44,60,60,10,10,60,73,90,90,90,20,20,20],"floor_reached":51,"playtime":2109,"items_purged":["Strike_G","Strike_G","Strike_G","Strike_G","Strike_G"],"score":1315,"play_id":"6af4b559-0cfb-47c4-b538-4cdf15289081","local_time":"20181013085951","is_ascension_mode":true,"campfire_choices":[{"floor":6.0,"key":"REST"},{"data":"Footwork","floor":11.0,"key":"SMITH"},{"floor":13.0,"key":"REST"},{"data":"Neutralize","floor":15.0,"key":"SMITH"},{"floor":23.0,"key":"REST"},{"floor":32.0,"key":"REST"},{"floor":40,"key":"REST"},{"floor":42,"key":"REST"},{"floor":47,"key":"REST"},{"floor":49,"key":"REST"}],"neow_cost":"PERCENT_DAMAGE","seed_source_timestamp":0,"circlet_count":0,"master_deck":["Defend_G","Defend_G","Defend_G","Defend_G","Defend_G","Survivor","Neutralize+1","AscendersBane","Bouncing Flask+1","Bouncing Flask+1","Acrobatics+1","Footwork+1","Corpse Explosion+1","Glass Knife","Distraction+1","Malaise+1","Backflip+1","Deadly Poison+1","Ghostly+1","Ghostly+1","Ghostly+1","Ghostly+1","Ghostly+1","Prepared+1","Bouncing Flask+1","Backflip+1","Storm of Steel+1","Prepared+1","Night Terror+1","Footwork","Bouncing Flask+1"],"special_seed":0,"relics":["Ring of the Snake","Toxic Egg 2","Kunai","Ice Cream","Fusion Hammer","Smiling Mask","Potion Belt","Busted Crown","Thread and Needle","Membership Card","Bronze Scales"],"potions_floor_usage":[50],"damage_taken":[{"damage":3.0,"enemies":"Jaw Worm","floor":1.0,"turns":4.0},{"damage":1.0,"enemies":"2 Louse","floor":2.0,"turns":3.0},{"damage":0.0,"enemies":"Small Slimes","floor":4.0,"turns":3.0},{"damage":15.0,"enemies":"Gremlin Gang","floor":7.0,"turns":7.0},{"damage":3.0,"enemies":"Blue Slaver","floor":8.0,"turns":4.0},{"damage":9.0,"enemies":"Lagavulin","floor":10.0,"turns":6.0},{"damage":14.0,"enemies":"Large Slime","floor":12.0,"turns":6.0},{"damage":1.0,"enemies":"2 Fungi Beasts","floor":14.0,"turns":2.0},{"damage":20.0,"enemies":"Slime Boss","floor":16.0,"turns":8.0},{"damage":0.0,"enemies":"Spheric Guardian","floor":18.0,"turns":2.0},{"damage":4.0,"enemies":"Shell Parasite","floor":19.0,"turns":7.0},{"damage":1.0,"enemies":"Centurion and Healer","floor":21.0,"turns":7.0},{"damage":0.0,"enemies":"Shelled Parasite and Fungi","floor":27.0,"turns":5.0},{"damage":5.0,"enemies":"Book of Stabbing","floor":28.0,"turns":7.0},{"damage":5.0,"enemies":"Cultist and Chosen","floor":29.0,"turns":5.0},{"damage":3.0,"enemies":"Snake Plant","floor":31.0,"turns":6.0},{"damage":14.0,"enemies":"Champ","floor":33.0,"turns":13.0},{"damage":2,"enemies":"Orb Walker","floor":35,"turns":4},{"damage":1,"enemies":"Mysterious Sphere","floor":36,"turns":6},{"damage":0,"enemies":"3 Darklings","floor":39,"turns":5},{"damage":0,"enemies":"Transient","floor":44,"turns":5},{"damage":0,"enemies":"4 Shapes","floor":45,"turns":5},{"damage":0,"enemies":"Donu and Deca","floor":50,"turns":6}],"seed_played":"-3949885847231178849","potions_obtained":[{"floor":2.0,"key":"Swift Potion"},{"floor":4.0,"key":"LiquidBronze"},{"floor":12.0,"key":"FearPotion"},{"floor":14.0,"key":"EntropicBrew"},{"floor":16.0,"key":"Dexterity Potion"},{"floor":18.0,"key":"Regen Potion"},{"floor":19.0,"key":"SkillPotion"},{"floor":31.0,"key":"GamblersBrew"},{"floor":36,"key":"FearPotion"},{"floor":39,"key":"GhostInAJar"}],"is_trial":false,"path_per_floor":["M","M","$","M","$","R","M","M","T","E","R","M","R","M","R","B",null,"M","M","?","M","$","R","$","?","T","M","E","M","$","M","R","B",null,"M","?","$","?","M","R","$","R","T","M","M","?","R","$","R","B"],"character_chosen":"THE_SILENT","items_purchased":["Toxic Egg 2","Bouncing Flask+1","Deadly Poison+1","Storm of Steel+1","Membership Card","Footwork","Bouncing Flask+1"],"campfire_rested":8,"item_purchase_floors":[3,3,24,30,37,37,48],"current_hp_per_floor":[41,40,40,40,40,59,44,41,41,32,32,18,37,36,36,16,54,54,65,47,46,46,67,67,35,35,35,30,25,25,22,32,18,31,29,28,28,28,28,33,33,33,33,33,33,33,33,33,33,33],"gold":20,"neow_bonus":"TWO_FIFTY_GOLD","is_prod":false,"is_daily":false,"chose_seed":false,"campfire_upgraded":2,"win_rate":0,"timestamp":1539392391,"path_taken":["M","M","$","M","$","R","M","M","T","E","R","M","R","M","R","BOSS","M","M","?","M","$","R","$","?","T","M","E","?","$","M","R","BOSS","M","?","?","?","M","R","$","R","T","M","M","?","R","$","R","BOSS"],"build_version":"2018-10-11","purchased_purges":5,"victory":true,"max_hp_per_floor":[66,66,66,66,66,66,66,66,66,66,66,66,66,66,66,66,66,66,66,71,71,71,71,71,35,35,35,35,35,35,35,35,35,35,35,35,35,33,33,33,33,33,33,33,33,33,33,33,33,33],"card_choices":[{"not_picked":["Acrobatics","Caltrops","Blade Dance"],"picked":"SKIP","floor":1.0},{"not_picked":["Blade Dance","Terror","Caltrops"],"picked":"SKIP","floor":2.0},{"not_picked":["Bane","Outmaneuver+1"],"picked":"Bouncing Flask+1","floor":4.0},{"not_picked":["Sucker Punch","Cloak And Dagger+1"],"picked":"Acrobatics+1","floor":7.0},{"not_picked":["Quick Slash","Heel Hook"],"picked":"Footwork","floor":8.0},{"not_picked":["Prepared+1","Dagger Throw"],"picked":"Corpse Explosion+1","floor":10.0},{"not_picked":["Underhanded Strike","Dagger Throw","Skewer"],"picked":"SKIP","floor":12.0},{"not_picked":["Finisher","Slice"],"picked":"Dodge and Roll+1","floor":14.0},{"not_picked":["Bullet Time+1","Phantasmal Killer+1"],"picked":"Glass Knife","floor":16.0},{"not_picked":["Underhanded Strike","Slice"],"picked":"Distraction+1","floor":18.0},{"not_picked":["Dodge and Roll+1","Deflect+1"],"picked":"Malaise+1","floor":19.0},{"not_picked":["Prepared+1","Setup+1"],"picked":"Backflip+1","floor":21.0},{"not_picked":["Quick Slash","Slice"],"picked":"Prepared+1","floor":27.0},{"not_picked":["Bane","Infinite Blades"],"picked":"Bouncing Flask+1","floor":28.0},{"not_picked":["Cloak And Dagger+1","Riddle With Holes"],"picked":"Backflip+1","floor":29.0},{"not_picked":["Flying Knee","Endless Agony"],"picked":"Prepared+1","floor":31.0},{"not_picked":["Grand Finale","Wraith Form v2"],"picked":"Night Terror+1","floor":33.0},{"not_picked":["Riddle With Holes"],"picked":"SKIP","floor":35},{"not_picked":["Sucker Punch"],"picked":"SKIP","floor":39},{"not_picked":["Accuracy"],"picked":"SKIP","floor":44},{"not_picked":["Dagger Spray"],"picked":"SKIP","floor":45}],"player_experience":139028,"relics_obtained":[{"floor":9.0,"key":"Kunai"},{"floor":10.0,"key":"Ice Cream"},{"floor":26.0,"key":"Smiling Mask"},{"floor":28.0,"key":"Potion Belt"},{"floor":36,"key":"Thread and Needle"},{"floor":43,"key":"Bronze Scales"}],"event_choices":[{"event_name":"Forgotten Altar","player_choice":"Shed Blood","floor":20.0,"damage_taken":0.0},{"event_name":"Ghosts","player_choice":"Became a Ghost","floor":25.0,"damage_taken":0.0},{"event_name":"Mysterious Sphere","player_choice":"Fight","floor":36,"damage_taken":0},{"event_name":"Winding Halls","player_choice":"Max HP","floor":38,"damage_taken":0},{"event_name":"Falling","player_choice":"Removed Skill","floor":46,"damage_taken":0}],"is_beta":false,"boss_relics":[{"not_picked":["Empty Cage","Ring of the Serpent"],"picked":"Fusion Hammer"},{"not_picked":["Snecko Eye","WristBlade"],"picked":"Busted Crown"}],"items_purged_floors":[22,24,30,41,48],"is_endless":false,"potions_floor_spawned":[2,4,12,14,16,18,19,31,36,39,45],"ascension_level":15}