{"gold_per_floor":[109,126,226,243,33,33,68,68,93,110,138,163,155,199,211,323,335,365,396,422,174,189,189,43,53,123,137,149,163,262,275,275,275],"floor_reached":33,"playtime":4797,"items_purged":["Defend_G"],"score":323,"play_id":"116f0c38-e55f-4125-9c1c-32408adef240","local_time":"20190723232216","is_ascension_mode":false,"campfire_choices":[{"data":"Neutralize","floor":6,"key":"SMITH"},{"data":"Dagger Spray","floor":8,"key":"SMITH"},{"floor":15,"key":"REST"},{"floor":23,"key":"REST"},{"floor":32,"key":"REST"}],"neow_cost":"NONE","seed_source_timestamp":1194494242053707,"circlet_count":0,"master_deck":["Strike_G","Strike_G","Strike_G","Strike_G","Strike_G","Defend_G","Defend_G","Defend_G","Defend_G","Survivor","Neutralize+1","Flying Knee","Dagger Spray+1","Poisoned Stab","Infinite Blades","Poisoned Stab","Deadly Poison","Dagger Throw","Footwork","Backflip","Dash","Venomology","Bane","Prepared","Deflect+1","Caltrops","Blur","Quick Slash","Footwork","Flying Knee","Dagger Spray","Dagger Spray+1","A Thousand Cuts","Deadly Poison","Quick Slash+1","Prepared"],"relics":["Black Star","Bag of Preparation","Sundial","Blood Vial","MawBank","The Specimen","Centennial Puzzle","Mummified Hand","Philosopher\u0027s Stone","Happy Flower","Darkstone Periapt"],"potions_floor_usage":[11,14,14,16,20,22,22,25,27,31,31,33,33],"damage_taken":[{"damage":0,"enemies":"Cultist","floor":1,"turns":4},{"damage":2,"enemies":"Small Slimes","floor":2,"turns":3},{"damage":0,"enemies":"2 Louse","floor":4,"turns":2},{"damage":14,"enemies":"Gremlin Nob","floor":7,"turns":4},{"damage":7,"enemies":"Blue Slaver","floor":10,"turns":3},{"damage":21,"enemies":"Lagavulin","floor":11,"turns":4},{"damage":8,"enemies":"Lots of Slimes","floor":12,"turns":3},{"damage":0,"enemies":"Gremlin Nob","floor":14,"turns":2},{"damage":41,"enemies":"Slime Boss","floor":16,"turns":11},{"damage":18,"enemies":"Shell Parasite","floor":18,"turns":5},{"damage":2,"enemies":"Chosen","floor":19,"turns":4},{"damage":11,"enemies":"Snecko","floor":20,"turns":6},{"damage":12,"enemies":"Shelled Parasite and Fungi","floor":22,"turns":4},{"damage":15,"enemies":"Cultist and Chosen","floor":25,"turns":5},{"damage":9,"enemies":"Centurion and Healer","floor":27,"turns":6},{"damage":14,"enemies":"3 Cultists","floor":28,"turns":4},{"damage":0,"enemies":"Chosen and Byrds","floor":29,"turns":5},{"damage":12,"enemies":"Snecko","floor":31,"turns":5},{"damage":43,"enemies":"Collector","floor":33,"turns":3}],"seed_played":"8428040412146067828","potions_obtained":[{"floor":1,"key":"SteroidPotion"},{"floor":2,"key":"Weak Potion"},{"floor":10,"key":"Poison Potion"},{"floor":13,"key":"Fire Potion"},{"floor":16,"key":"Energy Potion"},{"floor":19,"key":"PowerPotion"},{"floor":22,"key":"SpeedPotion"},{"floor":28,"key":"Fire Potion"},{"floor":31,"key":"Energy Potion"}],"is_trial":false,"path_per_floor":["M","M","?","M","$","R","E","R","T","M","E","M","?","E","R","B",null,"M","M","M","$","M","R","$","M","T","M","M","M","?","M","R","B"],"character_chosen":"THE_SILENT","items_purchased":["Infinite Blades","Poisoned Stab","Fire Potion","Caltrops","Happy Flower","Blur","Footwork","Flying Knee","Dagger Spray"],"campfire_rested":3,"item_purchase_floors":[5,5,5,21,21,21,24,24,24],"current_hp_per_floor":[70,68,68,68,68,68,54,54,54,49,30,24,24,26,47,8,70,52,52,43,43,33,54,54,41,41,34,22,24,24,14,35,0],"gold":275,"neow_bonus":"BOSS_RELIC","is_prod":false,"is_daily":false,"chose_seed":false,"campfire_upgraded":2,"win_rate":0.0,"timestamp":1563913336,"path_taken":["M","M","?","M","$","R","E","R","T","M","E","?","?","E","R","BOSS","M","M","M","$","M","R","$","M","T","M","M","M","?","M","R","BOSS"],"build_version":"2019-07-17","purchased_purges":1,"victory":false,"max_hp_per_floor":[70,70,70,70,70,70,70,70,70,70,70,70,70,70,70,70,70,70,70,70,70,70,70,70,70,70,70,70,70,70,70,70,70],"card_choices":[{"not_picked":["Reflex","Choke"],"picked":"Flying Knee","floor":1},{"not_picked":["Deadly Poison","Catalyst"],"picked":"Dagger Spray","floor":2},{"not_picked":["Eviscerate","Sucker Punch"],"picked":"Poisoned Stab","floor":4},{"not_picked":["Prepared","Tactician"],"picked":"Deadly Poison","floor":7},{"not_picked":["Terror","Choke"],"picked":"Dagger Throw","floor":10},{"not_picked":["Expertise","Quick Slash"],"picked":"Footwork","floor":11},{"not_picked":["Doppelganger","Sucker Punch"],"picked":"Backflip","floor":12},{"not_picked":["Expertise","Dagger Spray"],"picked":"Dash","floor":14},{"not_picked":["Die Die Die","Wraith Form v2"],"picked":"Venomology","floor":16},{"not_picked":["Slice","Outmaneuver"],"picked":"Bane","floor":18},{"not_picked":["Sucker Punch+1","Blade Dance"],"picked":"Prepared","floor":19},{"not_picked":["Underhanded Strike+1","Endless Agony"],"picked":"Deflect+1","floor":20},{"not_picked":["Terror","Prepared+1"],"picked":"Quick Slash","floor":22},{"not_picked":["Quick Slash+1","Noxious Fumes"],"picked":"Dagger Spray+1","floor":25},{"not_picked":["Quick Slash","Dodge and Roll"],"picked":"A Thousand Cuts","floor":27},{"not_picked":["Prepared+1","PiercingWail"],"picked":"Deadly Poison","floor":28},{"not_picked":["Dagger Throw","Acrobatics+1"],"picked":"Quick Slash+1","floor":29},{"not_picked":["Bane","Dagger Throw+1"],"picked":"Prepared","floor":31}],"player_experience":84438,"relics_obtained":[{"floor":7,"key":"Bag of Preparation"},{"floor":7,"key":"Sundial"},{"floor":9,"key":"Blood Vial"},{"floor":11,"key":"MawBank"},{"floor":11,"key":"The Specimen"},{"floor":14,"key":"Centennial Puzzle"},{"floor":14,"key":"Mummified Hand"},{"floor":26,"key":"Darkstone Periapt"}],"event_choices":[{"damage_healed":0,"gold_gain":100,"player_choice":"Pray","damage_taken":0,"max_hp_gain":0,"max_hp_loss":0,"event_name":"Golden Shrine","floor":3,"gold_loss":0},{"damage_healed":0,"gold_gain":0,"player_choice":"Bought 1 Potion","damage_taken":0,"max_hp_gain":0,"max_hp_loss":0,"event_name":"The Woman in Blue","floor":13,"gold_loss":0},{"damage_healed":0,"gold_gain":99,"player_choice":"Stole From Cult","damage_taken":0,"max_hp_gain":0,"max_hp_loss":0,"event_name":"Nest","floor":30,"gold_loss":0}],"is_beta":false,"boss_relics":[{"not_picked":["Orrery","Busted Crown"],"picked":"Philosopher\u0027s Stone"}],"items_purged_floors":[5],"is_endless":false,"potions_floor_spawned":[1,2,10,16,19,22,28,31],"killed_by":"Collector","ascension_level":0}