{"gold_per_floor":[119,131,181,201,215,245,245,305,305,305,76,401,331,331,331,405,405,422,434,434,434],"floor_reached":21,"playtime":721,"items_purged":["Strike_G"],"score":494,"play_id":"e98bc301-0d1c-44aa-9785-32ae9df9466c","local_time":"20190106143322","is_ascension_mode":true,"campfire_choices":[{"data":"Bouncing Flask","floor":7,"key":"SMITH"},{"data":"Terror","floor":10,"key":"SMITH"},{"data":"Neutralize","floor":15,"key":"SMITH"}],"neow_cost":"TEN_PERCENT_HP_LOSS","seed_source_timestamp":10989695168065,"circlet_count":0,"master_deck":["AscendersBane","Defend_G","Defend_G","Defend_G","Defend_G","Defend_G","Strike_G","Strike_G","Strike_G","Strike_G","Survivor","Neutralize+1","Unload","Terror+1","Bouncing Flask+1","Calculated Gamble","Unload","Unload","Night Terror","Tactician"],"special_seed":0,"relics":["Ring of the Snake","Strawberry","Tiny Chest","Ornamental Fan","Old Coin","Question Card","Runic Dome","Toxic Egg 2"],"potions_floor_usage":[6,21],"damage_taken":[{"damage":0.0,"enemies":"2 Louse","floor":1.0,"turns":3.0},{"damage":0.0,"enemies":"Cultist","floor":2.0,"turns":3.0},{"damage":0,"enemies":"Jaw Worm","floor":4,"turns":3},{"damage":4,"enemies":"Blue Slaver","floor":5,"turns":3},{"damage":6,"enemies":"Gremlin Nob","floor":6,"turns":3},{"damage":30,"enemies":"3 Sentries","floor":8,"turns":9},{"damage":11,"enemies":"Lagavulin","floor":12,"turns":4},{"damage":0,"enemies":"Hexaghost","floor":16,"turns":6},{"damage":0,"enemies":"Chosen","floor":18,"turns":3},{"damage":15,"enemies":"2 Thieves","floor":19,"turns":4},{"damage":43,"enemies":"Sentry and Sphere","floor":21,"turns":5}],"seed_played":"2697498601408198","potions_obtained":[{"floor":4,"key":"GamblersBrew"},{"floor":5,"key":"Explosive Potion"},{"floor":12,"key":"GamblersBrew"}],"is_trial":false,"path_per_floor":["M","M","?","M","M","E","R","E","T","R","$","E","?","T","R","B",null,"M","M","?","M"],"character_chosen":"THE_SILENT","items_purchased":["Unload"],"campfire_rested":0,"item_purchase_floors":[11],"current_hp_per_floor":[59,59,53,53,49,50,50,20,20,20,20,9,9,9,9,9,53,53,38,38,0],"gold":434,"neow_bonus":"THREE_RARE_CARDS","is_prod":false,"is_daily":false,"chose_seed":false,"campfire_upgraded":3,"win_rate":0,"timestamp":1546756402,"path_taken":["M","M","?","M","?","E","R","E","T","R","$","E","?","?","R","BOSS","M","?","?","M"],"build_version":"2019-01-03v4","purchased_purges":1,"victory":false,"max_hp_per_floor":[60,60,60,60,60,67,67,67,67,67,67,67,67,67,67,67,67,67,67,67,67],"card_choices":[{"not_picked":["Phantasmal Killer","Die Die Die"],"picked":"Unload","floor":0.0},{"not_picked":["PiercingWail","Flechettes"],"picked":"Terror","floor":1.0},{"not_picked":["Prepared","Acrobatics"],"picked":"Bouncing Flask","floor":2.0},{"not_picked":["Slice","Blur"],"picked":"Calculated Gamble","floor":4},{"not_picked":["Bane","Infinite Blades","Outmaneuver"],"picked":"SKIP","floor":5},{"not_picked":["Distraction","Outmaneuver","All Out Attack"],"picked":"SKIP","floor":6},{"not_picked":["Blade Dance","Dodge and Roll","PiercingWail"],"picked":"SKIP","floor":8},{"not_picked":["Bouncing Flask","Sucker Punch"],"picked":"Unload","floor":12},{"not_picked":["Corpse Explosion","Adrenaline","A Thousand Cuts"],"picked":"Night Terror","floor":16},{"not_picked":["Skewer+1","Cloak And Dagger","Caltrops+1","Dagger Throw"],"picked":"SKIP","floor":18},{"not_picked":["Dagger Spray","Blur","Footwork"],"picked":"Tactician","floor":19}],"player_experience":1776276,"relics_obtained":[{"floor":6,"key":"Strawberry"},{"floor":8,"key":"Tiny Chest"},{"floor":9,"key":"Ornamental Fan"},{"floor":12,"key":"Old Coin"},{"floor":14,"key":"Question Card"}],"event_choices":[{"damage_healed":0,"gold_gain":50,"player_choice":"Touch","damage_taken":6,"max_hp_gain":0,"max_hp_loss":0,"event_name":"FaceTrader","floor":3,"gold_loss":0},{"damage_healed":0,"gold_gain":0,"player_choice":"Left Gold","damage_taken":0,"max_hp_gain":0,"max_hp_loss":0,"event_name":"World of Goop","floor":13,"gold_loss":70},{"damage_healed":0,"gold_gain":0,"player_choice":"Gave Potion","damage_taken":0,"relics_obtained":["Toxic Egg 2"],"max_hp_gain":0,"max_hp_loss":0,"event_name":"WeMeetAgain","floor":20,"gold_loss":0}],"is_beta":false,"boss_relics":[{"not_picked":["Sozu","Calling Bell"],"picked":"Runic Dome"}],"items_purged_floors":[11],"is_endless":false,"potions_floor_spawned":[4,5,12,16,18],"killed_by":"Sentry and Sphere","ascension_level":20}