{"gold_per_floor":[119,130,145,160,160,160,186,186,186,186,196,97,123,143,143,215,215,231,249,249,21,21,21,54,67,67,67,79,79,22,22],"floor_reached":31,"playtime":770,"items_purged":["Pain"],"score":655,"play_id":"a186d7eb-6bff-4fe5-9118-fe7408761a22","local_time":"20190224030010","is_ascension_mode":true,"campfire_choices":[{"data":"Zap","floor":6.0,"key":"SMITH"},{"data":"Dualcast","floor":8.0,"key":"SMITH"},{"data":"Reinforced Body","floor":10.0,"key":"SMITH"},{"data":"Chaos","floor":15.0,"key":"SMITH"},{"data":"Thunder Strike","floor":23,"key":"SMITH"},{"floor":27,"key":"REST"},{"floor":29,"key":"REST"}],"neow_cost":"NONE","seed_source_timestamp":543485230035222,"circlet_count":0,"master_deck":["AscendersBane","Defend_B","Defend_B","Defend_B","Defend_B","Zap+1","Dualcast+1","BootSequence","Reinforced Body+1","Ball Lightning+1","Compile Driver","Ball Lightning","Cold Snap+1","Chaos+1","Thunder Strike+1","Echo Form+1","Reinforced Body+1","Cold Snap+1","Bite","Bite","Bite","Bite","Bite","Glacier+1","Hologram+1","Turbo"],"special_seed":0,"relics":["Cracked Core","Pen Nib","WarpedTongs","Frozen Egg 2","WingedGreaves","Nunchaku","Philosopher\u0027s Stone","OrangePellets","Matryoshka","Whetstone","Vajra"],"potions_floor_usage":[24,31],"damage_taken":[{"damage":4.0,"enemies":"Small Slimes","floor":1.0,"turns":4.0},{"damage":0.0,"enemies":"Cultist","floor":2.0,"turns":3.0},{"damage":4.0,"enemies":"Jaw Worm","floor":3.0,"turns":3.0},{"damage":0.0,"enemies":"2 Fungi Beasts","floor":4.0,"turns":4.0},{"damage":19.0,"enemies":"Lagavulin","floor":7.0,"turns":6.0},{"damage":0.0,"enemies":"Blue Slaver","floor":11.0,"turns":2.0},{"damage":8.0,"enemies":"Gremlin Nob","floor":13.0,"turns":3.0},{"damage":0.0,"enemies":"Exordium Wildlife","floor":14.0,"turns":3.0},{"damage":0.0,"enemies":"Slime Boss","floor":16.0,"turns":5.0},{"damage":35.0,"enemies":"3 Byrds","floor":18.0,"turns":5.0},{"damage":0.0,"enemies":"Spheric Guardian","floor":19.0,"turns":3.0},{"damage":26,"enemies":"Book of Stabbing","floor":24,"turns":5},{"damage":18,"enemies":"Chosen and Byrds","floor":25,"turns":5},{"damage":25,"enemies":"3 Cultists","floor":28,"turns":4},{"damage":45,"enemies":"Gremlin Leader","floor":31,"turns":5}],"seed_played":"2012179333128122975","potions_obtained":[{"floor":1.0,"key":"Dexterity Potion"},{"floor":13.0,"key":"FearPotion"},{"floor":16.0,"key":"FearPotion"},{"floor":24,"key":"Explosive Potion"}],"is_trial":false,"path_per_floor":["M","M","M","M","?","R","E","R","T","R","M","$","E","M","R","B",null,"M","M","?","$","?","R","E","M","T","R","M","R","$","E"],"character_chosen":"DEFECT","items_purchased":["Cold Snap","OrangePellets","Turbo"],"campfire_rested":2,"item_purchase_floors":[12,21,30],"current_hp_per_floor":[60,60,56,56,56,56,37,37,37,37,37,37,29,29,29,29,61,26,26,26,26,26,26,14,8,8,22,3,17,17,0],"gold":22,"neow_bonus":"RANDOM_COMMON_RELIC","is_prod":false,"is_daily":false,"chose_seed":false,"campfire_upgraded":5,"win_rate":0,"timestamp":1550948410,"path_taken":["M","M","M","M","?","R","E","R","T","R","M","$","E","?","R","BOSS","M","M","?","$","?","R","E","M","T","R","M","R","$","E"],"build_version":"2019-01-23","purchased_purges":1,"victory":false,"max_hp_per_floor":[71,71,71,71,71,71,71,71,71,71,71,71,71,71,71,71,71,71,71,49,49,49,49,49,49,49,49,49,49,49,49],"card_choices":[{"not_picked":["Melter","Conserve Battery"],"picked":"BootSequence","floor":1.0},{"not_picked":["Rebound","Force Field"],"picked":"Reinforced Body","floor":2.0},{"not_picked":["Leap","Steam Power"],"picked":"Ball Lightning","floor":3.0},{"not_picked":["Storm","Rebound"],"picked":"Compile Driver","floor":4.0},{"not_picked":["Gash","BootSequence"],"picked":"Ball Lightning","floor":7.0},{"not_picked":["Barrage","Stack","Force Field"],"picked":"SKIP","floor":11.0},{"not_picked":["Lockon","White Noise"],"picked":"Chaos","floor":13.0},{"not_picked":["Redo","FTL"],"picked":"Thunder Strike","floor":14.0},{"not_picked":["Fission","Core Surge"],"picked":"Echo Form+1","floor":16.0},{"not_picked":["Go for the Eyes","Redo"],"picked":"Reinforced Body+1","floor":18.0},{"not_picked":["Darkness","Go for the Eyes"],"picked":"Cold Snap+1","floor":19.0},{"not_picked":["Sweeping Beam","Rebound","Lockon"],"picked":"SKIP","floor":24},{"not_picked":["Gash","Self Repair+1"],"picked":"Glacier+1","floor":25},{"not_picked":["Ball Lightning","Conserve Battery"],"picked":"Hologram+1","floor":28}],"player_experience":964190,"relics_obtained":[{"floor":7.0,"key":"Frozen Egg 2"},{"floor":9.0,"key":"WingedGreaves"},{"floor":13.0,"key":"Nunchaku"},{"floor":24,"key":"Matryoshka"},{"floor":26,"key":"Whetstone"},{"floor":26,"key":"Vajra"}],"event_choices":[{"damage_healed":0.0,"max_hp_gain":0.0,"max_hp_loss":0.0,"gold_gain":0.0,"event_name":"Accursed Blacksmith","player_choice":"Rummage","floor":5.0,"gold_loss":0.0,"damage_taken":0.0,"relics_obtained":["WarpedTongs"],"cards_obtained":["Pain"]},{"damage_healed":0,"gold_gain":0,"player_choice":"Became a vampire","damage_taken":0,"max_hp_gain":0,"max_hp_loss":22,"event_name":"Vampires","floor":20,"gold_loss":0,"cards_obtained":["Bite","Bite","Bite","Bite","Bite"]}],"is_beta":false,"boss_relics":[{"not_picked":["Runic Dome","Empty Cage"],"picked":"Philosopher\u0027s Stone"}],"items_purged_floors":[12],"is_endless":false,"potions_floor_spawned":[1,13,16,24,25],"killed_by":"Gremlin Leader","ascension_level":20}