{"gold_per_floor":[119,119,119,132,157,157,41,41,94,94,94,125,125,150,150,241,241,257,33,33,47,47,47,112,0,0,50,74,74,124,142,142,142],"floor_reached":33,"playtime":1440,"items_purged":["Strike_G","Strike_G"],"score":466,"play_id":"a26e871e-3ef9-4fd7-8d09-637e2f39e5cf","local_time":"20190218091633","is_ascension_mode":true,"campfire_choices":[{"data":"Poisoned Stab","floor":6.0,"key":"SMITH"},{"data":"Well Laid Plans","floor":8.0,"key":"SMITH"},{"data":"Neutralize","floor":10.0,"key":"SMITH"},{"data":"Calculated Gamble","floor":15.0,"key":"SMITH"},{"data":"Bouncing Flask","floor":23.0,"key":"SMITH"},{"data":"Tactician","floor":29.0,"key":"SMITH"},{"data":"Burst","floor":32.0,"key":"SMITH"}],"neow_cost":"PERCENT_DAMAGE","seed_source_timestamp":1646821817375,"circlet_count":0,"master_deck":["AscendersBane","Defend_G+1","Defend_G+1","Defend_G+1","Defend_G+1","Defend_G+1","Strike_G+1","Strike_G+1","Survivor","Neutralize+1","Burst+1","Leg Sweep","Poisoned Stab+1","Well Laid Plans+1","Calculated Gamble+1","Tactician+1","Venomology","Escape Plan+1","Bouncing Flask+1","Well Laid Plans","Outmaneuver+1","Malaise"],"special_seed":0,"relics":["Ring of the Snake","Golden Idol","Odd Mushroom","Pocketwatch","Runic Dome","Nilry\u0027s Codex","SsserpentHead","Pear"],"potions_floor_usage":[33,33],"damage_taken":[{"damage":0.0,"enemies":"2 Louse","floor":1.0,"turns":4.0},{"damage":6.0,"enemies":"Jaw Worm","floor":4.0,"turns":10.0},{"damage":3.0,"enemies":"Small Slimes","floor":5.0,"turns":5.0},{"damage":3.0,"enemies":"The Mushroom Lair","floor":12.0,"turns":7.0},{"damage":1.0,"enemies":"Red Slaver","floor":14.0,"turns":3.0},{"damage":5.0,"enemies":"The Guardian","floor":16.0,"turns":14.0},{"damage":7.0,"enemies":"3 Byrds","floor":18.0,"turns":5.0},{"damage":0.0,"enemies":"Shell Parasite","floor":21.0,"turns":7.0},{"damage":5.0,"enemies":"Chosen and Byrds","floor":24.0,"turns":6.0},{"damage":0.0,"enemies":"Snecko","floor":28.0,"turns":6.0},{"damage":0.0,"enemies":"3 Cultists","floor":31.0,"turns":6.0},{"damage":21,"enemies":"Collector","floor":33,"turns":9}],"seed_played":"1607316337819272500","potions_obtained":[{"floor":1.0,"key":"Block Potion"},{"floor":5.0,"key":"Weak Potion"},{"floor":21.0,"key":"GamblersBrew"}],"is_trial":false,"path_per_floor":["M","?","?","M","M","R","$","R","T","R","$","?","T","M","R","B",null,"M","$","?","M","?","R","M","?","T","?","M","R","$","M","R","B"],"character_chosen":"THE_SILENT","items_purchased":["Well Laid Plans","Bouncing Flask","Well Laid Plans"],"campfire_rested":0,"item_purchase_floors":[7,19,19],"current_hp_per_floor":[44,37,37,31,28,28,28,28,28,28,28,25,25,24,24,19,50,43,43,22,22,22,22,17,17,27,27,27,27,27,27,27,6],"gold":142,"neow_bonus":"THREE_RARE_CARDS","is_prod":false,"is_daily":false,"chose_seed":false,"campfire_upgraded":7,"win_rate":0,"timestamp":1550452593,"path_taken":["M","?","?","M","M","R","$","R","T","R","$","?","?","M","R","BOSS","M","$","?","M","?","R","?","?","T","?","M","R","?","M","R","BOSS"],"build_version":"2019-01-23","purchased_purges":2,"victory":false,"max_hp_per_floor":[66,66,60,60,60,60,60,60,60,60,60,60,60,60,60,60,60,60,60,60,60,60,60,60,60,70,70,70,70,70,70,70,70],"card_choices":[{"not_picked":["Phantasmal Killer","Storm of Steel"],"picked":"Burst","floor":0.0},{"not_picked":["Crippling Poison","Dagger Spray"],"picked":"Leg Sweep","floor":1.0},{"not_picked":["Dagger Spray","Blade Dance"],"picked":"Poisoned Stab","floor":4.0},{"not_picked":["Eviscerate","Underhanded Strike","Dagger Spray"],"picked":"SKIP","floor":5.0},{"not_picked":["Sucker Punch","Backflip"],"picked":"Calculated Gamble","floor":12.0},{"not_picked":["Quick Slash","Footwork"],"picked":"Tactician","floor":14.0},{"not_picked":["Die Die Die","Storm of Steel"],"picked":"Venomology","floor":16.0},{"not_picked":["Flying Knee+1","Leg Sweep"],"picked":"Escape Plan+1","floor":18.0},{"not_picked":["Backflip","Tactician"],"picked":"Outmaneuver+1","floor":21.0},{"not_picked":["Sucker Punch","Escape Plan","Masterful Stab"],"picked":"SKIP","floor":24.0},{"not_picked":["Underhanded Strike","Dagger Throw"],"picked":"Malaise","floor":28.0},{"not_picked":["Endless Agony","Distraction","Underhanded Strike+1"],"picked":"SKIP","floor":31.0}],"player_experience":2889149,"relics_obtained":[{"floor":12.0,"key":"Odd Mushroom"},{"floor":13.0,"key":"Pocketwatch"},{"floor":20.0,"key":"Nilry\u0027s Codex"},{"floor":26.0,"key":"Pear"}],"event_choices":[{"cards_removed":["Strike_G"],"damage_healed":0.0,"max_hp_gain":0.0,"max_hp_loss":0.0,"gold_gain":0.0,"event_name":"Golden Wing","player_choice":"Card Removal","floor":2.0,"gold_loss":0.0,"damage_taken":7.0},{"damage_healed":0.0,"max_hp_gain":0.0,"max_hp_loss":6.0,"gold_gain":0.0,"event_name":"Golden Idol","player_choice":"Lose Max HP","floor":3.0,"gold_loss":0.0,"damage_taken":0.0,"relics_obtained":["Golden Idol"]},{"damage_healed":0.0,"max_hp_gain":0.0,"max_hp_loss":0.0,"gold_gain":0.0,"event_name":"Mushrooms","player_choice":"Fought Mushrooms","floor":12.0,"gold_loss":0.0,"damage_taken":0.0},{"damage_healed":0.0,"max_hp_gain":0.0,"max_hp_loss":0.0,"gold_gain":0.0,"event_name":"Cursed Tome","player_choice":"Obtained Book","floor":20.0,"gold_loss":0.0,"damage_taken":21.0},{"damage_healed":0.0,"max_hp_gain":0.0,"max_hp_loss":0.0,"gold_gain":0.0,"event_name":"FaceTrader","player_choice":"Trade","floor":22.0,"gold_loss":0.0,"damage_taken":0.0,"relics_obtained":["SsserpentHead"]},{"damage_healed":0.0,"max_hp_gain":0.0,"max_hp_loss":0.0,"gold_gain":0.0,"event_name":"Masked Bandits","player_choice":"Paid Fearfully","floor":25.0,"gold_loss":162.0,"damage_taken":0.0},{"damage_healed":0.0,"max_hp_gain":0.0,"max_hp_loss":0.0,"gold_gain":0.0,"event_name":"Back to Basics","player_choice":"Simplicity","floor":27.0,"gold_loss":0.0,"damage_taken":0.0,"cards_upgraded":["Defend_G","Defend_G","Defend_G","Defend_G","Defend_G","Strike_G","Strike_G"]}],"is_beta":false,"boss_relics":[{"not_picked":["Busted Crown","White Beast Statue"],"picked":"Runic Dome"}],"items_purged_floors":[7,19],"is_endless":false,"potions_floor_spawned":[1,5,14,21],"killed_by":"Collector","ascension_level":20}