{"gold_per_floor":[115,44,60,74,89,89,66,66,140,171,231,231,231,261,261,380,380,396,415,425,127,144,144,171,171,171,182,207,207,233,245,257,370,382,409,441,466,61,61,76,109,74,74,74,74,74,50,67,67,67],"floor_reached":50,"playtime":2304,"items_purged":[],"score":668,"play_id":"47519f21-2ebd-46d0-a329-e09c26f70c36","local_time":"20190201092509","is_ascension_mode":false,"campfire_choices":[{"data":"Chaos","floor":6.0,"key":"SMITH"},{"data":"Self Repair","floor":8.0,"key":"SMITH"},{"data":"Magnetism","floor":12.0,"key":"SMITH"},{"data":"Dualcast","floor":15.0,"key":"SMITH"},{"data":"Loop","floor":23.0,"key":"SMITH"},{"floor":25.0,"key":"REST"},{"floor":29.0,"key":"REST"},{"data":"Loop","floor":32.0,"key":"SMITH"},{"floor":44.0,"key":"RECALL"},{"data":"Creative AI","floor":49.0,"key":"SMITH"}],"neow_cost":"PERCENT_DAMAGE","seed_source_timestamp":25070724511494,"circlet_count":0,"master_deck":["Zap","Dualcast+1","Bandage Up","Magnetism+1","Self Repair+1","Conserve Battery","Stack","Chaos+1","White Noise","Chill","Stack","Meteor Strike","Pain","Gash","Amplify","Loop+1","Steam Power","Steam Power","Glacier","Conserve Battery","Capacitor","Hello World+1","Ball Lightning+1","Loop+1","The Bomb","Streamline","Static Discharge+1","Capacitor+1","White Noise+1","Steam+1","Rip and Tear+1","J.A.X.","Creative AI+1","Buffer","Steam","Go for the Eyes","Chill","Conserve Battery","Steam Power","Stack","Loop+1","Darkness","Parasite","Multi-Cast","J.A.X.","Coolheaded","Turbo","FTL","Loop","Glacier+1","Turbo+1","Reinforced Body","Doubt","Madness","Madness","Streamline","Stack"],"special_seed":0,"relics":["Cracked Core","Blue Candle","Art of War","WarpedTongs","Boot","Orrery","Orichalcum","Thread and Needle","Red Mask","MawBank","Pandora\u0027s Box","DollysMirror","Sundial"],"potions_floor_usage":[50,50],"damage_taken":[{"damage":7.0,"enemies":"2 Louse","floor":1.0,"turns":2.0},{"damage":0.0,"enemies":"Cultist","floor":3.0,"turns":4.0},{"damage":2.0,"enemies":"Small Slimes","floor":4.0,"turns":5.0},{"damage":10.0,"enemies":"3 Louse","floor":5.0,"turns":5.0},{"damage":0.0,"enemies":"3 Sentries","floor":10.0,"turns":9.0},{"damage":7.0,"enemies":"Lagavulin","floor":14.0,"turns":5.0},{"damage":35.0,"enemies":"The Guardian","floor":16.0,"turns":9.0},{"damage":12.0,"enemies":"Shell Parasite","floor":18.0,"turns":6.0},{"damage":23.0,"enemies":"2 Thieves","floor":19.0,"turns":5.0},{"damage":24.0,"enemies":"Cultist and Chosen","floor":20.0,"turns":9.0},{"damage":21.0,"enemies":"Centurion and Healer","floor":22.0,"turns":5.0},{"damage":59.0,"enemies":"Slavers","floor":24.0,"turns":6.0},{"damage":11.0,"enemies":"Shelled Parasite and Fungi","floor":27.0,"turns":8.0},{"damage":34.0,"enemies":"Masked Bandits","floor":28.0,"turns":6.0},{"damage":22.0,"enemies":"Gremlin Leader","floor":30.0,"turns":7.0},{"damage":26.0,"enemies":"Automaton","floor":33.0,"turns":11.0},{"damage":1.0,"enemies":"3 Shapes","floor":35.0,"turns":4.0},{"damage":5.0,"enemies":"Orb Walker","floor":36.0,"turns":4.0},{"damage":8.0,"enemies":"Writhing Mass","floor":37.0,"turns":7.0},{"damage":8.0,"enemies":"Maw","floor":40.0,"turns":8.0},{"damage":46.0,"enemies":"Nemesis","floor":41.0,"turns":7.0},{"damage":13.0,"enemies":"Transient","floor":48.0,"turns":5.0},{"damage":64,"enemies":"Awakened One","floor":50,"turns":9}],"seed_played":"-873969072783355561","potions_obtained":[{"floor":3.0,"key":"GamblersBrew"},{"floor":5.0,"key":"LiquidBronze"},{"floor":16.0,"key":"AttackPotion"},{"floor":27.0,"key":"Block Potion"},{"floor":28.0,"key":"SkillPotion"},{"floor":33.0,"key":"Strength Potion"}],"is_trial":false,"path_per_floor":["M","$","M","M","M","R","$","R","T","E","?","R","?","E","R","B",null,"M","M","M","$","M","R","E","R","T","M","?","R","E","?","R","B",null,"M","M","M","$","?","M","E","$","T","R","?","?","$","M","R","B"],"character_chosen":"DEFECT","items_purchased":["Conserve Battery","Stack","Stack","Loop","The Bomb","Streamline","DollysMirror","Coolheaded","Turbo","FTL","Loop","Reinforced Body","Streamline"],"campfire_rested":2,"item_purchase_floors":[2,2,7,21,21,21,38,38,38,38,38,42,47],"current_hp_per_floor":[51,51,62,71,72,72,72,72,72,75,75,75,75,75,75,50,75,75,75,75,75,58,58,23,45,45,48,28,50,42,42,42,30,75,74,75,75,75,75,75,39,39,39,39,75,66,66,59,59,0],"gold":67,"neow_bonus":"RANDOM_COLORLESS_2","is_prod":false,"is_daily":false,"chose_seed":false,"campfire_upgraded":7,"win_rate":0,"timestamp":1548984309,"path_taken":["M","$","M","M","M","R","$","R","T","E","?","R","?","E","R","BOSS","M","M","?","$","M","R","E","R","T","M","?","R","E","?","R","BOSS","M","M","M","$","?","M","E","$","T","R","?","?","$","M","R","BOSS"],"build_version":"2019-01-23","purchased_purges":0,"victory":false,"max_hp_per_floor":[75,75,75,75,75,75,75,75,75,75,75,75,75,75,75,75,75,75,75,75,75,75,75,75,75,75,75,75,75,75,75,75,75,75,75,75,75,75,75,75,75,75,75,75,75,75,75,75,75,75],"card_choices":[{"not_picked":["Conserve Battery","Skim"],"picked":"Self Repair","floor":1.0},{"not_picked":["Leap","Coolheaded"],"picked":"Chaos","floor":3.0},{"not_picked":["Static Discharge","Steam Power"],"picked":"White Noise","floor":4.0},{"not_picked":["Skim","Tempest"],"picked":"Chill","floor":5.0},{"not_picked":["Glacier","Compile Driver"],"picked":"Meteor Strike","floor":10.0},{"not_picked":["Darkness","Leap"],"picked":"Gash","floor":14.0},{"not_picked":["Multi-Cast","Rainbow"],"picked":"Amplify","floor":16.0},{"not_picked":["Cold Snap","Tempest"],"picked":"Loop","floor":17.0},{"not_picked":["Barrage","Turbo"],"picked":"Steam Power","floor":17.0},{"not_picked":["Reprogram","Streamline"],"picked":"Steam Power","floor":17.0},{"not_picked":["Scrape","Barrage"],"picked":"Glacier","floor":17.0},{"not_picked":["Go for the Eyes","Leap"],"picked":"Conserve Battery","floor":17.0},{"not_picked":["Sweeping Beam","Ball Lightning+1"],"picked":"Capacitor","floor":18.0},{"not_picked":["Stack","Genetic Algorithm"],"picked":"Hello World+1","floor":19.0},{"not_picked":["Beam Cell","Leap"],"picked":"Ball Lightning+1","floor":20.0},{"not_picked":["Streamline","Rebound"],"picked":"Static Discharge+1","floor":22.0},{"not_picked":["Glacier","Rip and Tear"],"picked":"Capacitor+1","floor":24.0},{"not_picked":["Gash","Ball Lightning"],"picked":"White Noise+1","floor":27.0},{"not_picked":["Lockon","Rebound"],"picked":"Steam+1","floor":28.0},{"not_picked":["Rebound","Gash"],"picked":"Rip and Tear+1","floor":30.0},{"not_picked":["Thunder Strike","All For One"],"picked":"Creative AI","floor":33.0},{"not_picked":["Ball Lightning","Go for the Eyes"],"picked":"Loop+1","floor":35.0},{"not_picked":["Gash","Hologram"],"picked":"Darkness","floor":36.0},{"not_picked":["Redo+1","Capacitor+1"],"picked":"Multi-Cast","floor":37.0},{"not_picked":["Streamline+1","Ball Lightning+1"],"picked":"Glacier+1","floor":40.0},{"not_picked":["BootSequence+1","Sweeping Beam"],"picked":"Turbo+1","floor":41.0},{"not_picked":["Rebound","Streamline"],"picked":"Stack","floor":48.0}],"player_experience":2444806,"relics_obtained":[{"floor":9.0,"key":"Blue Candle"},{"floor":10.0,"key":"Art of War"},{"floor":14.0,"key":"Boot"},{"floor":24.0,"key":"Orichalcum"},{"floor":26.0,"key":"Thread and Needle"},{"floor":28.0,"key":"Red Mask"},{"floor":30.0,"key":"MawBank"},{"floor":41.0,"key":"Sundial"}],"event_choices":[{"damage_healed":0.0,"max_hp_gain":0.0,"max_hp_loss":0.0,"gold_gain":60.0,"event_name":"Golden Wing","player_choice":"Gained Gold","floor":11.0,"gold_loss":0.0,"damage_taken":0.0},{"damage_healed":0.0,"max_hp_gain":0.0,"max_hp_loss":0.0,"gold_gain":0.0,"event_name":"Accursed Blacksmith","player_choice":"Rummage","floor":13.0,"gold_loss":0.0,"damage_taken":0.0,"relics_obtained":["WarpedTongs"],"cards_obtained":["Pain"]},{"damage_healed":0.0,"max_hp_gain":0.0,"max_hp_loss":0.0,"gold_gain":0.0,"event_name":"Masked Bandits","player_choice":"Fought Bandits","floor":28.0,"gold_loss":0.0,"damage_taken":0.0},{"damage_healed":0.0,"max_hp_gain":0.0,"max_hp_loss":0.0,"gold_gain":0.0,"event_name":"Drug Dealer","player_choice":"Obtain J.A.X.","floor":31.0,"gold_loss":0.0,"damage_taken":0.0,"cards_obtained":["J.A.X."]},{"cards_removed":["Coolheaded"],"damage_healed":0.0,"max_hp_gain":0.0,"max_hp_loss":0.0,"gold_gain":0.0,"event_name":"Falling","player_choice":"Removed Skill","floor":39.0,"gold_loss":0.0,"damage_taken":0.0},{"damage_healed":36.0,"max_hp_gain":0.0,"max_hp_loss":0.0,"gold_gain":0.0,"event_name":"MindBloom","player_choice":"Heal","floor":45.0,"gold_loss":0.0,"damage_taken":0.0,"cards_obtained":["Doubt"]},{"damage_healed":0.0,"max_hp_gain":0.0,"max_hp_loss":0.0,"gold_gain":0.0,"event_name":"Winding Halls","player_choice":"Embrace Madness","floor":46.0,"gold_loss":0.0,"damage_taken":9.0,"cards_obtained":["Madness","Madness"]}],"is_beta":false,"boss_relics":[{"not_picked":["Astrolabe","Busted Crown"],"picked":"Orrery"},{"not_picked":["Black Star","Eternal Feather"],"picked":"Pandora\u0027s Box"}],"items_purged_floors":[],"is_endless":false,"potions_floor_spawned":[3,5,16,18,27,28,33,35,36,40],"killed_by":"Awakened One","ascension_level":0}