{"gold_per_floor":[109,124,199,129,129,129,54,74,74,74,74,74,94,104,104,209,209,227,227,241,252,152,152,167,167,167,167,82,113,75,93,93,198,198,211,486,361,361,361,390,149,149,149,162,162,196,196,227,227,227],"floor_reached":51,"playtime":1913,"items_purged":["Strike_B","Defend_B","Regret"],"score":1082,"play_id":"34684f86-fb6d-4cea-adb9-4fe3dd789246","local_time":"20181009130315","is_ascension_mode":true,"campfire_choices":[{"data":"Zap","floor":6,"key":"SMITH"},{"data":"Dualcast","floor":10,"key":"SMITH"},{"data":"Seek","floor":12,"key":"SMITH"},{"data":"Gash","floor":15,"key":"SMITH"},{"data":"Hyperbeam","floor":23,"key":"SMITH"},{"data":"Loop","floor":25,"key":"SMITH"},{"data":"Ghostly","floor":27,"key":"SMITH"},{"data":"Loop","floor":32,"key":"SMITH"},{"data":"Creative AI","floor":42,"key":"SMITH"},{"data":"Panacea","floor":45,"key":"SMITH"},{"floor":47,"key":"REST"},{"floor":49,"key":"REST"}],"neow_cost":"NONE","seed_source_timestamp":7162208851344,"circlet_count":0,"master_deck":["Strike_B","Strike_B","Strike_B","Defend_B","Defend_B","Defend_B","Zap+1","Dualcast+1","Seek+1","Cold Snap","Gash+1","Defragment+1","Self Repair","Chill","Hyperbeam+1","Ghostly","Ghostly+1","Ghostly","Ghostly","Ghostly","Ball Lightning+1","Loop+1","Machine Learning","Loop+1","Creative AI+1","Loop+1","Transmutation","Panacea+1","Purity","Defragment+1","Defragment+1","White Noise"],"relics":["Cracked Core","Vajra","Sozu","Letter Opener","FossilizedHelix","Du-Vu Doll","Inserter","Frozen Egg 2","ClockworkSouvenir","The Courier","Meat on the Bone","Ornamental Fan"],"potions_floor_usage":[50],"damage_taken":[{"damage":0,"enemies":"2 Louse","floor":1,"turns":3},{"damage":0,"enemies":"Small Slimes","floor":2,"turns":3},{"damage":0,"enemies":"Cultist","floor":8,"turns":3},{"damage":4,"enemies":"Red Slaver","floor":13,"turns":3},{"damage":15,"enemies":"Gremlin Gang","floor":14,"turns":4},{"damage":0,"enemies":"The Guardian","floor":16,"turns":11},{"damage":18,"enemies":"Shell Parasite","floor":18,"turns":5},{"damage":0,"enemies":"Spheric Guardian","floor":20,"turns":4},{"damage":19,"enemies":"Shelled Parasite and Fungi","floor":21,"turns":8},{"damage":1,"enemies":"Snake Plant","floor":24,"turns":4},{"damage":0,"enemies":"Book of Stabbing","floor":29,"turns":5},{"damage":0,"enemies":"Centurion and Healer","floor":31,"turns":5},{"damage":0,"enemies":"Automaton","floor":33,"turns":9},{"damage":0,"enemies":"3 Shapes","floor":35,"turns":4},{"damage":5,"enemies":"Nemesis","floor":40,"turns":7},{"damage":0,"enemies":"Orb Walker","floor":44,"turns":5},{"damage":34,"enemies":"2 Orb Walkers","floor":46,"turns":5},{"damage":0,"enemies":"Nemesis","floor":48,"turns":7},{"damage":43,"enemies":"Awakened One","floor":50,"turns":11}],"seed_played":"8662220531766067144","potions_obtained":[{"floor":8,"key":"FairyPotion"},{"floor":13,"key":"EssenceOfSteel"}],"is_trial":false,"path_per_floor":["M","M","?","$","?","R","$","M","T","R","$","R","M","M","R","B",null,"M","?","M","M","$","R","M","R","T","R","?","E","$","M","R","B",null,"M","?","$","?","?","E","$","R","T","M","R","E","R","E","R","B"],"character_chosen":"DEFECT","items_purchased":["Defragment","Loop","Defragment+1","ClockworkSouvenir"],"campfire_rested":2,"item_purchase_floors":[4,30,41,41],"current_hp_per_floor":[75,75,64,64,64,64,64,64,64,64,64,64,67,59,59,66,75,64,37,37,25,25,25,31,31,31,31,31,37,37,37,37,37,37,37,37,37,37,27,29,29,29,29,36,36,9,20,27,37,15],"gold":227,"neow_bonus":"ONE_RANDOM_RARE_CARD","is_prod":false,"is_daily":false,"chose_seed":false,"campfire_upgraded":10,"win_rate":0,"timestamp":1539061395,"path_taken":["M","M","?","$","?","R","$","?","T","R","$","R","M","M","R","BOSS","M","?","M","M","$","R","M","R","T","R","?","E","?","M","R","BOSS","M","?","$","?","?","E","$","R","T","?","R","E","R","E","R","BOSS"],"build_version":"2018-10-04v2","purchased_purges":3,"victory":true,"max_hp_per_floor":[75,75,75,75,75,75,75,75,75,75,75,75,75,75,75,75,75,75,37,37,37,37,37,37,37,37,37,37,37,37,37,37,37,37,37,37,37,37,37,37,37,37,37,37,37,37,37,37,37,37],"card_choices":[{"not_picked":["Rebound","Fusion"],"picked":"Cold Snap","floor":1},{"not_picked":["Rebound","Double Energy"],"picked":"Gash","floor":2},{"not_picked":["Rebound","Stack"],"picked":"Self Repair","floor":8},{"not_picked":["Beam Cell","Steam Power"],"picked":"Chill","floor":13},{"not_picked":["Barrage","Fusion","Steam Power"],"picked":"SKIP","floor":14},{"not_picked":["Thunder Strike","Fission"],"picked":"Hyperbeam","floor":16},{"not_picked":["Compile Driver","Stack","Static Discharge"],"picked":"SKIP","floor":18},{"not_picked":["Rebound","Steam","Beam Cell"],"picked":"SKIP","floor":20},{"not_picked":["Redo","Conserve Battery"],"picked":"Ball Lightning+1","floor":21},{"not_picked":["Chill","Conserve Battery+1"],"picked":"Loop","floor":24},{"not_picked":["Barrage","Auto Shields+1"],"picked":"Machine Learning","floor":29},{"not_picked":["Compile Driver","Streamline","Hologram"],"picked":"SKIP","floor":31},{"not_picked":["Multi-Cast","Reboot"],"picked":"Creative AI","floor":33},{"not_picked":["Cold Snap+1","Streamline"],"picked":"Loop+1","floor":35},{"not_picked":["Jack Of All Trades","Discovery"],"picked":"Transmutation","floor":39},{"not_picked":["Madness","Thinking Ahead"],"picked":"Panacea","floor":39},{"not_picked":["Chrysalis","Trip"],"picked":"Purity","floor":39},{"not_picked":["Seek","Genetic Algorithm"],"picked":"Defragment","floor":40},{"not_picked":["Static Discharge+1","Leap+1","Sweeping Beam"],"picked":"SKIP","floor":44},{"not_picked":["Hologram+1","Redo"],"picked":"White Noise","floor":46},{"not_picked":["Heatsinks+1","Sweeping Beam+1","Stack+1"],"picked":"SKIP","floor":48}],"player_experience":30429,"relics_obtained":[{"floor":9,"key":"Vajra"},{"floor":26,"key":"Letter Opener"},{"floor":29,"key":"Du-Vu Doll"},{"floor":40,"key":"Frozen Egg 2"},{"floor":43,"key":"The Courier"},{"floor":46,"key":"Meat on the Bone"},{"floor":48,"key":"Ornamental Fan"}],"event_choices":[{"event_name":"World of Goop","player_choice":"Gather Gold","floor":3,"damage_taken":0},{"event_name":"Upgrade Shrine","player_choice":"Upgraded","floor":5,"damage_taken":0},{"event_name":"Ghosts","player_choice":"Became a Ghost","floor":19,"damage_taken":0},{"event_name":"Addict","player_choice":"Obtained Relic","floor":28,"damage_taken":0},{"event_name":"Golden Shrine","player_choice":"Desecrate","floor":36,"damage_taken":0},{"event_name":"Tomb of Lord Red Mask","player_choice":"Ignored","floor":38,"damage_taken":0},{"event_name":"SensoryStone","player_choice":"Memory 3","floor":39,"damage_taken":0}],"is_beta":false,"boss_relics":[{"not_picked":["Busted Crown","Snecko Eye"],"picked":"Sozu"},{"not_picked":["Philosopher\u0027s Stone","Cursed Key"],"picked":"Inserter"}],"items_purged_floors":[7,22,37],"is_endless":false,"potions_floor_spawned":[8,13,21,29,31,35,40,44],"ascension_level":4}