{"gold_per_floor":[115,115,115,115,115,115,134,149,175,190,190,204,62,83,83,172,172,191,205,105,105,124,124,139,139,139,139,139,172,196,210,210,309,309,334,667,684,696,712,712,712,712,738,753,766,766,786,798,798,798],"floor_reached":51,"playtime":2286,"items_purged":["Injury","Stack"],"score":1151,"play_id":"8e899cd6-1481-4571-a4b5-3d332317f49f","local_time":"20181025192036","is_ascension_mode":true,"campfire_choices":[{"data":"Zap","floor":6.0,"key":"SMITH"},{"data":"Dualcast","floor":11.0,"key":"SMITH"},{"data":"Defragment","floor":15.0,"key":"SMITH"},{"data":"Defragment","floor":23,"key":"SMITH"},{"data":"Sunder","floor":28,"key":"SMITH"},{"data":"Fission","floor":32,"key":"SMITH"},{"data":"Creative AI","floor":40,"key":"SMITH"},{"data":"Capacitor","floor":42,"key":"SMITH"},{"floor":46,"key":"REST"},{"data":"Defragment","floor":49,"key":"SMITH"}],"neow_cost":"NONE","seed_source_timestamp":216191710911,"circlet_count":0,"master_deck":["Zap+1","Dualcast+1","AscendersBane","Ball Lightning","Sunder+1","Ball Lightning","Defragment+1","Self Repair","Core Surge","Cold Snap","Defragment+1","Blizzard","Redo","Undo","Chill","Glacier","Leap","Fission+1","Chaos+1","Creative AI+1","Auto Shields","Reprogram","Capacitor+1","Skim","Defragment+1","Force Field","Beam Cell+1"],"special_seed":0,"relics":["Cracked Core","FaceOfCleric","Potion Belt","Orichalcum","Lantern","Pandora\u0027s Box","Sundial","Art of War","Runic Pyramid","Pen Nib"],"potions_floor_usage":[18,33,38,45,50,50,50],"damage_taken":[{"damage":0.0,"enemies":"Small Slimes","floor":1.0,"turns":3.0},{"damage":0.0,"enemies":"Cultist","floor":7.0,"turns":3.0},{"damage":1.0,"enemies":"2 Louse","floor":8.0,"turns":2.0},{"damage":0.0,"enemies":"Gremlin Gang","floor":10.0,"turns":3.0},{"damage":0.0,"enemies":"Looter","floor":12.0,"turns":1.0},{"damage":0.0,"enemies":"3 Louse","floor":14.0,"turns":2.0},{"damage":42.0,"enemies":"Slime Boss","floor":16.0,"turns":7.0},{"damage":5,"enemies":"3 Byrds","floor":18,"turns":3},{"damage":5,"enemies":"Chosen","floor":19,"turns":4},{"damage":8,"enemies":"Centurion and Healer","floor":22,"turns":6},{"damage":10,"enemies":"Snake Plant","floor":24,"turns":5},{"damage":9,"enemies":"Colosseum Slavers","floor":25,"turns":5},{"damage":21,"enemies":"Book of Stabbing","floor":29,"turns":6},{"damage":0,"enemies":"Sentry and Sphere","floor":30,"turns":6},{"damage":0,"enemies":"Centurion and Healer","floor":31,"turns":5},{"damage":10,"enemies":"Collector","floor":33,"turns":11},{"damage":21,"enemies":"3 Darklings","floor":35,"turns":5},{"damage":0,"enemies":"3 Shapes","floor":37,"turns":4},{"damage":16,"enemies":"Transient","floor":38,"turns":5},{"damage":2,"enemies":"Spire Growth","floor":39,"turns":6},{"damage":19,"enemies":"Jaw Worm Horde","floor":44,"turns":5},{"damage":17,"enemies":"3 Darklings","floor":45,"turns":4},{"damage":0,"enemies":"Maw","floor":47,"turns":9},{"damage":0,"enemies":"Sphere and 2 Shapes","floor":48,"turns":6},{"damage":2,"enemies":"Awakened One","floor":50,"turns":16}],"seed_played":"5633063251135285268","potions_obtained":[{"floor":7.0,"key":"Swift Potion"},{"floor":10.0,"key":"FearPotion"},{"floor":14.0,"key":"SkillPotion"},{"floor":16.0,"key":"LiquidBronze"},{"floor":18,"key":"LiquidBronze"},{"floor":24,"key":"AttackPotion"},{"floor":35,"key":"FearPotion"},{"floor":45,"key":"Regen Potion"},{"floor":48,"key":"SkillPotion"}],"is_trial":false,"path_per_floor":["M","?","?","?","T","R","M","M","T","M","R","M","$","M","R","B",null,"M","M","$","?","M","R","M","?","T","?","R","E","M","M","R","B",null,"M","?","M","M","M","R","?","R","T","M","M","R","M","M","R","B"],"character_chosen":"DEFECT","items_purchased":["Defragment"],"campfire_rested":1,"item_purchase_floors":[13],"current_hp_per_floor":[64,64,64,46,46,46,47,47,47,48,48,49,49,50,50,16,62,65,68,68,68,68,68,66,65,65,65,65,45,53,61,61,59,79,66,66,81,66,72,72,72,72,72,61,52,79,87,94,94,95],"gold":798,"neow_bonus":"REMOVE_CARD","is_prod":false,"is_daily":false,"chose_seed":false,"campfire_upgraded":9,"win_rate":0,"timestamp":1540466436,"path_taken":["M","?","?","?","?","R","?","M","T","M","R","M","$","M","R","BOSS","M","M","$","?","M","R","M","?","T","?","R","E","M","M","R","BOSS","M","?","M","M","M","R","?","R","T","M","M","R","M","M","R","BOSS"],"build_version":"2018-10-18","purchased_purges":2,"victory":true,"max_hp_per_floor":[71,71,71,71,71,71,72,73,73,74,74,75,75,76,76,77,77,78,79,79,79,80,80,81,82,82,82,82,83,84,85,85,86,86,87,87,88,89,90,90,90,90,90,91,92,92,93,94,94,95],"card_choices":[{"not_picked":["Beam Cell","Redo","Barrage"],"picked":"SKIP","floor":1.0},{"not_picked":["Conserve Battery","Reinforced Body"],"picked":"Ball Lightning","floor":7.0},{"not_picked":["Force Field","Redo"],"picked":"Sunder","floor":8.0},{"not_picked":["Meteor Strike","Stack"],"picked":"Ball Lightning","floor":10.0},{"not_picked":["Force Field","Rip and Tear","Compile Driver"],"picked":"SKIP","floor":12.0},{"not_picked":["Gash","Compile Driver"],"picked":"Self Repair","floor":14.0},{"not_picked":["Rainbow","Amplify"],"picked":"Core Surge","floor":16.0},{"not_picked":["Reprogram","Barrage"],"picked":"Chill","floor":18},{"not_picked":["Steam","Go for the Eyes"],"picked":"Glacier","floor":19},{"not_picked":["Gash","Stack"],"picked":"Leap","floor":22},{"not_picked":["Glacier","Rip and Tear+1"],"picked":"Fission","floor":24},{"not_picked":["Go for the Eyes","Skim","Streamline"],"picked":"SKIP","floor":29},{"not_picked":["Rebound","Scrape"],"picked":"Chaos+1","floor":30},{"not_picked":["Chaos","Static Discharge","Rip and Tear"],"picked":"SKIP","floor":31},{"not_picked":["Meteor Strike","Buffer"],"picked":"Creative AI","floor":33},{"not_picked":["Cold Snap","Blizzard"],"picked":"Auto Shields","floor":35},{"not_picked":["Barrage","Compile Driver"],"picked":"Reprogram","floor":37},{"not_picked":["Steam+1","Skim"],"picked":"Capacitor","floor":38},{"not_picked":["Steam+1","Tempest","Aggregate"],"picked":"SKIP","floor":39},{"not_picked":["Gash","Doom and Gloom","Skim"],"picked":"SKIP","floor":44},{"not_picked":["Gash","Doom and Gloom"],"picked":"Skim","floor":44},{"not_picked":["Ball Lightning","Fusion"],"picked":"Defragment","floor":45},{"not_picked":["Scrape","Compile Driver"],"picked":"Force Field","floor":47},{"not_picked":["Blizzard","Lockon"],"picked":"Beam Cell+1","floor":48}],"player_experience":636944,"relics_obtained":[{"floor":5.0,"key":"Orichalcum"},{"floor":9.0,"key":"Lantern"},{"floor":26,"key":"Sundial"},{"floor":29,"key":"Art of War"},{"floor":43,"key":"Pen Nib"}],"event_choices":[{"damage_healed":0.0,"max_hp_gain":0.0,"max_hp_loss":0.0,"gold_gain":0.0,"event_name":"Golden Idol","player_choice":"Take Wound","floor":2.0,"gold_loss":0.0,"damage_taken":0.0,"relics_obtained":["Golden Idol"],"cards_obtained":["Injury"]},{"damage_healed":0.0,"max_hp_gain":0.0,"max_hp_loss":0.0,"gold_gain":0.0,"event_name":"FaceTrader","player_choice":"Trade","floor":3.0,"gold_loss":0.0,"damage_taken":0.0,"relics_obtained":["FaceOfCleric"]},{"damage_healed":0.0,"max_hp_gain":0.0,"max_hp_loss":0.0,"gold_gain":0.0,"event_name":"Scrap Ooze","player_choice":"Success","floor":4.0,"gold_loss":0.0,"damage_taken":18.0,"relics_obtained":["Potion Belt"]},{"damage_healed":0,"gold_gain":0,"player_choice":"Ignored","damage_taken":0,"max_hp_gain":0,"max_hp_loss":0,"event_name":"Vampires","floor":21,"gold_loss":0},{"damage_healed":0,"gold_gain":0,"player_choice":"Fight","damage_taken":0,"max_hp_gain":0,"max_hp_loss":0,"event_name":"Colosseum","floor":25,"gold_loss":0},{"damage_healed":0,"gold_gain":0,"player_choice":"Fled From Nobs","damage_taken":0,"max_hp_gain":0,"max_hp_loss":0,"event_name":"Colosseum","floor":25,"gold_loss":0},{"cards_removed":["Stack"],"damage_healed":0,"gold_gain":0,"player_choice":"Purged","damage_taken":0,"max_hp_gain":0,"max_hp_loss":0,"event_name":"Purifier","floor":27,"gold_loss":0},{"damage_healed":0,"gold_gain":333,"player_choice":"Gave Idol","damage_taken":0,"max_hp_gain":0,"max_hp_loss":0,"event_name":"The Moai Head","floor":36,"relics_lost":["Golden Idol"],"gold_loss":0},{"damage_healed":0,"gold_gain":0,"player_choice":"Ignored","damage_taken":0,"max_hp_gain":0,"max_hp_loss":0,"event_name":"Mysterious Sphere","floor":41,"gold_loss":0}],"is_beta":false,"boss_relics":[{"not_picked":["Calling Bell","Velvet Choker"],"picked":"Pandora\u0027s Box"},{"not_picked":["Lizard Tail","FrozenCore"],"picked":"Runic Pyramid"}],"items_purged_floors":[13,20],"is_endless":false,"potions_floor_spawned":[7,10,14,16,18,24,25,31,35,45,48],"ascension_level":15}