{"gold_per_floor":[215,228,228,239,314,314,20,20,66,103,115,157,169,181,193,279,291,320,332,344,368,399,411,433,445,457,480,523,552,576,621,633,723,735,765,1776,1788,1815,730,761,761,789,836,836,836,836,856,868,868,868,868,868,868,71,105,105],"floor_reached":57,"playtime":3109,"items_purged":["Strike_G","Strike_G"],"score":3066,"play_id":"e858f32e-68d7-4eb6-be26-973044fc5d1a","local_time":"20190514101229","is_ascension_mode":true,"campfire_choices":[{"data":"Neutralize","floor":6.0,"key":"SMITH"},{"data":"Noxious Fumes","floor":8.0,"key":"SMITH"},{"floor":11.0,"key":"REST"},{"data":"Demon Form","floor":15.0,"key":"SMITH"},{"data":"Apotheosis","floor":23.0,"key":"SMITH"},{"data":"Well Laid Plans","floor":25.0,"key":"SMITH"},{"floor":32.0,"key":"RECALL"},{"data":"True Grit","floor":41.0,"key":"SMITH"},{"data":"Wraith Form v2","floor":46.0,"key":"SMITH"},{"data":"Hologram","floor":49.0,"key":"SMITH"},{"data":"Echo Form","floor":53,"key":"SMITH"}],"neow_cost":"NONE","seed_source_timestamp":2439163707292,"circlet_count":0,"master_deck":["AscendersBane","Defend_G","Defend_G","Defend_G","Defend_G","Defend_G","Survivor","Neutralize+1","Backflip","Noxious Fumes+1","Hologram+1","Demon Form+1","Apotheosis+1","True Grit+1","Burst","Wraith Form v2+1","Grand Finale","Well Laid Plans+1","Heatsinks","Second Wind","Amplify","Shrug It Off","Echo Form+1","Normality","Normality","Writhe","Secret Technique","Rainbow","Force Field"],"special_seed":0,"relics":["Ring of the Snake","PrismaticShard","MawBank","Centennial Puzzle","Du-Vu Doll","Runic Dome","Mango","Blue Candle","Pocketwatch","Runic Pyramid","Gambling Chip","Pantograph","Toolbox","Shuriken","Happy Flower","Paper Crane","Bottled Tornado","Incense Burner","Bird Faced Urn"],"potions_floor_usage":[56],"damage_taken":[{"damage":1.0,"enemies":"Cultist","floor":1.0,"turns":4.0},{"damage":0.0,"enemies":"2 Louse","floor":2.0,"turns":3.0},{"damage":4.0,"enemies":"Small Slimes","floor":4.0,"turns":4.0},{"damage":45.0,"enemies":"Gremlin Nob","floor":10.0,"turns":6.0},{"damage":12.0,"enemies":"Lagavulin","floor":12.0,"turns":8.0},{"damage":10.0,"enemies":"Hexaghost","floor":16.0,"turns":8.0},{"damage":4.0,"enemies":"Chosen","floor":18.0,"turns":5.0},{"damage":1.0,"enemies":"Spheric Guardian","floor":21.0,"turns":3.0},{"damage":4.0,"enemies":"Snecko","floor":22.0,"turns":7.0},{"damage":2.0,"enemies":"Snake Plant","floor":24.0,"turns":5.0},{"damage":13.0,"enemies":"Shelled Parasite and Fungi","floor":27.0,"turns":6.0},{"damage":7.0,"enemies":"Slavers","floor":28.0,"turns":4.0},{"damage":0.0,"enemies":"Centurion and Healer","floor":29.0,"turns":5.0},{"damage":0.0,"enemies":"Snake Plant","floor":30.0,"turns":5.0},{"damage":0.0,"enemies":"Gremlin Leader","floor":31.0,"turns":5.0},{"damage":0.0,"enemies":"Champ","floor":33.0,"turns":8.0},{"damage":0.0,"enemies":"Orb Walker","floor":35.0,"turns":6.0},{"damage":1.0,"enemies":"3 Shapes","floor":38.0,"turns":5.0},{"damage":2.0,"enemies":"Nemesis","floor":40.0,"turns":7.0},{"damage":17.0,"enemies":"Reptomancer","floor":42.0,"turns":7.0},{"damage":7.0,"enemies":"Sphere and 2 Shapes","floor":47.0,"turns":7.0},{"damage":3.0,"enemies":"4 Shapes","floor":48.0,"turns":5.0},{"damage":2,"enemies":"Awakened One","floor":50,"turns":7},{"damage":38,"enemies":"Donu and Deca","floor":51,"turns":8},{"damage":3,"enemies":"Shield and Spear","floor":55,"turns":5},{"damage":71,"enemies":"The Heart","floor":56,"turns":8}],"seed_played":"-6353481382492703167","potions_obtained":[{"floor":12.0,"key":"Block Potion"},{"floor":21.0,"key":"Weak Potion"},{"floor":27.0,"key":"GamblersBrew"},{"floor":38.0,"key":"AttackPotion"}],"is_trial":false,"path_per_floor":["M","M","?","M","?","R","$","R","T","E","R","E","$","?","R","B",null,"M","?","?","M","M","R","M","R","T","M","E","M","M","E","R","B",null,"M","?","?","M","$","E","R","E","T","?","?","R","M","M","R","B","B",null,"R","$","E","B",null],"character_chosen":"THE_SILENT","items_purchased":["PrismaticShard","Noxious Fumes","Gambling Chip","Pantograph","Toolbox","Secret Technique","Bottled Tornado","Incense Burner","Ancient Potion"],"campfire_rested":1,"item_purchase_floors":[7,7,39,39,39,39,54,54,54],"current_hp_per_floor":[58,58,63,59,48,48,48,48,48,3,24,12,12,12,12,2,54,50,50,50,49,45,45,43,43,57,44,37,37,37,37,37,37,73,73,73,85,84,84,82,82,65,65,65,65,65,58,55,55,78,47,76,76,76,73,32],"gold":105,"neow_bonus":"HUNDRED_GOLD","is_prod":false,"is_daily":false,"chose_seed":false,"campfire_upgraded":9,"win_rate":0,"timestamp":1557799949,"path_taken":["M","M","?","M","?","R","$","R","T","E","R","E","$","?","R","BOSS","M","?","?","M","M","R","M","R","T","M","E","M","?","E","R","BOSS","M","?","?","M","$","E","R","E","T","?","?","R","M","M","R","BOSS","BOSS","R","$","E","BOSS"],"build_version":"2019-01-23","purchased_purges":2,"victory":true,"max_hp_per_floor":[66,66,71,71,71,71,71,71,71,71,71,71,71,71,71,71,71,71,71,71,71,71,71,71,71,85,85,85,85,85,85,85,85,85,85,85,85,85,85,85,85,85,85,85,85,85,85,85,85,85,85,85,85,85,85,85],"card_choices":[{"not_picked":["Outmaneuver","Backflip"],"picked":"Endless Agony","floor":1.0},{"not_picked":["Bane","Prepared"],"picked":"Backflip","floor":2.0},{"not_picked":["Dodge and Roll","Prepared","Blade Dance"],"picked":"SKIP","floor":4.0},{"not_picked":["Cleave","Twin Strike"],"picked":"Hologram","floor":10.0},{"not_picked":["Cleave","Hologram"],"picked":"Demon Form","floor":12.0},{"not_picked":["Adrenaline","Magnetism"],"picked":"Apotheosis","floor":16.0},{"not_picked":["Cleave+1","Armaments"],"picked":"True Grit","floor":18.0},{"not_picked":["Flechettes","Headbutt"],"picked":"Well Laid Plans","floor":21.0},{"not_picked":["Twin Strike","Reboot"],"picked":"Heatsinks","floor":22.0},{"not_picked":["Quick Slash","Anger","Reinforced Body"],"picked":"SKIP","floor":24.0},{"not_picked":["Cold Snap","Conserve Battery"],"picked":"Second Wind","floor":27.0},{"not_picked":["Whirlwind","Rage","Amplify"],"picked":"SKIP","floor":28.0},{"not_picked":["Whirlwind","Rage"],"picked":"Amplify","floor":28.0},{"not_picked":["Leg Sweep","Iron Wave","Dagger Spray+1"],"picked":"SKIP","floor":29.0},{"not_picked":["Go for the Eyes","Warcry"],"picked":"Shrug It Off","floor":30.0},{"not_picked":["Melter","Sword Boomerang","Clash"],"picked":"SKIP","floor":31.0},{"not_picked":["Feed","Wraith Form v2"],"picked":"Echo Form","floor":33.0},{"not_picked":["Heel Hook","Perfected Strike","Go for the Eyes"],"picked":"SKIP","floor":35.0},{"not_picked":["Beam Cell","Clothesline","Dramatic Entrance"],"picked":"SKIP","floor":38.0},{"not_picked":["BootSequence","Cloak And Dagger+1"],"picked":"Rainbow","floor":40.0},{"not_picked":["Cloak And Dagger","Tempest","Perfected Strike"],"picked":"SKIP","floor":42.0},{"not_picked":["Pommel Strike","Heatsinks","Clash"],"picked":"SKIP","floor":47.0},{"not_picked":["Perfected Strike+1","Force Field","Leap"],"picked":"SKIP","floor":48.0},{"not_picked":["Perfected Strike+1","Leap"],"picked":"Force Field","floor":48.0},{"not_picked":["Heavy Blade+1","Havoc","Well Laid Plans"],"picked":"SKIP","floor":55}],"player_experience":4736968,"relics_obtained":[{"floor":9.0,"key":"MawBank"},{"floor":10.0,"key":"Centennial Puzzle"},{"floor":12.0,"key":"Du-Vu Doll"},{"floor":26.0,"key":"Mango"},{"floor":28.0,"key":"Blue Candle"},{"floor":31.0,"key":"Pocketwatch"},{"floor":40.0,"key":"Shuriken"},{"floor":42.0,"key":"Happy Flower"},{"floor":55,"key":"Bird Faced Urn"}],"event_choices":[{"damage_healed":0.0,"max_hp_gain":5.0,"max_hp_loss":0.0,"gold_gain":0.0,"event_name":"Big Fish","player_choice":"Donut","floor":3.0,"gold_loss":0.0,"damage_taken":0.0},{"damage_healed":0.0,"max_hp_gain":0.0,"max_hp_loss":0.0,"gold_gain":75.0,"event_name":"World of Goop","player_choice":"Gather Gold","floor":5.0,"gold_loss":0.0,"damage_taken":11.0},{"damage_healed":0.0,"max_hp_gain":0.0,"max_hp_loss":0.0,"gold_gain":0.0,"event_name":"Shining Light","player_choice":"Ignored","floor":14.0,"gold_loss":0.0,"damage_taken":0.0},{"damage_healed":0.0,"max_hp_gain":0.0,"max_hp_loss":0.0,"gold_gain":0.0,"cards_transformed":["Strike_G","Strike_G"],"event_name":"Drug Dealer","player_choice":"Became Test Subject","floor":19.0,"gold_loss":0.0,"damage_taken":0.0,"cards_obtained":["Burst","Wraith Form v2"]},{"damage_healed":0.0,"max_hp_gain":0.0,"max_hp_loss":0.0,"gold_gain":0.0,"cards_transformed":["Strike_G"],"event_name":"Transmorgrifier","player_choice":"Transformed","floor":20.0,"gold_loss":0.0,"damage_taken":0.0,"cards_obtained":["Grand Finale"]},{"damage_healed":0.0,"max_hp_gain":0.0,"max_hp_loss":0.0,"gold_gain":999.0,"event_name":"MindBloom","player_choice":"Gold","floor":36.0,"gold_loss":0.0,"damage_taken":0.0,"cards_obtained":["Normality","Normality"]},{"damage_healed":17.0,"max_hp_gain":0.0,"max_hp_loss":0.0,"gold_gain":0.0,"event_name":"Winding Halls","player_choice":"Writhe","floor":37.0,"gold_loss":0.0,"damage_taken":0.0,"cards_obtained":["Writhe"]},{"damage_healed":0.0,"max_hp_gain":0.0,"max_hp_loss":0.0,"gold_gain":0.0,"event_name":"Tomb of Lord Red Mask","player_choice":"Ignored","floor":44.0,"gold_loss":0.0,"damage_taken":0.0},{"cards_removed":["Endless Agony"],"damage_healed":0.0,"max_hp_gain":0.0,"max_hp_loss":0.0,"gold_gain":0.0,"event_name":"WeMeetAgain","player_choice":"Gave Card","floor":45.0,"gold_loss":0.0,"damage_taken":0.0,"relics_obtained":["Paper Crane"]}],"is_beta":false,"boss_relics":[{"not_picked":["Velvet Choker","Busted Crown"],"picked":"Runic Dome"},{"not_picked":["Sozu","Orrery"],"picked":"Runic Pyramid"}],"items_purged_floors":[39,54],"is_endless":false,"potions_floor_spawned":[12,21,22,27,28,38,42],"ascension_level":20}