{"gold_per_floor":[110,130,150,100,25,25,125,125,125,136,136,36,55,55,55,151,151,167,64,77,77,91,119,138,138,138,138,163,163,262,279,279,381,381,399,299,299,179,196,196,206,206,231,231,246,264,0,0,0,0],"floor_reached":51,"playtime":1632,"items_purged":["Defend_G","Defend_G","Strike_G","Defend_G"],"score":700,"play_id":"47724114-8cff-4a1a-b7ac-56a7e07e0cf8","local_time":"20181022133701","is_ascension_mode":false,"campfire_choices":[{"data":"Noxious Fumes","floor":6.0,"key":"SMITH"},{"data":"Catalyst","floor":11.0,"key":"SMITH"},{"data":"Neutralize","floor":15.0,"key":"SMITH"},{"data":"Catalyst","floor":25.0,"key":"SMITH"},{"floor":27.0,"key":"REST"},{"data":"Deadly Poison","floor":29.0,"key":"SMITH"},{"data":"Leg Sweep","floor":32,"key":"SMITH"},{"data":"Survivor","floor":40,"key":"SMITH"},{"data":"Leg Sweep","floor":42,"key":"SMITH"},{"data":"Defend_G","floor":44,"key":"SMITH"},{"floor":49,"key":"REST"}],"neow_cost":"TEN_PERCENT_HP_LOSS","seed_source_timestamp":19874507740400,"circlet_count":0,"master_deck":["Defend_G+1","Survivor+1","Neutralize+1","Noxious Fumes+1","Catalyst+1","Venomology","Deadly Poison+1","Catalyst+1","Leg Sweep+1","Footwork+1","Cloak And Dagger+1","Blur+1","Leg Sweep+1","Escape Plan","Crippling Poison"],"special_seed":0,"relics":["Ring of the Snake","Bronze Scales","Sundial","WristBlade","The Courier","Turnip","Prayer Wheel","Mango","Juzu Bracelet","Red Mask"],"potions_floor_usage":[31,35,37,39,41,45,50,50,50],"damage_taken":[{"damage":0.0,"enemies":"Small Slimes","floor":1.0,"turns":3.0},{"damage":3.0,"enemies":"2 Louse","floor":2.0,"turns":3.0},{"damage":0.0,"enemies":"Jaw Worm","floor":3.0,"turns":5.0},{"damage":1.0,"enemies":"Blue Slaver","floor":10.0,"turns":3.0},{"damage":7.0,"enemies":"Gremlin Gang","floor":13.0,"turns":4.0},{"damage":13.0,"enemies":"Hexaghost","floor":16.0,"turns":9.0},{"damage":16.0,"enemies":"2 Thieves","floor":18.0,"turns":4.0},{"damage":10.0,"enemies":"Spheric Guardian","floor":20.0,"turns":4.0},{"damage":6.0,"enemies":"Cultist and Chosen","floor":22.0,"turns":8.0},{"damage":9.0,"enemies":"Book of Stabbing","floor":23.0,"turns":5.0},{"damage":1.0,"enemies":"Snecko","floor":24.0,"turns":4.0},{"damage":8.0,"enemies":"Slavers","floor":28.0,"turns":4.0},{"damage":0,"enemies":"Centurion and Healer","floor":31,"turns":5},{"damage":20,"enemies":"Champ","floor":33,"turns":7},{"damage":16,"enemies":"3 Darklings","floor":35,"turns":6},{"damage":4,"enemies":"Mind Bloom Boss Battle","floor":37,"turns":6},{"damage":2,"enemies":"3 Shapes","floor":39,"turns":4},{"damage":0,"enemies":"Maw","floor":41,"turns":5},{"damage":11,"enemies":"Spire Growth","floor":45,"turns":6},{"damage":12,"enemies":"Jaw Worm Horde","floor":46,"turns":5},{"damage":20,"enemies":"Donu and Deca","floor":50,"turns":9}],"seed_played":"2811664941315453819","potions_obtained":[{"floor":3.0,"key":"SteroidPotion"},{"floor":13.0,"key":"PowerPotion"},{"floor":23.0,"key":"SpeedPotion"},{"floor":24.0,"key":"Fire Potion"},{"floor":31,"key":"Fire Potion"}],"is_trial":false,"path_per_floor":["M","M","M","?","$","R","?","?","T","M","R","$","M","T","R","B",null,"M","$","M","$","M","E","M","R","T","R","E","R","?","M","R","B",null,"M","$","?","$","M","R","M","R","T","R","M","M","?","?","R","B"],"character_chosen":"THE_SILENT","items_purchased":["Catalyst","Leg Sweep"],"campfire_rested":2,"item_purchase_floors":[19,19],"current_hp_per_floor":[63,60,60,60,60,60,60,53,53,52,52,52,45,45,45,32,63,47,47,37,37,31,22,21,21,21,39,31,31,31,31,31,11,63,61,61,71,71,69,69,69,69,69,69,58,46,46,46,69,49],"gold":0,"neow_bonus":"REMOVE_TWO","is_prod":false,"is_daily":false,"chose_seed":false,"campfire_upgraded":9,"win_rate":0,"timestamp":1540186621,"path_taken":["M","M","M","?","$","R","?","?","T","M","R","$","M","?","R","BOSS","M","$","M","$","M","E","M","R","T","R","E","R","?","M","R","BOSS","M","$","?","$","M","R","M","R","T","R","M","M","?","?","R","BOSS"],"build_version":"2018-10-18","purchased_purges":4,"victory":true,"max_hp_per_floor":[63,63,63,63,63,63,63,63,63,63,63,63,63,63,63,63,63,63,63,63,63,63,63,63,63,63,63,63,63,63,63,63,63,63,63,63,77,77,77,77,77,77,77,77,77,77,77,77,77,77],"card_choices":[{"not_picked":["Underhanded Strike","Blade Dance"],"picked":"Noxious Fumes","floor":1.0},{"not_picked":["Cloak And Dagger","Tactician","Endless Agony"],"picked":"SKIP","floor":2.0},{"not_picked":["Blur","Poisoned Stab","Choke"],"picked":"SKIP","floor":3.0},{"not_picked":["Heel Hook","PiercingWail"],"picked":"Catalyst","floor":10.0},{"not_picked":["Prepared","PiercingWail","Dagger Throw"],"picked":"SKIP","floor":13.0},{"not_picked":["A Thousand Cuts","Bullet Time"],"picked":"Venomology","floor":16.0},{"not_picked":["Bane","Calculated Gamble"],"picked":"Deadly Poison","floor":18.0},{"not_picked":["Outmaneuver","Flying Knee","Dagger Throw+1"],"picked":"SKIP","floor":20.0},{"not_picked":["Sucker Punch","Riddle With Holes","Underhanded Strike"],"picked":"SKIP","floor":22.0},{"not_picked":["Sucker Punch","Riddle With Holes","Underhanded Strike"],"picked":"SKIP","floor":22.0},{"not_picked":["Acrobatics","Endless Agony+1","Backstab"],"picked":"SKIP","floor":23.0},{"not_picked":["Dagger Spray+1","Dagger Throw","Endless Agony"],"picked":"SKIP","floor":24.0},{"not_picked":["PiercingWail+1","Quick Slash+1","Prepared"],"picked":"SKIP","floor":28.0},{"not_picked":["Poisoned Stab","Underhanded Strike"],"picked":"Footwork+1","floor":31},{"not_picked":["Backstab","Poisoned Stab","Quick Slash"],"picked":"SKIP","floor":31},{"not_picked":["PiercingWail","Calculated Gamble"],"picked":"Cloak And Dagger+1","floor":35},{"not_picked":["Blade Dance","Poisoned Stab+1","Deadly Poison+1"],"picked":"SKIP","floor":35},{"not_picked":["Acrobatics+1","Underhanded Strike"],"picked":"Blur+1","floor":37},{"not_picked":["Concentrate","Deflect","Outmaneuver+1"],"picked":"SKIP","floor":39},{"not_picked":["Storm of Steel","PiercingWail","Tactician"],"picked":"SKIP","floor":39},{"not_picked":["Calculated Gamble+1","Choke+1"],"picked":"Leg Sweep","floor":41},{"not_picked":["Cloak And Dagger","Bane","Deadly Poison+1"],"picked":"SKIP","floor":41},{"not_picked":["PiercingWail","Bane"],"picked":"Escape Plan","floor":45},{"not_picked":["Poisoned Stab+1","Tactician","Flying Knee"],"picked":"SKIP","floor":45},{"not_picked":["Dagger Throw","Deflect+1","Infinite Blades"],"picked":"SKIP","floor":46},{"not_picked":["Prepared+1","Sucker Punch+1","Crippling Poison"],"picked":"SKIP","floor":46},{"not_picked":["Prepared+1","Sucker Punch+1"],"picked":"Crippling Poison","floor":46},{"not_picked":["Dagger Throw","Deflect+1","Infinite Blades"],"picked":"SKIP","floor":46}],"player_experience":504493,"relics_obtained":[{"floor":9.0,"key":"Bronze Scales"},{"floor":14.0,"key":"Sundial"},{"floor":23.0,"key":"The Courier"},{"floor":26.0,"key":"Turnip"},{"floor":28.0,"key":"Prayer Wheel"},{"floor":37,"key":"Mango"},{"floor":43,"key":"Juzu Bracelet"}],"event_choices":[{"cards_removed":["Strike_G"],"damage_healed":0.0,"max_hp_gain":0.0,"max_hp_loss":0.0,"gold_gain":0.0,"event_name":"The Cleric","player_choice":"Card Removal","floor":4.0,"gold_loss":50.0,"damage_taken":0.0},{"damage_healed":0.0,"max_hp_gain":0.0,"max_hp_loss":0.0,"gold_gain":100.0,"event_name":"Golden Shrine","player_choice":"Pray","floor":7.0,"gold_loss":0.0,"damage_taken":0.0},{"cards_removed":["Strike_G"],"damage_healed":0.0,"max_hp_gain":0.0,"max_hp_loss":0.0,"gold_gain":0.0,"event_name":"Golden Wing","player_choice":"Card Removal","floor":8.0,"gold_loss":0.0,"damage_taken":7.0},{"damage_healed":0.0,"max_hp_gain":0.0,"max_hp_loss":0.0,"gold_gain":99.0,"event_name":"Nest","player_choice":"Stole From Cult","floor":30.0,"gold_loss":0.0,"damage_taken":0.0},{"damage_healed":0,"gold_gain":0,"player_choice":"Fight","damage_taken":0,"max_hp_gain":0,"max_hp_loss":0,"event_name":"MindBloom","floor":37,"gold_loss":0},{"damage_healed":0,"gold_gain":0,"player_choice":"Paid","damage_taken":0,"relics_obtained":["Red Mask"],"max_hp_gain":0,"max_hp_loss":0,"event_name":"Tomb of Lord Red Mask","floor":47,"gold_loss":264},{"cards_removed":["Strike_G"],"damage_healed":0,"gold_gain":0,"player_choice":"Removed Attack","damage_taken":0,"max_hp_gain":0,"max_hp_loss":0,"event_name":"Falling","floor":48,"gold_loss":0}],"is_beta":false,"boss_relics":[{"not_picked":["Calling Bell","Fusion Hammer"],"picked":"WristBlade"},{"not_picked":["HoveringKite","Philosopher\u0027s Stone","Sozu"]}],"items_purged_floors":[5,12,36,38],"is_endless":false,"potions_floor_spawned":[3,13,23,24,31,35,41,45,46],"ascension_level":0}