{"gold_per_floor":[17,17,31,46,196,196,196,226,300,6,23,23,42,59,59,136,136,150,50,60,79,2,13,13,13,13,39,39,39,39,52,52,127,127,144,19,39,139,188,188,188,215,215,250,250,262,272,290,290,290,290,290,290,7,34,34],"floor_reached":57,"playtime":3419,"items_purged":["Strike_G","Strike_G","Strike_G","Strike_G"],"score":2889,"play_id":"5d481777-d8df-4c83-a896-6d7415cc89a1","local_time":"20190316235743","is_ascension_mode":true,"campfire_choices":[{"data":"Glass Knife","floor":6.0,"key":"SMITH"},{"data":"Neutralize","floor":15.0,"key":"SMITH"},{"data":"Concentrate","floor":24.0,"key":"SMITH"},{"data":"Well Laid Plans","floor":29.0,"key":"SMITH"},{"data":"Reflex","floor":32.0,"key":"SMITH"},{"data":"Backflip","floor":40.0,"key":"SMITH"},{"floor":49.0,"key":"RECALL"},{"data":"Prepared","floor":53.0,"key":"SMITH"}],"neow_cost":"NO_GOLD","seed_source_timestamp":0,"circlet_count":0,"master_deck":["AscendersBane","Defend_G","Defend_G","Defend_G","Defend_G","Defend_G","Strike_G","Survivor","Neutralize+1","Backflip+1","Venomology","Escape Plan+1","Grand Finale","Noxious Fumes+1","Die Die Die","Terror","Adrenaline","Acrobatics+1","Footwork+1","Reflex+1","Well Laid Plans+1","Concentrate+1","Prepared+1","Writhe"],"special_seed":0,"relics":["Ring of the Snake","Boot","Ornamental Fan","Cursed Key","Pantograph","Runic Pyramid","Incense Burner","Tough Bandages","Anchor","Centennial Puzzle","Bottled Flame"],"potions_floor_usage":[56,56,56],"damage_taken":[{"damage":3.0,"enemies":"Jaw Worm","floor":1.0,"turns":4.0},{"damage":1.0,"enemies":"Cultist","floor":3.0,"turns":4.0},{"damage":6.0,"enemies":"Small Slimes","floor":4.0,"turns":4.0},{"damage":2.0,"enemies":"Gremlin Nob","floor":8.0,"turns":5.0},{"damage":0.0,"enemies":"3 Louse","floor":11.0,"turns":2.0},{"damage":3.0,"enemies":"2 Fungi Beasts","floor":13.0,"turns":3.0},{"damage":10.0,"enemies":"Gremlin Gang","floor":14.0,"turns":4.0},{"damage":5.0,"enemies":"Slime Boss","floor":16.0,"turns":7.0},{"damage":3.0,"enemies":"Chosen","floor":18.0,"turns":5.0},{"damage":0.0,"enemies":"Spheric Guardian","floor":20.0,"turns":2.0},{"damage":5.0,"enemies":"Centurion and Healer","floor":21.0,"turns":7.0},{"damage":20.0,"enemies":"Shelled Parasite and Fungi","floor":23.0,"turns":4.0},{"damage":25.0,"enemies":"Book of Stabbing","floor":27.0,"turns":7.0},{"damage":2.0,"enemies":"Snecko","floor":31.0,"turns":4.0},{"damage":39.0,"enemies":"Collector","floor":33.0,"turns":12.0},{"damage":2.0,"enemies":"Orb Walker","floor":35.0,"turns":3.0},{"damage":7.0,"enemies":"3 Shapes","floor":37.0,"turns":3.0},{"damage":0.0,"enemies":"Mind Bloom Boss Battle","floor":38.0,"turns":5.0},{"damage":18.0,"enemies":"2 Orb Walkers","floor":39.0,"turns":7.0},{"damage":0.0,"enemies":"Giant Head","floor":42.0,"turns":6.0},{"damage":5.0,"enemies":"Reptomancer","floor":44.0,"turns":6.0},{"damage":0.0,"enemies":"Jaw Worm Horde","floor":46.0,"turns":5.0},{"damage":9.0,"enemies":"Spire Growth","floor":47.0,"turns":5.0},{"damage":0.0,"enemies":"Maw","floor":48.0,"turns":7.0},{"damage":0.0,"enemies":"Donu and Deca","floor":50.0,"turns":10.0},{"damage":24.0,"enemies":"Time Eater","floor":51.0,"turns":15.0},{"damage":20.0,"enemies":"Shield and Spear","floor":55.0,"turns":5.0},{"damage":66,"enemies":"The Heart","floor":56,"turns":9}],"seed_played":"-8425281909396755814","potions_obtained":[{"floor":3.0,"key":"Poison Potion"},{"floor":4.0,"key":"PowerPotion"},{"floor":16.0,"key":"Ancient Potion"},{"floor":18.0,"key":"GamblersBrew"},{"floor":20.0,"key":"LiquidBronze"},{"floor":31.0,"key":"PowerPotion"},{"floor":44.0,"key":"Regen Potion"},{"floor":55.0,"key":"AttackPotion"}],"is_trial":false,"path_per_floor":["M","?","M","M","?","R","?","E","T","$","M","?","M","M","R","B",null,"M","$","M","M","$","M","R","?","T","E","$","R","$","M","R","B",null,"M","$","M","?","?","R","?","E","T","E","?","M","M","M","R","B","B",null,"R","$","E","B",null],"character_chosen":"THE_SILENT","items_purchased":["Grand Finale","Noxious Fumes","Poison Potion","Well Laid Plans","GamblersBrew","AttackPotion"],"campfire_rested":0,"item_purchase_floors":[10,10,10,22,54,54],"current_hp_per_floor":[56,47,46,40,40,40,33,31,31,31,31,31,28,18,18,13,53,50,50,50,45,45,25,25,76,76,51,51,51,51,49,49,35,66,64,64,57,76,58,58,58,58,58,53,53,65,56,56,56,72,48,66,66,66,46,5],"gold":34,"neow_bonus":"THREE_RARE_CARDS","is_prod":false,"is_daily":false,"chose_seed":false,"campfire_upgraded":7,"win_rate":0,"timestamp":1552748263,"path_taken":["M","?","?","M","?","R","?","E","T","$","M","?","M","M","R","BOSS","M","$","M","?","$","M","R","?","T","E","$","R","?","M","R","BOSS","M","$","M","?","?","R","?","E","T","E","?","M","?","M","R","BOSS","BOSS","R","$","E","BOSS"],"build_version":"2019-01-23","purchased_purges":4,"victory":true,"max_hp_per_floor":[66,66,66,66,66,66,66,66,66,66,66,66,66,66,66,66,66,66,66,66,66,66,66,66,76,76,76,76,76,76,76,76,76,76,76,76,76,76,76,76,72,72,72,72,72,72,72,72,72,72,72,72,72,72,72,72],"card_choices":[{"not_picked":["After Image","Burst"],"picked":"Glass Knife","floor":0.0},{"not_picked":["Prepared","Dagger Spray"],"picked":"Backflip","floor":1.0},{"not_picked":["Deadly Poison","Deflect"],"picked":"Venomology","floor":3.0},{"not_picked":["Blade Dance","Outmaneuver"],"picked":"Escape Plan","floor":4.0},{"not_picked":["Dodge and Roll","Prepared","All Out Attack"],"picked":"SKIP","floor":8.0},{"not_picked":["Finisher","Underhanded Strike","Quick Slash"],"picked":"SKIP","floor":11.0},{"not_picked":["Finisher","Underhanded Strike","Quick Slash"],"picked":"SKIP","floor":11.0},{"not_picked":["Deadly Poison","Underhanded Strike"],"picked":"Die Die Die","floor":13.0},{"not_picked":["Escape Plan","Dagger Throw"],"picked":"Terror","floor":14.0},{"not_picked":["Die Die Die","Envenom"],"picked":"Adrenaline","floor":16.0},{"not_picked":["Backflip","Blade Dance"],"picked":"Acrobatics+1","floor":18.0},{"not_picked":["Crippling Poison","Escape Plan"],"picked":"Footwork+1","floor":20.0},{"not_picked":["Distraction","Acrobatics"],"picked":"Reflex","floor":21.0},{"not_picked":["Acrobatics","Bouncing Flask"],"picked":"Concentrate","floor":23.0},{"not_picked":["Finisher","Dodge and Roll","Slice"],"picked":"SKIP","floor":27.0},{"not_picked":["Cloak And Dagger","Blur","Terror"],"picked":"SKIP","floor":31.0},{"not_picked":["Cloak And Dagger","Blur","Terror"],"picked":"SKIP","floor":31.0},{"not_picked":["Quick Slash","Blade Dance","Blur"],"picked":"SKIP","floor":35.0},{"not_picked":["Leg Sweep+1","Infinite Blades","Flechettes"],"picked":"SKIP","floor":37.0},{"not_picked":["Leg Sweep+1","Venomology"],"picked":"Prepared","floor":42.0},{"not_picked":["Deadly Poison","Blade Dance","Choke+1"],"picked":"SKIP","floor":44.0},{"not_picked":["Deadly Poison","Blade Dance","Choke+1"],"picked":"SKIP","floor":44.0},{"not_picked":["Flechettes+1","All Out Attack+1","Concentrate"],"picked":"SKIP","floor":46.0},{"not_picked":["Outmaneuver","Quick Slash","Dagger Throw"],"picked":"SKIP","floor":47.0},{"not_picked":["Flying Knee","Acrobatics","Setup"],"picked":"SKIP","floor":48.0},{"not_picked":["Finisher","Blade Dance","Bane+1"],"picked":"SKIP","floor":55.0}],"player_experience":120768,"relics_obtained":[{"floor":8.0,"key":"Boot"},{"floor":9.0,"key":"Ornamental Fan"},{"floor":27.0,"key":"Pantograph"},{"floor":38.0,"key":"Incense Burner"},{"floor":39.0,"key":"Tough Bandages"},{"floor":42.0,"key":"Anchor"},{"floor":44.0,"key":"Centennial Puzzle"},{"floor":55.0,"key":"Bottled Flame"}],"event_choices":[{"damage_healed":0.0,"max_hp_gain":0.0,"max_hp_loss":0.0,"gold_gain":0.0,"event_name":"Wheel of Change","player_choice":"Damaged","floor":2.0,"gold_loss":0.0,"damage_taken":9.0},{"damage_healed":0.0,"max_hp_gain":0.0,"max_hp_loss":0.0,"gold_gain":150.0,"event_name":"Liars Game","player_choice":"AGREE","floor":5.0,"gold_loss":0.0,"damage_taken":0.0,"cards_obtained":["Doubt"]},{"cards_removed":["Doubt"],"damage_healed":0.0,"max_hp_gain":0.0,"max_hp_loss":0.0,"gold_gain":0.0,"event_name":"Golden Wing","player_choice":"Card Removal","floor":7.0,"gold_loss":0.0,"damage_taken":7.0},{"damage_healed":0.0,"max_hp_gain":0.0,"max_hp_loss":0.0,"gold_gain":0.0,"event_name":"Accursed Blacksmith","player_choice":"Forge","floor":12.0,"gold_loss":0.0,"damage_taken":0.0,"cards_upgraded":["Noxious Fumes"]},{"cards_removed":["Glass Knife"],"damage_healed":41.0,"max_hp_gain":10.0,"max_hp_loss":0.0,"gold_gain":0.0,"event_name":"Bonfire Elementals","player_choice":"Offered Rare","floor":25.0,"gold_loss":0.0,"damage_taken":0.0},{"damage_healed":0.0,"max_hp_gain":0.0,"max_hp_loss":0.0,"gold_gain":0.0,"event_name":"MindBloom","player_choice":"Fight","floor":38.0,"gold_loss":0.0,"damage_taken":0.0},{"damage_healed":0.0,"max_hp_gain":0.0,"max_hp_loss":0.0,"gold_gain":0.0,"event_name":"Mysterious Sphere","player_choice":"Fight","floor":39.0,"gold_loss":0.0,"damage_taken":0.0},{"damage_healed":0.0,"max_hp_gain":0.0,"max_hp_loss":4.0,"gold_gain":0.0,"event_name":"Winding Halls","player_choice":"Max HP","floor":41.0,"gold_loss":0.0,"damage_taken":0.0},{"damage_healed":0.0,"max_hp_gain":0.0,"max_hp_loss":0.0,"gold_gain":0.0,"event_name":"Upgrade Shrine","player_choice":"Upgraded","floor":45.0,"gold_loss":0.0,"damage_taken":0.0,"cards_upgraded":["Escape Plan"]}],"is_beta":false,"boss_relics":[{"not_picked":["HoveringKite","Ring of the Serpent"],"picked":"Cursed Key"},{"not_picked":["Black Star","Eternal Feather"],"picked":"Runic Pyramid"}],"items_purged_floors":[10,19,36,54],"is_endless":false,"potions_floor_spawned":[3,4,13,16,18,20,31,39,44,47,48,55],"ascension_level":20}