{"gold_per_floor":[219,238,76,94,105,105,137,102,172,172,13,13,24,24,24,102,102,120,151,151,151,171,171],"floor_reached":23,"playtime":1273,"items_purged":["Strike_G"],"score":378,"play_id":"fdde1d11-b0fb-41e7-9c91-857f3ab77a9a","local_time":"20190721113954","is_ascension_mode":true,"campfire_choices":[{"floor":6,"key":"REST"},{"floor":12,"key":"REST"},{"data":"Bouncing Flask","floor":15,"key":"SMITH"}],"neow_cost":"NONE","seed_source_timestamp":876169314127,"circlet_count":0,"master_deck":["AscendersBane","Strike_G","Strike_G","Strike_G","Defend_G","Defend_G","Defend_G","Defend_G","Defend_G","Survivor","Neutralize","Backstab","Choke","Predator","PiercingWail","PiercingWail","Bouncing Flask+1","Footwork","Dash","Deflect","Die Die Die","Outmaneuver","Terror+1","Footwork","Backflip"],"relics":["Ring of the Serpent","Nunchaku","Meat on the Bone","Centennial Puzzle","Red Mask"],"potions_floor_usage":[7,16,19,19],"damage_taken":[{"damage":8,"enemies":"Cultist","floor":1,"turns":6},{"damage":4,"enemies":"Small Slimes","floor":2,"turns":2},{"damage":2,"enemies":"2 Louse","floor":4,"turns":2},{"damage":6,"enemies":"Looter","floor":5,"turns":3},{"damage":52,"enemies":"Lagavulin","floor":7,"turns":7},{"damage":1,"enemies":"2 Fungi Beasts","floor":13,"turns":5},{"damage":9,"enemies":"Hexaghost","floor":16,"turns":10},{"damage":17,"enemies":"Shell Parasite","floor":18,"turns":6},{"damage":8,"enemies":"Masked Bandits","floor":19,"turns":3},{"damage":1,"enemies":"Spheric Guardian","floor":22,"turns":3},{"damage":42,"enemies":"Book of Stabbing","floor":23,"turns":6}],"seed_played":"-8448519510796017302","potions_obtained":[{"floor":1,"key":"Explosive Potion"},{"floor":4,"key":"Energy Potion"},{"floor":7,"key":"EssenceOfSteel"},{"floor":16,"key":"Poison Potion"}],"is_trial":false,"path_per_floor":["M","M","$","M","M","R","E","?","T","?","$","R","M","?","R","B",null,"M","?","?","?","M","E"],"character_chosen":"THE_SILENT","items_purchased":["Predator","Footwork","Dash"],"campfire_rested":2,"item_purchase_floors":[3,11,11],"current_hp_per_floor":[51,47,47,45,39,58,6,22,22,15,15,34,45,27,27,30,57,40,44,44,35,34,0],"gold":171,"neow_bonus":"HUNDRED_GOLD","is_prod":false,"is_daily":false,"chose_seed":false,"campfire_upgraded":1,"win_rate":0,"timestamp":1563701994,"path_taken":["M","M","$","?","M","R","E","?","T","?","$","R","M","?","R","BOSS","M","?","?","?","M","E"],"build_version":"2019-07-17","purchased_purges":1,"victory":false,"max_hp_per_floor":[66,66,66,66,66,66,66,66,66,66,66,66,66,66,66,66,66,66,66,66,66,66,66],"card_choices":[{"not_picked":["All Out Attack","Quick Slash"],"picked":"Backstab","floor":1},{"not_picked":["PiercingWail","Catalyst"],"picked":"Choke","floor":2},{"not_picked":["Flechettes","Acrobatics"],"picked":"PiercingWail","floor":4},{"not_picked":["Acrobatics","Bane"],"picked":"PiercingWail","floor":5},{"not_picked":["Slice","Acrobatics"],"picked":"Bouncing Flask","floor":7},{"not_picked":["Skewer","Prepared"],"picked":"Deflect","floor":13},{"not_picked":["Unload","Storm of Steel"],"picked":"Die Die Die","floor":16},{"not_picked":["PiercingWail","Infinite Blades"],"picked":"Outmaneuver","floor":18},{"not_picked":["Endless Agony","Poisoned Stab"],"picked":"Terror+1","floor":19},{"not_picked":["Dagger Spray+1","PiercingWail"],"picked":"Backflip","floor":22}],"player_experience":746816,"relics_obtained":[{"floor":7,"key":"Nunchaku"},{"floor":9,"key":"Meat on the Bone"},{"floor":19,"key":"Red Mask"}],"event_choices":[{"damage_healed":16,"gold_gain":0,"player_choice":"Healed","damage_taken":0,"max_hp_gain":0,"max_hp_loss":0,"event_name":"The Cleric","floor":8,"gold_loss":35},{"cards_removed":["Strike_G"],"damage_healed":0,"gold_gain":0,"player_choice":"Card Removal","damage_taken":7,"max_hp_gain":0,"max_hp_loss":0,"event_name":"Golden Wing","floor":10,"gold_loss":0},{"damage_healed":0,"gold_gain":0,"player_choice":"Success","damage_taken":18,"relics_obtained":["Centennial Puzzle"],"max_hp_gain":0,"max_hp_loss":0,"event_name":"Scrap Ooze","floor":14,"gold_loss":0},{"damage_healed":0,"gold_gain":0,"player_choice":"Fought Bandits","damage_taken":0,"max_hp_gain":0,"max_hp_loss":0,"event_name":"Masked Bandits","floor":19,"gold_loss":0},{"damage_healed":0,"gold_gain":0,"player_choice":"Read","damage_taken":0,"max_hp_gain":0,"max_hp_loss":0,"event_name":"The Library","floor":20,"gold_loss":0,"cards_obtained":["Footwork"]},{"damage_healed":0,"gold_gain":0,"player_choice":"Damaged","damage_taken":9,"max_hp_gain":0,"max_hp_loss":0,"event_name":"Wheel of Change","floor":21,"gold_loss":0}],"is_beta":false,"boss_relics":[{"not_picked":["Tiny House","Ectoplasm"],"picked":"Ring of the Serpent"}],"items_purged_floors":[3],"is_endless":false,"potions_floor_spawned":[1,4,7,16],"killed_by":"Book of Stabbing","ascension_level":20}