{"path_per_floor":["M","M","?","?","?","E","R","M","T","M","R","M","M","?","R"],"character_chosen":"IRONCLAD","items_purchased":[],"gold_per_floor":[117,135,135,135,135,164,164,178,260,277,277,287,299,549,549],"floor_reached":16,"campfire_rested":0,"playtime":1027,"current_hp_per_floor":[87,85,73,73,66,26,26,31,31,31,31,37,35,35,35],"items_purged":[],"gold":549,"score":102,"play_id":"e852554c-3621-4f16-aef5-5dad0ff3f35a","local_time":"20180302224152","is_prod":false,"is_daily":false,"is_ascension_mode":false,"campfire_upgraded":3,"timestamp":1520026912,"path_taken":["M","M","?","?","?","E","R","M","T","M","R","M","M","?","R","BOSS"],"build_version":"2018-03-01-PROD1","purchased_purges":0,"victory":false,"master_deck":["Strike_R","Strike_R","Strike_R","Strike_R","Defend_R","Defend_R","Defend_R","Defend_R","Bash","Twin Strike+1","Inflame+1","Whirlwind+1","Armaments+1","Shockwave+1","Thunderclap","Flame Barrier+1","Regret"],"max_hp_per_floor":[87,87,87,87,87,87,87,87,87,87,87,87,87,87,87],"relics":["Burning Blood","Strawberry","Toxic Egg 2","Unceasing Top","Gremlin Horn"],"card_choices":[{"not_picked":["True Grit","Dropkick"],"picked":"Twin Strike"},{"not_picked":["Pommel Strike","Heavy Blade"],"picked":"Inflame"},{"not_picked":["Heavy Blade","Offering"],"picked":"Whirlwind"},{"not_picked":["Clothesline","Body Slam"],"picked":"Armaments"},{"not_picked":["Twin Strike","Burning Pact"],"picked":"Shockwave"},{"not_picked":["Second Wind","Fiend Fire"],"picked":"Thunderclap"},{"not_picked":["Corruption","True Grit"],"picked":"Flame Barrier"}],"player_experience":45790,"potions_floor_usage":[16],"damage_taken":[{"damage":0,"enemies":"Small Slimes","floor":1,"turns":3},{"damage":8,"enemies":"2 Louse","floor":2,"turns":3},{"damage":46,"enemies":"3 Sentries","floor":6,"turns":10},{"damage":1,"enemies":"Cultist","floor":8,"turns":3},{"damage":6,"enemies":"Large Slime","floor":10,"turns":4},{"damage":0,"enemies":"3 Louse","floor":12,"turns":1},{"damage":8,"enemies":"Red Slaver","floor":13,"turns":4},{"damage":39,"enemies":"Hexaghost","floor":16,"turns":9}],"event_choices":[{"event_name":"Scrap Ooze","player_choice":"success","floor":3,"damage_taken":12},{"event_name":"The Cleric","player_choice":"Leave","floor":4,"damage_taken":0},{"event_name":"Golden Wing","player_choice":"Card Removal","floor":5,"damage_taken":0},{"event_name":"Golden Shrine","player_choice":"Desecrate","floor":14,"damage_taken":0}],"boss_relics":[],"potions_floor_spawned":[2,8,13],"seed_played":"1395914960909361869","killed_by":"Hexaghost","ascension_level":0,"is_trial":false}