{"gold_per_floor":[117,128,128,139,64,64,82,115,115,115,140,158,158,176,176,253,283,257,157,180,193,108,108,108],"floor_reached":24,"playtime":1242,"items_purged":["Strike_G","Strike_G"],"score":412,"play_id":"3ff6cc2c-8d28-49cb-bbb4-e91606ea9dd8","local_time":"20190217231351","is_ascension_mode":true,"campfire_choices":[{"data":"Cloak And Dagger","floor":6.0,"key":"SMITH"},{"data":"Night Terror","floor":10.0,"key":"SMITH"},{"floor":13,"key":"REST"},{"data":"Setup","floor":15,"key":"SMITH"},{"floor":23,"key":"REST"}],"neow_cost":"TEN_PERCENT_HP_LOSS","seed_source_timestamp":50316141177070,"circlet_count":0,"master_deck":["AscendersBane","Defend_G","Defend_G","Defend_G","Defend_G","Strike_G","Strike_G","Survivor","Neutralize+1","Setup+1","Escape Plan","Cloak And Dagger+1","Backstab","Blur","Storm of Steel","Night Terror+1","Malaise","Writhe","Normality","Regret","Infinite Blades","Infinite Blades"],"special_seed":0,"relics":["Ring of the Snake","Blue Candle","Ornamental Fan","Calling Bell","Tiny Chest","Shuriken","The Specimen","Blood Vial","Singing Bowl"],"potions_floor_usage":[16,16,24,24],"damage_taken":[{"damage":12.0,"enemies":"Jaw Worm","floor":1.0,"turns":7.0},{"damage":3.0,"enemies":"Cultist","floor":2.0,"turns":5.0},{"damage":0.0,"enemies":"2 Louse","floor":4.0,"turns":2.0},{"damage":0.0,"enemies":"Large Slime","floor":7.0,"turns":11.0},{"damage":13.0,"enemies":"3 Sentries","floor":8.0,"turns":13.0},{"damage":27,"enemies":"Gremlin Nob","floor":11,"turns":4},{"damage":0,"enemies":"Blue Slaver","floor":12,"turns":3},{"damage":0,"enemies":"2 Fungi Beasts","floor":14,"turns":4},{"damage":35,"enemies":"The Guardian","floor":16,"turns":20},{"damage":18,"enemies":"2 Thieves","floor":18,"turns":4},{"damage":13,"enemies":"Spheric Guardian","floor":21,"turns":5},{"damage":44,"enemies":"Gremlin Leader","floor":24,"turns":6}],"seed_played":"4988045797611018485","potions_obtained":[{"floor":2.0,"key":"SkillPotion"},{"floor":8.0,"key":"SkillPotion"},{"floor":12,"key":"Strength Potion"},{"floor":14,"key":"Regen Potion"},{"floor":16,"key":"SpeedPotion"},{"floor":18,"key":"Strength Potion"}],"is_trial":false,"path_per_floor":["M","M","?","M","$","R","M","E","T","R","E","M","R","M","R","B",null,"M","$","T","M","?","R","E"],"character_chosen":"THE_SILENT","items_purchased":[],"campfire_rested":2,"item_purchase_floors":[],"current_hp_per_floor":[47,44,44,44,44,44,44,31,31,31,4,4,22,22,22,2,46,28,28,28,17,17,35,0],"gold":108,"neow_bonus":"TRANSFORM_TWO_CARDS","is_prod":false,"is_daily":false,"chose_seed":false,"campfire_upgraded":3,"win_rate":0,"timestamp":1550416431,"path_taken":["M","M","?","M","$","R","M","E","T","R","E","M","R","?","R","BOSS","M","$","?","M","?","R","E"],"build_version":"2019-01-23","purchased_purges":2,"victory":false,"max_hp_per_floor":[60,60,60,60,60,60,60,60,60,60,60,60,60,60,60,60,60,60,60,60,60,60,60,60],"card_choices":[{"not_picked":["Outmaneuver","Slice"],"picked":"Cloak And Dagger","floor":1.0},{"not_picked":["Slice","Backflip"],"picked":"Backstab","floor":2.0},{"not_picked":["Acrobatics","Dagger Spray"],"picked":"Blur","floor":4.0},{"not_picked":["Bane","Cloak And Dagger"],"picked":"Storm of Steel","floor":7.0},{"not_picked":["Riddle With Holes","Poisoned Stab"],"picked":"Night Terror","floor":8.0},{"not_picked":["Dagger Spray","Deflect","Prepared"],"picked":"SKIP","floor":11},{"not_picked":["Quick Slash","Slice","Flying Knee"],"picked":"SKIP","floor":12},{"not_picked":["PiercingWail","Dagger Throw","Skewer"],"picked":"SKIP","floor":14},{"not_picked":["Tools of the Trade","Glass Knife"],"picked":"Malaise","floor":16},{"not_picked":["Flying Knee","PiercingWail"],"picked":"Infinite Blades","floor":18},{"not_picked":["Backflip","Envenom"],"picked":"Infinite Blades","floor":21}],"player_experience":2881906,"relics_obtained":[{"floor":9.0,"key":"Blue Candle"},{"floor":11,"key":"Ornamental Fan"},{"floor":17,"key":"Tiny Chest"},{"floor":17,"key":"Shuriken"},{"floor":17,"key":"The Specimen"},{"floor":20,"key":"Blood Vial"}],"event_choices":[{"damage_healed":0.0,"max_hp_gain":0.0,"max_hp_loss":0.0,"gold_gain":0.0,"event_name":"Upgrade Shrine","player_choice":"Upgraded","floor":3.0,"gold_loss":0.0,"damage_taken":0.0,"cards_upgraded":["Neutralize"]},{"damage_healed":0,"gold_gain":0,"player_choice":"Obtained Relic","damage_taken":0,"relics_obtained":["Singing Bowl"],"max_hp_gain":0,"max_hp_loss":0,"event_name":"Addict","floor":22,"gold_loss":85}],"is_beta":false,"boss_relics":[{"not_picked":["Astrolabe","Fusion Hammer"],"picked":"Calling Bell"}],"items_purged_floors":[5,19],"is_endless":false,"potions_floor_spawned":[2,8,12,14,16,18],"killed_by":"Gremlin Leader","ascension_level":20}