{"gold_per_floor":[11,11,36,84,105,105,141,141,220,220,243,268,281,306,306,432,432,445,469,488,508,521,521,544,544,544,544,469,489,508,72,72,191,191,207,227,127,147,163,163,93,109,109,109,123,136,136,136,136,136],"floor_reached":51,"playtime":2239,"items_purged":["Strike_G","Defend_G"],"score":684,"play_id":"25168552-6373-4575-9bd2-35f1da7a43ac","local_time":"20181018233835","is_ascension_mode":false,"campfire_choices":[{"data":"Deadly Poison","floor":6.0,"key":"SMITH"},{"data":"Corpse Explosion","floor":8.0,"key":"SMITH"},{"data":"Neutralize","floor":10.0,"key":"SMITH"},{"data":"Dodge and Roll","floor":15.0,"key":"SMITH"},{"data":"Night Terror","floor":23.0,"key":"SMITH"},{"data":"Blade Dance","floor":27,"key":"SMITH"},{"data":"Apotheosis","floor":32,"key":"SMITH"},{"data":"Wraith Form v2","floor":40,"key":"SMITH"},{"data":"1","floor":47,"key":"LIFT"},{"data":"2","floor":49,"key":"LIFT"}],"neow_cost":"NO_GOLD","seed_source_timestamp":52260781364386,"circlet_count":0,"master_deck":["Defend_G+1","Defend_G+1","Defend_G+1","Strike_G+1","Strike_G+1","Survivor+1","Neutralize+1","Deadly Poison+1","Corpse Explosion+1","Dodge and Roll+1","Night Terror+1","Blade Dance+1","Backstab+1","Deflect+1","Noxious Fumes+1","Backflip+1","Escape Plan+1","Apotheosis+1","Wraith Form v2+1","Blade Dance+1","Escape Plan+1","Deflect+1","Infinite Blades+1","Footwork+1","Footwork+1","Burst+1"],"special_seed":0,"relics":["Ring of the Snake","Golden Idol","Pen Nib","Meat on the Bone","Kunai","White Beast Statue","Pocketwatch","Potion Belt","Coffee Dripper","Girya","Mark of the Bloom"],"potions_floor_usage":[29,39,42,45,50,50,50,50],"damage_taken":[{"damage":0.0,"enemies":"Small Slimes","floor":1.0,"turns":3.0},{"damage":1.0,"enemies":"Jaw Worm","floor":3.0,"turns":3.0},{"damage":0.0,"enemies":"Cultist","floor":5.0,"turns":3.0},{"damage":13.0,"enemies":"3 Sentries","floor":7.0,"turns":10.0},{"damage":5.0,"enemies":"Exordium Thugs","floor":11.0,"turns":3.0},{"damage":15.0,"enemies":"Exordium Wildlife","floor":12.0,"turns":2.0},{"damage":10.0,"enemies":"3 Louse","floor":13.0,"turns":3.0},{"damage":10.0,"enemies":"2 Fungi Beasts","floor":14.0,"turns":5.0},{"damage":12.0,"enemies":"The Guardian","floor":16.0,"turns":9.0},{"damage":7.0,"enemies":"Spheric Guardian","floor":18.0,"turns":4.0},{"damage":0.0,"enemies":"3 Byrds","floor":19.0,"turns":2.0},{"damage":26.0,"enemies":"Sentry and Sphere","floor":20.0,"turns":7.0},{"damage":13.0,"enemies":"Snake Plant","floor":21.0,"turns":6.0},{"damage":0.0,"enemies":"Centurion and Healer","floor":22.0,"turns":6.0},{"damage":9.0,"enemies":"Cultist and Chosen","floor":24.0,"turns":6.0},{"damage":0,"enemies":"Shelled Parasite and Fungi","floor":29,"turns":5},{"damage":4,"enemies":"3 Cultists","floor":30,"turns":3},{"damage":18,"enemies":"Automaton","floor":33,"turns":9},{"damage":0,"enemies":"3 Shapes","floor":35,"turns":4},{"damage":9,"enemies":"Orb Walker","floor":36,"turns":4},{"damage":0,"enemies":"Transient","floor":38,"turns":5},{"damage":0,"enemies":"Spire Growth","floor":39,"turns":6},{"damage":2,"enemies":"Reptomancer","floor":42,"turns":7},{"damage":0,"enemies":"4 Shapes","floor":45,"turns":6},{"damage":0,"enemies":"Spire Growth","floor":46,"turns":6},{"damage":52,"enemies":"Time Eater","floor":50,"turns":17}],"seed_played":"-7194358853356848037","potions_obtained":[{"floor":3.0,"key":"Dexterity Potion"},{"floor":11.0,"key":"LiquidBronze"},{"floor":14.0,"key":"SkillPotion"},{"floor":18.0,"key":"Ancient Potion"},{"floor":19.0,"key":"SkillPotion"},{"floor":20.0,"key":"Poison Potion"},{"floor":21.0,"key":"FairyPotion"},{"floor":22.0,"key":"Energy Potion"},{"floor":29,"key":"Poison Potion"},{"floor":33,"key":"Energy Potion"},{"floor":35,"key":"EssenceOfSteel"},{"floor":39,"key":"AttackPotion"},{"floor":42,"key":"Dexterity Potion"},{"floor":45,"key":"AttackPotion"}],"is_trial":false,"path_per_floor":["M","?","M","T","M","R","E","R","T","R","M","M","M","M","R","B",null,"M","M","M","M","M","R","M","?","T","R","?","M","M","$","R","B",null,"M","M","$","M","M","R","$","M","T","?","M","M","R","?","R","B"],"character_chosen":"THE_SILENT","items_purchased":["Potion Belt","Apotheosis","Footwork"],"campfire_rested":0,"item_purchase_floors":[31,31,41],"current_hp_per_floor":[70,53,52,52,52,52,39,39,39,39,46,43,45,47,47,47,70,63,63,37,36,36,36,39,39,39,39,39,39,47,47,47,41,70,70,61,61,61,61,61,61,59,59,59,59,59,59,59,59,7],"gold":136,"neow_bonus":"REMOVE_TWO","is_prod":false,"is_daily":false,"chose_seed":false,"campfire_upgraded":8,"win_rate":0,"timestamp":1539877115,"path_taken":["M","?","M","?","M","R","E","R","T","R","M","M","M","?","R","BOSS","M","M","M","M","M","R","M","?","T","R","?","?","M","$","R","BOSS","M","M","$","M","M","R","$","M","T","?","M","M","R","?","R","BOSS"],"build_version":"2018-10-11","purchased_purges":2,"victory":true,"max_hp_per_floor":[70,70,70,70,70,70,70,70,70,70,70,70,70,70,70,70,70,70,70,70,70,70,70,70,70,70,70,70,70,70,70,70,70,70,70,70,70,70,70,70,70,70,70,70,70,70,70,70,70,70],"card_choices":[{"not_picked":["Flying Knee","Underhanded Strike"],"picked":"Deadly Poison","floor":1.0},{"not_picked":["Underhanded Strike","Blade Dance","Slice"],"picked":"SKIP","floor":3.0},{"not_picked":["Dagger Spray","Poisoned Stab","Dodge and Roll"],"picked":"SKIP","floor":5.0},{"not_picked":["Tactician","Dodge and Roll"],"picked":"Corpse Explosion","floor":7.0},{"not_picked":["Quick Slash","Flying Knee"],"picked":"Dodge and Roll","floor":11.0},{"not_picked":["Riddle With Holes","Deflect","Slice"],"picked":"SKIP","floor":12.0},{"not_picked":["Terror","Flying Knee","Underhanded Strike"],"picked":"SKIP","floor":13.0},{"not_picked":["Dagger Spray","Quick Slash","Bane"],"picked":"SKIP","floor":14.0},{"not_picked":["Storm of Steel","Envenom"],"picked":"Night Terror","floor":16.0},{"not_picked":["Accuracy","Poisoned Stab"],"picked":"Blade Dance","floor":18.0},{"not_picked":["Bane","Expertise+1","All Out Attack+1"],"picked":"SKIP","floor":19.0},{"not_picked":["Deadly Poison","Masterful Stab"],"picked":"Backstab","floor":20.0},{"not_picked":["Flying Knee","Envenom"],"picked":"Deflect+1","floor":21.0},{"not_picked":["PiercingWail","Deflect+1"],"picked":"Noxious Fumes+1","floor":22.0},{"not_picked":["Slice","Deadly Poison"],"picked":"Backflip","floor":24.0},{"not_picked":["Accuracy","Dagger Spray","Expertise"],"picked":"SKIP","floor":29},{"not_picked":["PiercingWail","Reflex+1"],"picked":"Escape Plan+1","floor":30},{"not_picked":["Night Terror","Burst"],"picked":"Wraith Form v2","floor":33},{"not_picked":["Poisoned Stab+1","Dagger Spray"],"picked":"Blade Dance+1","floor":35},{"not_picked":["Backstab+1","Dagger Throw"],"picked":"Escape Plan+1","floor":36},{"not_picked":["PiercingWail","Flechettes"],"picked":"Deflect+1","floor":38},{"not_picked":["PiercingWail+1","Dodge and Roll"],"picked":"Infinite Blades+1","floor":39},{"not_picked":["Choke","Acrobatics","Flying Knee+1"],"picked":"SKIP","floor":42},{"not_picked":["Bane","Caltrops"],"picked":"Footwork","floor":45},{"not_picked":["Sucker Punch","Crippling Poison"],"picked":"Burst","floor":46}],"player_experience":359148,"relics_obtained":[{"floor":4.0,"key":"Pen Nib"},{"floor":7.0,"key":"Meat on the Bone"},{"floor":9.0,"key":"Kunai"},{"floor":26,"key":"Pocketwatch"},{"floor":43,"key":"Girya"}],"event_choices":[{"event_name":"Golden Idol","player_choice":"Take Damage","floor":2.0,"damage_taken":0.0},{"event_name":"The Mausoleum","player_choice":"No","floor":25,"damage_taken":0},{"event_name":"Beggar","player_choice":"Gave Gold","floor":28,"damage_taken":0},{"event_name":"Accursed Blacksmith","player_choice":"Forge","floor":44,"damage_taken":0},{"event_name":"MindBloom","player_choice":"Upgrade","floor":48,"damage_taken":0}],"is_beta":false,"boss_relics":[{"not_picked":["HoveringKite","Calling Bell"],"picked":"White Beast Statue"},{"not_picked":["WristBlade","Sozu"],"picked":"Coffee Dripper"}],"items_purged_floors":[31,37],"is_endless":false,"potions_floor_spawned":[3,11,14,18,19,20,21,22,24,29,30,33,35,36,38,39,42,45,46],"ascension_level":0}