{"gold_per_floor":[109,128,203,45,6,40,40,67,67,84,84,101,118,135,135,213,213,227,244,18,29,29,29,48,48,48,48,73,99,118,128,128,128],"floor_reached":33,"playtime":936,"items_purged":["Strike_B"],"score":517,"play_id":"e6b26d38-e78b-4d79-890b-c183d788af7f","local_time":"20181010212954","is_ascension_mode":true,"campfire_choices":[{"data":"Zap","floor":7,"key":"SMITH"},{"data":"Fission","floor":11,"key":"SMITH"},{"data":"Scrape","floor":15,"key":"SMITH"},{"floor":23,"key":"REST"},{"floor":25,"key":"REST"},{"floor":27,"key":"REST"},{"floor":32,"key":"REST"}],"neow_cost":"NONE","seed_source_timestamp":718407393388210,"circlet_count":0,"master_deck":["Strike_B","Strike_B","Strike_B","Defend_B","Defend_B","Defend_B","Defend_B","Zap+1","Dualcast","AscendersBane","Gash","Steam","Core Surge","Scrape+1","Fission+1","Gash","Reboot","Streamline+1","Streamline+1","Turbo","Gash"],"relics":["Cracked Core","NeowsBlessing","Dead Branch","Vajra","Calipers","Fusion Hammer","DataDisk","Dream Catcher","Gremlin Horn","Blood Vial"],"potions_floor_usage":[14,14,24,24],"damage_taken":[{"damage":0,"enemies":"Cultist","floor":1,"turns":1},{"damage":0,"enemies":"Small Slimes","floor":2,"turns":1},{"damage":0,"enemies":"Gremlin Nob","floor":6,"turns":1},{"damage":22,"enemies":"Lagavulin","floor":8,"turns":7},{"damage":1,"enemies":"Jaw Worm","floor":10,"turns":3},{"damage":5,"enemies":"2 Fungi Beasts","floor":12,"turns":3},{"damage":2,"enemies":"3 Louse","floor":13,"turns":3},{"damage":0,"enemies":"Exordium Wildlife","floor":14,"turns":2},{"damage":3,"enemies":"The Guardian","floor":16,"turns":9},{"damage":8,"enemies":"Shell Parasite","floor":18,"turns":4},{"damage":7,"enemies":"2 Thieves","floor":19,"turns":2},{"damage":14,"enemies":"Snecko","floor":21,"turns":4},{"damage":23,"enemies":"Shelled Parasite and Fungi","floor":24,"turns":4},{"damage":41,"enemies":"Book of Stabbing","floor":28,"turns":5},{"damage":0,"enemies":"Snake Plant","floor":30,"turns":2},{"damage":0,"enemies":"Cultist and Chosen","floor":31,"turns":3},{"damage":47,"enemies":"Collector","floor":33,"turns":5}],"seed_played":"7429588461204486273","potions_obtained":[{"floor":8,"key":"AttackPotion"},{"floor":10,"key":"Block Potion"},{"floor":16,"key":"SteroidPotion"},{"floor":19,"key":"PowerPotion"},{"floor":21,"key":"AttackPotion"},{"floor":30,"key":"FearPotion"}],"is_trial":false,"path_per_floor":["M","M","?","$","$","E","R","E","T","M","R","M","M","M","R","B",null,"M","M","$","M","?","R","M","R","T","R","E","T","M","M","R"],"character_chosen":"DEFECT","items_purchased":["Core Surge","Scrape","DataDisk"],"campfire_rested":4,"item_purchase_floors":[4,5,20],"current_hp_per_floor":[64,64,53,53,53,53,53,31,31,30,30,25,23,23,23,20,58,50,43,43,29,16,38,15,37,37,59,18,18,20,22,44,0],"gold":128,"neow_bonus":"THREE_ENEMY_KILL","is_prod":false,"is_daily":false,"chose_seed":false,"campfire_upgraded":3,"win_rate":0,"timestamp":1539178194,"path_taken":["M","M","?","?","$","E","R","E","T","M","R","?","M","M","R","BOSS","M","M","$","M","?","R","M","R","T","R","E","?","?","?","R","BOSS"],"build_version":"2018-10-04v2","purchased_purges":1,"victory":false,"max_hp_per_floor":[71,71,71,71,71,71,71,71,71,71,71,71,71,71,71,71,71,71,71,71,71,76,76,76,76,76,76,76,76,76,76,76,76],"card_choices":[{"not_picked":["Conserve Battery","Redo"],"picked":"Gash","floor":1},{"not_picked":["Darkness","Cold Snap"],"picked":"Steam","floor":2},{"not_picked":["Capacitor","Melter","Streamline"],"picked":"SKIP","floor":6},{"not_picked":["Lockon","Fusion"],"picked":"Fission","floor":8},{"not_picked":["Lockon","Ball Lightning","Steam Power"],"picked":"SKIP","floor":10},{"not_picked":["Steam","Sunder","Storm"],"picked":"SKIP","floor":12},{"not_picked":["Rip and Tear","Glacier","Leap"],"picked":"SKIP","floor":13},{"not_picked":["Storm","Conserve Battery"],"picked":"Gash","floor":14},{"not_picked":["Hyperbeam","Meteor Strike"],"picked":"Reboot","floor":16},{"not_picked":["Steam","Conserve Battery"],"picked":"Streamline+1","floor":18},{"not_picked":["Stack","Redo","Barrage"],"picked":"SKIP","floor":19},{"not_picked":["Auto Shields+1","Reprogram+1","Leap"],"picked":"SKIP","floor":21},{"not_picked":["Stack","Ball Lightning","Consume"],"picked":"SKIP","floor":24},{"not_picked":["Hello World","Electrodynamics"],"picked":"Streamline+1","floor":27},{"not_picked":["Turbo","Force Field","Genetic Algorithm"],"picked":"SKIP","floor":28},{"not_picked":["Force Field","Genetic Algorithm"],"picked":"Turbo","floor":28},{"not_picked":["Stack","Compile Driver","Cold Snap"],"picked":"SKIP","floor":30},{"not_picked":["Stack","Blizzard","Melter"],"picked":"SKIP","floor":31},{"not_picked":["Barrage","Streamline"],"picked":"Gash","floor":32}],"player_experience":270789,"relics_obtained":[{"floor":6,"key":"Dead Branch"},{"floor":8,"key":"Vajra"},{"floor":9,"key":"Calipers"},{"floor":26,"key":"Dream Catcher"},{"floor":28,"key":"Gremlin Horn"},{"floor":29,"key":"Blood Vial"}],"event_choices":[{"event_name":"World of Goop","player_choice":"Gather Gold","floor":3,"damage_taken":0},{"event_name":"Forgotten Altar","player_choice":"Shed Blood","floor":22,"damage_taken":0}],"is_beta":false,"boss_relics":[{"not_picked":["Snecko Eye","Philosopher\u0027s Stone"],"picked":"Fusion Hammer"}],"items_purged_floors":[20],"is_endless":false,"potions_floor_spawned":[8,10,12,16,19,21,30],"killed_by":"Collector","ascension_level":14}