{"gold_per_floor":[117,117,137,137,62,62,75,110,110,120,120,134,134,145,145,217,217,232,232,247,258,282,282,15,15,15,27,50,62,92,29,41,132,144,170,182,214,41,61,61,75,91,91,109,109,109,109,109,109,109,109],"floor_reached":51,"playtime":2198,"items_purged":["Defend_B","Strike_B"],"score":1198,"play_id":"e7647183-9498-465f-8b82-60c3e7fa5d7c","local_time":"20190627172644","is_ascension_mode":true,"campfire_choices":[{"data":"Zap","floor":6.0,"key":"SMITH"},{"data":"Rip and Tear","floor":11.0,"key":"SMITH"},{"data":"Dualcast","floor":13.0,"key":"SMITH"},{"data":"Skim","floor":15.0,"key":"SMITH"},{"data":"White Noise","floor":23.0,"key":"SMITH"},{"data":"Apotheosis","floor":25.0,"key":"SMITH"},{"data":"Defragment","floor":27.0,"key":"SMITH"},{"floor":32.0,"key":"RECALL"},{"data":"Loop","floor":40.0,"key":"SMITH"},{"floor":45.0,"key":"REST"},{"floor":47.0,"key":"REST"},{"floor":49.0,"key":"REST"}],"neow_cost":"TEN_PERCENT_HP_LOSS","seed_source_timestamp":23267788725521,"circlet_count":0,"master_deck":["AscendersBane","Strike_B","Defend_B","Defend_B","Defend_B","Zap+1","Dualcast+1","Core Surge","Glacier","Skim+1","Genetic Algorithm","Rip and Tear+1","Auto Shields","White Noise+1","Meteor Strike","All For One","Apotheosis+1","Defragment+1","Darkness","Creative AI","Loop+1","Double Energy","Recycle","Redo","Heatsinks+1","Skim+1"],"special_seed":0,"relics":["Cracked Core","Meat on the Bone","Calipers","Bottled Flame","Runic Pyramid","Juzu Bracelet","MawBank","Nuclear Battery"],"potions_floor_usage":[],"damage_taken":[{"damage":0.0,"enemies":"Small Slimes","floor":1.0,"turns":2.0},{"damage":4.0,"enemies":"Jaw Worm","floor":3.0,"turns":3.0},{"damage":7.0,"enemies":"Cultist","floor":7.0,"turns":4.0},{"damage":10.0,"enemies":"3 Sentries","floor":8.0,"turns":7.0},{"damage":8.0,"enemies":"Blue Slaver","floor":10.0,"turns":2.0},{"damage":7.0,"enemies":"Exordium Wildlife","floor":12.0,"turns":5.0},{"damage":7.0,"enemies":"Exordium Thugs","floor":14.0,"turns":4.0},{"damage":4.0,"enemies":"The Guardian","floor":16.0,"turns":12.0},{"damage":18.0,"enemies":"3 Byrds","floor":18.0,"turns":6.0},{"damage":18.0,"enemies":"Shell Parasite","floor":20.0,"turns":11.0},{"damage":5.0,"enemies":"Centurion and Healer","floor":21.0,"turns":8.0},{"damage":2.0,"enemies":"Snake Plant","floor":28.0,"turns":4.0},{"damage":20.0,"enemies":"3 Cultists","floor":30.0,"turns":7.0},{"damage":12.0,"enemies":"Champ","floor":33.0,"turns":15.0},{"damage":37.0,"enemies":"3 Darklings","floor":35.0,"turns":14.0},{"damage":8.0,"enemies":"Orb Walker","floor":37.0,"turns":3.0},{"damage":0.0,"enemies":"Spire Growth","floor":39.0,"turns":5.0},{"damage":10.0,"enemies":"Jaw Worm Horde","floor":41.0,"turns":6.0},{"damage":10.0,"enemies":"Transient","floor":42.0,"turns":6.0},{"damage":40.0,"enemies":"3 Darklings","floor":44.0,"turns":5.0},{"damage":35,"enemies":"Time Eater","floor":50,"turns":14},{"damage":46,"enemies":"Awakened One","floor":51,"turns":3}],"seed_played":"8446095624355762506","potions_obtained":[{"floor":1.0,"key":"AttackPotion"},{"floor":3.0,"key":"Block Potion"},{"floor":8.0,"key":"LiquidBronze"},{"floor":14.0,"key":"SteroidPotion"},{"floor":28.0,"key":"Swift Potion"},{"floor":33.0,"key":"AttackPotion"},{"floor":39.0,"key":"Swift Potion"},{"floor":42.0,"key":"AttackPotion"}],"is_trial":false,"path_per_floor":["M","?","M","?","$","R","M","E","T","M","R","M","R","M","R","B",null,"M","?","M","M","T","R","$","R","T","R","M","?","M","?","R","B",null,"M","?","M","$","M","R","M","M","T","M","R","?","R","?","R","B","B"],"character_chosen":"DEFECT","items_purchased":["Apotheosis","Defragment","Double Energy"],"campfire_rested":3,"item_purchase_floors":[24,24,38],"current_hp_per_floor":[64,38,34,34,34,34,39,41,41,33,33,38,38,43,43,39,58,40,23,17,24,24,24,24,24,24,24,34,34,26,26,26,26,58,33,33,37,37,37,37,39,41,41,13,33,33,52,52,66,43,0],"gold":109,"neow_bonus":"THREE_RARE_CARDS","is_prod":false,"is_daily":false,"chose_seed":false,"campfire_upgraded":8,"win_rate":0,"timestamp":1561627604,"path_taken":["M","?","M","?","$","R","M","E","T","M","R","M","R","?","R","BOSS","M","?","M","M","?","R","$","R","T","R","M","?","M","?","R","BOSS","M","?","M","$","M","R","M","M","T","M","R","?","R","?","R","BOSS","BOSS"],"build_version":"2019-01-23","purchased_purges":2,"victory":false,"max_hp_per_floor":[64,64,64,64,64,64,64,64,64,64,64,64,64,64,64,64,64,64,69,69,69,69,69,69,69,69,69,69,69,69,69,69,69,69,69,69,69,69,69,69,69,69,69,69,69,66,66,66,66,66,66],"card_choices":[{"not_picked":["Buffer","Amplify"],"picked":"Core Surge","floor":0.0},{"not_picked":["Streamline","Auto Shields"],"picked":"Glacier","floor":1.0},{"not_picked":["Self Repair","Streamline"],"picked":"Skim","floor":3.0},{"not_picked":["Heatsinks","Streamline"],"picked":"Rip and Tear","floor":7.0},{"not_picked":["Redo","Amplify","Fusion"],"picked":"SKIP","floor":8.0},{"not_picked":["Melter","Sweeping Beam","Leap"],"picked":"SKIP","floor":10.0},{"not_picked":["Cold Snap","Steam"],"picked":"Auto Shields","floor":12.0},{"not_picked":["Redo","Turbo"],"picked":"White Noise","floor":14.0},{"not_picked":["Core Surge","Echo Form"],"picked":"Meteor Strike","floor":16.0},{"not_picked":["Conserve Battery","Redo","Beam Cell"],"picked":"SKIP","floor":18.0},{"not_picked":["Go for the Eyes","Sweeping Beam","Leap+1"],"picked":"SKIP","floor":20.0},{"not_picked":["Beam Cell","Streamline"],"picked":"All For One","floor":21.0},{"not_picked":["Lockon","Gash","Ball Lightning"],"picked":"SKIP","floor":28.0},{"not_picked":["Skim+1","Gash"],"picked":"Darkness","floor":30.0},{"not_picked":["Machine Learning","Hyperbeam"],"picked":"Creative AI","floor":33.0},{"not_picked":["Streamline+1","Gash","Stack+1"],"picked":"SKIP","floor":35.0},{"not_picked":["Barrage","Darkness+1"],"picked":"Loop","floor":37.0},{"not_picked":["Steam","Conserve Battery+1"],"picked":"Recycle","floor":39.0},{"not_picked":["Leap","Sweeping Beam+1"],"picked":"Redo","floor":41.0},{"not_picked":["Streamline+1","Ball Lightning","Sunder"],"picked":"SKIP","floor":42.0},{"not_picked":["Tempest","Conserve Battery"],"picked":"Heatsinks+1","floor":44.0}],"player_experience":5547071,"relics_obtained":[{"floor":8.0,"key":"Calipers"},{"floor":9.0,"key":"Bottled Flame"},{"floor":22.0,"key":"Juzu Bracelet"},{"floor":26.0,"key":"MawBank"}],"event_choices":[{"damage_healed":0.0,"max_hp_gain":0.0,"max_hp_loss":0.0,"gold_gain":0.0,"event_name":"Scrap Ooze","player_choice":"Success","floor":2.0,"gold_loss":0.0,"damage_taken":26.0,"relics_obtained":["Meat on the Bone"]},{"damage_healed":0.0,"max_hp_gain":0.0,"max_hp_loss":0.0,"gold_gain":0.0,"cards_transformed":["Strike_B"],"event_name":"Transmorgrifier","player_choice":"Transformed","floor":4.0,"gold_loss":0.0,"damage_taken":0.0,"cards_obtained":["Genetic Algorithm"]},{"damage_healed":0.0,"max_hp_gain":5.0,"max_hp_loss":0.0,"gold_gain":0.0,"event_name":"Forgotten Altar","player_choice":"Shed Blood","floor":19.0,"gold_loss":0.0,"damage_taken":22.0},{"cards_removed":["Strike_B"],"damage_healed":0.0,"max_hp_gain":0.0,"max_hp_loss":0.0,"gold_gain":0.0,"event_name":"Beggar","player_choice":"Gave Gold","floor":31.0,"gold_loss":75.0,"damage_taken":0.0},{"damage_healed":0.0,"max_hp_gain":0.0,"max_hp_loss":0.0,"gold_gain":0.0,"event_name":"Tomb of Lord Red Mask","player_choice":"Ignored","floor":36.0,"gold_loss":0.0,"damage_taken":0.0},{"damage_healed":0.0,"max_hp_gain":0.0,"max_hp_loss":3.0,"gold_gain":0.0,"event_name":"Winding Halls","player_choice":"Max HP","floor":46.0,"gold_loss":0.0,"damage_taken":0.0},{"damage_healed":0.0,"max_hp_gain":0.0,"max_hp_loss":0.0,"gold_gain":0.0,"event_name":"Duplicator","player_choice":"Copied","floor":48.0,"gold_loss":0.0,"damage_taken":0.0,"cards_obtained":["Skim"]}],"is_beta":false,"boss_relics":[{"not_picked":["Calling Bell","FrozenCore"],"picked":"Runic Pyramid"},{"not_picked":["Black Star","Astrolabe"],"picked":"Nuclear Battery"}],"items_purged_floors":[5,38],"is_endless":false,"potions_floor_spawned":[1,3,8,12,14,28,33,39,42],"killed_by":"Awakened One","ascension_level":20}