{"gold_per_floor":[118,130,147,97,47,82,100,135,135,135,135,135,148,161,161,260,260,272,282,282,44,60,95,95,95,95,195,195,229,229,79,79,179,179,198,210,65,165,181,181,208,223,223,238,251,251,0,75,75,75],"floor_reached":50,"playtime":3093,"items_purged":["Strike_B+1"],"score":595,"play_id":"2869fa2e-6b1b-498c-ab51-376daeb31bc2","local_time":"20190728164538","is_ascension_mode":false,"campfire_choices":[{"floor":12,"key":"REST"},{"data":"Defragment","floor":15,"key":"SMITH"},{"data":"Defragment","floor":24,"key":"SMITH"},{"data":"Multi-Cast","floor":28,"key":"SMITH"},{"floor":32,"key":"REST"},{"floor":40,"key":"RECALL"},{"floor":49,"key":"REST"}],"neow_cost":"NONE","seed_source_timestamp":1604429694901515,"circlet_count":0,"master_deck":["Strike_B+1","Strike_B+1","Strike_B+1","Defend_B+1","Defend_B+1","Defend_B+1","Zap","Dualcast+1","Rebound","Darkness","Beam Cell","Doom and Gloom","Streamline+1","Ball Lightning+1","Defragment+1","Steam","Hologram","Electrodynamics","Echo Form","Double Energy","Defragment+1","Sweeping Beam+1","Multi-Cast+1","Stack+1","Coolheaded","Streamline+1","Machine Learning","Leap+1","Undo","Thunder Strike+1","Compile Driver+1","Turbo+1","Doom and Gloom+1","Compile Driver+1","Buffer"],"relics":["Cracked Core","Molten Egg 2","Mercury Hourglass","Incense Burner","Snecko Eye","Lee\u0027s Waffle","Du-Vu Doll","Enchiridion","Bottled Flame","Ornamental Fan","Unceasing Top","Pocketwatch","Sozu","Thread and Needle","Red Mask","Darkstone Periapt"],"potions_floor_usage":[6,16,23,23,27,29],"damage_taken":[{"damage":0,"enemies":"Cultist","floor":1,"turns":3},{"damage":1,"enemies":"2 Louse","floor":2,"turns":3},{"damage":5,"enemies":"Small Slimes","floor":3,"turns":3},{"damage":22,"enemies":"3 Sentries","floor":6,"turns":3},{"damage":7,"enemies":"Gremlin Gang","floor":7,"turns":4},{"damage":18,"enemies":"Lagavulin","floor":8,"turns":5},{"damage":5,"enemies":"Looter","floor":13,"turns":2},{"damage":0,"enemies":"3 Louse","floor":14,"turns":2},{"damage":0,"enemies":"Slime Boss","floor":16,"turns":4},{"damage":0,"enemies":"Chosen","floor":18,"turns":3},{"damage":5,"enemies":"Spheric Guardian","floor":19,"turns":3},{"damage":21,"enemies":"Snake Plant","floor":22,"turns":3},{"damage":7,"enemies":"Slavers","floor":23,"turns":4},{"damage":20,"enemies":"Colosseum Slavers","floor":27,"turns":2},{"damage":1,"enemies":"Colosseum Nobs","floor":27,"turns":2},{"damage":27,"enemies":"Book of Stabbing","floor":29,"turns":4},{"damage":20,"enemies":"Automaton","floor":33,"turns":5},{"damage":3,"enemies":"3 Shapes","floor":35,"turns":1},{"damage":0,"enemies":"3 Darklings","floor":36,"turns":2},{"damage":7,"enemies":"Maw","floor":39,"turns":6},{"damage":35,"enemies":"Nemesis","floor":41,"turns":9},{"damage":0,"enemies":"Transient","floor":42,"turns":5},{"damage":13,"enemies":"Spire Growth","floor":44,"turns":4},{"damage":10,"enemies":"Writhing Mass","floor":45,"turns":5},{"damage":41,"enemies":"Awakened One","floor":50,"turns":5}],"seed_played":"-4252098425739611816","potions_obtained":[{"floor":1,"key":"PowerPotion"},{"floor":8,"key":"Energy Potion"},{"floor":13,"key":"Explosive Potion"},{"floor":16,"key":"Regen Potion"},{"floor":22,"key":"Block Potion"},{"floor":23,"key":"Weak Potion"}],"is_trial":false,"path_per_floor":["M","M","M","?","$","E","M","E","T","?","?","R","M","M","R","B",null,"M","M","?","$","M","E","R","?","T","?","R","E","?","$","R","B",null,"M","M","$","?","M","R","E","M","T","M","M","?","?","T","R","B"],"character_chosen":"DEFECT","items_purchased":["Streamline","Defragment","Lee\u0027s Waffle","Coolheaded","Streamline+1","Thunder Strike+1"],"campfire_rested":3,"item_purchase_floors":[5,21,21,31,31,37],"current_hp_per_floor":[75,74,69,69,69,47,40,22,22,7,7,29,24,24,24,24,75,75,70,70,82,61,66,66,50,50,29,29,2,2,2,26,6,82,79,79,79,79,72,72,37,37,37,24,14,14,14,14,38,0],"gold":75,"neow_bonus":"THREE_CARDS","is_prod":false,"is_daily":false,"chose_seed":false,"campfire_upgraded":3,"win_rate":0,"timestamp":1564321538,"path_taken":["M","M","?","?","$","E","M","E","T","?","?","R","M","M","R","BOSS","M","?","?","$","M","E","R","?","T","?","R","E","?","$","R","BOSS","M","M","$","?","M","R","E","?","T","M","M","?","?","?","R","BOSS"],"build_version":"2019-07-17","purchased_purges":1,"victory":false,"max_hp_per_floor":[75,75,75,75,75,75,75,75,75,75,75,75,75,75,75,75,75,75,75,75,82,82,82,82,82,82,82,82,82,82,82,82,82,82,82,82,82,82,82,82,82,82,82,82,82,82,82,82,82,82],"card_choices":[{"not_picked":["Barrage","Redo"],"picked":"Rebound","floor":0},{"not_picked":["Skim","Redo"],"picked":"Darkness","floor":1},{"not_picked":["Redo","Gash"],"picked":"Beam Cell","floor":2},{"not_picked":["Tempest","Turbo"],"picked":"Doom and Gloom","floor":3},{"not_picked":["Beam Cell","Scrape"],"picked":"Ball Lightning","floor":6},{"not_picked":["Cold Snap+1","Fission"],"picked":"Defragment","floor":7},{"not_picked":["Barrage+1","Double Energy"],"picked":"Steam","floor":8},{"not_picked":["Compile Driver+1","Sweeping Beam+1"],"picked":"Hologram","floor":13},{"not_picked":["Reprogram","Auto Shields"],"picked":"Electrodynamics","floor":14},{"not_picked":["Seek","Biased Cognition"],"picked":"Echo Form","floor":16},{"not_picked":["Barrage+1","Rebound+1","Turbo"],"picked":"SKIP","floor":18},{"not_picked":["Steam","Sweeping Beam+1"],"picked":"Double Energy","floor":19},{"not_picked":["Static Discharge","FTL+1","Turbo"],"picked":"SKIP","floor":22},{"not_picked":["Static Discharge","Stack"],"picked":"Sweeping Beam+1","floor":23},{"not_picked":["Rebound+1","Heatsinks"],"picked":"Multi-Cast","floor":27},{"not_picked":["Genetic Algorithm+1","Rainbow"],"picked":"Stack+1","floor":29},{"not_picked":["Rainbow","Seek"],"picked":"Machine Learning","floor":33},{"not_picked":["Ball Lightning+1","Skim"],"picked":"Leap+1","floor":35},{"not_picked":["Stack+1","Steam+1"],"picked":"Undo","floor":36},{"not_picked":["Rebound+1","BootSequence+1"],"picked":"Compile Driver+1","floor":39},{"not_picked":["Static Discharge+1","Reprogram+1"],"picked":"Turbo+1","floor":41},{"not_picked":["Cold Snap+1","Rebound+1"],"picked":"Doom and Gloom+1","floor":42},{"not_picked":["Go for the Eyes+1","Ball Lightning+1"],"picked":"Compile Driver+1","floor":44},{"not_picked":["Undo","Redo"],"picked":"Buffer","floor":45}],"player_experience":107488,"relics_obtained":[{"floor":6,"key":"Molten Egg 2"},{"floor":8,"key":"Mercury Hourglass"},{"floor":9,"key":"Incense Burner"},{"floor":23,"key":"Du-Vu Doll"},{"floor":25,"key":"Enchiridion"},{"floor":26,"key":"Bottled Flame"},{"floor":27,"key":"Ornamental Fan"},{"floor":27,"key":"Unceasing Top"},{"floor":29,"key":"Pocketwatch"},{"floor":41,"key":"Thread and Needle"},{"floor":48,"key":"Darkstone Periapt"}],"event_choices":[{"cards_removed":["Defend_B"],"damage_healed":0,"gold_gain":0,"player_choice":"Card Removal","damage_taken":0,"max_hp_gain":0,"max_hp_loss":0,"event_name":"The Cleric","floor":4,"gold_loss":50},{"damage_healed":0,"gold_gain":0,"player_choice":"Entered Light","damage_taken":15,"max_hp_gain":0,"max_hp_loss":0,"event_name":"Shining Light","floor":10,"gold_loss":0,"cards_upgraded":["Dualcast","Streamline"]},{"damage_healed":0,"gold_gain":0,"player_choice":"Ignored","damage_taken":0,"max_hp_gain":0,"max_hp_loss":0,"event_name":"NoteForYourself","floor":11,"gold_loss":0},{"damage_healed":0,"gold_gain":0,"player_choice":"Ignored","damage_taken":0,"max_hp_gain":0,"max_hp_loss":0,"event_name":"Ghosts","floor":20,"gold_loss":0},{"damage_healed":0,"gold_gain":0,"player_choice":"Obtained Book","damage_taken":16,"max_hp_gain":0,"max_hp_loss":0,"event_name":"Cursed Tome","floor":25,"gold_loss":0},{"damage_healed":0,"gold_gain":0,"player_choice":"Fight","damage_taken":0,"max_hp_gain":0,"max_hp_loss":0,"event_name":"Colosseum","floor":27,"gold_loss":0},{"damage_healed":0,"gold_gain":0,"player_choice":"Fought Nobs","damage_taken":0,"max_hp_gain":0,"max_hp_loss":0,"event_name":"Colosseum","floor":27,"gold_loss":0},{"damage_healed":0,"gold_gain":0,"player_choice":"Simplicity","damage_taken":0,"max_hp_gain":0,"max_hp_loss":0,"event_name":"Back to Basics","floor":30,"gold_loss":0,"cards_upgraded":["Strike_B","Strike_B","Strike_B","Strike_B","Defend_B","Defend_B","Defend_B"]},{"damage_healed":0,"gold_gain":100,"player_choice":"Pray","damage_taken":0,"max_hp_gain":0,"max_hp_loss":0,"event_name":"Golden Shrine","floor":38,"gold_loss":0},{"damage_healed":0,"gold_gain":0,"player_choice":"Ignored","damage_taken":0,"max_hp_gain":0,"max_hp_loss":0,"event_name":"Mysterious Sphere","floor":46,"gold_loss":0},{"damage_healed":0,"gold_gain":0,"player_choice":"Paid","damage_taken":0,"relics_obtained":["Red Mask"],"max_hp_gain":0,"max_hp_loss":0,"event_name":"Tomb of Lord Red Mask","floor":47,"gold_loss":251}],"is_beta":false,"boss_relics":[{"not_picked":["Eternal Feather","Runic Pyramid"],"picked":"Snecko Eye"},{"not_picked":["Busted Crown","FrozenCore"],"picked":"Sozu"}],"items_purged_floors":[31],"is_endless":false,"potions_floor_spawned":[1,8,13,16,22,23,27,35,39,41],"killed_by":"Awakened One","ascension_level":0}