{"gold_per_floor":[117,117,47,47,47,47,63,63,63,63,92,102,202,213,213,313,313,298,298,213,231,231,231,260,271,298,315,315,120,120,130,130,226,226,240,180,10,29,40,40,57,57,57,57,57,57,69,69,69,69],"floor_reached":51,"playtime":2958,"items_purged":["Strike_B","Defend_B"],"score":663,"play_id":"0f6a6740-aa21-4660-a47b-923f86c745d7","local_time":"20190614175021","is_ascension_mode":false,"campfire_choices":[{"data":"Sunder","floor":6.0,"key":"SMITH"},{"data":"Zap","floor":8.0,"key":"SMITH"},{"data":"Capacitor","floor":10.0,"key":"SMITH"},{"data":"Dualcast","floor":15.0,"key":"SMITH"},{"data":"Creative AI","floor":23.0,"key":"SMITH"},{"data":"Self Repair","floor":28.0,"key":"SMITH"},{"data":"Reboot","floor":32.0,"key":"SMITH"},{"data":"Darkness","floor":40.0,"key":"SMITH"},{"data":"Machine Learning","floor":44.0,"key":"SMITH"},{"data":"Electrodynamics","floor":49,"key":"SMITH"}],"neow_cost":"NONE","seed_source_timestamp":23752671937256,"circlet_count":0,"master_deck":["Defend_B+1","Defend_B+1","Defend_B","Zap+1","Dualcast+1","Self Repair+1","Sunder+1","Capacitor+1","Reboot+1","Ball Lightning","Chill","Creative AI+1","Tempest+1","Glacier","Electrodynamics+1","Capacitor+1","Machine Learning+1","Darkness+1","Glacier","Consume+1","Coolheaded+1"],"special_seed":0,"relics":["Cracked Core","Kunai","Dream Catcher","Runic Dome","DataDisk","War Paint","PreservedInsect","Tiny Chest","Du-Vu Doll","Coffee Dripper","Frozen Egg 2"],"potions_floor_usage":[50,50,50],"damage_taken":[{"damage":1.0,"enemies":"Jaw Worm","floor":1.0,"turns":4.0},{"damage":1.0,"enemies":"Cultist","floor":7.0,"turns":3.0},{"damage":36.0,"enemies":"Lagavulin","floor":11.0,"turns":6.0},{"damage":5.0,"enemies":"Small Slimes","floor":12.0,"turns":3.0},{"damage":5.0,"enemies":"Looter","floor":14.0,"turns":3.0},{"damage":53.0,"enemies":"The Guardian","floor":16.0,"turns":8.0},{"damage":20.0,"enemies":"2 Thieves","floor":18.0,"turns":4.0},{"damage":11.0,"enemies":"Colosseum Slavers","floor":19.0,"turns":4.0},{"damage":1.0,"enemies":"3 Byrds","floor":21.0,"turns":4.0},{"damage":22.0,"enemies":"Gremlin Leader","floor":24.0,"turns":5.0},{"damage":5.0,"enemies":"Sentry and Sphere","floor":25.0,"turns":6.0},{"damage":0.0,"enemies":"Snecko","floor":27.0,"turns":3.0},{"damage":21.0,"enemies":"Snake Plant","floor":31.0,"turns":4.0},{"damage":21.0,"enemies":"Automaton","floor":33.0,"turns":10.0},{"damage":0.0,"enemies":"Orb Walker","floor":35.0,"turns":3.0},{"damage":0.0,"enemies":"3 Shapes","floor":38.0,"turns":3.0},{"damage":5.0,"enemies":"Writhing Mass","floor":39.0,"turns":7.0},{"damage":0.0,"enemies":"Transient","floor":41.0,"turns":5.0},{"damage":28,"enemies":"Sphere and 2 Shapes","floor":47,"turns":5},{"damage":28,"enemies":"Donu and Deca","floor":50,"turns":5}],"seed_played":"6312358584381659879","potions_obtained":[{"floor":1.0,"key":"Explosive Potion"},{"floor":11.0,"key":"PowerPotion"},{"floor":18.0,"key":"FearPotion"},{"floor":31.0,"key":"SkillPotion"},{"floor":33.0,"key":"Fruit Juice"},{"floor":38.0,"key":"AttackPotion"}],"is_trial":false,"path_per_floor":["M","?","$","$","?","R","M","R","T","R","E","M","?","M","R","B",null,"M","?","?","M","?","R","E","M","T","M","R","$","T","M","R","B",null,"M","?","$","M","M","R","M","$","T","R","?","$","M","$","R","B",null],"character_chosen":"DEFECT","items_purchased":["Sunder","Tiny Chest","Glacier"],"campfire_rested":0,"item_purchase_floors":[3,29,37],"current_hp_per_floor":[74,74,74,74,79,79,80,80,80,80,51,53,53,55,55,9,80,67,63,63,69,54,54,39,41,41,48,48,48,48,37,37,26,85,90,90,90,90,90,90,90,90,90,90,90,90,82,82,82,74],"gold":69,"neow_bonus":"REMOVE_CARD","is_prod":false,"is_daily":false,"chose_seed":false,"campfire_upgraded":10,"win_rate":0,"timestamp":1560505821,"path_taken":["M","?","?","$","?","R","M","R","T","R","E","M","?","?","R","BOSS","M","?","?","M","?","R","E","M","T","M","R","$","?","M","R","BOSS","M","?","?","M","M","R","M","$","T","R","?","$","M","?","R","BOSS"],"build_version":"2019-01-23","purchased_purges":2,"victory":true,"max_hp_per_floor":[75,75,75,75,80,80,80,80,80,80,80,80,80,80,80,80,80,80,80,80,80,85,85,85,85,85,85,85,85,85,85,85,85,85,90,90,90,90,90,90,90,90,90,90,90,90,90,90,90,90],"card_choices":[{"not_picked":["Turbo","Hologram"],"picked":"Self Repair","floor":1.0},{"not_picked":["Compile Driver","Aggregate"],"picked":"Capacitor","floor":7.0},{"not_picked":["Go for the Eyes","Steam"],"picked":"Reboot","floor":11.0},{"not_picked":["Reinforced Body","Static Discharge"],"picked":"Ball Lightning","floor":12.0},{"not_picked":["Self Repair","Turbo"],"picked":"Chill","floor":14.0},{"not_picked":["Reboot","Rainbow"],"picked":"Creative AI","floor":16.0},{"not_picked":["Sunder","Gash","Leap"],"picked":"SKIP","floor":18.0},{"not_picked":["Rip and Tear","Compile Driver"],"picked":"Tempest+1","floor":21.0},{"not_picked":["Melter+1","Redo+1","Barrage+1"],"picked":"SKIP","floor":24.0},{"not_picked":["Hologram","Steam+1","Rebound+1"],"picked":"SKIP","floor":25.0},{"not_picked":["Ball Lightning+1","Compile Driver+1"],"picked":"Glacier","floor":27.0},{"not_picked":["Redo","Tempest","Cold Snap"],"picked":"SKIP","floor":31.0},{"not_picked":["Machine Learning","Rainbow"],"picked":"Electrodynamics","floor":33.0},{"not_picked":["Blizzard+1","Rebound"],"picked":"Capacitor+1","floor":35.0},{"not_picked":["Stack","Barrage+1","Recycle"],"picked":"SKIP","floor":38.0},{"not_picked":["Sweeping Beam","Go for the Eyes","Compile Driver"],"picked":"SKIP","floor":39.0},{"not_picked":["Compile Driver","Ball Lightning"],"picked":"Consume+1","floor":41.0},{"not_picked":["Reboot","Force Field+1"],"picked":"Coolheaded+1","floor":47}],"player_experience":5201068,"relics_obtained":[{"floor":9.0,"key":"Kunai"},{"floor":11.0,"key":"Dream Catcher"},{"floor":24.0,"key":"War Paint"},{"floor":26.0,"key":"PreservedInsect"},{"floor":30.0,"key":"Du-Vu Doll"},{"floor":43.0,"key":"Frozen Egg 2"}],"event_choices":[{"damage_healed":0.0,"max_hp_gain":0.0,"max_hp_loss":0.0,"gold_gain":0.0,"event_name":"NoteForYourself","player_choice":"Ignored","floor":2.0,"gold_loss":0.0,"damage_taken":0.0},{"damage_healed":0.0,"max_hp_gain":5.0,"max_hp_loss":0.0,"gold_gain":0.0,"event_name":"Big Fish","player_choice":"Donut","floor":5.0,"gold_loss":0.0,"damage_taken":0.0},{"damage_healed":0.0,"max_hp_gain":0.0,"max_hp_loss":0.0,"gold_gain":100.0,"event_name":"Golden Shrine","player_choice":"Pray","floor":13.0,"gold_loss":0.0,"damage_taken":0.0},{"damage_healed":0.0,"max_hp_gain":0.0,"max_hp_loss":0.0,"gold_gain":0.0,"event_name":"Colosseum","player_choice":"Fight","floor":19.0,"gold_loss":0.0,"damage_taken":0.0},{"damage_healed":0.0,"max_hp_gain":0.0,"max_hp_loss":0.0,"gold_gain":0.0,"event_name":"Colosseum","player_choice":"Fled From Nobs","floor":19.0,"gold_loss":0.0,"damage_taken":0.0},{"damage_healed":0.0,"max_hp_gain":0.0,"max_hp_loss":0.0,"gold_gain":0.0,"event_name":"Addict","player_choice":"Obtained Relic","floor":20.0,"gold_loss":85.0,"damage_taken":0.0,"relics_obtained":["DataDisk"]},{"damage_healed":0.0,"max_hp_gain":5.0,"max_hp_loss":0.0,"gold_gain":0.0,"event_name":"Forgotten Altar","player_choice":"Shed Blood","floor":22.0,"gold_loss":0.0,"damage_taken":20.0},{"damage_healed":0.0,"max_hp_gain":0.0,"max_hp_loss":0.0,"gold_gain":0.0,"cards_transformed":["Strike_B","Strike_B"],"event_name":"Designer","player_choice":"Transformed Cards","floor":36.0,"gold_loss":60.0,"damage_taken":0.0,"cards_obtained":["Machine Learning","Darkness"]},{"damage_healed":0.0,"max_hp_gain":0.0,"max_hp_loss":0.0,"gold_gain":0.0,"event_name":"Mysterious Sphere","player_choice":"Ignored","floor":45.0,"gold_loss":0.0,"damage_taken":0.0}],"is_beta":false,"boss_relics":[{"not_picked":["Pandora\u0027s Box","FrozenCore"],"picked":"Runic Dome"},{"not_picked":["Empty Cage","Snecko Eye"],"picked":"Coffee Dripper"}],"items_purged_floors":[29,37],"is_endless":false,"potions_floor_spawned":[1,11,18,19,31,33,38,41,47],"ascension_level":0}