{"gold_per_floor":[359,371,387,173,173,200,210,241,241,259,259,292,192,221,221,295,295,313,313,313,325,345,345,362,393,393,409,435,435,446,472,472,544,544,564,609,624,624,678,710,219,238,265,125,159,170,170,184,184,184,184,184,34,67,67],"floor_reached":56,"playtime":2682,"items_purged":["Doubt","Strike_B","Rebound","Decay"],"score":2365,"play_id":"f7b0a141-a05f-421f-8703-f980d5316f2d","local_time":"20190323213041","is_ascension_mode":true,"campfire_choices":[{"data":"Defragment","floor":11.0,"key":"SMITH"},{"data":"Dualcast","floor":15.0,"key":"SMITH"},{"data":"Buffer","floor":23.0,"key":"SMITH"},{"data":"Sunder","floor":29,"key":"SMITH"},{"data":"Seek","floor":32,"key":"SMITH"},{"floor":49,"key":"RECALL"},{"data":"White Noise","floor":52,"key":"SMITH"}],"neow_cost":"CURSE","seed_source_timestamp":24210675643094,"circlet_count":0,"master_deck":["AscendersBane","Zap","Dualcast+1","Sunder+1","Conserve Battery","Defragment+1","White Noise+1","Seek+1","Ball Lightning","Recycle+1","Hologram+1","Buffer+1","Echo Form","Self Repair","Chaos+1","All For One","Compile Driver","Rip and Tear","Coolheaded+1","Undo+1","Amplify+1","Fission+1","Fission+1","Rainbow+1","Fission+1","Double Energy+1","Discovery+1","Skim+1","Fission+1","Seek+1"],"special_seed":0,"relics":["Cracked Core","Art of War","Toxic Egg 2","Singing Bowl","Vajra","Odd Mushroom","Pandora\u0027s Box","Centennial Puzzle","PreservedInsect","Matryoshka","Inserter","Torii","DataDisk","Regal Pillow","Blue Candle","Runic Capacitor","Dodecahedron","Strawberry","Bottled Lightning","Gambling Chip"],"potions_floor_usage":[31,54,55],"damage_taken":[{"damage":4.0,"enemies":"2 Louse","floor":1.0,"turns":3.0},{"damage":9.0,"enemies":"Jaw Worm","floor":2.0,"turns":4.0},{"damage":0.0,"enemies":"Cultist","floor":3.0,"turns":4.0},{"damage":10.0,"enemies":"3 Sentries","floor":6.0,"turns":5.0},{"damage":0.0,"enemies":"Looter","floor":7.0,"turns":2.0},{"damage":18.0,"enemies":"Gremlin Nob","floor":8.0,"turns":3.0},{"damage":4.0,"enemies":"Blue Slaver","floor":10.0,"turns":3.0},{"damage":19.0,"enemies":"3 Sentries","floor":12.0,"turns":8.0},{"damage":0.0,"enemies":"The Mushroom Lair","floor":14.0,"turns":4.0},{"damage":0.0,"enemies":"Hexaghost","floor":16.0,"turns":7.0},{"damage":10.0,"enemies":"Shell Parasite","floor":18.0,"turns":5.0},{"damage":0.0,"enemies":"Spheric Guardian","floor":21.0,"turns":3.0},{"damage":2.0,"enemies":"Centurion and Healer","floor":22.0,"turns":4.0},{"damage":14.0,"enemies":"Shelled Parasite and Fungi","floor":24.0,"turns":5.0},{"damage":12.0,"enemies":"Book of Stabbing","floor":25.0,"turns":6.0},{"damage":0.0,"enemies":"Snecko","floor":27.0,"turns":5.0},{"damage":17,"enemies":"Gremlin Leader","floor":28,"turns":7},{"damage":9,"enemies":"Centurion and Healer","floor":30,"turns":4},{"damage":20,"enemies":"Slavers","floor":31,"turns":3},{"damage":41,"enemies":"Collector","floor":33,"turns":12},{"damage":2,"enemies":"3 Shapes","floor":35,"turns":3},{"damage":27,"enemies":"2 Orb Walkers","floor":36,"turns":3},{"damage":1,"enemies":"Orb Walker","floor":37,"turns":3},{"damage":0,"enemies":"Giant Head","floor":40,"turns":8},{"damage":15,"enemies":"Jaw Worm Horde","floor":42,"turns":2},{"damage":1,"enemies":"Reptomancer","floor":45,"turns":4},{"damage":0,"enemies":"3 Darklings","floor":46,"turns":2},{"damage":0,"enemies":"Transient","floor":48,"turns":5},{"damage":1,"enemies":"Donu and Deca","floor":50,"turns":7},{"damage":46,"enemies":"Shield and Spear","floor":54,"turns":4},{"damage":34,"enemies":"The Heart","floor":55,"turns":7}],"seed_played":"1487514961949058463","potions_obtained":[{"floor":1.0,"key":"Explosive Potion"},{"floor":3.0,"key":"SteroidPotion"},{"floor":12.0,"key":"Block Potion"},{"floor":16.0,"key":"EssenceOfSteel"},{"floor":22.0,"key":"Swift Potion"},{"floor":30,"key":"Ancient Potion"},{"floor":31,"key":"Swift Potion"}],"is_trial":false,"path_per_floor":["M","M","M","$","?","E","M","E","T","M","R","E","$","?","R","B",null,"M","?","?","M","M","R","M","E","T","M","E","R","M","E","R","B",null,"M","?","M","?","T","E","$","M","T","$","E","M","?","M","R","B",null,"R","$","E","B",null],"character_chosen":"DEFECT","items_purchased":["Defragment","White Noise","Runic Capacitor","Discovery+1","Skim+1","Fission+1"],"campfire_rested":0,"item_purchase_floors":[4,4,41,41,41,44],"current_hp_per_floor":[60,51,51,51,51,41,41,23,23,21,21,4,4,4,4,4,57,47,47,47,49,63,63,56,60,60,74,64,64,71,58,58,17,67,81,63,78,78,78,85,85,79,86,86,94,96,96,98,98,98,98,98,98,61,34],"gold":67,"neow_bonus":"TWO_FIFTY_GOLD","is_prod":false,"is_daily":false,"chose_seed":true,"campfire_upgraded":6,"win_rate":0,"timestamp":1553347841,"path_taken":["M","M","M","$","?","E","M","E","T","M","R","E","$","?","R","BOSS","M","?","?","M","?","R","M","E","T","M","E","R","M","E","R","BOSS","M","?","M","?","?","E","$","M","T","?","E","M","?","?","R","BOSS","R","$","E","BOSS"],"build_version":"2019-01-23","purchased_purges":4,"victory":true,"max_hp_per_floor":[71,71,71,71,71,71,71,71,71,73,73,75,75,75,75,75,75,75,75,75,77,79,79,79,81,81,81,81,81,83,83,83,83,83,85,87,89,85,85,85,85,87,94,94,94,96,96,98,98,98,98,98,98,100,100],"card_choices":[{"not_picked":["Chill","Stack"],"picked":"Sunder","floor":1.0},{"not_picked":["Compile Driver","Go for the Eyes"],"picked":"Conserve Battery","floor":2.0},{"not_picked":["FTL","Coolheaded"],"picked":"Cold Snap","floor":3.0},{"not_picked":["Stack","Melter"],"picked":"Seek","floor":6.0},{"not_picked":["Streamline","Compile Driver"],"picked":"Ball Lightning","floor":7.0},{"not_picked":["Gash","Leap"],"picked":"Recycle","floor":8.0},{"not_picked":["Force Field+1","Beam Cell","Rebound"],"picked":"Singing Bowl","floor":10.0},{"not_picked":["Leap+1","Ball Lightning","Go for the Eyes"],"picked":"Singing Bowl","floor":12.0},{"not_picked":["Beam Cell","Meteor Strike"],"picked":"Hologram+1","floor":14.0},{"not_picked":["Amplify+1","Seek+1"],"picked":"Buffer","floor":16.0},{"not_picked":["Darkness+1","Hologram+1"],"picked":"Coolheaded+1","floor":18.0},{"not_picked":["FTL","Steam+1","Cold Snap"],"picked":"Singing Bowl","floor":21.0},{"not_picked":["Genetic Algorithm+1","Storm","Blizzard"],"picked":"Singing Bowl","floor":22.0},{"not_picked":["Rebound","Force Field+1"],"picked":"Amplify+1","floor":24.0},{"not_picked":["Compile Driver","Lockon","Coolheaded+1"],"picked":"Singing Bowl","floor":25.0},{"not_picked":["Go for the Eyes","Chill+1"],"picked":"Fission+1","floor":27.0},{"not_picked":["Streamline+1","Cold Snap"],"picked":"Fission+1","floor":28},{"not_picked":["Redo+1","Rebound","Gash"],"picked":"Singing Bowl","floor":30},{"not_picked":["Barrage","Ball Lightning+1"],"picked":"Rainbow+1","floor":31},{"not_picked":["Multi-Cast+1","All For One"],"picked":"Fission+1","floor":33},{"not_picked":["Conserve Battery+1","Sweeping Beam+1","Streamline"],"picked":"Singing Bowl","floor":35},{"not_picked":["Sweeping Beam+1","Scrape","Melter+1"],"picked":"Singing Bowl","floor":36},{"not_picked":["Chaos+1","Sweeping Beam","Hologram+1"],"picked":"Singing Bowl","floor":37},{"not_picked":["FTL+1","Cold Snap+1"],"picked":"Double Energy+1","floor":40},{"not_picked":["Barrage","Steam Power+1","Sweeping Beam"],"picked":"Singing Bowl","floor":42},{"not_picked":["Ball Lightning","Defragment"],"picked":"Seek+1","floor":45},{"not_picked":["BootSequence+1","Rebound","Gash"],"picked":"Singing Bowl","floor":46},{"not_picked":["Compile Driver","Ball Lightning","Go for the Eyes"],"picked":"Singing Bowl","floor":48},{"not_picked":["Stack+1","Cold Snap+1","Darkness+1"],"picked":"Singing Bowl","floor":54}],"player_experience":3826516,"relics_obtained":[{"floor":6.0,"key":"Art of War"},{"floor":8.0,"key":"Toxic Egg 2"},{"floor":9.0,"key":"Singing Bowl"},{"floor":12.0,"key":"Vajra"},{"floor":14.0,"key":"Odd Mushroom"},{"floor":25.0,"key":"Centennial Puzzle"},{"floor":28,"key":"PreservedInsect"},{"floor":31,"key":"Matryoshka"},{"floor":36,"key":"Torii"},{"floor":39,"key":"DataDisk"},{"floor":39,"key":"Regal Pillow"},{"floor":40,"key":"Blue Candle"},{"floor":43,"key":"Dodecahedron"},{"floor":43,"key":"Strawberry"},{"floor":45,"key":"Bottled Lightning"},{"floor":54,"key":"Gambling Chip"}],"event_choices":[{"damage_healed":0.0,"max_hp_gain":0.0,"max_hp_loss":0.0,"gold_gain":0.0,"event_name":"Liars Game","player_choice":"Ignored","floor":5.0,"gold_loss":0.0,"damage_taken":0.0},{"damage_healed":0.0,"max_hp_gain":0.0,"max_hp_loss":0.0,"gold_gain":0.0,"event_name":"Mushrooms","player_choice":"Fought Mushrooms","floor":14.0,"gold_loss":0.0,"damage_taken":0.0},{"damage_healed":0.0,"max_hp_gain":0.0,"max_hp_loss":0.0,"gold_gain":0.0,"event_name":"The Library","player_choice":"Read","floor":19.0,"gold_loss":0.0,"damage_taken":0.0,"cards_obtained":["Undo"]},{"damage_healed":0.0,"max_hp_gain":0.0,"max_hp_loss":0.0,"gold_gain":0.0,"event_name":"Wheel of Change","player_choice":"Cursed","floor":20.0,"gold_loss":0.0,"damage_taken":0.0,"cards_obtained":["Decay"]},{"damage_healed":0,"gold_gain":0,"player_choice":"Fight","damage_taken":0,"max_hp_gain":0,"max_hp_loss":0,"event_name":"Mysterious Sphere","floor":36,"gold_loss":0},{"damage_healed":0,"gold_gain":0,"player_choice":"Max HP","damage_taken":0,"max_hp_gain":0,"max_hp_loss":4,"event_name":"Winding Halls","floor":38,"gold_loss":0},{"cards_removed":["Cold Snap"],"damage_healed":0,"gold_gain":0,"player_choice":"Removed Attack","damage_taken":0,"max_hp_gain":0,"max_hp_loss":0,"event_name":"Falling","floor":47,"gold_loss":0}],"is_beta":false,"boss_relics":[{"not_picked":["Busted Crown","Black Star"],"picked":"Pandora\u0027s Box"},{"not_picked":["Velvet Choker","Astrolabe"],"picked":"Inserter"}],"items_purged_floors":[4,13,41,53],"is_endless":false,"potions_floor_spawned":[1,3,6,12,16,21,22,30,31,35,45,48],"ascension_level":15}