{"gold_per_floor":[117,30,30,105,105,105,130,207,207,232,232,263,263,263,263,340,340,360,370,387,113,27,27,47,64,64,91,141,141,155,175,175,175],"floor_reached":33,"playtime":870,"items_purged":["Strike_G"],"score":712,"play_id":"dfdad11a-1509-43a7-a41b-ae7e258a1b10","local_time":"20181026011221","is_ascension_mode":true,"campfire_choices":[{"data":"Neutralize","floor":6.0,"key":"SMITH"},{"data":"Terror","floor":11.0,"key":"SMITH"},{"data":"Blade Dance","floor":13.0,"key":"SMITH"},{"data":"Accuracy","floor":15.0,"key":"SMITH"},{"data":"Leg Sweep","floor":23.0,"key":"SMITH"},{"floor":29.0,"key":"REST"},{"data":"Accuracy","floor":32.0,"key":"SMITH"}],"neow_cost":"NONE","seed_source_timestamp":34749125220446,"circlet_count":0,"master_deck":["Defend_G","Defend_G","Defend_G","Defend_G+1","Defend_G","Strike_G","Strike_G","Strike_G+1","Survivor","Neutralize+1","AscendersBane","Blade Dance+1","Terror+1","Endless Agony","Accuracy+1","Backstab","Corpse Explosion","Dagger Throw+1","Leg Sweep+1","Infinite Blades","Backflip","Decay","Accuracy+1"],"special_seed":0,"relics":["Ring of the Snake","NeowsBlessing","Darkstone Periapt","Shuriken","The Courier","Pantograph","Snake Skull","Cursed Key","Matryoshka","Letter Opener","Mercury Hourglass","Vajra","Toxic Egg 2"],"potions_floor_usage":[33],"damage_taken":[{"damage":0.0,"enemies":"Small Slimes","floor":1.0,"turns":1.0},{"damage":0.0,"enemies":"Lagavulin","floor":7.0,"turns":1.0},{"damage":0.0,"enemies":"3 Sentries","floor":10.0,"turns":1.0},{"damage":2.0,"enemies":"Lagavulin","floor":12.0,"turns":7.0},{"damage":36.0,"enemies":"Slime Boss","floor":16.0,"turns":8.0},{"damage":4.0,"enemies":"3 Byrds","floor":18.0,"turns":3.0},{"damage":13.0,"enemies":"Chosen","floor":19.0,"turns":4.0},{"damage":5.0,"enemies":"Centurion and Healer","floor":20.0,"turns":5.0},{"damage":0.0,"enemies":"Cultist and Chosen","floor":24.0,"turns":5.0},{"damage":13.0,"enemies":"Sentry and Sphere","floor":25.0,"turns":5.0},{"damage":7.0,"enemies":"Slavers","floor":27.0,"turns":2.0},{"damage":12.0,"enemies":"Shelled Parasite and Fungi","floor":30.0,"turns":4.0},{"damage":0.0,"enemies":"Snake Plant","floor":31.0,"turns":2.0},{"damage":41,"enemies":"Automaton","floor":33,"turns":8}],"seed_played":"-2411779660095877044","potions_obtained":[{"floor":1.0,"key":"Block Potion"},{"floor":18.0,"key":"Strength Potion"},{"floor":19.0,"key":"Block Potion"},{"floor":24.0,"key":"Swift Potion"},{"floor":31.0,"key":"Block Potion"}],"is_trial":false,"path_per_floor":["M","$","?","?","?","R","E","T","T","E","R","E","R","?","R","B",null,"M","M","M","$","?","R","M","M","T","E","?","R","M","M","R"],"character_chosen":"THE_SILENT","items_purchased":["Terror","Matryoshka"],"campfire_rested":1,"item_purchase_floors":[2,21],"current_hp_per_floor":[59,59,39,28,21,21,21,21,21,21,21,19,19,24,24,13,57,53,40,35,35,35,35,35,22,28,21,21,44,32,32,32,16],"gold":175,"neow_bonus":"THREE_ENEMY_KILL","is_prod":false,"is_daily":false,"chose_seed":false,"campfire_upgraded":6,"win_rate":0,"timestamp":1540487541,"path_taken":["M","$","?","?","?","R","E","?","T","E","R","E","R","?","R","BOSS","M","M","M","$","?","R","M","?","T","E","?","R","M","M","R","BOSS"],"build_version":"2018-10-18","purchased_purges":1,"victory":false,"max_hp_per_floor":[66,66,66,66,66,66,66,66,66,66,66,66,66,71,71,71,71,71,71,71,71,71,71,71,71,77,77,77,77,77,77,77,77],"card_choices":[{"not_picked":["Dash","Outmaneuver"],"picked":"Blade Dance","floor":1.0},{"not_picked":["Skewer","Night Terror"],"picked":"Endless Agony","floor":7.0},{"not_picked":["Dagger Throw","Concentrate"],"picked":"Accuracy","floor":10.0},{"not_picked":["Flying Knee","Crippling Poison"],"picked":"Backstab","floor":12.0},{"not_picked":["Night Terror","Venomology"],"picked":"Corpse Explosion","floor":16.0},{"not_picked":["Deflect","Flechettes","Bane"],"picked":"SKIP","floor":18.0},{"not_picked":["Deadly Poison","Accuracy"],"picked":"Dagger Throw+1","floor":19.0},{"not_picked":["Acrobatics","Bane+1"],"picked":"Leg Sweep","floor":20.0},{"not_picked":["Catalyst+1","Prepared"],"picked":"Infinite Blades","floor":24.0},{"not_picked":["Flying Knee","Dagger Spray"],"picked":"Backflip","floor":25.0},{"not_picked":["Sucker Punch","Flying Knee","Distraction+1"],"picked":"SKIP","floor":27.0},{"not_picked":["Prepared+1","Dash"],"picked":"Accuracy","floor":30.0},{"not_picked":["Infinite Blades","Crippling Poison+1","Blur+1"],"picked":"SKIP","floor":31.0}],"player_experience":391135,"relics_obtained":[{"floor":7.0,"key":"Darkstone Periapt"},{"floor":8.0,"key":"Shuriken"},{"floor":9.0,"key":"The Courier"},{"floor":10.0,"key":"Pantograph"},{"floor":12.0,"key":"Snake Skull"},{"floor":26.0,"key":"Mercury Hourglass"},{"floor":26.0,"key":"Vajra"},{"floor":27.0,"key":"Toxic Egg 2"}],"event_choices":[{"damage_healed":0.0,"max_hp_gain":0.0,"max_hp_loss":0.0,"gold_gain":0.0,"event_name":"Shining Light","player_choice":"Entered Light","floor":3.0,"gold_loss":0.0,"damage_taken":20.0,"cards_upgraded":["Defend_G","Strike_G"]},{"damage_healed":0.0,"max_hp_gain":0.0,"max_hp_loss":0.0,"gold_gain":75.0,"event_name":"World of Goop","player_choice":"Gather Gold","floor":4.0,"gold_loss":0.0,"damage_taken":11.0},{"cards_removed":["Strike_G"],"damage_healed":0.0,"max_hp_gain":0.0,"max_hp_loss":0.0,"gold_gain":0.0,"event_name":"Golden Wing","player_choice":"Card Removal","floor":5.0,"gold_loss":0.0,"damage_taken":7.0},{"damage_healed":0.0,"max_hp_gain":5.0,"max_hp_loss":0.0,"gold_gain":0.0,"event_name":"Big Fish","player_choice":"Donut","floor":14.0,"gold_loss":0.0,"damage_taken":0.0},{"damage_healed":0.0,"max_hp_gain":0.0,"max_hp_loss":0.0,"gold_gain":0.0,"event_name":"WeMeetAgain","player_choice":"Paid Gold","floor":22.0,"gold_loss":86.0,"damage_taken":0.0,"relics_obtained":["Letter Opener"]},{"damage_healed":0.0,"max_hp_gain":0.0,"max_hp_loss":0.0,"gold_gain":50.0,"event_name":"Nest","player_choice":"Stole From Cult","floor":28.0,"gold_loss":0.0,"damage_taken":0.0}],"is_beta":false,"boss_relics":[{"not_picked":["Fusion Hammer","Philosopher\u0027s Stone"],"picked":"Cursed Key"}],"items_purged_floors":[21],"is_endless":false,"potions_floor_spawned":[1,18,19,24,31],"killed_by":"Automaton","ascension_level":20}