{"gold_per_floor":[117,130,205,205,205,237,252,277,326,326,343,268,281,206,206,277,277,277],"floor_reached":18,"playtime":374,"items_purged":["Defend_B"],"score":390,"play_id":"f00ebe2c-f54e-41e9-9aef-8527d363cab8","local_time":"20190109202434","is_ascension_mode":true,"campfire_choices":[{"data":"Consume","floor":10,"key":"SMITH"},{"data":"Loop","floor":15,"key":"SMITH"}],"neow_cost":"NONE","seed_source_timestamp":29976674403617,"circlet_count":0,"master_deck":["AscendersBane","Defend_B","Defend_B","Zap","Dualcast","Consume+1","Conserve Battery","Ball Lightning","Core Surge","Gash","Loop+1","All For One","Steam Power+1","Streamline+1","Doom and Gloom+1"],"relics":["Cracked Core","NeowsBlessing","Dodecahedron","Dream Catcher","Bottled Flame","DataDisk","Astrolabe"],"potions_floor_usage":[16],"damage_taken":[{"damage":0,"enemies":"2 Louse","floor":1,"turns":1},{"damage":0,"enemies":"Cultist","floor":2,"turns":1},{"damage":0,"enemies":"3 Sentries","floor":6,"turns":1},{"damage":0,"enemies":"Small Slimes","floor":7,"turns":3},{"damage":18,"enemies":"Lagavulin","floor":8,"turns":6},{"damage":7,"enemies":"2 Fungi Beasts","floor":11,"turns":3},{"damage":4,"enemies":"Red Slaver","floor":13,"turns":3},{"damage":6,"enemies":"Hexaghost","floor":16,"turns":6},{"damage":0,"enemies":"Shell Parasite","floor":18,"turns":1}],"seed_played":"-3723406164006394449","potions_obtained":[{"floor":6,"key":"FocusPotion"},{"floor":7,"key":"FearPotion"},{"floor":8,"key":"Explosive Potion"}],"is_trial":false,"path_per_floor":["M","M","?","?","?","E","M","E","T","R","M","?","M","$","R","B",null,"M"],"character_chosen":"DEFECT","items_purchased":[],"campfire_rested":0,"item_purchase_floors":[],"current_hp_per_floor":[64,64,53,42,42,42,42,24,24,24,17,17,13,13,13,7,55,55],"gold":277,"neow_bonus":"THREE_ENEMY_KILL","is_prod":false,"is_daily":false,"chose_seed":false,"campfire_upgraded":2,"win_rate":0,"timestamp":1547036674,"path_taken":["M","M","?","?","?","E","?","E","T","R","M","?","M","$","R","BOSS","M"],"build_version":"2019-01-03v4","purchased_purges":1,"victory":false,"max_hp_per_floor":[71,71,71,71,71,71,71,71,71,71,71,71,71,71,71,71,71,71],"card_choices":[{"not_picked":["Conserve Battery","Go for the Eyes"],"picked":"Consume","floor":1},{"not_picked":["Stack","BootSequence"],"picked":"Conserve Battery","floor":2},{"not_picked":["Sweeping Beam","Thunder Strike","Heatsinks"],"picked":"SKIP","floor":6},{"not_picked":["Cold Snap","Coolheaded"],"picked":"Ball Lightning","floor":7},{"not_picked":["Redo","Conserve Battery"],"picked":"Core Surge","floor":8},{"not_picked":["Blizzard","Beam Cell"],"picked":"Gash","floor":11},{"not_picked":["Streamline","BootSequence"],"picked":"Loop","floor":13},{"not_picked":["Amplify","Machine Learning"],"picked":"All For One","floor":16}],"player_experience":1890279,"relics_obtained":[{"floor":6,"key":"Dream Catcher"},{"floor":8,"key":"Bottled Flame"},{"floor":9,"key":"DataDisk"}],"event_choices":[{"damage_healed":0,"gold_gain":75,"player_choice":"Gather Gold","damage_taken":11,"max_hp_gain":0,"max_hp_loss":0,"event_name":"World of Goop","floor":3,"gold_loss":0},{"damage_healed":0,"gold_gain":0,"player_choice":"Success","damage_taken":11,"relics_obtained":["Dodecahedron"],"max_hp_gain":0,"max_hp_loss":0,"event_name":"Scrap Ooze","floor":4,"gold_loss":0},{"cards_removed":["Strike_B"],"damage_healed":0,"gold_gain":0,"player_choice":"Purged","damage_taken":0,"max_hp_gain":0,"max_hp_loss":0,"event_name":"Purifier","floor":5,"gold_loss":0},{"cards_removed":["Strike_B"],"damage_healed":0,"gold_gain":0,"player_choice":"Card Removal","damage_taken":0,"max_hp_gain":0,"max_hp_loss":0,"event_name":"The Cleric","floor":12,"gold_loss":75}],"is_beta":false,"boss_relics":[{"not_picked":["Eternal Feather","Tiny House"],"picked":"Astrolabe"}],"items_purged_floors":[14],"is_endless":false,"potions_floor_spawned":[6,7,8,11],"killed_by":"Shell Parasite","ascension_level":20}