{"gold_per_floor":[14,27,27,27,43,68,68,87,133,133,152,168,168,54,54,127,127,142,158,158,211,511,541,541,573,573,573,601,611,643,659,659,733,733,744,755,380,397,272,302,302,316,365,399,415,432,432,466,466,466,466,466,466,47,78,78],"floor_reached":57,"playtime":3451,"items_purged":["Strike_G","Strike_G","Strike_G","Strike_G"],"score":3594,"play_id":"fb59c0c6-a87a-431c-bbf1-82c1c5f471fe","local_time":"20190226190728","is_ascension_mode":true,"campfire_choices":[{"data":"Neutralize","floor":7.0,"key":"SMITH"},{"data":"Grand Finale","floor":10.0,"key":"SMITH"},{"data":"Grand Finale","floor":13.0,"key":"SMITH"},{"data":"Footwork","floor":15.0,"key":"SMITH"},{"data":"Grand Finale","floor":24.0,"key":"SMITH"},{"data":"Malaise","floor":27.0,"key":"SMITH"},{"data":"Ghostly","floor":32.0,"key":"SMITH"},{"data":"Night Terror","floor":41.0,"key":"SMITH"},{"data":"Expertise","floor":47.0,"key":"SMITH"},{"floor":49.0,"key":"RECALL"},{"data":"Purity","floor":53.0,"key":"SMITH"}],"neow_cost":"NO_GOLD","seed_source_timestamp":34401930113959,"circlet_count":0,"master_deck":["AscendersBane","Defend_G","Defend_G","Defend_G","Defend_G","Defend_G","Survivor","Neutralize+1","Grand Finale+1","Backflip","Backflip","Dagger Throw","Grand Finale+1","Footwork+1","Malaise+1","Ghostly+1","Ghostly","Ghostly","Grand Finale+1","Adrenaline","Night Terror+1","Acrobatics","Purity+1","Concentrate+1","Reflex+1","Expertise+1","PiercingWail+1","Prepared","Acrobatics+1"],"special_seed":0,"relics":["Ring of the Snake","Ornamental Fan","Ancient Tea Set","Runic Pyramid","Tiny Chest","Old Coin","Bag of Marbles","Pantograph","Pen Nib","Orichalcum","Sozu","Bag of Preparation","Blood Vial","Lantern","Vajra","Happy Flower","Toy Ornithopter","Strawberry"],"potions_floor_usage":[56,56],"damage_taken":[{"damage":8.0,"enemies":"Cultist","floor":1.0,"turns":5.0},{"damage":1.0,"enemies":"2 Louse","floor":2.0,"turns":3.0},{"damage":7.0,"enemies":"Jaw Worm","floor":5.0,"turns":8.0},{"damage":0.0,"enemies":"3 Sentries","floor":6.0,"turns":2.0},{"damage":1.0,"enemies":"2 Fungi Beasts","floor":8.0,"turns":4.0},{"damage":0.0,"enemies":"Exordium Wildlife","floor":11.0,"turns":5.0},{"damage":0.0,"enemies":"Blue Slaver","floor":12.0,"turns":7.0},{"damage":2.0,"enemies":"Hexaghost","floor":16.0,"turns":4.0},{"damage":4.0,"enemies":"Shell Parasite","floor":18.0,"turns":5.0},{"damage":1.0,"enemies":"2 Thieves","floor":19.0,"turns":3.0},{"damage":3.0,"enemies":"Gremlin Leader","floor":23.0,"turns":6.0},{"damage":6.0,"enemies":"Slavers","floor":25.0,"turns":4.0},{"damage":2.0,"enemies":"Gremlin Leader","floor":28.0,"turns":7.0},{"damage":0.0,"enemies":"Sentry and Sphere","floor":29.0,"turns":3.0},{"damage":0.0,"enemies":"Slavers","floor":30.0,"turns":4.0},{"damage":7.0,"enemies":"Cultist and Chosen","floor":31.0,"turns":5.0},{"damage":0.0,"enemies":"Collector","floor":33.0,"turns":5.0},{"damage":0.0,"enemies":"Orb Walker","floor":35.0,"turns":4.0},{"damage":0.0,"enemies":"3 Darklings","floor":36.0,"turns":4.0},{"damage":1.0,"enemies":"4 Shapes","floor":38.0,"turns":6.0},{"damage":0.0,"enemies":"Nemesis","floor":40.0,"turns":3.0},{"damage":0.0,"enemies":"Spire Growth","floor":42.0,"turns":4.0},{"damage":0.0,"enemies":"Giant Head","floor":44.0,"turns":6.0},{"damage":0.0,"enemies":"Jaw Worm Horde","floor":45.0,"turns":2.0},{"damage":0.0,"enemies":"Writhing Mass","floor":46.0,"turns":2.0},{"damage":0.0,"enemies":"Reptomancer","floor":48.0,"turns":4.0},{"damage":13.0,"enemies":"Time Eater","floor":50.0,"turns":8.0},{"damage":0.0,"enemies":"Awakened One","floor":51.0,"turns":6.0},{"damage":0,"enemies":"Shield and Spear","floor":55,"turns":2},{"damage":0,"enemies":"The Heart","floor":56,"turns":8}],"seed_played":"6760526688899239735","potions_obtained":[{"floor":5.0,"key":"SkillPotion"},{"floor":8.0,"key":"FearPotion"},{"floor":11.0,"key":"Dexterity Potion"},{"floor":23.0,"key":"EssenceOfSteel"},{"floor":25.0,"key":"AttackPotion"},{"floor":31.0,"key":"Fire Potion"}],"is_trial":false,"path_per_floor":["M","M","?","?","M","E","R","M","T","R","M","M","R","$","R","B",null,"M","M","?","T","T","E","R","E","T","R","E","M","E","M","R","B",null,"M","M","$","M","$","E","R","M","T","E","M","M","R","E","R","B","B",null,"R","$","E","B",null],"character_chosen":"THE_SILENT","items_purchased":["Footwork","Purity","Bag of Preparation","Prepared","Toy Ornithopter"],"campfire_rested":0,"item_purchase_floors":[14,37,37,54,54],"current_hp_per_floor":[51,50,55,48,41,41,41,40,40,40,40,40,40,40,40,38,63,59,58,35,35,35,32,32,26,26,26,24,24,24,17,17,35,35,35,35,35,34,34,34,34,35,35,35,35,35,35,35,35,22,35,35,35,35,42,42],"gold":78,"neow_bonus":"THREE_RARE_CARDS","is_prod":false,"is_daily":false,"chose_seed":false,"campfire_upgraded":10,"win_rate":0,"timestamp":1551179248,"path_taken":["M","M","?","?","M","E","R","M","T","R","M","M","R","?","R","BOSS","M","M","?","?","?","E","R","E","T","R","E","M","E","M","R","BOSS","M","M","$","?","$","E","R","M","T","E","M","?","R","E","R","BOSS","BOSS","R","$","E","BOSS"],"build_version":"2019-01-23","purchased_purges":4,"victory":true,"max_hp_per_floor":[66,66,71,71,71,71,71,71,71,71,71,71,71,71,71,71,71,71,71,35,35,35,35,35,35,35,35,35,35,35,35,35,35,35,35,35,35,35,35,35,35,35,35,35,35,35,35,35,35,35,35,35,35,35,42,42],"card_choices":[{"not_picked":["Doppelganger","Venomology"],"picked":"Grand Finale","floor":0.0},{"not_picked":["PiercingWail","Prepared"],"picked":"Backflip","floor":1.0},{"not_picked":["Choke","Bane"],"picked":"Backflip","floor":2.0},{"not_picked":["Bane","Skewer"],"picked":"Dagger Throw","floor":5.0},{"not_picked":["PiercingWail","Underhanded Strike","Reflex"],"picked":"SKIP","floor":6.0},{"not_picked":["Finisher","Bane"],"picked":"Grand Finale","floor":8.0},{"not_picked":["Deflect","Backflip","Poisoned Stab"],"picked":"SKIP","floor":11.0},{"not_picked":["Backflip","Quick Slash","Cloak And Dagger"],"picked":"SKIP","floor":12.0},{"not_picked":["Night Terror","Unload"],"picked":"Malaise","floor":16.0},{"not_picked":["Deflect","Footwork","Underhanded Strike"],"picked":"SKIP","floor":18.0},{"not_picked":["Endless Agony","Deadly Poison","Deflect"],"picked":"SKIP","floor":19.0},{"not_picked":["All Out Attack","Blade Dance"],"picked":"Grand Finale","floor":23.0},{"not_picked":["Poisoned Stab","Doppelganger","Underhanded Strike"],"picked":"SKIP","floor":25.0},{"not_picked":["Envenom","Flying Knee","Deadly Poison"],"picked":"SKIP","floor":28.0},{"not_picked":["Slice","Poisoned Stab","Blade Dance"],"picked":"SKIP","floor":29.0},{"not_picked":["Acrobatics","Bullet Time"],"picked":"Adrenaline","floor":30.0},{"not_picked":["Blade Dance","Underhanded Strike","Dagger Throw"],"picked":"SKIP","floor":31.0},{"not_picked":["Tools of the Trade","Die Die Die"],"picked":"Night Terror","floor":33.0},{"not_picked":["Sucker Punch","Finisher+1","Dagger Spray+1"],"picked":"SKIP","floor":35.0},{"not_picked":["Masterful Stab","Well Laid Plans"],"picked":"Acrobatics","floor":36.0},{"not_picked":["Blade Dance","Bane"],"picked":"Concentrate+1","floor":38.0},{"not_picked":["Accuracy","Deadly Poison","Slice+1"],"picked":"SKIP","floor":40.0},{"not_picked":["Dagger Throw","Flechettes"],"picked":"Reflex+1","floor":42.0},{"not_picked":["Doppelganger","Dagger Throw"],"picked":"Expertise","floor":44.0},{"not_picked":["Flying Knee","Backflip","Dagger Spray"],"picked":"SKIP","floor":45.0},{"not_picked":["Outmaneuver","Expertise","PiercingWail"],"picked":"SKIP","floor":46.0},{"not_picked":["Dagger Throw","Sucker Punch"],"picked":"PiercingWail+1","floor":48.0},{"not_picked":["Quick Slash","Flying Knee"],"picked":"Acrobatics+1","floor":55}],"player_experience":3171815,"relics_obtained":[{"floor":6.0,"key":"Ornamental Fan"},{"floor":9.0,"key":"Ancient Tea Set"},{"floor":21.0,"key":"Tiny Chest"},{"floor":22.0,"key":"Old Coin"},{"floor":23.0,"key":"Bag of Marbles"},{"floor":25.0,"key":"Pantograph"},{"floor":28.0,"key":"Pen Nib"},{"floor":30.0,"key":"Orichalcum"},{"floor":40.0,"key":"Blood Vial"},{"floor":43.0,"key":"Lantern"},{"floor":44.0,"key":"Vajra"},{"floor":48.0,"key":"Happy Flower"},{"floor":55,"key":"Strawberry"}],"event_choices":[{"damage_healed":0.0,"max_hp_gain":5.0,"max_hp_loss":0.0,"gold_gain":0.0,"event_name":"Big Fish","player_choice":"Donut","floor":3.0,"gold_loss":0.0,"damage_taken":0.0},{"cards_removed":["Strike_G"],"damage_healed":0.0,"max_hp_gain":0.0,"max_hp_loss":0.0,"gold_gain":0.0,"event_name":"Golden Wing","player_choice":"Card Removal","floor":4.0,"gold_loss":0.0,"damage_taken":7.0},{"damage_healed":0.0,"max_hp_gain":0.0,"max_hp_loss":36.0,"gold_gain":0.0,"event_name":"Ghosts","player_choice":"Became a Ghost","floor":20.0,"gold_loss":0.0,"damage_taken":0.0,"cards_obtained":["Ghostly","Ghostly","Ghostly"]}],"is_beta":false,"boss_relics":[{"not_picked":["Orrery","Philosopher\u0027s Stone"],"picked":"Runic Pyramid"},{"not_picked":["Eternal Feather","Fusion Hammer"],"picked":"Sozu"}],"items_purged_floors":[14,37,39,54],"is_endless":false,"potions_floor_spawned":[5,8,11,12,23,25,29,30,31,33,36,40,45,48,55],"ascension_level":20}