{"gold_per_floor":[215,140,158,158,158,158,172,207,207,107,12,32,32,32,32,128,128,152,170,170,120,120,161,161,195,219,254,284,309,321,349,361,469,481,514,550,562,574,606,618,430,430,453,469,469,508,532,546,546,546,546,546,546,177,220,220],"floor_reached":57,"playtime":1970,"items_purged":["Strike_G","Strike_G","Strike_G+1","Dagger Throw+1"],"score":2969,"play_id":"c25a606c-8704-4a35-8c5a-7de4ab4ae385","local_time":"20190729175241","is_ascension_mode":true,"campfire_choices":[{"data":"Deadly Poison","floor":6.0,"key":"SMITH"},{"data":"Catalyst","floor":15.0,"key":"SMITH"},{"data":"Tactician","floor":24.0,"key":"SMITH"},{"data":"Acrobatics","floor":30.0,"key":"SMITH"},{"data":"Burst","floor":32.0,"key":"SMITH"},{"floor":40.0,"key":"RECALL"},{"data":"Well Laid Plans","floor":42.0,"key":"SMITH"}],"neow_cost":"NONE","seed_source_timestamp":0,"circlet_count":0,"master_deck":["AscendersBane","Defend_G+1","Defend_G+1","Defend_G+1","Defend_G+1","Defend_G+1","Survivor+1","Neutralize+1","Deadly Poison+1","Tactician+1","Catalyst+1","Purity+1","Footwork+1","Burst+1","Ghostly+1","Ghostly+1","Ghostly+1","Acrobatics+1","Corpse Explosion+1","Reflex+1","Backflip+1","Well Laid Plans+1","Acrobatics+1"],"special_seed":0,"relics":["Ring of the Snake","Golden Idol","Incense Burner","Pocketwatch","Coffee Dripper","Dream Catcher","MawBank","Sozu","Mark of the Bloom","Unceasing Top","TwistedFunnel","Bottled Lightning"],"potions_floor_usage":[56],"damage_taken":[{"damage":0.0,"enemies":"Cultist","floor":1.0,"turns":4.0},{"damage":2.0,"enemies":"2 Louse","floor":3.0,"turns":2.0},{"damage":2.0,"enemies":"Jaw Worm","floor":7.0,"turns":5.0},{"damage":42.0,"enemies":"Gremlin Nob","floor":8.0,"turns":5.0},{"damage":1.0,"enemies":"Large Slime","floor":12.0,"turns":7.0},{"damage":11.0,"enemies":"Slime Boss","floor":16.0,"turns":18.0},{"damage":8.0,"enemies":"3 Byrds","floor":18.0,"turns":8.0},{"damage":3.0,"enemies":"Spheric Guardian","floor":19.0,"turns":5.0},{"damage":0.0,"enemies":"Gremlin Leader","floor":23.0,"turns":5.0},{"damage":9.0,"enemies":"Slavers","floor":25.0,"turns":4.0},{"damage":4.0,"enemies":"Cultist and Chosen","floor":27.0,"turns":5.0},{"damage":1.0,"enemies":"Centurion and Healer","floor":28.0,"turns":5.0},{"damage":2.0,"enemies":"Sentry and Sphere","floor":29.0,"turns":6.0},{"damage":0.0,"enemies":"3 Cultists","floor":31.0,"turns":4.0},{"damage":8.0,"enemies":"Automaton","floor":33.0,"turns":5.0},{"damage":2.0,"enemies":"3 Darklings","floor":35.0,"turns":3.0},{"damage":0.0,"enemies":"Orb Walker","floor":36.0,"turns":1.0},{"damage":0.0,"enemies":"Jaw Worm Horde","floor":39.0,"turns":3.0},{"damage":0.0,"enemies":"Sphere and 2 Shapes","floor":44.0,"turns":1.0},{"damage":0.0,"enemies":"Nemesis","floor":46.0,"turns":5.0},{"damage":0.0,"enemies":"3 Darklings","floor":47.0,"turns":3.0},{"damage":0.0,"enemies":"Transient","floor":48.0,"turns":6.0},{"damage":0.0,"enemies":"Donu and Deca","floor":50.0,"turns":4.0},{"damage":0.0,"enemies":"Time Eater","floor":51.0,"turns":7.0},{"damage":2.0,"enemies":"Shield and Spear","floor":55.0,"turns":4.0},{"damage":10,"enemies":"The Heart","floor":56,"turns":11}],"seed_played":"-23768016870718589","potions_obtained":[{"floor":1.0,"key":"Ancient Potion"},{"floor":3.0,"key":"Energy Potion"},{"floor":16.0,"key":"SneckoOil"},{"floor":18.0,"key":"Strength Potion"},{"floor":29.0,"key":"Poison Potion"},{"floor":33.0,"key":"Block Potion"}],"is_trial":false,"path_per_floor":["M","$","M","?","?","R","M","E","T","$","$","M","?","?","R","B",null,"M","M","?","$","?","E","R","E","T","M","M","M","R","M","R","B",null,"M","M","?","?","M","R","$","R","T","M","R","E","M","M","R","B","B",null,"R","$","E","B",null],"character_chosen":"THE_SILENT","items_purchased":["Purity","Acrobatics","Well Laid Plans","TwistedFunnel"],"campfire_rested":0,"item_purchase_floors":[11,21,41,54],"current_hp_per_floor":[59,59,57,57,57,57,55,13,13,13,13,12,12,12,12,1,45,37,34,30,30,30,30,30,21,21,17,16,14,14,14,14,6,24,22,22,17,17,17,17,17,17,17,17,17,17,17,17,17,17,17,17,17,17,15,5],"gold":220,"neow_bonus":"HUNDRED_GOLD","is_prod":false,"is_daily":false,"chose_seed":false,"campfire_upgraded":6,"win_rate":0,"timestamp":1564390361,"path_taken":["M","$","?","?","?","R","M","E","T","?","$","M","?","?","R","BOSS","M","M","?","$","?","E","R","E","T","M","?","M","R","?","R","BOSS","M","?","?","?","M","R","$","R","T","M","R","E","M","M","R","BOSS","BOSS","R","$","E","BOSS"],"build_version":"2019-07-17","purchased_purges":4,"victory":true,"max_hp_per_floor":[66,66,66,60,60,60,60,60,60,60,60,60,60,60,60,60,60,60,60,30,30,30,30,30,30,30,30,30,30,30,30,30,30,30,30,30,30,30,30,30,30,30,30,30,30,30,30,30,30,30,30,30,30,30,30,30],"card_choices":[{"not_picked":["Infinite Blades","Outmaneuver"],"picked":"Deadly Poison","floor":1.0},{"not_picked":["Acrobatics","Poisoned Stab"],"picked":"Tactician","floor":3.0},{"not_picked":["Caltrops","Flying Knee"],"picked":"Dagger Throw","floor":7.0},{"not_picked":["Deadly Poison","Slice"],"picked":"Catalyst","floor":8.0},{"not_picked":["Backflip","Finisher"],"picked":"Footwork","floor":12.0},{"not_picked":["Doppelganger","Unload"],"picked":"Burst","floor":16.0},{"not_picked":["Poisoned Stab","All Out Attack","Dagger Throw"],"picked":"SKIP","floor":18.0},{"not_picked":["Terror","Cloak And Dagger","Outmaneuver+1"],"picked":"SKIP","floor":19.0},{"not_picked":["Blade Dance","Sucker Punch"],"picked":"Corpse Explosion","floor":23.0},{"not_picked":["Blade Dance","Cloak And Dagger","Dagger Spray"],"picked":"SKIP","floor":25.0},{"not_picked":["Acrobatics","Prepared"],"picked":"Reflex+1","floor":27.0},{"not_picked":["Quick Slash","PiercingWail","Blur"],"picked":"SKIP","floor":28.0},{"not_picked":["All Out Attack","Dagger Throw","Setup"],"picked":"SKIP","floor":29.0},{"not_picked":["All Out Attack","Dagger Throw","Setup"],"picked":"SKIP","floor":29.0},{"not_picked":["All Out Attack","Dagger Throw","Setup"],"picked":"SKIP","floor":29.0},{"not_picked":["Sucker Punch","Caltrops","Endless Agony"],"picked":"SKIP","floor":31.0},{"not_picked":["Dagger Spray+1","Prepared"],"picked":"Backflip+1","floor":35.0},{"not_picked":["Riddle With Holes","Backstab","Reflex"],"picked":"SKIP","floor":36.0},{"not_picked":["Bouncing Flask","Cloak And Dagger+1","Deflect"],"picked":"SKIP","floor":39.0},{"not_picked":["Backflip","Finisher","Leg Sweep+1"],"picked":"SKIP","floor":44.0},{"not_picked":["Dodge and Roll+1","Backstab"],"picked":"Acrobatics+1","floor":46.0},{"not_picked":["Sucker Punch+1","Flechettes","Setup"],"picked":"SKIP","floor":47.0},{"not_picked":["Slice","PiercingWail","Poisoned Stab+1"],"picked":"SKIP","floor":48.0},{"not_picked":["Concentrate","Bouncing Flask","Dagger Throw"],"picked":"SKIP","floor":55.0}],"player_experience":675431,"relics_obtained":[{"floor":8.0,"key":"Incense Burner"},{"floor":9.0,"key":"Pocketwatch"},{"floor":23.0,"key":"Dream Catcher"},{"floor":26.0,"key":"MawBank"},{"floor":46.0,"key":"Unceasing Top"},{"floor":55.0,"key":"Bottled Lightning"}],"event_choices":[{"damage_healed":0.0,"max_hp_gain":0.0,"max_hp_loss":6.0,"gold_gain":0.0,"event_name":"Golden Idol","player_choice":"Lose Max HP","floor":4.0,"gold_loss":0.0,"damage_taken":0.0,"relics_obtained":["Golden Idol"]},{"cards_removed":["Strike_G"],"damage_healed":0.0,"max_hp_gain":0.0,"max_hp_loss":0.0,"gold_gain":0.0,"event_name":"Living Wall","player_choice":"Forget","floor":5.0,"gold_loss":0.0,"damage_taken":0.0},{"damage_healed":0.0,"max_hp_gain":0.0,"max_hp_loss":0.0,"gold_gain":0.0,"event_name":"Dead Adventurer","player_choice":"Searched \u00270\u0027 times","floor":13.0,"gold_loss":0.0,"damage_taken":0.0},{"damage_healed":0.0,"max_hp_gain":0.0,"max_hp_loss":0.0,"gold_gain":0.0,"event_name":"Liars Game","player_choice":"Ignored","floor":14.0,"gold_loss":0.0,"damage_taken":0.0},{"damage_healed":0.0,"max_hp_gain":0.0,"max_hp_loss":30.0,"gold_gain":0.0,"event_name":"Ghosts","player_choice":"Became a Ghost","floor":20.0,"gold_loss":0.0,"damage_taken":0.0,"cards_obtained":["Ghostly","Ghostly","Ghostly"]},{"cards_removed":["Strike_G"],"damage_healed":0.0,"max_hp_gain":0.0,"max_hp_loss":0.0,"gold_gain":0.0,"event_name":"Purifier","player_choice":"Purged","floor":22.0,"gold_loss":0.0,"damage_taken":0.0},{"damage_healed":0.0,"max_hp_gain":0.0,"max_hp_loss":0.0,"gold_gain":0.0,"event_name":"SensoryStone","player_choice":"Memory 2","floor":37.0,"gold_loss":0.0,"damage_taken":5.0},{"damage_healed":0.0,"max_hp_gain":0.0,"max_hp_loss":0.0,"gold_gain":0.0,"event_name":"MindBloom","player_choice":"Upgrade","floor":38.0,"gold_loss":0.0,"damage_taken":0.0,"cards_upgraded":["Strike_G","Defend_G","Defend_G","Defend_G","Defend_G","Defend_G","Survivor","Neutralize","Dagger Throw","Purity","Footwork","Ghostly","Ghostly","Ghostly","Corpse Explosion"],"relics_obtained":["Mark of the Bloom"]}],"is_beta":false,"boss_relics":[{"not_picked":["Snecko Eye","Fusion Hammer"],"picked":"Coffee Dripper"},{"not_picked":["Busted Crown","HoveringKite"],"picked":"Sozu"}],"items_purged_floors":[2,10,41,54],"is_endless":false,"potions_floor_spawned":[1,3,16,18,27,29,33,46,47,55],"ascension_level":20}