{"gold_per_floor":[363,32,32,42,42,59,59,71,71,71,71,71],"floor_reached":12,"playtime":782,"items_purged":["Strike_B"],"score":136,"play_id":"a9d4bfba-f104-4318-b75d-2d2a6ef8bb1b","local_time":"20190110165003","is_ascension_mode":true,"campfire_choices":[{"data":"Loop","floor":7,"key":"SMITH"},{"data":"Hologram","floor":11,"key":"SMITH"}],"neow_cost":"PERCENT_DAMAGE","seed_source_timestamp":17405073257892,"circlet_count":0,"master_deck":["AscendersBane","Strike_B","Strike_B","Defend_B","Defend_B","Defend_B","Defend_B","Zap","Dualcast","Loop+1","Glacier","Heatsinks","Blizzard","Seek","Hologram+1"],"relics":["Cracked Core","ClockworkSouvenir"],"potions_floor_usage":[12],"damage_taken":[{"damage":0,"enemies":"2 Louse","floor":1,"turns":2},{"damage":12,"enemies":"Jaw Worm","floor":4,"turns":3},{"damage":1,"enemies":"Cultist","floor":6,"turns":4},{"damage":19,"enemies":"Lots of Slimes","floor":8,"turns":5},{"damage":14,"enemies":"Exordium Thugs","floor":12,"turns":4}],"seed_played":"4369823217734322129","potions_obtained":[{"floor":8,"key":"SkillPotion"}],"is_trial":false,"path_per_floor":["M","$","?","M","?","M","R","M","T","?","R","M"],"character_chosen":"DEFECT","items_purchased":["ClockworkSouvenir","Glacier"],"campfire_rested":0,"item_purchase_floors":[2,2],"current_hp_per_floor":[46,46,46,34,34,33,33,14,14,14,14,0],"gold":71,"neow_bonus":"TWO_FIFTY_GOLD","is_prod":false,"is_daily":false,"chose_seed":false,"campfire_upgraded":2,"win_rate":0,"timestamp":1547110203,"path_taken":["M","$","?","M","?","M","R","M","T","?","R","M"],"build_version":"2019-01-03v4","purchased_purges":1,"victory":false,"max_hp_per_floor":[71,71,71,71,71,71,71,71,71,71,71,71],"card_choices":[{"not_picked":["Sweeping Beam","Go for the Eyes"],"picked":"Loop","floor":1},{"not_picked":["Redo","Cold Snap"],"picked":"Heatsinks","floor":4},{"not_picked":["Beam Cell","Undo"],"picked":"Seek","floor":6},{"not_picked":["Barrage","Sweeping Beam"],"picked":"Hologram","floor":8}],"player_experience":1913423,"relics_obtained":[],"event_choices":[{"damage_healed":0,"gold_gain":0,"player_choice":"Ignored","damage_taken":0,"max_hp_gain":0,"max_hp_loss":0,"event_name":"Liars Game","floor":3,"gold_loss":0},{"damage_healed":0,"gold_gain":0,"cards_transformed":["Strike_B"],"player_choice":"Change","damage_taken":0,"max_hp_gain":0,"max_hp_loss":0,"event_name":"Living Wall","floor":5,"gold_loss":0,"cards_obtained":["Blizzard"]},{"damage_healed":0,"gold_gain":0,"player_choice":"0 cards matched","damage_taken":0,"max_hp_gain":0,"max_hp_loss":0,"event_name":"Match and Keep!","floor":10,"gold_loss":0,"cards_obtained":[]}],"is_beta":false,"boss_relics":[],"items_purged_floors":[2],"is_endless":false,"potions_floor_spawned":[8],"killed_by":"Exordium Thugs","ascension_level":20}