{"gold_per_floor":[114,114,133,48,58,58,70,70,70,90,118,118,145,172,184,196],"floor_reached":16,"playtime":939,"items_purged":[],"score":224,"play_id":"7e392f22-5276-4ce8-a01f-d8c7f38a08cd","local_time":"20190525145051","is_ascension_mode":true,"campfire_choices":[{"data":"Entrench","floor":6.0,"key":"SMITH"},{"data":"Armaments","floor":8.0,"key":"SMITH"},{"data":"Battle Trance","floor":12.0,"key":"SMITH"},{"data":"True Grit","floor":15.0,"key":"SMITH"}],"neow_cost":"NONE","seed_source_timestamp":206857517409,"circlet_count":0,"master_deck":["AscendersBane","Strike_R","Strike_R","Strike_R","Strike_R","Defend_R","Defend_R","Defend_R","Defend_R","Bash","Body Slam","Armaments+1","Entrench+1","Power Through","Battle Trance+1","True Grit+1","Feel No Pain"],"special_seed":0,"relics":["Burning Blood","NeowsBlessing","Meat on the Bone","MawBank"],"potions_floor_usage":[16],"damage_taken":[{"damage":0.0,"enemies":"Small Slimes","floor":1.0,"turns":1.0},{"damage":0.0,"enemies":"Cultist","floor":3.0,"turns":1.0},{"damage":0.0,"enemies":"2 Louse","floor":5.0,"turns":1.0},{"damage":35.0,"enemies":"Large Slime","floor":7.0,"turns":9.0},{"damage":8.0,"enemies":"Exordium Thugs","floor":10.0,"turns":5.0},{"damage":4.0,"enemies":"3 Sentries","floor":11.0,"turns":20.0},{"damage":25.0,"enemies":"Lagavulin","floor":13.0,"turns":13.0},{"damage":10.0,"enemies":"Gremlin Gang","floor":14.0,"turns":11.0},{"damage":29,"enemies":"Slime Boss","floor":16,"turns":10}],"seed_played":"5643463128574335314","potions_obtained":[{"floor":5.0,"key":"LiquidBronze"},{"floor":11.0,"key":"Swift Potion"},{"floor":14.0,"key":"FearPotion"}],"is_trial":false,"path_per_floor":["M","?","M","$","M","R","M","R","T","M","E","R","E","M","R","B"],"character_chosen":"IRONCLAD","items_purchased":["Power Through"],"campfire_rested":0,"item_purchase_floors":[4],"current_hp_per_floor":[74,74,75,75,75,75,46,46,46,44,46,46,39,47,47,18],"gold":196,"neow_bonus":"THREE_ENEMY_KILL","is_prod":false,"is_daily":false,"chose_seed":false,"campfire_upgraded":4,"win_rate":0,"timestamp":1558767051,"path_taken":["M","?","M","$","?","R","M","R","T","M","E","R","E","M","R","BOSS"],"build_version":"2019-01-23","purchased_purges":0,"victory":false,"max_hp_per_floor":[75,75,75,75,75,75,75,75,75,75,75,75,75,75,75,75],"card_choices":[{"not_picked":["Heavy Blade","Thunderclap"],"picked":"Body Slam","floor":1.0},{"not_picked":["Pommel Strike","Body Slam"],"picked":"Entrench","floor":3.0},{"not_picked":["Clothesline","Metallicize"],"picked":"Battle Trance","floor":5.0},{"not_picked":["Battle Trance","Sword Boomerang"],"picked":"True Grit","floor":7.0},{"not_picked":["Twin Strike","Shockwave"],"picked":"Feel No Pain","floor":10.0},{"not_picked":["Havoc","Headbutt","Clothesline"],"picked":"SKIP","floor":11.0},{"not_picked":["Seeing Red","Reaper","Pummel"],"picked":"SKIP","floor":13.0},{"not_picked":["Sword Boomerang","Clothesline","Spot Weakness"],"picked":"SKIP","floor":14.0}],"player_experience":4833929,"relics_obtained":[{"floor":11.0,"key":"Meat on the Bone"},{"floor":13.0,"key":"MawBank"}],"event_choices":[{"damage_healed":0.0,"max_hp_gain":0.0,"max_hp_loss":0.0,"gold_gain":0.0,"cards_transformed":["Strike_R"],"event_name":"Transmorgrifier","player_choice":"Transformed","floor":2.0,"gold_loss":0.0,"damage_taken":0.0,"cards_obtained":["Armaments"]}],"is_beta":false,"boss_relics":[],"items_purged_floors":[],"is_endless":false,"potions_floor_spawned":[5,11,14],"killed_by":"Slime Boss","ascension_level":20}