{"gold_per_floor":[118,193,68,68,23,51,51,62,62,92,139,151,163,187,199,314,326,354,377,400,412,75,75,91,91,391,402,414,414],"floor_reached":29,"playtime":832,"items_purged":["Strike_B"],"score":364,"play_id":"4913b0f6-16ff-4b6f-b3be-fd373b0026ec","local_time":"20181009161753","is_ascension_mode":true,"campfire_choices":[{"data":"Zap","floor":7.0,"key":"SMITH"},{"floor":13.0,"key":"REST"},{"data":"Redo","floor":15.0,"key":"SMITH"},{"floor":23.0,"key":"REST"},{"data":"Defragment","floor":25.0,"key":"SMITH"}],"neow_cost":"TEN_PERCENT_HP_LOSS","seed_source_timestamp":613240257223194,"circlet_count":0,"master_deck":["Defend_B","Zap+1","Dualcast","AscendersBane","Conserve Battery","Ball Lightning","Ball Lightning","Redo+1","Leap","Seek","Core Surge","Hello World+1","Fusion+1","Thunder Strike+1","Defragment+1","Reinforced Body+1","Beam Cell+1","Darkness+1","Darkness+1"],"special_seed":0,"relics":["Cracked Core","Matryoshka","Happy Flower","MawBank","Blue Candle","Ornamental Fan","Astrolabe","Toxic Egg 2","DataDisk","Old Coin"],"potions_floor_usage":[],"damage_taken":[{"damage":4.0,"enemies":"2 Louse","floor":1.0,"turns":3.0},{"damage":12.0,"enemies":"Gremlin Nob","floor":6.0,"turns":3.0},{"damage":0.0,"enemies":"Small Slimes","floor":8.0,"turns":2.0},{"damage":7.0,"enemies":"Jaw Worm","floor":10.0,"turns":2.0},{"damage":15.0,"enemies":"3 Sentries","floor":11.0,"turns":6.0},{"damage":0.0,"enemies":"Looter","floor":14.0,"turns":2.0},{"damage":17.0,"enemies":"Slime Boss","floor":16.0,"turns":6.0},{"damage":12.0,"enemies":"Chosen","floor":18.0,"turns":4.0},{"damage":11.0,"enemies":"3 Byrds","floor":19.0,"turns":4.0},{"damage":15.0,"enemies":"Sentry and Sphere","floor":20.0,"turns":4.0},{"damage":4.0,"enemies":"Snecko","floor":24.0,"turns":4.0},{"damage":5.0,"enemies":"Centurion and Healer","floor":27.0,"turns":4.0},{"damage":25,"enemies":"Chosen and Byrds","floor":28,"turns":5},{"damage":2,"enemies":"Cultist and Chosen","floor":29,"turns":4}],"seed_played":"5441893592786681561","potions_obtained":[{"floor":1.0,"key":"Strength Potion"},{"floor":14.0,"key":"Ancient Potion"},{"floor":16.0,"key":"SteroidPotion"},{"floor":27.0,"key":"EssenceOfSteel"}],"is_trial":false,"path_per_floor":["M","?","$","?","$","E","R","M","T","M","E","?","R","M","R","B",null,"M","M","M","?","$","R","M","R","T","M","M"],"character_chosen":"DEFECT","items_purchased":["Ball Lightning","Ball Lightning","Defragment","Toxic Egg 2","Reinforced Body+1"],"campfire_rested":2,"item_purchase_floors":[3,5,22,22,22],"current_hp_per_floor":[64,53,53,41,41,29,29,29,29,22,7,7,27,27,27,10,54,42,31,16,16,16,36,32,32,32,27,2,0],"gold":414,"neow_bonus":"REMOVE_TWO","is_prod":false,"is_daily":false,"chose_seed":false,"campfire_upgraded":3,"win_rate":0,"timestamp":1539073073,"path_taken":["M","?","$","?","?","E","R","M","T","?","E","?","R","M","R","BOSS","M","M","?","?","$","R","M","R","T","?","?","?"],"build_version":"2018-10-04v2","purchased_purges":1,"victory":false,"max_hp_per_floor":[68,68,68,68,68,68,68,68,68,68,68,68,68,68,68,68,68,68,68,68,68,68,68,68,68,68,68,68,68],"card_choices":[{"not_picked":["Blizzard","Chill"],"picked":"Conserve Battery","floor":1.0},{"not_picked":["Multi-Cast","Leap","Gash"],"picked":"SKIP","floor":6.0},{"not_picked":["Steam","Turbo"],"picked":"Redo","floor":8.0},{"not_picked":["Scrape","Undo"],"picked":"Leap","floor":10.0},{"not_picked":["Steam","Compile Driver"],"picked":"Seek","floor":11.0},{"not_picked":["Tempest","Barrage","Leap"],"picked":"SKIP","floor":14.0},{"not_picked":["Multi-Cast","Machine Learning"],"picked":"Core Surge","floor":16.0},{"not_picked":["Rebound","Scrape+1","Redo"],"picked":"SKIP","floor":18.0},{"not_picked":["Sweeping Beam","Aggregate","Barrage"],"picked":"SKIP","floor":19.0},{"not_picked":["Skim","Recycle","Hologram"],"picked":"SKIP","floor":20.0},{"not_picked":["Go for the Eyes","Leap+1"],"picked":"Beam Cell+1","floor":24.0},{"not_picked":["Leap+1","Go for the Eyes"],"picked":"Darkness+1","floor":27.0},{"not_picked":["Lockon","Gash"],"picked":"Darkness+1","floor":28}],"player_experience":252809,"relics_obtained":[{"floor":6.0,"key":"Happy Flower"},{"floor":9.0,"key":"MawBank"},{"floor":9.0,"key":"Blue Candle"},{"floor":11.0,"key":"Ornamental Fan"},{"floor":26.0,"key":"DataDisk"},{"floor":26.0,"key":"Old Coin"}],"event_choices":[{"event_name":"World of Goop","player_choice":"Gather Gold","floor":2.0,"damage_taken":0.0},{"event_name":"Scrap Ooze","player_choice":"success","floor":4.0,"damage_taken":12.0},{"event_name":"Purifier","player_choice":"One Purge","floor":12.0,"damage_taken":0.0},{"event_name":"The Woman in Blue","player_choice":"Bought 0 Potions","floor":21.0,"damage_taken":0.0}],"is_beta":false,"boss_relics":[{"not_picked":["Orrery","Empty Cage"],"picked":"Astrolabe"}],"items_purged_floors":[3],"is_endless":false,"potions_floor_spawned":[1,14,16,20,27,28],"killed_by":"Cultist and Chosen","ascension_level":11}