{"gold_per_floor":[110,9,9,84,103,138,138,168,195,210,210,210,236,247,247,320,320,335,335,335,355,63,123,133,133,133,133,152,185,185,210,210,287,287,299,299,1298,1298,1298,1298,894,894,894,926,938,950,264,283,283,283,283,283,283,17,47,47],"floor_reached":57,"playtime":3442,"items_purged":["Strike_B","Thunder Strike","Aggregate+1"],"score":3533,"play_id":"e6da8089-f8ec-4887-964e-d0822edb8a74","local_time":"20190402201701","is_ascension_mode":true,"campfire_choices":[{"data":"Defragment","floor":7.0,"key":"SMITH"},{"data":"Buffer","floor":11.0,"key":"SMITH"},{"data":"Dualcast","floor":15.0,"key":"SMITH"},{"floor":25.0,"key":"RECALL"},{"floor":32.0,"key":"REST"},{"floor":40.0,"key":"REST"},{"floor":42,"key":"REST"},{"floor":49,"key":"REST"},{"floor":53,"key":"REST"}],"neow_cost":"NONE","seed_source_timestamp":44693448469540,"circlet_count":0,"master_deck":["AscendersBane","Zap","Dualcast+1","Defragment+1","Impatience","Buffer+1","Skim+1","Cold Snap","Fission+1","Darkness+1","Hologram+1","Consume+1","Core Surge","Ghostly+1","Ghostly+1","Ghostly+1","Coolheaded+1","Double Energy+1","Turbo+1","Genetic Algorithm+1","Redo+1","Shame","Reboot+1","Go for the Eyes","Capacitor","BootSequence+1","Glacier+1","Impatience+1","Impatience+1","Deep Breath+1","Normality","Normality","Writhe","Capacitor","Hologram+1","True Grit+1","Fission+1","Defragment+1","Transmutation+1","Loop+1","Metamorphosis+1","Havoc+1"],"special_seed":0,"relics":["Cracked Core","NeowsBlessing","DataDisk","Toxic Egg 2","Blood Vial","Blue Candle","Fusion Hammer","Medical Kit","Tiny Chest","Du-Vu Doll","Centennial Puzzle","Bag of Marbles","Pandora\u0027s Box","PrismaticShard","Frozen Egg 2","Omamori","Anchor","Ornamental Fan"],"potions_floor_usage":[56],"damage_taken":[{"damage":0.0,"enemies":"Cultist","floor":1.0,"turns":1.0},{"damage":0.0,"enemies":"2 Louse","floor":5.0,"turns":1.0},{"damage":0.0,"enemies":"Gremlin Nob","floor":6.0,"turns":1.0},{"damage":32.0,"enemies":"Lagavulin","floor":8.0,"turns":7.0},{"damage":0.0,"enemies":"Small Slimes","floor":10.0,"turns":3.0},{"damage":19.0,"enemies":"3 Sentries","floor":13.0,"turns":7.0},{"damage":0.0,"enemies":"3 Louse","floor":14.0,"turns":2.0},{"damage":0.0,"enemies":"Slime Boss","floor":16.0,"turns":8.0},{"damage":3.0,"enemies":"Shell Parasite","floor":18.0,"turns":5.0},{"damage":7.0,"enemies":"3 Byrds","floor":21.0,"turns":4.0},{"damage":3.0,"enemies":"Slavers","floor":23.0,"turns":7.0},{"damage":6.0,"enemies":"Shelled Parasite and Fungi","floor":24.0,"turns":6.0},{"damage":0.0,"enemies":"Centurion and Healer","floor":28.0,"turns":7.0},{"damage":0.0,"enemies":"Book of Stabbing","floor":29.0,"turns":6.0},{"damage":1.0,"enemies":"Slavers","floor":31.0,"turns":6.0},{"damage":1.0,"enemies":"Champ","floor":33.0,"turns":12.0},{"damage":1.0,"enemies":"3 Shapes","floor":35.0,"turns":3.0},{"damage":2,"enemies":"Nemesis","floor":44,"turns":5},{"damage":4,"enemies":"3 Darklings","floor":45,"turns":5},{"damage":4,"enemies":"Maw","floor":46,"turns":5},{"damage":4,"enemies":"Jaw Worm Horde","floor":48,"turns":3},{"damage":5,"enemies":"Awakened One","floor":50,"turns":9},{"damage":4,"enemies":"Donu and Deca","floor":51,"turns":4},{"damage":4,"enemies":"Shield and Spear","floor":55,"turns":6},{"damage":24,"enemies":"The Heart","floor":56,"turns":10}],"seed_played":"1849209380667965942","potions_obtained":[{"floor":5.0,"key":"FearPotion"},{"floor":8.0,"key":"Fruit Juice"},{"floor":13.0,"key":"Energy Potion"},{"floor":14.0,"key":"Dexterity Potion"},{"floor":24.0,"key":"GamblersBrew"},{"floor":29.0,"key":"EssenceOfSteel"},{"floor":44,"key":"FocusPotion"}],"is_trial":false,"path_per_floor":["M","$","?","?","M","E","R","E","T","M","R","?","E","M","R","B",null,"M","?","?","M","$","E","M","R","T","?","M","E","?","E","R","B",null,"M","?","?","?","?","R","$","R","T","E","M","M","$","M","R","B","B",null,"R","$","E","B",null],"character_chosen":"DEFECT","items_purchased":["Impatience","Medical Kit","PrismaticShard","Capacitor","Fission+1","Defragment+1","Transmutation+1","Anchor","Loop+1","Metamorphosis+1"],"campfire_rested":5,"item_purchase_floors":[2,22,41,41,47,47,47,47,54,54],"current_hp_per_floor":[64,64,69,58,58,58,58,31,31,33,33,33,16,18,18,20,66,65,40,40,33,33,32,28,28,28,28,30,32,32,33,40,39,40,39,29,29,37,37,40,40,40,40,38,36,34,34,32,40,35,33,38,40,40,36,14],"gold":47,"neow_bonus":"THREE_ENEMY_KILL","is_prod":false,"is_daily":false,"chose_seed":false,"campfire_upgraded":3,"win_rate":0,"timestamp":1554207421,"path_taken":["M","$","?","?","M","E","R","E","T","M","R","?","E","M","R","BOSS","M","?","?","M","$","E","M","R","T","?","M","E","?","E","R","BOSS","M","?","?","?","?","R","$","R","T","E","M","M","$","M","R","BOSS","BOSS","R","$","E","BOSS"],"build_version":"2019-01-23","purchased_purges":3,"victory":true,"max_hp_per_floor":[71,71,76,76,76,76,76,81,81,81,81,81,81,81,81,81,81,81,40,40,40,40,40,40,40,40,40,40,40,40,40,40,40,40,40,40,40,40,40,40,40,40,40,40,40,40,40,40,40,40,40,40,40,40,40,40],"card_choices":[{"not_picked":["Gash","Coolheaded"],"picked":"Defragment","floor":1.0},{"not_picked":["Go for the Eyes","Reprogram","Static Discharge"],"picked":"SKIP","floor":5.0},{"not_picked":["Ball Lightning","Rebound"],"picked":"Buffer","floor":6.0},{"not_picked":["Hello World","Compile Driver"],"picked":"Skim","floor":8.0},{"not_picked":["Compile Driver","All For One"],"picked":"Cold Snap","floor":10.0},{"not_picked":["Sweeping Beam","Blizzard"],"picked":"Hologram+1","floor":13.0},{"not_picked":["Ball Lightning","Barrage"],"picked":"Consume+1","floor":14.0},{"not_picked":["Seek+1","Fission+1"],"picked":"Core Surge","floor":16.0},{"not_picked":["Aggregate+1","Darkness+1","Cold Snap"],"picked":"SKIP","floor":18.0},{"not_picked":["Leap+1","Rebound"],"picked":"Double Energy+1","floor":21.0},{"not_picked":["Storm","Tempest+1","Stack+1"],"picked":"SKIP","floor":23.0},{"not_picked":["Cold Snap","Gash"],"picked":"Turbo+1","floor":24.0},{"not_picked":["Lockon","Leap+1"],"picked":"Redo+1","floor":28.0},{"not_picked":["Ball Lightning+1","Melter","Rebound"],"picked":"SKIP","floor":29.0},{"not_picked":["Beam Cell+1","Ball Lightning","Rebound"],"picked":"SKIP","floor":31.0},{"not_picked":["Buffer","Fission+1"],"picked":"Reboot+1","floor":33.0},{"not_picked":["Ball Lightning+1","Redo+1"],"picked":"Glacier+1","floor":35.0},{"not_picked":["Jack Of All Trades+1","PanicButton+1"],"picked":"Impatience+1","floor":36.0},{"not_picked":["Violence+1","Jack Of All Trades+1"],"picked":"Impatience+1","floor":36.0},{"not_picked":["Bandage Up+1","Dark Shackles+1"],"picked":"Deep Breath+1","floor":36.0},{"not_picked":["Doom and Gloom","Slice+1","Melter"],"picked":"SKIP","floor":44},{"not_picked":["Forethought+1","Scrape"],"picked":"Hologram+1","floor":45},{"not_picked":["Deep Breath+1","Dropkick+1"],"picked":"True Grit+1","floor":46},{"not_picked":["Searing Blow","Blood for Blood","Go for the Eyes+1"],"picked":"SKIP","floor":48},{"not_picked":["Underhanded Strike+1","Bandage Up+1"],"picked":"Havoc+1","floor":55}],"player_experience":4024962,"relics_obtained":[{"floor":6.0,"key":"DataDisk"},{"floor":8.0,"key":"Toxic Egg 2"},{"floor":9.0,"key":"Blood Vial"},{"floor":13.0,"key":"Blue Candle"},{"floor":23.0,"key":"Tiny Chest"},{"floor":29.0,"key":"Du-Vu Doll"},{"floor":31.0,"key":"Bag of Marbles"},{"floor":43,"key":"Frozen Egg 2"},{"floor":44,"key":"Omamori"},{"floor":55,"key":"Ornamental Fan"}],"event_choices":[{"damage_healed":0.0,"max_hp_gain":5.0,"max_hp_loss":0.0,"gold_gain":0.0,"event_name":"Big Fish","player_choice":"Donut","floor":3.0,"gold_loss":0.0,"damage_taken":0.0},{"damage_healed":0.0,"max_hp_gain":0.0,"max_hp_loss":0.0,"gold_gain":75.0,"event_name":"World of Goop","player_choice":"Gather Gold","floor":4.0,"gold_loss":0.0,"damage_taken":11.0},{"damage_healed":0.0,"max_hp_gain":0.0,"max_hp_loss":0.0,"gold_gain":0.0,"event_name":"Match and Keep!","player_choice":"2 cards matched","floor":12.0,"gold_loss":0.0,"damage_taken":0.0,"cards_obtained":["Fission","Darkness"]},{"damage_healed":0.0,"max_hp_gain":0.0,"max_hp_loss":41.0,"gold_gain":0.0,"event_name":"Ghosts","player_choice":"Became a Ghost","floor":19.0,"gold_loss":0.0,"damage_taken":0.0,"cards_obtained":["Ghostly","Ghostly","Ghostly"]},{"damage_healed":0.0,"max_hp_gain":0.0,"max_hp_loss":0.0,"gold_gain":0.0,"event_name":"The Library","player_choice":"Read","floor":20.0,"gold_loss":0.0,"damage_taken":0.0,"cards_obtained":["Coolheaded"]},{"damage_healed":0.0,"max_hp_gain":0.0,"max_hp_loss":0.0,"gold_gain":0.0,"cards_transformed":["Strike_B","Strike_B"],"event_name":"Drug Dealer","player_choice":"Became Test Subject","floor":27.0,"gold_loss":0.0,"damage_taken":0.0,"cards_obtained":["Cold Snap","Genetic Algorithm"]},{"damage_healed":0.0,"max_hp_gain":0.0,"max_hp_loss":0.0,"gold_gain":0.0,"event_name":"Addict","player_choice":"Stole Relic","floor":30.0,"gold_loss":0.0,"damage_taken":0.0,"relics_obtained":["Centennial Puzzle"],"cards_obtained":["Shame"]},{"damage_healed":0.0,"max_hp_gain":0.0,"max_hp_loss":0.0,"gold_gain":0.0,"event_name":"SensoryStone","player_choice":"Memory 3","floor":36.0,"gold_loss":0.0,"damage_taken":10.0},{"damage_healed":0.0,"max_hp_gain":0.0,"max_hp_loss":0.0,"gold_gain":999.0,"event_name":"MindBloom","player_choice":"Gold","floor":37.0,"gold_loss":0.0,"damage_taken":0.0,"cards_obtained":["Normality","Normality"]},{"damage_healed":8.0,"max_hp_gain":0.0,"max_hp_loss":0.0,"gold_gain":0.0,"event_name":"Winding Halls","player_choice":"Writhe","floor":38.0,"gold_loss":0.0,"damage_taken":0.0,"cards_obtained":["Writhe"]},{"cards_removed":["Cold Snap"],"damage_healed":0.0,"max_hp_gain":0.0,"max_hp_loss":0.0,"gold_gain":0.0,"event_name":"Falling","player_choice":"Removed Attack","floor":39.0,"gold_loss":0.0,"damage_taken":0.0}],"is_beta":false,"boss_relics":[{"not_picked":["FrozenCore","Tiny House"],"picked":"Fusion Hammer"},{"not_picked":["Empty Cage","Runic Dome"],"picked":"Pandora\u0027s Box"}],"items_purged_floors":[22,41,47],"is_endless":false,"potions_floor_spawned":[5,8,13,14,16,18,24,29,33,44,46,48],"ascension_level":20}