{"gold_per_floor":[119,34,34,34,50,82,82,82,82,82,95,123,133,167,167,167],"floor_reached":16,"playtime":485,"items_purged":[],"score":336,"play_id":"c8221e69-8ed7-4dee-853c-f5701868f2aa","local_time":"20190204125329","is_ascension_mode":true,"campfire_choices":[{"data":"Well Laid Plans","floor":7.0,"key":"SMITH"},{"data":"Masterful Stab","floor":10.0,"key":"SMITH"},{"data":"1","floor":15,"key":"LIFT"}],"neow_cost":"NONE","seed_source_timestamp":13201285243670,"circlet_count":0,"master_deck":["AscendersBane","Defend_G","Defend_G","Defend_G","Defend_G","Defend_G","Strike_G+1","Strike_G","Strike_G","Strike_G+1","Survivor","Neutralize","Well Laid Plans+1","Masterful Stab+1","Cloak And Dagger","Backstab","Cloak And Dagger","Infinite Blades+1"],"special_seed":0,"relics":["Ring of the Snake","NeowsBlessing","Art of War","Bottled Tornado","Girya","Frozen Egg 2"],"potions_floor_usage":[14,16,16],"damage_taken":[{"damage":0.0,"enemies":"Small Slimes","floor":1.0,"turns":1.0},{"damage":0.0,"enemies":"2 Louse","floor":5.0,"turns":1.0},{"damage":0.0,"enemies":"3 Sentries","floor":6.0,"turns":1.0},{"damage":0.0,"enemies":"Jaw Worm","floor":11.0,"turns":3.0},{"damage":0.0,"enemies":"Gremlin Nob","floor":12.0,"turns":2.0},{"damage":1.0,"enemies":"2 Fungi Beasts","floor":13.0,"turns":3.0},{"damage":5,"enemies":"3 Sentries","floor":14,"turns":10},{"damage":27,"enemies":"Hexaghost","floor":16,"turns":11}],"seed_played":"8405516839329745011","potions_obtained":[{"floor":1.0,"key":"FearPotion"},{"floor":6.0,"key":"Swift Potion"},{"floor":13.0,"key":"GamblersBrew"},{"floor":14,"key":"Energy Potion"}],"is_trial":false,"path_per_floor":["M","$","?","?","M","E","R","?","T","R","M","E","M","E","R","B"],"character_chosen":"THE_SILENT","items_purchased":["Well Laid Plans"],"campfire_rested":0,"item_purchase_floors":[2],"current_hp_per_floor":[59,59,64,57,57,57,57,36,36,36,36,36,35,30,30,3],"gold":167,"neow_bonus":"THREE_ENEMY_KILL","is_prod":false,"is_daily":false,"chose_seed":false,"campfire_upgraded":2,"win_rate":0,"timestamp":1549256009,"path_taken":["M","$","?","?","M","E","R","?","T","R","M","E","M","E","R","BOSS"],"build_version":"2019-01-23","purchased_purges":0,"victory":false,"max_hp_per_floor":[66,66,71,71,71,71,71,71,71,71,71,71,71,71,71,71],"card_choices":[{"not_picked":["Accuracy","Deflect","Bane"],"picked":"SKIP","floor":1.0},{"not_picked":["Dagger Spray","Bane"],"picked":"Masterful Stab","floor":5.0},{"not_picked":["Sucker Punch","Deflect"],"picked":"Cloak And Dagger","floor":6.0},{"not_picked":["Quick Slash","Distraction"],"picked":"Backstab","floor":11.0},{"not_picked":["Dodge and Roll","Backflip","Deadly Poison"],"picked":"SKIP","floor":12.0},{"not_picked":["Outmaneuver","Prepared"],"picked":"Cloak And Dagger","floor":13.0},{"not_picked":["Bouncing Flask","Quick Slash"],"picked":"Infinite Blades","floor":14}],"player_experience":2501591,"relics_obtained":[{"floor":6.0,"key":"Art of War"},{"floor":9.0,"key":"Bottled Tornado"},{"floor":12.0,"key":"Girya"},{"floor":14,"key":"Frozen Egg 2"}],"event_choices":[{"damage_healed":0.0,"max_hp_gain":5.0,"max_hp_loss":0.0,"gold_gain":0.0,"event_name":"Big Fish","player_choice":"Donut","floor":3.0,"gold_loss":0.0,"damage_taken":0.0},{"cards_removed":["Strike_G"],"damage_healed":0.0,"max_hp_gain":0.0,"max_hp_loss":0.0,"gold_gain":0.0,"event_name":"Golden Wing","player_choice":"Card Removal","floor":4.0,"gold_loss":0.0,"damage_taken":7.0},{"damage_healed":0.0,"max_hp_gain":0.0,"max_hp_loss":0.0,"gold_gain":0.0,"event_name":"Shining Light","player_choice":"Entered Light","floor":8.0,"gold_loss":0.0,"damage_taken":21.0,"cards_upgraded":["Strike_G","Strike_G"]}],"is_beta":false,"boss_relics":[],"items_purged_floors":[],"is_endless":false,"potions_floor_spawned":[1,6,13,14],"killed_by":"Hexaghost","ascension_level":20}