{"gold_per_floor":[116,116,177,227,243,243,303,335,360,410,410,437,43,93,93,171,171,187,167,229,19,31,31,57,57,81,131,131,160,172,203,203,275,275,290,307,50,62,212,245,295,325,349,224,258,258,258,271,271,271],"floor_reached":51,"playtime":2111,"items_purged":["Strike_G","Strike_G","Strike_G"],"score":1752,"play_id":"878325c2-0cd7-4bd8-927e-f220329b461a","local_time":"20190214224904","is_ascension_mode":true,"campfire_choices":[{"data":"Blade Dance","floor":6,"key":"SMITH"},{"data":"Cloak And Dagger","floor":11,"key":"SMITH"},{"data":"Calculated Gamble","floor":15,"key":"SMITH"},{"data":"Accuracy","floor":23,"key":"SMITH"},{"data":"Reflex","floor":25,"key":"SMITH"},{"data":"Neutralize","floor":28,"key":"SMITH"},{"data":"Footwork","floor":32,"key":"SMITH"},{"data":"Well Laid Plans","floor":46,"key":"SMITH"},{"data":"Terror","floor":47,"key":"SMITH"},{"data":"Adrenaline","floor":49,"key":"SMITH"}],"neow_cost":"TEN_PERCENT_HP_LOSS","seed_source_timestamp":184396202825818,"circlet_count":0,"master_deck":["AscendersBane","Defend_G","Defend_G","Defend_G","Defend_G","Survivor","Neutralize+1","Blade Dance+1","Accuracy+1","Backflip","Finisher","Cloak And Dagger+1","After Image","Footwork+1","Calculated Gamble+1","Reflex+1","Malaise","Acrobatics+1","PiercingWail","Well Laid Plans+1","Terror+1","Adrenaline+1","Infinite Blades+1"],"relics":["Ring of the Snake","Tingsha","SsserpentHead","Regal Pillow","Anchor","Oddly Smooth Stone","Pocketwatch","TheAbacus","Coffee Dripper","Medical Kit","Meat on the Bone","Blood Vial","Dream Catcher","Shuriken","WristBlade","WingedGreaves","Mercury Hourglass","Gremlin Horn","Juzu Bracelet"],"potions_floor_usage":[16,16,31,33],"damage_taken":[{"damage":0,"enemies":"Small Slimes","floor":1,"turns":3},{"damage":2,"enemies":"Cultist","floor":3,"turns":4},{"damage":0,"enemies":"Jaw Worm","floor":5,"turns":5},{"damage":8,"enemies":"Lots of Slimes","floor":7,"turns":6},{"damage":27,"enemies":"3 Sentries","floor":8,"turns":12},{"damage":14,"enemies":"Lagavulin","floor":12,"turns":8},{"damage":0,"enemies":"The Guardian","floor":16,"turns":9},{"damage":0,"enemies":"3 Byrds","floor":18,"turns":4},{"damage":2,"enemies":"2 Thieves","floor":19,"turns":4},{"damage":0,"enemies":"3 Cultists","floor":20,"turns":4},{"damage":0,"enemies":"Shelled Parasite and Fungi","floor":22,"turns":4},{"damage":19,"enemies":"Slavers","floor":24,"turns":8},{"damage":0,"enemies":"Book of Stabbing","floor":29,"turns":6},{"damage":0,"enemies":"Snake Plant","floor":30,"turns":6},{"damage":18,"enemies":"Slavers","floor":31,"turns":6},{"damage":14,"enemies":"Collector","floor":33,"turns":9},{"damage":0,"enemies":"Orb Walker","floor":35,"turns":2},{"damage":0,"enemies":"3 Darklings","floor":36,"turns":5},{"damage":6,"enemies":"Sphere and 2 Shapes","floor":38,"turns":5},{"damage":0,"enemies":"Mind Bloom Boss Battle","floor":39,"turns":5},{"damage":14,"enemies":"Reptomancer","floor":40,"turns":5},{"damage":0,"enemies":"Nemesis","floor":42,"turns":5},{"damage":0,"enemies":"Reptomancer","floor":45,"turns":4},{"damage":1,"enemies":"Spire Growth","floor":48,"turns":3},{"damage":13,"enemies":"Awakened One","floor":50,"turns":7}],"seed_played":"6084356168544875634","potions_obtained":[{"floor":3,"key":"SpeedPotion"},{"floor":7,"key":"Explosive Potion"},{"floor":12,"key":"SkillPotion"},{"floor":20,"key":"LiquidBronze"},{"floor":24,"key":"GamblersBrew"},{"floor":31,"key":"GamblersBrew"},{"floor":35,"key":"FairyPotion"},{"floor":48,"key":"Energy Potion"}],"is_trial":false,"path_per_floor":["M","?","M","?","M","R","M","E","T","?","R","E","$","?","R","B",null,"M","M","M","$","M","R","E","R","T","?","R","E","M","E","R","B",null,"M","M","$","M","?","E","?","E","T","$","E","R","R","M","R","B",null],"character_chosen":"THE_SILENT","items_purchased":["Footwork","TheAbacus","Calculated Gamble","Medical Kit","Well Laid Plans","Terror"],"campfire_rested":0,"item_purchase_floors":[13,13,13,21,37,37],"current_hp_per_floor":[59,59,57,57,57,57,49,22,22,22,22,8,8,8,8,8,47,47,45,45,45,45,45,26,26,26,26,26,40,42,38,38,38,55,57,59,59,54,56,44,44,46,46,46,48,48,48,49,49,38],"gold":271,"neow_bonus":"ONE_RARE_RELIC","is_prod":false,"is_daily":false,"chose_seed":false,"campfire_upgraded":10,"win_rate":0,"timestamp":1550155744,"path_taken":["M","?","?","?","M","R","?","E","T","?","R","E","$","?","R","BOSS","M","M","?","$","M","R","E","R","T","?","R","E","M","E","R","BOSS","M","M","$","M","?","E","?","E","T","$","E","R","R","M","R","BOSS"],"build_version":"2019-01-23","purchased_purges":3,"victory":true,"max_hp_per_floor":[60,60,60,60,60,60,60,60,60,60,60,60,60,60,60,60,60,60,60,60,60,60,60,60,60,60,60,60,60,60,60,60,60,60,60,60,60,60,60,60,60,60,60,60,60,60,60,60,60,60],"card_choices":[{"not_picked":["Poisoned Stab","Bane"],"picked":"Blade Dance","floor":1},{"not_picked":["Dash","Backflip"],"picked":"Accuracy","floor":3},{"not_picked":["Blade Dance","Dodge and Roll"],"picked":"Backflip","floor":5},{"not_picked":["Concentrate","Dodge and Roll"],"picked":"Finisher","floor":7},{"not_picked":["Poisoned Stab","Catalyst"],"picked":"Cloak And Dagger","floor":8},{"not_picked":["Catalyst","Choke"],"picked":"After Image","floor":12},{"not_picked":["Tools of the Trade","Grand Finale"],"picked":"Malaise","floor":16},{"not_picked":["Underhanded Strike","Poisoned Stab","Blade Dance"],"picked":"SKIP","floor":18},{"not_picked":["Deflect","Flying Knee"],"picked":"Acrobatics+1","floor":19},{"not_picked":["Deadly Poison","Outmaneuver","Poisoned Stab"],"picked":"SKIP","floor":20},{"not_picked":["Slice","Acrobatics","Dagger Spray+1"],"picked":"SKIP","floor":22},{"not_picked":["Acrobatics","Riddle With Holes","Reflex"],"picked":"SKIP","floor":24},{"not_picked":["Night Terror","Venomology","Acrobatics+1"],"picked":"SKIP","floor":29},{"not_picked":["Noxious Fumes+1","Dash","Eviscerate"],"picked":"SKIP","floor":30},{"not_picked":["Cloak And Dagger","Dodge and Roll","Prepared"],"picked":"SKIP","floor":31},{"not_picked":["Sucker Punch","Flying Knee+1"],"picked":"PiercingWail","floor":35},{"not_picked":["Predator","Masterful Stab+1","Heel Hook"],"picked":"SKIP","floor":36},{"not_picked":["Acrobatics","Sucker Punch","Prepared"],"picked":"SKIP","floor":38},{"not_picked":["Slice+1","Crippling Poison"],"picked":"Adrenaline","floor":39},{"not_picked":["Prepared","Slice+1","Poisoned Stab+1"],"picked":"SKIP","floor":40},{"not_picked":["Dagger Throw+1","Slice"],"picked":"Infinite Blades+1","floor":42},{"not_picked":["Acrobatics","Flechettes","Footwork"],"picked":"SKIP","floor":45},{"not_picked":["Backflip","Outmaneuver","Deflect+1"],"picked":"SKIP","floor":48}],"player_experience":752416,"relics_obtained":[{"floor":8,"key":"Regal Pillow"},{"floor":9,"key":"Anchor"},{"floor":12,"key":"Pocketwatch"},{"floor":24,"key":"Meat on the Bone"},{"floor":26,"key":"Blood Vial"},{"floor":29,"key":"Dream Catcher"},{"floor":31,"key":"Shuriken"},{"floor":39,"key":"WingedGreaves"},{"floor":40,"key":"Mercury Hourglass"},{"floor":42,"key":"Gremlin Horn"},{"floor":45,"key":"Juzu Bracelet"}],"event_choices":[{"damage_healed":0,"gold_gain":0,"player_choice":"Trade","damage_taken":0,"relics_obtained":["SsserpentHead"],"max_hp_gain":0,"max_hp_loss":0,"event_name":"FaceTrader","floor":2,"gold_loss":0},{"cards_removed":["Strike_G"],"damage_healed":0,"gold_gain":0,"player_choice":"Offered Basic","damage_taken":0,"max_hp_gain":0,"max_hp_loss":0,"event_name":"Bonfire Elementals","floor":4,"gold_loss":0},{"damage_healed":0,"gold_gain":0,"player_choice":"Searched \u00271\u0027 times","damage_taken":0,"relics_obtained":["Oddly Smooth Stone"],"max_hp_gain":0,"max_hp_loss":0,"event_name":"Dead Adventurer","floor":10,"gold_loss":0},{"damage_healed":0,"gold_gain":0,"cards_transformed":["Strike_G"],"player_choice":"Transformed","damage_taken":0,"max_hp_gain":0,"max_hp_loss":0,"event_name":"Transmorgrifier","floor":14,"gold_loss":0,"cards_obtained":["Reflex"]},{"damage_healed":0,"gold_gain":0,"player_choice":"Ignored","damage_taken":0,"max_hp_gain":0,"max_hp_loss":0,"event_name":"Vampires","floor":27,"gold_loss":0},{"damage_healed":0,"gold_gain":0,"player_choice":"Fight","damage_taken":0,"max_hp_gain":0,"max_hp_loss":0,"event_name":"MindBloom","floor":39,"gold_loss":0},{"cards_removed":["Defend_G"],"damage_healed":0,"gold_gain":0,"player_choice":"Removed Skill","damage_taken":0,"max_hp_gain":0,"max_hp_loss":0,"event_name":"Falling","floor":41,"gold_loss":0}],"is_beta":false,"boss_relics":[{"not_picked":["Ring of the Serpent","Eternal Feather"],"picked":"Coffee Dripper"},{"not_picked":["Orrery","Sozu"],"picked":"WristBlade"}],"items_purged_floors":[13,37,44],"is_endless":false,"potions_floor_spawned":[3,7,12,20,24,29,30,31,35,39,42,48],"ascension_level":15}