{"gold_per_floor":[114,114,130,149,74,74,84,84,84,97,122,137,172,190,190,263,263,273,290,307,207,218,218,218,231,256,288,288,9,9,24,24,101,101,113,124,124,140,240,240,257,257,326,351,351,176,176,204,204,204,204,204,204,24,49,49],"floor_reached":57,"playtime":6720,"items_purged":["Strike_B","Strike_B","Melter+1","Defend_B"],"score":3158,"play_id":"85a2741a-3dca-47dd-abfe-2a74c62b4613","local_time":"20190110130111","is_ascension_mode":true,"campfire_choices":[{"data":"Defragment","floor":6.0,"key":"SMITH"},{"data":"Zap","floor":15.0,"key":"SMITH"},{"data":"Dualcast","floor":23.0,"key":"SMITH"},{"data":"Biased Cognition","floor":28.0,"key":"SMITH"},{"data":"Panacea","floor":30,"key":"SMITH"},{"data":"Reinforced Body","floor":32,"key":"SMITH"},{"data":"Capacitor","floor":40,"key":"SMITH"},{"data":"Consume","floor":42,"key":"SMITH"},{"data":"Rainbow","floor":45,"key":"SMITH"},{"data":"Hologram","floor":47,"key":"SMITH"},{"floor":49,"key":"RECALL"},{"data":"Echo Form","floor":53,"key":"SMITH"}],"neow_cost":"NONE","seed_source_timestamp":0,"circlet_count":0,"master_deck":["AscendersBane","Defend_B","Defend_B","Zap+1","Dualcast+1","Genetic Algorithm+1","Melter+1","Defragment+1","Conserve Battery+1","Recycle+1","Gash","Genetic Algorithm","Meteor Strike","Gash","All For One","Conserve Battery+1","Biased Cognition+1","Panacea+1","Reinforced Body+1","Echo Form+1","Capacitor+1","Consume+1","Rainbow+1","Hologram+1","Sunder+1","Biased Cognition"],"special_seed":0,"relics":["Astrolabe","Pocketwatch","War Paint","Bird Faced Urn","Runic Pyramid","Orichalcum","Blood Vial","Membership Card","Snecko Eye","Gambling Chip","Bag of Marbles","Bag of Preparation","Centennial Puzzle","Runic Capacitor","Strawberry"],"potions_floor_usage":[56,56],"damage_taken":[{"damage":4.0,"enemies":"Small Slimes","floor":1.0,"turns":3.0},{"damage":0.0,"enemies":"Cultist","floor":3.0,"turns":3.0},{"damage":0.0,"enemies":"Jaw Worm","floor":4.0,"turns":4.0},{"damage":9.0,"enemies":"Gremlin Gang","floor":7.0,"turns":6.0},{"damage":5.0,"enemies":"Lots of Slimes","floor":10.0,"turns":5.0},{"damage":0.0,"enemies":"Blue Slaver","floor":12.0,"turns":3.0},{"damage":15.0,"enemies":"Lagavulin","floor":13.0,"turns":6.0},{"damage":0.0,"enemies":"Looter","floor":14.0,"turns":3.0},{"damage":16.0,"enemies":"Hexaghost","floor":16.0,"turns":9.0},{"damage":0.0,"enemies":"Shell Parasite","floor":18.0,"turns":3.0},{"damage":0.0,"enemies":"Spheric Guardian","floor":19.0,"turns":3.0},{"damage":13.0,"enemies":"Shelled Parasite and Fungi","floor":20.0,"turns":4.0},{"damage":0.0,"enemies":"Chosen and Byrds","floor":22.0,"turns":5.0},{"damage":1.0,"enemies":"Book of Stabbing","floor":24.0,"turns":2.0},{"damage":0.0,"enemies":"Centurion and Healer","floor":25.0,"turns":5.0},{"damage":13.0,"enemies":"Gremlin Leader","floor":27.0,"turns":7.0},{"damage":0,"enemies":"Cultist and Chosen","floor":31,"turns":6},{"damage":0,"enemies":"Champ","floor":33,"turns":8},{"damage":5,"enemies":"Orb Walker","floor":35,"turns":5},{"damage":5,"enemies":"3 Shapes","floor":36,"turns":7},{"damage":0,"enemies":"Transient","floor":38,"turns":6},{"damage":0,"enemies":"Mind Bloom Boss Battle","floor":39,"turns":8},{"damage":0,"enemies":"Maw","floor":41,"turns":6},{"damage":11,"enemies":"Nemesis","floor":44,"turns":7},{"damage":10,"enemies":"Reptomancer","floor":48,"turns":8},{"damage":0,"enemies":"Donu and Deca","floor":50,"turns":8},{"damage":0,"enemies":"Time Eater","floor":51,"turns":12},{"damage":0,"enemies":"Shield and Spear","floor":55,"turns":3},{"damage":85,"enemies":"The Heart","floor":56,"turns":12}],"seed_played":"-7568585484550907766","potions_obtained":[{"floor":1.0,"key":"SpeedPotion"},{"floor":2.0,"key":"Strength Potion"},{"floor":14.0,"key":"FocusPotion"},{"floor":16.0,"key":"PowerPotion"},{"floor":22.0,"key":"SmokeBomb"},{"floor":31,"key":"Poison Potion"},{"floor":33,"key":"AttackPotion"},{"floor":48,"key":"Block Potion"}],"is_trial":false,"path_per_floor":["M","?","M","M","$","R","M","$","T","M","T","M","E","M","R","B",null,"M","M","M","$","M","R","E","M","T","E","R","$","R","M","R","B",null,"M","M","?","M","?","R","M","R","T","E","R","$","R","E","R","B","B",null,"R","$","E","B",null],"character_chosen":"DEFECT","items_purchased":["Membership Card","Panacea","Hologram","Bag of Preparation","Runic Capacitor"],"campfire_rested":0,"item_purchase_floors":[29,29,46,46,54],"current_hp_per_floor":[60,60,60,60,60,60,51,51,51,46,46,46,31,33,33,19,58,60,62,51,51,55,55,56,58,58,47,47,47,47,53,53,59,68,68,71,71,71,71,71,71,71,71,70,70,70,70,61,61,71,71,71,71,71,78,3],"gold":49,"neow_bonus":"BOSS_RELIC","is_prod":false,"is_daily":false,"chose_seed":false,"campfire_upgraded":11,"win_rate":0,"timestamp":1547096471,"path_taken":["M","?","M","?","$","R","M","?","T","M","?","M","E","M","R","BOSS","M","?","M","?","M","R","E","M","T","E","R","$","R","?","R","BOSS","M","M","?","M","?","R","M","R","T","E","R","$","R","E","R","BOSS","BOSS","R","$","E","BOSS"],"build_version":"2019-01-03v4","purchased_purges":4,"victory":true,"max_hp_per_floor":[71,71,71,71,71,71,71,71,71,71,71,71,71,71,71,71,71,71,71,71,71,71,71,71,71,71,71,71,71,71,71,71,71,71,71,71,71,71,71,71,71,71,71,71,71,71,71,71,71,71,71,71,71,71,78,78],"card_choices":[{"not_picked":["Loop","Streamline"],"picked":"Defragment","floor":1.0},{"not_picked":["Steam Power","Stack"],"picked":"Conserve Battery","floor":3.0},{"not_picked":["Go for the Eyes","Scrape","Compile Driver"],"picked":"SKIP","floor":4.0},{"not_picked":["Doom and Gloom","Barrage"],"picked":"Recycle","floor":7.0},{"not_picked":["Leap","Turbo"],"picked":"Gash","floor":10.0},{"not_picked":["Hello World","Rebound"],"picked":"Genetic Algorithm","floor":12.0},{"not_picked":["Go for the Eyes","Sweeping Beam"],"picked":"Meteor Strike","floor":13.0},{"not_picked":["Turbo","Chaos"],"picked":"Gash","floor":14.0},{"not_picked":["Meteor Strike","Machine Learning"],"picked":"All For One","floor":16.0},{"not_picked":["Streamline+1","Blizzard","Stack"],"picked":"SKIP","floor":18.0},{"not_picked":["Cold Snap","Undo","Stack"],"picked":"SKIP","floor":19.0},{"not_picked":["Heatsinks","Compile Driver","Tempest"],"picked":"SKIP","floor":20.0},{"not_picked":["Barrage+1","Leap"],"picked":"Conserve Battery+1","floor":22.0},{"not_picked":["Loop","Ball Lightning","Compile Driver"],"picked":"SKIP","floor":25.0},{"not_picked":["Reinforced Body","Doom and Gloom"],"picked":"Biased Cognition","floor":27.0},{"not_picked":["Sweeping Beam","Reprogram"],"picked":"Reinforced Body","floor":31},{"not_picked":["Machine Learning","Electrodynamics"],"picked":"Echo Form","floor":33},{"not_picked":["Rebound","Conserve Battery","Ball Lightning"],"picked":"SKIP","floor":35},{"not_picked":["Rebound","Melter+1","Storm"],"picked":"SKIP","floor":36},{"not_picked":["Streamline","Blizzard+1"],"picked":"Capacitor","floor":38},{"not_picked":["Conserve Battery+1","Beam Cell+1"],"picked":"Consume","floor":41},{"not_picked":["Hello World+1","Go for the Eyes"],"picked":"Rainbow","floor":44},{"not_picked":["Ball Lightning","Reinforced Body"],"picked":"Sunder+1","floor":48},{"not_picked":["Self Repair","Tempest+1"],"picked":"Biased Cognition","floor":55}],"player_experience":1896821,"relics_obtained":[{"floor":9.0,"key":"Pocketwatch"},{"floor":11.0,"key":"War Paint"},{"floor":13.0,"key":"Bird Faced Urn"},{"floor":26.0,"key":"Orichalcum"},{"floor":27.0,"key":"Blood Vial"},{"floor":39,"key":"Gambling Chip"},{"floor":44,"key":"Bag of Marbles"},{"floor":48,"key":"Centennial Puzzle"},{"floor":55,"key":"Strawberry"}],"event_choices":[{"damage_healed":0.0,"max_hp_gain":0.0,"max_hp_loss":0.0,"gold_gain":0.0,"event_name":"Lab","player_choice":"Got Potions","floor":2.0,"gold_loss":0.0,"damage_taken":0.0},{"damage_healed":0,"gold_gain":0,"player_choice":"Ignored","damage_taken":0,"max_hp_gain":0,"max_hp_loss":0,"event_name":"Tomb of Lord Red Mask","floor":37,"gold_loss":0},{"damage_healed":0,"gold_gain":0,"player_choice":"Fight","damage_taken":0,"max_hp_gain":0,"max_hp_loss":0,"event_name":"MindBloom","floor":39,"gold_loss":0}],"is_beta":false,"boss_relics":[{"not_picked":["Philosopher\u0027s Stone","Ectoplasm"],"picked":"Runic Pyramid"},{"not_picked":["Fusion Hammer","Eternal Feather"],"picked":"Snecko Eye"}],"items_purged_floors":[5,21,46,54],"is_endless":false,"potions_floor_spawned":[1,14,16,18,22,31,33,35,36,44,48],"ascension_level":20}