{"gold_per_floor":[119,194,119,137,51,51,81,81,108,138,165,177,189,232,244,329,371,400,429,327,327,15,15,15,15,62,62,75,86,45,78,78,155,155,170,184,204,79,89,115,115,145,145,176,176,176],"floor_reached":46,"playtime":1961,"items_purged":["Defend_G","Defend_G","Defend_G"],"score":1368,"play_id":"8bf0f7f3-139d-43b6-b32b-2728f93b80c1","local_time":"20190402183047","is_ascension_mode":true,"campfire_choices":[{"data":"1","floor":6.0,"key":"LIFT"},{"data":"2","floor":8.0,"key":"LIFT"},{"data":"3","floor":13.0,"key":"LIFT"},{"data":"Bouncing Flask","floor":15.0,"key":"SMITH"},{"data":"Cloak And Dagger","floor":23.0,"key":"SMITH"},{"data":"Venomology","floor":27.0,"key":"SMITH"},{"data":"Neutralize","floor":32.0,"key":"SMITH"},{"floor":41.0,"key":"DIG"}],"neow_cost":"TEN_PERCENT_HP_LOSS","seed_source_timestamp":39810051792336,"circlet_count":0,"master_deck":["AscendersBane","Defend_G","Defend_G","Strike_G+1","Strike_G","Strike_G","Survivor","Neutralize+1","Infinite Blades","Tactician","Masterful Stab+1","Venomology+1","Bouncing Flask+1","Infinite Blades","Corpse Explosion","Cloak And Dagger+1","Adrenaline","Pain","Regret","Clumsy","Skewer+1","All Out Attack+1","Infinite Blades","Ghostly","Ghostly","Ghostly","Ghostly","Shame","Decay","Calculated Gamble+1","Flying Knee+1","All Out Attack+1","Dagger Spray+1","Phantasmal Killer","Sucker Punch+1","Dagger Throw+1","Flying Knee+1","Finisher+1","Leg Sweep","Flying Knee+1","Dagger Throw+1"],"special_seed":0,"relics":["Ring of the Snake","Girya","Ninja Scroll","MawBank","Pen Nib","Calling Bell","Tiny Chest","Molten Egg 2","Du-Vu Doll","DollysMirror","Ice Cream","Oddly Smooth Stone","Matryoshka","Velvet Choker","Shovel","Mercury Hourglass","Blue Candle","Frozen Egg 2","Whetstone"],"potions_floor_usage":[46],"damage_taken":[{"damage":0.0,"enemies":"Small Slimes","floor":1.0,"turns":3.0},{"damage":2.0,"enemies":"2 Louse","floor":4.0,"turns":7.0},{"damage":24.0,"enemies":"3 Sentries","floor":7.0,"turns":10.0},{"damage":0.0,"enemies":"Cultist","floor":10.0,"turns":2.0},{"damage":0.0,"enemies":"3 Louse","floor":11.0,"turns":3.0},{"damage":2.0,"enemies":"Gremlin Nob","floor":14.0,"turns":3.0},{"damage":6.0,"enemies":"Hexaghost","floor":16.0,"turns":8.0},{"damage":30.0,"enemies":"Shell Parasite","floor":18.0,"turns":5.0},{"damage":1.0,"enemies":"Chosen","floor":19.0,"turns":2.0},{"damage":0.0,"enemies":"Shelled Parasite and Fungi","floor":28.0,"turns":1.0},{"damage":0.0,"enemies":"Centurion and Healer","floor":29.0,"turns":2.0},{"damage":0.0,"enemies":"Book of Stabbing","floor":31.0,"turns":1.0},{"damage":34.0,"enemies":"Champ","floor":33.0,"turns":7.0},{"damage":7.0,"enemies":"3 Darklings","floor":35.0,"turns":2.0},{"damage":7.0,"enemies":"3 Shapes","floor":36.0,"turns":3.0},{"damage":1.0,"enemies":"Writhing Mass","floor":37.0,"turns":2.0},{"damage":3.0,"enemies":"Maw","floor":39.0,"turns":5.0},{"damage":0.0,"enemies":"Reptomancer","floor":40.0,"turns":1.0},{"damage":4.0,"enemies":"Nemesis","floor":42.0,"turns":3.0},{"damage":1,"enemies":"Reptomancer","floor":44,"turns":2},{"damage":2,"enemies":"Transient","floor":46,"turns":3}],"seed_played":"-2881443546489335397","potions_obtained":[{"floor":10.0,"key":"Dexterity Potion"},{"floor":18.0,"key":"FearPotion"},{"floor":31.0,"key":"EssenceOfSteel"},{"floor":35.0,"key":"GamblersBrew"},{"floor":39.0,"key":"GhostInAJar"},{"floor":45,"key":"SkillPotion"}],"is_trial":false,"path_per_floor":["M","?","?","M","$","R","E","R","T","M","M","?","R","E","R","B",null,"M","M","$","?","$","R","?","?","T","R","M","M","$","E","R","B",null,"M","M","M","$","M","E","R","E","T","E","?","M"],"character_chosen":"THE_SILENT","items_purchased":["Masterful Stab","Infinite Blades","DollysMirror","All Out Attack+1"],"campfire_rested":0,"item_purchase_floors":[5,20,22,30],"current_hp_per_floor":[59,48,48,46,46,46,22,22,22,22,22,22,22,20,20,14,49,19,27,27,27,27,27,27,27,27,27,27,27,27,27,27,8,25,18,11,10,10,7,7,7,3,3,2,2,0],"gold":176,"neow_bonus":"ONE_RARE_RELIC","is_prod":false,"is_daily":false,"chose_seed":false,"campfire_upgraded":4,"win_rate":0,"timestamp":1554201047,"path_taken":["M","?","?","M","$","R","E","R","T","M","M","?","R","E","R","BOSS","M","M","$","?","$","R","?","?","T","R","M","M","$","E","R","BOSS","M","M","M","$","M","E","R","E","T","E","?","M"],"build_version":"2019-01-23","purchased_purges":3,"victory":false,"max_hp_per_floor":[60,60,60,60,60,60,60,60,60,60,60,60,60,60,60,60,60,60,60,60,30,30,30,30,30,30,30,30,30,30,30,30,30,30,30,30,30,30,30,30,30,30,30,30,30,30],"card_choices":[{"not_picked":["Deflect","Riddle With Holes"],"picked":"Infinite Blades","floor":1.0},{"not_picked":["Deflect","Bane"],"picked":"Tactician","floor":4.0},{"not_picked":["Dodge and Roll","PiercingWail"],"picked":"Venomology","floor":7.0},{"not_picked":["Outmaneuver","Backflip"],"picked":"Bouncing Flask","floor":10.0},{"not_picked":["Heel Hook","Acrobatics"],"picked":"Infinite Blades","floor":11.0},{"not_picked":["Slice","Bouncing Flask"],"picked":"Cloak And Dagger","floor":14.0},{"not_picked":["Burst","Venomology"],"picked":"Adrenaline","floor":16.0},{"not_picked":["Dodge and Roll","Bane+1"],"picked":"Skewer+1","floor":18.0},{"not_picked":["Poisoned Stab+1","PiercingWail"],"picked":"All Out Attack+1","floor":19.0},{"not_picked":["Flechettes+1","Bane+1"],"picked":"Calculated Gamble+1","floor":28.0},{"not_picked":["Bane+1","Sucker Punch+1"],"picked":"Flying Knee+1","floor":29.0},{"not_picked":["Crippling Poison","Sucker Punch+1"],"picked":"Dagger Spray+1","floor":31.0},{"not_picked":["Envenom","Corpse Explosion"],"picked":"Phantasmal Killer","floor":33.0},{"not_picked":["PiercingWail","Deadly Poison"],"picked":"Sucker Punch+1","floor":35.0},{"not_picked":["Accuracy","Deadly Poison"],"picked":"Dagger Throw+1","floor":36.0},{"not_picked":["Footwork","Noxious Fumes"],"picked":"Flying Knee+1","floor":37.0},{"not_picked":["Outmaneuver+1","Backflip"],"picked":"Finisher+1","floor":39.0},{"not_picked":["Caltrops","Outmaneuver+1"],"picked":"Leg Sweep","floor":40.0},{"not_picked":["Calculated Gamble","Prepared"],"picked":"Flying Knee+1","floor":42.0},{"not_picked":["Deflect+1","Eviscerate+1"],"picked":"Dagger Throw+1","floor":44}],"player_experience":4021083,"relics_obtained":[{"floor":7.0,"key":"Ninja Scroll"},{"floor":9.0,"key":"MawBank"},{"floor":14.0,"key":"Pen Nib"},{"floor":17.0,"key":"Tiny Chest"},{"floor":17.0,"key":"Molten Egg 2"},{"floor":17.0,"key":"Du-Vu Doll"},{"floor":26.0,"key":"Oddly Smooth Stone"},{"floor":31.0,"key":"Matryoshka"},{"floor":40.0,"key":"Shovel"},{"floor":41.0,"key":"Mercury Hourglass"},{"floor":42.0,"key":"Blue Candle"},{"floor":43.0,"key":"Frozen Egg 2"},{"floor":44,"key":"Whetstone"}],"event_choices":[{"damage_healed":0.0,"max_hp_gain":0.0,"max_hp_loss":0.0,"gold_gain":75.0,"event_name":"World of Goop","player_choice":"Gather Gold","floor":2.0,"gold_loss":0.0,"damage_taken":11.0},{"cards_removed":["Strike_G"],"damage_healed":0.0,"max_hp_gain":0.0,"max_hp_loss":0.0,"gold_gain":0.0,"event_name":"The Cleric","player_choice":"Card Removal","floor":3.0,"gold_loss":75.0,"damage_taken":0.0},{"damage_healed":0.0,"max_hp_gain":0.0,"max_hp_loss":0.0,"gold_gain":0.0,"cards_transformed":["Strike_G"],"event_name":"Transmorgrifier","player_choice":"Transformed","floor":12.0,"gold_loss":0.0,"damage_taken":0.0,"cards_obtained":["Corpse Explosion"]},{"damage_healed":0.0,"max_hp_gain":0.0,"max_hp_loss":30.0,"gold_gain":0.0,"event_name":"Ghosts","player_choice":"Became a Ghost","floor":21.0,"gold_loss":0.0,"damage_taken":0.0,"cards_obtained":["Ghostly","Ghostly","Ghostly"]},{"damage_healed":0.0,"max_hp_gain":0.0,"max_hp_loss":0.0,"gold_gain":0.0,"event_name":"Addict","player_choice":"Stole Relic","floor":24.0,"gold_loss":0.0,"damage_taken":0.0,"relics_obtained":["Ice Cream"],"cards_obtained":["Shame"]},{"damage_healed":0.0,"max_hp_gain":0.0,"max_hp_loss":0.0,"gold_gain":0.0,"event_name":"Forgotten Altar","player_choice":"Smashed Altar","floor":25.0,"gold_loss":0.0,"damage_taken":0.0,"cards_obtained":["Decay"]},{"damage_healed":0,"gold_gain":0,"player_choice":"Got Potions","damage_taken":0,"max_hp_gain":0,"max_hp_loss":0,"event_name":"Lab","floor":45,"gold_loss":0}],"is_beta":false,"boss_relics":[{"not_picked":["Black Star","Lizard Tail"],"picked":"Calling Bell"},{"not_picked":["Pandora\u0027s Box","Astrolabe"],"picked":"Velvet Choker"}],"items_purged_floors":[20,22,38],"is_endless":false,"potions_floor_spawned":[10,18,31,35,37,39],"killed_by":"Transient","ascension_level":20}