{"gold_per_floor":[360,376,376,129,147,147,222,233,233,233,233],"floor_reached":11,"playtime":193,"items_purged":["Doubt"],"score":126,"play_id":"5ce90058-b824-427f-a4bf-f0c8799abf8e","local_time":"20190628182540","is_ascension_mode":true,"campfire_choices":[{"data":"Defragment","floor":6,"key":"SMITH"},{"data":"Self Repair","floor":10,"key":"SMITH"}],"neow_cost":"CURSE","seed_source_timestamp":27427375121024,"circlet_count":0,"master_deck":["AscendersBane","Strike_B","Strike_B","Strike_B","Strike_B","Defend_B","Defend_B","Defend_B","Defend_B","Zap","Dualcast","Defragment+1","Self Repair+1","Impatience","Genetic Algorithm","Capacitor"],"relics":["Cracked Core","Symbiotic Virus","Sundial"],"potions_floor_usage":[],"damage_taken":[{"damage":17,"enemies":"Small Slimes","floor":1,"turns":4},{"damage":19,"enemies":"Jaw Worm","floor":2,"turns":4},{"damage":1,"enemies":"Cultist","floor":5,"turns":3},{"damage":13,"enemies":"Blue Slaver","floor":8,"turns":4},{"damage":0,"enemies":"Lots of Slimes","floor":11,"turns":1}],"seed_played":"-8018294632985638043","potions_obtained":[{"floor":2,"key":"Energy Potion"},{"floor":8,"key":"Ancient Potion"}],"is_trial":false,"path_per_floor":["M","M","?","$","M","R","?","M","T","R","M"],"character_chosen":"DEFECT","items_purchased":["Self Repair","Impatience"],"campfire_rested":0,"item_purchase_floors":[4,4],"current_hp_per_floor":[47,28,23,23,29,29,18,12,12,12,12],"gold":233,"neow_bonus":"TWO_FIFTY_GOLD","is_prod":false,"is_daily":false,"chose_seed":false,"campfire_upgraded":2,"win_rate":0,"timestamp":1561717540,"path_taken":["M","M","?","$","M","R","?","M","T","R","M"],"build_version":"2019-01-23","purchased_purges":1,"victory":false,"max_hp_per_floor":[71,71,71,71,71,71,71,71,71,71,71],"card_choices":[{"not_picked":["Leap","Stack"],"picked":"Defragment","floor":1},{"not_picked":["Redo","Streamline","Leap"],"picked":"SKIP","floor":2},{"not_picked":["Go for the Eyes","Stack"],"picked":"Genetic Algorithm","floor":5},{"not_picked":["Rebound","Compile Driver"],"picked":"Capacitor","floor":8}],"player_experience":5553198,"relics_obtained":[{"floor":9,"key":"Sundial"}],"event_choices":[{"damage_healed":0,"gold_gain":0,"player_choice":"Success","damage_taken":5,"relics_obtained":["Symbiotic Virus"],"max_hp_gain":0,"max_hp_loss":0,"event_name":"Scrap Ooze","floor":3,"gold_loss":0},{"damage_healed":0,"gold_gain":75,"player_choice":"Gather Gold","damage_taken":11,"max_hp_gain":0,"max_hp_loss":0,"event_name":"World of Goop","floor":7,"gold_loss":0}],"is_beta":false,"boss_relics":[],"items_purged_floors":[4],"is_endless":false,"potions_floor_spawned":[2,8],"killed_by":"Lots of Slimes","ascension_level":20}