{"gold_per_floor":[117,135,135,16,16,16,42,62,62,75,108,108,133,147,147,226,226,239,139,139,150,150,178,178,204,228,256,256,273,39,65,65,136,136,150,161,161,161,172,197,197,229,253,264,264,278,290,323,323,323,323,323,323,19,47,47],"floor_reached":57,"playtime":3015,"items_purged":["Strike_G","Strike_G","Slice+1","Acrobatics+1"],"score":3961,"play_id":"f8226636-fa85-4e80-ad42-e9da1defaa89","local_time":"20181121221159","is_ascension_mode":true,"campfire_choices":[{"data":"Neutralize","floor":6.0,"key":"SMITH"},{"data":"Well Laid Plans","floor":15.0,"key":"SMITH"},{"data":"Adrenaline","floor":24.0,"key":"SMITH"},{"floor":28.0,"key":"RECALL"},{"data":"Tactician","floor":32.0,"key":"SMITH"},{"data":"Footwork","floor":41.0,"key":"SMITH"},{"data":"Expertise","floor":45.0,"key":"SMITH"},{"data":"Calculated Gamble","floor":49.0,"key":"SMITH"},{"data":"Blur","floor":53,"key":"SMITH"}],"neow_cost":"NONE","seed_source_timestamp":8935261875727,"circlet_count":0,"master_deck":["AscendersBane","Defend_G+1","Defend_G+1","Defend_G","Defend_G+1","Defend_G+1","Survivor","Neutralize+1","Well Laid Plans+1","All Out Attack+1","Grand Finale+1","Adrenaline+1","Acrobatics+1","Escape Plan","Tactician+1","Backflip","Blur+1","Concentrate+1","Footwork+1","Expertise+1","Calculated Gamble+1"],"special_seed":0,"relics":["Ring of the Snake","NeowsBlessing","Molten Egg 2","Paper Crane","Orichalcum","Meat on the Bone","Black Star","War Paint","Whetstone","Omamori","Art of War","Boot","Oddly Smooth Stone","Snake Skull","FossilizedHelix","Unceasing Top","Empty Cage","Happy Flower","Blood Vial","Pear","Sundial","Strawberry","PreservedInsect","Membership Card","Ancient Tea Set","Potion Belt"],"potions_floor_usage":[56,56],"damage_taken":[{"damage":0.0,"enemies":"Cultist","floor":1.0,"turns":1.0},{"damage":0.0,"enemies":"Jaw Worm","floor":2.0,"turns":1.0},{"damage":0.0,"enemies":"3 Sentries","floor":7.0,"turns":2.0},{"damage":1.0,"enemies":"2 Louse","floor":8.0,"turns":2.0},{"damage":0.0,"enemies":"Exordium Thugs","floor":10.0,"turns":2.0},{"damage":4.0,"enemies":"Lagavulin","floor":11.0,"turns":5.0},{"damage":0.0,"enemies":"3 Sentries","floor":13.0,"turns":2.0},{"damage":1.0,"enemies":"2 Fungi Beasts","floor":14.0,"turns":3.0},{"damage":9.0,"enemies":"Slime Boss","floor":16.0,"turns":7.0},{"damage":16.0,"enemies":"Shell Parasite","floor":18.0,"turns":3.0},{"damage":0.0,"enemies":"3 Byrds","floor":21.0,"turns":2.0},{"damage":0.0,"enemies":"Slavers","floor":23.0,"turns":1.0},{"damage":0.0,"enemies":"Gremlin Leader","floor":25.0,"turns":2.0},{"damage":0.0,"enemies":"Book of Stabbing","floor":27.0,"turns":3.0},{"damage":0.0,"enemies":"Centurion and Healer","floor":29.0,"turns":2.0},{"damage":12.0,"enemies":"Slavers","floor":31.0,"turns":3.0},{"damage":0.0,"enemies":"Champ","floor":33.0,"turns":13.0},{"damage":0.0,"enemies":"Orb Walker","floor":35.0,"turns":3.0},{"damage":0.0,"enemies":"3 Shapes","floor":36.0,"turns":5.0},{"damage":0.0,"enemies":"Writhing Mass","floor":39.0,"turns":5.0},{"damage":0.0,"enemies":"Giant Head","floor":40.0,"turns":5.0},{"damage":0.0,"enemies":"Nemesis","floor":42.0,"turns":1.0},{"damage":0.0,"enemies":"Jaw Worm Horde","floor":44.0,"turns":1.0},{"damage":0.0,"enemies":"Sphere and 2 Shapes","floor":46.0,"turns":1.0},{"damage":0.0,"enemies":"3 Darklings","floor":47.0,"turns":2.0},{"damage":0.0,"enemies":"Giant Head","floor":48.0,"turns":4.0},{"damage":0.0,"enemies":"Awakened One","floor":50.0,"turns":6.0},{"damage":0,"enemies":"Time Eater","floor":51,"turns":12},{"damage":0,"enemies":"Shield and Spear","floor":55,"turns":1},{"damage":0,"enemies":"The Heart","floor":56,"turns":11}],"seed_played":"-8740932682006368844","potions_obtained":[{"floor":1.0,"key":"SmokeBomb"},{"floor":8.0,"key":"LiquidBronze"},{"floor":10.0,"key":"Fire Potion"},{"floor":18.0,"key":"Swift Potion"},{"floor":21.0,"key":"GamblersBrew"},{"floor":25.0,"key":"Energy Potion"},{"floor":35.0,"key":"FearPotion"},{"floor":36.0,"key":"GamblersBrew"},{"floor":42.0,"key":"GamblersBrew"},{"floor":46.0,"key":"PowerPotion"}],"is_trial":false,"path_per_floor":["M","M","?","$","?","R","E","M","T","M","E","?","E","M","R","B",null,"M","$","?","M","?","E","R","E","T","E","R","M","$","E","R","B",null,"M","M","$","?","M","E","R","E","T","M","R","M","M","E","R","B","B",null,"R","$","E","B",null],"character_chosen":"THE_SILENT","items_purchased":["Well Laid Plans","Backflip","Blur","Membership Card"],"campfire_rested":0,"item_purchase_floors":[4,30,30,54],"current_hp_per_floor":[59,59,59,59,59,59,59,58,58,58,54,34,34,45,45,36,59,43,43,43,43,43,43,43,43,43,43,43,43,43,43,43,43,60,60,60,60,60,60,60,60,72,72,74,74,76,76,83,83,83,83,83,83,83,83,83],"gold":47,"neow_bonus":"THREE_ENEMY_KILL","is_prod":false,"is_daily":false,"chose_seed":false,"campfire_upgraded":8,"win_rate":0,"timestamp":1542809519,"path_taken":["M","?","?","$","?","R","E","?","T","M","E","?","E","M","R","BOSS","M","$","?","M","?","E","R","E","T","E","R","M","$","E","R","BOSS","M","M","?","?","M","E","R","E","T","M","R","M","M","E","R","BOSS","BOSS","R","$","E","BOSS"],"build_version":"2018-11-15","purchased_purges":4,"victory":true,"max_hp_per_floor":[66,66,66,66,66,66,66,66,66,66,66,66,66,66,66,66,66,66,66,66,66,66,66,66,66,66,66,66,66,66,66,66,66,66,66,66,66,66,66,66,66,76,76,76,76,76,76,83,83,83,83,83,83,83,83,83],"card_choices":[{"not_picked":["Setup","Eviscerate","Deflect"],"picked":"SKIP","floor":1.0},{"not_picked":["Concentrate","Sucker Punch"],"picked":"Acrobatics","floor":2.0},{"not_picked":["Distraction","Infinite Blades"],"picked":"All Out Attack","floor":7.0},{"not_picked":["Dodge and Roll","Caltrops"],"picked":"Grand Finale+1","floor":8.0},{"not_picked":["Dagger Throw+1","Poisoned Stab+1","Concentrate"],"picked":"SKIP","floor":10.0},{"not_picked":["Quick Slash+1","Catalyst","Flying Knee+1"],"picked":"SKIP","floor":11.0},{"not_picked":["Quick Slash+1","Slice+1"],"picked":"Adrenaline","floor":13.0},{"not_picked":["Bouncing Flask","Cloak And Dagger","Riddle With Holes+1"],"picked":"SKIP","floor":14.0},{"not_picked":["Bouncing Flask","Cloak And Dagger","Riddle With Holes+1"],"picked":"SKIP","floor":14.0},{"not_picked":["Quick Slash+1","Poisoned Stab+1","Choke+1"],"picked":"SKIP","floor":18.0},{"not_picked":["Cloak And Dagger","Deflect","Blade Dance"],"picked":"SKIP","floor":21.0},{"not_picked":["Storm of Steel","Deflect","Quick Slash+1"],"picked":"SKIP","floor":23.0},{"not_picked":["Backflip","Flying Knee+1"],"picked":"Escape Plan","floor":25.0},{"not_picked":["Deadly Poison","Bouncing Flask","Flying Knee+1"],"picked":"SKIP","floor":27.0},{"not_picked":["Acrobatics","Sucker Punch+1"],"picked":"Tactician","floor":29.0},{"not_picked":["Storm of Steel","Deflect"],"picked":"Concentrate+1","floor":31.0},{"not_picked":["All Out Attack+1","Backflip","Riddle With Holes+1"],"picked":"SKIP","floor":35.0},{"not_picked":["Leg Sweep","Catalyst","Sucker Punch+1"],"picked":"SKIP","floor":36.0},{"not_picked":["Outmaneuver","Expertise","Blade Dance"],"picked":"SKIP","floor":39.0},{"not_picked":["Outmaneuver","Blade Dance"],"picked":"Expertise","floor":39.0},{"not_picked":["Tactician+1","Glass Knife+1"],"picked":"Calculated Gamble","floor":40.0},{"not_picked":["Concentrate","Bane+1","Crippling Poison"],"picked":"SKIP","floor":42.0},{"not_picked":["Escape Plan","Expertise+1","Backflip"],"picked":"SKIP","floor":44.0},{"not_picked":["Escape Plan","Expertise+1","Backflip"],"picked":"SKIP","floor":44.0},{"not_picked":["Sucker Punch+1","Cloak And Dagger","Envenom"],"picked":"SKIP","floor":46.0},{"not_picked":["Cloak And Dagger","Poisoned Stab+1","Dagger Throw+1"],"picked":"SKIP","floor":47.0},{"not_picked":["Underhanded Strike+1","Infinite Blades+1","Crippling Poison"],"picked":"SKIP","floor":48.0},{"not_picked":["Eviscerate+1","Flying Knee+1","Choke+1"],"picked":"SKIP","floor":55}],"player_experience":1131820,"relics_obtained":[{"floor":7.0,"key":"Molten Egg 2"},{"floor":9.0,"key":"Paper Crane"},{"floor":11.0,"key":"Orichalcum"},{"floor":13.0,"key":"Meat on the Bone"},{"floor":23.0,"key":"War Paint"},{"floor":23.0,"key":"Whetstone"},{"floor":25.0,"key":"Omamori"},{"floor":25.0,"key":"Art of War"},{"floor":26.0,"key":"Boot"},{"floor":27.0,"key":"Oddly Smooth Stone"},{"floor":27.0,"key":"Snake Skull"},{"floor":31.0,"key":"FossilizedHelix"},{"floor":31.0,"key":"Unceasing Top"},{"floor":40.0,"key":"Happy Flower"},{"floor":40.0,"key":"Blood Vial"},{"floor":42.0,"key":"Pear"},{"floor":42.0,"key":"Sundial"},{"floor":48.0,"key":"Strawberry"},{"floor":48.0,"key":"PreservedInsect"},{"floor":55,"key":"Ancient Tea Set"},{"floor":55,"key":"Potion Belt"}],"event_choices":[{"damage_healed":0.0,"max_hp_gain":0.0,"max_hp_loss":0.0,"gold_gain":0.0,"cards_transformed":["Strike_G"],"event_name":"Living Wall","player_choice":"Change","floor":3.0,"gold_loss":0.0,"damage_taken":0.0,"cards_obtained":["Sucker Punch"]},{"damage_healed":0.0,"max_hp_gain":0.0,"max_hp_loss":0.0,"gold_gain":0.0,"event_name":"Accursed Blacksmith","player_choice":"Forge","floor":5.0,"gold_loss":0.0,"damage_taken":0.0,"cards_upgraded":["Acrobatics"]},{"damage_healed":0.0,"max_hp_gain":0.0,"max_hp_loss":0.0,"gold_gain":0.0,"event_name":"Shining Light","player_choice":"Entered Light","floor":12.0,"gold_loss":0.0,"damage_taken":20.0,"cards_upgraded":["Defend_G","Defend_G"]},{"damage_healed":0.0,"max_hp_gain":0.0,"max_hp_loss":0.0,"gold_gain":0.0,"cards_transformed":["Strike_G","Strike_G"],"event_name":"Drug Dealer","player_choice":"Became Test Subject","floor":20.0,"gold_loss":0.0,"damage_taken":0.0,"cards_obtained":["Slice","Underhanded Strike"]},{"damage_healed":0.0,"max_hp_gain":0.0,"max_hp_loss":0.0,"gold_gain":0.0,"event_name":"Duplicator","player_choice":"Copied","floor":22.0,"gold_loss":0.0,"damage_taken":0.0,"cards_obtained":["Acrobatics"]},{"damage_healed":0.0,"max_hp_gain":0.0,"max_hp_loss":0.0,"gold_gain":0.0,"event_name":"Match and Keep!","player_choice":"1 cards matched","floor":38.0,"gold_loss":0.0,"damage_taken":0.0,"cards_obtained":["Footwork"]}],"is_beta":true,"boss_relics":[{"not_picked":["Cursed Key","Lizard Tail"],"picked":"Black Star"},{"not_picked":["Busted Crown","WristBlade"],"picked":"Empty Cage"}],"items_purged_floors":[4,19,30,54],"is_endless":false,"potions_floor_spawned":[1,8,10,11,13,18,21,25,35,36,42,46],"ascension_level":20}