{"gold_per_floor":[118,128,49,59,70,70,20,31,54,54,54,86,11,26,26,128,128,142,57,57,57,73,73,408,408,408,423,423,435,455,355,355,460,460,480,580,596,195,195,195,211,241,241,251,251,268,268,283,283,283],"floor_reached":51,"playtime":2242,"items_purged":["Strike_R","Defend_R","Sever Soul+1"],"score":799,"play_id":"3298b108-4b23-4541-86f5-8a687cc5e3d8","local_time":"20190705153503","is_ascension_mode":false,"campfire_choices":[{"data":"Rampage","floor":6.0,"key":"SMITH"},{"data":"True Grit","floor":11.0,"key":"SMITH"},{"data":"Pommel Strike","floor":15.0,"key":"SMITH"},{"data":"Warcry","floor":23.0,"key":"SMITH"},{"data":"Offering","floor":25.0,"key":"SMITH"},{"data":"Sever Soul","floor":28.0,"key":"SMITH"},{"data":"Havoc","floor":32.0,"key":"SMITH"},{"data":"Ghostly","floor":40.0,"key":"SMITH"},{"data":"Ghostly","floor":47,"key":"SMITH"},{"data":"Ghostly","floor":49,"key":"SMITH"}],"neow_cost":"NONE","seed_source_timestamp":14647534232191,"circlet_count":0,"master_deck":["Pommel Strike+1","Rampage+1","True Grit+1","Offering+1","Warcry+1","Ghostly+1","Ghostly","Ghostly","Ghostly+1","Ghostly+1","Iron Wave+1","Second Wind+1","Shockwave+1"],"special_seed":0,"relics":["Burning Blood","Lantern","Strawberry","Cursed Key","Art of War","Old Coin","Astrolabe","Membership Card","Sundial","Turnip"],"potions_floor_usage":[50,50,50,50],"damage_taken":[{"damage":1.0,"enemies":"Cultist","floor":1.0,"turns":3.0},{"damage":8.0,"enemies":"Small Slimes","floor":2.0,"turns":3.0},{"damage":6.0,"enemies":"2 Louse","floor":4.0,"turns":2.0},{"damage":16.0,"enemies":"Exordium Wildlife","floor":5.0,"turns":6.0},{"damage":9.0,"enemies":"3 Louse","floor":8.0,"turns":5.0},{"damage":13.0,"enemies":"3 Sentries","floor":12.0,"turns":9.0},{"damage":1.0,"enemies":"Large Slime","floor":14.0,"turns":5.0},{"damage":35.0,"enemies":"Slime Boss","floor":16.0,"turns":8.0},{"damage":6.0,"enemies":"Spheric Guardian","floor":18.0,"turns":3.0},{"damage":1.0,"enemies":"Chosen","floor":22.0,"turns":4.0},{"damage":8.0,"enemies":"Gremlin Leader","floor":24.0,"turns":5.0},{"damage":1.0,"enemies":"3 Cultists","floor":27.0,"turns":5.0},{"damage":4.0,"enemies":"Sentry and Sphere","floor":29.0,"turns":4.0},{"damage":4.0,"enemies":"Snecko","floor":30.0,"turns":5.0},{"damage":3.0,"enemies":"Automaton","floor":33.0,"turns":6.0},{"damage":2.0,"enemies":"3 Darklings","floor":35.0,"turns":3.0},{"damage":1.0,"enemies":"3 Shapes","floor":37.0,"turns":3.0},{"damage":1.0,"enemies":"Maw","floor":41.0,"turns":4.0},{"damage":3.0,"enemies":"Reptomancer","floor":42.0,"turns":4.0},{"damage":2,"enemies":"Transient","floor":44,"turns":5},{"damage":1,"enemies":"Jaw Worm Horde","floor":46,"turns":3},{"damage":5,"enemies":"4 Shapes","floor":48,"turns":3},{"damage":1,"enemies":"Time Eater","floor":50,"turns":6}],"seed_played":"-3169902125079178627","potions_obtained":[{"floor":2.0,"key":"EntropicBrew"},{"floor":4.0,"key":"Strength Potion"},{"floor":5.0,"key":"EssenceOfSteel"},{"floor":12.0,"key":"Dexterity Potion"},{"floor":37.0,"key":"PowerPotion"}],"is_trial":false,"path_per_floor":["M","M","$","M","M","R","?","M","T","?","R","E","$","M","R","B",null,"M","?","?","?","M","R","E","R","T","M","R","M","M","$","R","B",null,"M","?","M","$","?","R","M","E","T","M","?","M","R","M","R","B",null],"character_chosen":"IRONCLAD","items_purchased":["Rampage","Membership Card","Sundial"],"campfire_rested":0,"item_purchase_floors":[3,38,38],"current_hp_per_floor":[80,78,78,78,68,68,68,65,65,58,58,58,58,63,63,34,87,87,87,87,43,43,43,41,41,41,43,43,43,43,43,43,43,43,43,43,43,43,43,43,43,43,43,43,43,43,43,43,43,43],"gold":283,"neow_bonus":"REMOVE_CARD","is_prod":false,"is_daily":false,"chose_seed":false,"campfire_upgraded":10,"win_rate":0,"timestamp":1562312103,"path_taken":["M","M","$","M","?","R","?","M","T","?","R","E","$","M","R","BOSS","M","?","?","?","M","R","E","R","T","?","R","M","M","?","R","BOSS","M","?","?","$","?","R","M","E","T","M","?","M","R","?","R","BOSS"],"build_version":"2019-07-01","purchased_purges":3,"victory":true,"max_hp_per_floor":[80,80,80,80,80,80,80,80,80,80,80,87,87,87,87,87,87,87,87,87,43,43,43,43,43,43,43,43,43,43,43,43,43,43,43,43,43,43,43,43,43,43,43,43,43,43,43,43,43,43],"card_choices":[{"not_picked":["Warcry","Clothesline"],"picked":"Havoc","floor":1.0},{"not_picked":["Havoc","Clothesline"],"picked":"Pommel Strike","floor":2.0},{"not_picked":["Seeing Red","Limit Break"],"picked":"True Grit","floor":4.0},{"not_picked":["Flex","Twin Strike","Warcry"],"picked":"SKIP","floor":5.0},{"not_picked":["Heavy Blade","Rage","Warcry"],"picked":"SKIP","floor":8.0},{"not_picked":["Anger","Clash","Heavy Blade"],"picked":"SKIP","floor":12.0},{"not_picked":["Clothesline","Warcry","Sentinel"],"picked":"SKIP","floor":14.0},{"not_picked":["Brutality","Barricade"],"picked":"Offering","floor":16.0},{"not_picked":["Havoc+1","Clothesline","Headbutt+1"],"picked":"SKIP","floor":18.0},{"not_picked":["Armaments+1","Body Slam+1","Evolve"],"picked":"SKIP","floor":22.0},{"not_picked":["Twin Strike+1","Clothesline","Dropkick"],"picked":"SKIP","floor":24.0},{"not_picked":["Clash","Pummel","Body Slam+1"],"picked":"SKIP","floor":27.0},{"not_picked":["Warcry","Entrench","Clash"],"picked":"SKIP","floor":29.0},{"not_picked":["Entrench+1","Warcry+1","Sentinel"],"picked":"SKIP","floor":30.0},{"not_picked":["Shockwave","Power Through","Entrench+1"],"picked":"SKIP","floor":35.0},{"not_picked":["Reckless Charge","Metallicize","Clothesline"],"picked":"SKIP","floor":37.0},{"not_picked":["Wild Strike","Shockwave","Flex+1"],"picked":"SKIP","floor":41.0},{"not_picked":["Berserk","True Grit+1","Clash"],"picked":"SKIP","floor":42.0},{"not_picked":["Warcry","Wild Strike+1","True Grit"],"picked":"SKIP","floor":44},{"not_picked":["Sentinel+1","Disarm+1","Clash"],"picked":"SKIP","floor":46},{"not_picked":["Battle Trance","Carnage","Ghostly Armor"],"picked":"SKIP","floor":48}],"player_experience":5691039,"relics_obtained":[{"floor":9.0,"key":"Lantern"},{"floor":12.0,"key":"Strawberry"},{"floor":24.0,"key":"Old Coin"},{"floor":42.0,"key":"Turnip"}],"event_choices":[{"cards_removed":["Strike_R"],"damage_healed":0.0,"max_hp_gain":0.0,"max_hp_loss":0.0,"gold_gain":0.0,"event_name":"The Cleric","player_choice":"Card Removal","floor":7.0,"gold_loss":50.0,"damage_taken":0.0},{"cards_removed":["Strike_R"],"damage_healed":0.0,"max_hp_gain":0.0,"max_hp_loss":0.0,"gold_gain":0.0,"event_name":"Golden Wing","player_choice":"Card Removal","floor":10.0,"gold_loss":0.0,"damage_taken":7.0},{"damage_healed":0.0,"max_hp_gain":0.0,"max_hp_loss":0.0,"gold_gain":0.0,"event_name":"Addict","player_choice":"Obtained Relic","floor":19.0,"gold_loss":85.0,"damage_taken":0.0,"relics_obtained":["Art of War"]},{"damage_healed":0.0,"max_hp_gain":0.0,"max_hp_loss":0.0,"gold_gain":0.0,"cards_transformed":["Strike_R","Bash"],"event_name":"Drug Dealer","player_choice":"Became Test Subject","floor":20.0,"gold_loss":0.0,"damage_taken":0.0,"cards_obtained":["Warcry","Sever Soul"]},{"damage_healed":0.0,"max_hp_gain":0.0,"max_hp_loss":44.0,"gold_gain":0.0,"event_name":"Ghosts","player_choice":"Became a Ghost","floor":21.0,"gold_loss":0.0,"damage_taken":0.0,"cards_obtained":["Ghostly","Ghostly","Ghostly","Ghostly","Ghostly"]},{"damage_healed":0.0,"max_hp_gain":0.0,"max_hp_loss":0.0,"gold_gain":100.0,"event_name":"Golden Shrine","player_choice":"Pray","floor":36.0,"gold_loss":0.0,"damage_taken":0.0},{"damage_healed":0.0,"max_hp_gain":0.0,"max_hp_loss":0.0,"gold_gain":0.0,"event_name":"Tomb of Lord Red Mask","player_choice":"Ignored","floor":39.0,"gold_loss":0.0,"damage_taken":0.0},{"cards_removed":["Havoc"],"damage_healed":0,"gold_gain":0,"player_choice":"Purged","damage_taken":0,"max_hp_gain":0,"max_hp_loss":0,"event_name":"Purifier","floor":45,"gold_loss":0}],"is_beta":false,"boss_relics":[{"not_picked":["Runic Dome","Snecko Eye"],"picked":"Cursed Key"},{"not_picked":["Runic Cube","Mark of Pain"],"picked":"Astrolabe"}],"items_purged_floors":[13,31,38],"is_endless":false,"potions_floor_spawned":[2,4,5,12,24,27,29,30,37,41,42,44],"ascension_level":0}