{"gold_per_floor":[119,5,18,34,34,34,68,68,137,237,237],"floor_reached":11,"playtime":213,"items_purged":["Strike_B"],"score":142,"play_id":"ecc59e30-4268-45ec-97de-b7dad5fb8506","local_time":"20190601124757","is_ascension_mode":true,"campfire_choices":[{"data":"Rip and Tear","floor":6,"key":"SMITH"},{"data":"Dualcast","floor":8,"key":"SMITH"}],"neow_cost":"NONE","seed_source_timestamp":53261505169856,"circlet_count":0,"master_deck":["AscendersBane","Strike_B","Strike_B","Defend_B","Defend_B","Defend_B","Defend_B","Zap","Dualcast+1","Rip and Tear+1","Hologram","Self Repair","Storm","Turbo","Heatsinks"],"relics":["Cracked Core","Omamori","Molten Egg 2","Kunai"],"potions_floor_usage":[],"damage_taken":[{"damage":0,"enemies":"Cultist","floor":1,"turns":2},{"damage":9,"enemies":"Jaw Worm","floor":3,"turns":4},{"damage":0,"enemies":"2 Louse","floor":4,"turns":1},{"damage":42,"enemies":"Lagavulin","floor":7,"turns":8},{"damage":19,"enemies":"Lots of Slimes","floor":11,"turns":2}],"seed_played":"-6425633087769653839","potions_obtained":[],"is_trial":false,"path_per_floor":["M","$","M","M","?","R","E","R","T","?","M"],"character_chosen":"DEFECT","items_purchased":["Self Repair"],"campfire_rested":0,"item_purchase_floors":[2],"current_hp_per_floor":[64,64,62,62,51,51,16,16,16,16,0],"gold":237,"neow_bonus":"TRANSFORM_CARD","is_prod":false,"is_daily":false,"chose_seed":false,"campfire_upgraded":2,"win_rate":0,"timestamp":1559364477,"path_taken":["M","$","?","M","?","R","E","R","T","?","M"],"build_version":"2019-01-23","purchased_purges":1,"victory":false,"max_hp_per_floor":[71,71,71,71,71,71,71,71,71,71,71],"card_choices":[{"not_picked":["Steam","Static Discharge"],"picked":"Hologram","floor":1},{"not_picked":["Barrage","Reprogram"],"picked":"Storm","floor":3},{"not_picked":["Redo","Hologram"],"picked":"Turbo","floor":4},{"not_picked":["Go for the Eyes","Aggregate"],"picked":"Heatsinks","floor":7}],"player_experience":4958126,"relics_obtained":[{"floor":7,"key":"Molten Egg 2"},{"floor":9,"key":"Kunai"}],"event_choices":[{"damage_healed":0,"gold_gain":0,"player_choice":"Success","damage_taken":11,"relics_obtained":["Omamori"],"max_hp_gain":0,"max_hp_loss":0,"event_name":"Scrap Ooze","floor":5,"gold_loss":0},{"damage_healed":0,"gold_gain":100,"player_choice":"Gold","damage_taken":0,"max_hp_gain":0,"max_hp_loss":0,"event_name":"Wheel of Change","floor":10,"gold_loss":0}],"is_beta":false,"boss_relics":[],"items_purged_floors":[2],"is_endless":false,"potions_floor_spawned":[],"killed_by":"Lots of Slimes","ascension_level":20}