{"gold_per_floor":[116,116,131,56,76,76,86,100,100,100,117,17,17,36,36,138,138,156,170,45,55,55,55,72,83,83,83,94,94,94,128,128,224,224,239,284,298,148,148,148,177,177,177,177,195,223,223,298,298,298],"floor_reached":51,"playtime":2325,"items_purged":["Strike_R","Bash","Strike_R","Strike_R"],"score":742,"play_id":"c2ca9954-977e-4e55-8634-af8b489ad91b","local_time":"20190717150612","is_ascension_mode":false,"campfire_choices":[{"data":"Flex","floor":6.0,"key":"SMITH"},{"data":"Limit Break","floor":10.0,"key":"SMITH"},{"floor":13.0,"key":"REST"},{"data":"Burning Pact","floor":15.0,"key":"SMITH"},{"data":"Battle Trance","floor":23.0,"key":"SMITH"},{"data":"Limit Break","floor":27.0,"key":"SMITH"},{"data":"Second Wind","floor":29.0,"key":"SMITH"},{"data":"Evolve","floor":32.0,"key":"SMITH"},{"data":"Reaper","floor":40.0,"key":"SMITH"},{"data":"Ghostly Armor","floor":42.0,"key":"SMITH"},{"data":"Strike_R","floor":44.0,"key":"SMITH"},{"data":"Defend_R","floor":49,"key":"SMITH"}],"neow_cost":"PERCENT_DAMAGE","seed_source_timestamp":20494754758129,"circlet_count":0,"master_deck":["Strike_R+1","Defend_R","Defend_R","Defend_R","Defend_R+1","Limit Break+1","Evolve+1","Flex+1","Ghostly Armor+1","Burning Pact+1","Second Wind+1","Reaper+1","Battle Trance+1","Limit Break+1","Heavy Blade+1"],"special_seed":0,"relics":["Burning Blood","Gremlin Horn","Runic Dome","Red Skull","Ornamental Fan","Darkstone Periapt","Runic Pyramid","Magic Flower","CultistMask","Singing Bowl","Pocketwatch","Potion Belt","Question Card"],"potions_floor_usage":[46,50,50],"damage_taken":[{"damage":7.0,"enemies":"2 Louse","floor":1.0,"turns":3.0},{"damage":10.0,"enemies":"Cultist","floor":3.0,"turns":4.0},{"damage":6.0,"enemies":"Jaw Worm","floor":5.0,"turns":3.0},{"damage":24.0,"enemies":"Lots of Slimes","floor":7.0,"turns":7.0},{"damage":16.0,"enemies":"Large Slime","floor":8.0,"turns":6.0},{"damage":7.0,"enemies":"Blue Slaver","floor":11.0,"turns":4.0},{"damage":8.0,"enemies":"2 Fungi Beasts","floor":14.0,"turns":6.0},{"damage":20.0,"enemies":"Slime Boss","floor":16.0,"turns":6.0},{"damage":35.0,"enemies":"Spheric Guardian","floor":18.0,"turns":5.0},{"damage":5.0,"enemies":"Chosen","floor":19.0,"turns":4.0},{"damage":19.0,"enemies":"Shelled Parasite and Fungi","floor":21.0,"turns":4.0},{"damage":35.0,"enemies":"3 Cultists","floor":24.0,"turns":4.0},{"damage":28.0,"enemies":"Centurion and Healer","floor":25.0,"turns":4.0},{"damage":13.0,"enemies":"Chosen and Byrds","floor":28.0,"turns":5.0},{"damage":50.0,"enemies":"Gremlin Leader","floor":31.0,"turns":3.0},{"damage":41.0,"enemies":"Champ","floor":33.0,"turns":6.0},{"damage":47.0,"enemies":"3 Darklings","floor":35.0,"turns":4.0},{"damage":35.0,"enemies":"2 Orb Walkers","floor":36.0,"turns":4.0},{"damage":23.0,"enemies":"Orb Walker","floor":37.0,"turns":4.0},{"damage":2.0,"enemies":"Giant Head","floor":41.0,"turns":4.0},{"damage":17.0,"enemies":"3 Darklings","floor":45.0,"turns":3.0},{"damage":18,"enemies":"Reptomancer","floor":46,"turns":3},{"damage":43,"enemies":"Awakened One","floor":50,"turns":5}],"seed_played":"4964471205373372868","potions_obtained":[{"floor":1.0,"key":"EssenceOfSteel"},{"floor":16.0,"key":"Fire Potion"},{"floor":19.0,"key":"Block Potion"},{"floor":33.0,"key":"GamblersBrew"}],"is_trial":false,"path_per_floor":["M","?","M","$","M","R","M","M","T","R","M","$","R","M","R","B",null,"M","M","$","M","T","R","M","M","T","R","M","R","$","E","R","B",null,"M","?","M","$","?","R","E","R","T","R","M","E","?","T","R","B",null],"character_chosen":"IRONCLAD","items_purchased":[],"campfire_rested":1,"item_purchase_floors":[],"current_hp_per_floor":[55,55,51,51,51,51,33,23,23,23,22,22,46,44,44,30,80,68,80,80,80,80,80,80,80,80,80,80,80,80,80,80,77,80,80,80,80,80,80,80,82,82,82,82,82,84,80,80,80,80],"gold":298,"neow_bonus":"THREE_RARE_CARDS","is_prod":false,"is_daily":false,"chose_seed":false,"campfire_upgraded":11,"win_rate":0,"timestamp":1563347172,"path_taken":["M","?","M","$","M","R","M","M","T","R","M","$","R","M","R","BOSS","M","?","?","?","?","R","M","M","T","R","M","R","?","E","R","BOSS","M","?","M","$","?","R","E","R","T","R","?","E","?","?","R","BOSS"],"build_version":"2019-07-05","purchased_purges":4,"victory":true,"max_hp_per_floor":[80,80,80,80,80,80,80,80,80,80,80,80,80,80,80,80,80,80,80,80,80,80,80,80,80,80,80,80,80,80,80,80,80,80,80,80,80,80,80,80,82,82,82,82,82,84,80,80,80,80],"card_choices":[{"not_picked":["Demon Form","Feed"],"picked":"Limit Break","floor":0.0},{"not_picked":["Clothesline","Iron Wave"],"picked":"Evolve","floor":1.0},{"not_picked":["Evolve","Twin Strike"],"picked":"Flex","floor":3.0},{"not_picked":["Armaments","Warcry","Cleave"],"picked":"SKIP","floor":5.0},{"not_picked":["Perfected Strike","Seeing Red"],"picked":"Ghostly Armor","floor":7.0},{"not_picked":["Perfected Strike","Entrench","Rage"],"picked":"SKIP","floor":8.0},{"not_picked":["Wild Strike","Havoc"],"picked":"Burning Pact","floor":11.0},{"not_picked":["Reckless Charge","Pommel Strike"],"picked":"Second Wind","floor":14.0},{"not_picked":["Juggernaut","Feed"],"picked":"Reaper","floor":16.0},{"not_picked":["Twin Strike","Iron Wave"],"picked":"Battle Trance","floor":18.0},{"not_picked":["Combust+1","Rampage+1","Dual Wield"],"picked":"SKIP","floor":19.0},{"not_picked":["Battle Trance","Wild Strike","Ghostly Armor"],"picked":"SKIP","floor":21.0},{"not_picked":["Spot Weakness","Anger","True Grit"],"picked":"SKIP","floor":24.0},{"not_picked":["Cleave+1","Havoc+1"],"picked":"Limit Break","floor":25.0},{"not_picked":["Rage","Thunderclap","Pummel"],"picked":"SKIP","floor":28.0},{"not_picked":["Warcry","Anger","Pommel Strike"],"picked":"SKIP","floor":31.0},{"not_picked":["Dropkick+1","Iron Wave+1","Warcry"],"picked":"SKIP","floor":35.0},{"not_picked":["Perfected Strike+1","True Grit+1","Sword Boomerang"],"picked":"SKIP","floor":37.0},{"not_picked":["Dual Wield+1","Shrug It Off+1","Wild Strike"],"picked":"Singing Bowl","floor":41.0},{"not_picked":["Combust","Perfected Strike+1"],"picked":"Heavy Blade+1","floor":45.0},{"not_picked":["Havoc","Intimidate+1","Flame Barrier+1"],"picked":"Singing Bowl","floor":46}],"player_experience":5754078,"relics_obtained":[{"floor":9.0,"key":"Gremlin Horn"},{"floor":22.0,"key":"Red Skull"},{"floor":26.0,"key":"Ornamental Fan"},{"floor":31.0,"key":"Darkstone Periapt"},{"floor":36.0,"key":"Magic Flower"},{"floor":41.0,"key":"Singing Bowl"},{"floor":43.0,"key":"Pocketwatch"},{"floor":46,"key":"Potion Belt"},{"floor":48,"key":"Question Card"}],"event_choices":[{"cards_removed":["Strike_R"],"damage_healed":0.0,"max_hp_gain":0.0,"max_hp_loss":0.0,"gold_gain":0.0,"event_name":"Bonfire Elementals","player_choice":"Offered Basic","floor":2.0,"gold_loss":0.0,"damage_taken":0.0},{"damage_healed":0.0,"max_hp_gain":0.0,"max_hp_loss":0.0,"gold_gain":0.0,"event_name":"Mysterious Sphere","player_choice":"Fight","floor":36.0,"gold_loss":0.0,"damage_taken":0.0},{"damage_healed":0.0,"max_hp_gain":0.0,"max_hp_loss":0.0,"gold_gain":0.0,"event_name":"FaceTrader","player_choice":"Trade","floor":39.0,"gold_loss":0.0,"damage_taken":0.0,"relics_obtained":["CultistMask"]},{"damage_healed":0,"gold_gain":0,"player_choice":"Max HP","damage_taken":0,"max_hp_gain":0,"max_hp_loss":4,"event_name":"Winding Halls","floor":47,"gold_loss":0}],"is_beta":false,"boss_relics":[{"not_picked":["Tiny House","Philosopher\u0027s Stone"],"picked":"Runic Dome"},{"not_picked":["Eternal Feather","Black Blood"],"picked":"Runic Pyramid"}],"items_purged_floors":[4,12,20,38],"is_endless":false,"potions_floor_spawned":[1,16,19,24,31,33,37,41],"ascension_level":0}