{"gold_per_floor":[362,362,147,72,4,4,19,49,122,151,162,181,181,161,161,235,235,255,180,193,193,212,239,239,266,316,316,349,349,363,375,375,449,449,459,475,475,172,41,41,66,76,123,123,23,74,107,118,118,118],"floor_reached":51,"playtime":2068,"items_purged":["Strike_R","Strike_R","Strike_R"],"score":1480,"play_id":"3813196f-3ed9-4168-a369-331048cb056c","local_time":"20180923165459","is_ascension_mode":true,"campfire_choices":[{"data":"Body Slam","floor":6.0,"key":"SMITH"},{"data":"Body Slam","floor":15.0,"key":"SMITH"},{"data":"Flame Barrier","floor":24.0,"key":"SMITH"},{"floor":27,"key":"REST"},{"data":"Barricade","floor":29,"key":"SMITH"},{"data":"Armaments","floor":32,"key":"SMITH"},{"data":"Defend_R","floor":40,"key":"PURGE"},{"data":"Impervious","floor":44,"key":"SMITH"},{"floor":49,"key":"REST"}],"neow_cost":"TEN_PERCENT_HP_LOSS","seed_source_timestamp":0,"circlet_count":0,"master_deck":["Strike_R+1","Defend_R+1","Defend_R+1","Bash","AscendersBane","Body Slam+1","Flame Barrier+1","Feed","Armaments+1","Spot Weakness","Shrug It Off+1","Shrug It Off","Feel No Pain","Body Slam+1","Impervious+1","Body Slam+1","Burning Pact+1","Metallicize","Barricade+1","Battle Trance+1","Impervious+1","Ghostly Armor+1","Offering+1","Flame Barrier+1","Spot Weakness+1","Shrug It Off+1"],"special_seed":0,"relics":["Burning Blood","PreservedInsect","Peace Pipe","Blue Candle","StoneCalendar","Black Star","Boot","Art of War","Self Forming Clay","The Courier","War Paint","Mercury Hourglass","Toxic Egg 2","Snecko Eye","Bottled Tornado","Pantograph","Gremlin Horn","Potion Belt","Thread and Needle","Letter Opener","Sundial"],"potions_floor_usage":[25,31,33,41,46,50],"damage_taken":[{"damage":5.0,"enemies":"2 Louse","floor":1.0,"turns":4.0},{"damage":1.0,"enemies":"Cultist","floor":7.0,"turns":3.0},{"damage":3.0,"enemies":"Gremlin Nob","floor":8.0,"turns":3.0},{"damage":30.0,"enemies":"3 Sentries","floor":10.0,"turns":6.0},{"damage":10.0,"enemies":"Small Slimes","floor":11.0,"turns":3.0},{"damage":1.0,"enemies":"Blue Slaver","floor":12.0,"turns":7.0},{"damage":2.0,"enemies":"Hexaghost","floor":16.0,"turns":9.0},{"damage":18.0,"enemies":"Chosen","floor":18.0,"turns":7.0},{"damage":18.0,"enemies":"Shell Parasite","floor":20.0,"turns":7.0},{"damage":12.0,"enemies":"Centurion and Healer","floor":22.0,"turns":7.0},{"damage":25.0,"enemies":"Gremlin Leader","floor":23.0,"turns":7.0},{"damage":10,"enemies":"Slavers","floor":25,"turns":5},{"damage":8,"enemies":"Book of Stabbing","floor":28,"turns":4},{"damage":0,"enemies":"Snecko","floor":30,"turns":7},{"damage":9,"enemies":"Snake Plant","floor":31,"turns":3},{"damage":44,"enemies":"Automaton","floor":33,"turns":14},{"damage":0,"enemies":"3 Darklings","floor":35,"turns":6},{"damage":1,"enemies":"Orb Walker","floor":36,"turns":4},{"damage":23,"enemies":"Nemesis","floor":41,"turns":5},{"damage":36,"enemies":"4 Shapes","floor":42,"turns":5},{"damage":0,"enemies":"Mysterious Sphere","floor":46,"turns":5},{"damage":16,"enemies":"2 Orb Walkers","floor":47,"turns":2},{"damage":0,"enemies":"Sphere and 2 Shapes","floor":48,"turns":4},{"damage":13,"enemies":"Donu and Deca","floor":50,"turns":6}],"seed_played":"-8512786662875190346","potions_obtained":[{"floor":7.0,"key":"GamblersBrew"},{"floor":10.0,"key":"Swift Potion"},{"floor":12.0,"key":"Dexterity Potion"},{"floor":14.0,"key":"LiquidBronze"},{"floor":16.0,"key":"Poison Potion"},{"floor":18.0,"key":"Regen Potion"},{"floor":23.0,"key":"Dexterity Potion"},{"floor":30,"key":"Poison Potion"},{"floor":31,"key":"Regen Potion"},{"floor":36,"key":"Energy Potion"},{"floor":41,"key":"Energy Potion"},{"floor":47,"key":"Explosive Potion"}],"is_trial":false,"path_per_floor":["M","?","$","?","?","R","M","E","T","E","M","M","?","?","R","B",null,"M","?","M","?","M","E","R","E","T","R","E","R","M","M","R","B",null,"M","M","?","$","$","R","E","M","T","R","$","?","E","M","R","B"],"character_chosen":"IRONCLAD","items_purchased":["Armaments","Spot Weakness","Bottled Tornado","Offering+1"],"campfire_rested":2,"item_purchase_floors":[3,3,38,39],"current_hp_per_floor":[68,68,68,68,68,68,72,75,75,54,53,61,36,36,36,40,73,61,61,64,64,58,39,39,38,38,64,62,62,68,65,65,46,80,86,95,95,95,95,95,78,51,51,51,51,57,50,56,86,94],"gold":118,"neow_bonus":"TWO_FIFTY_GOLD","is_prod":false,"is_daily":false,"chose_seed":false,"campfire_upgraded":6,"win_rate":0,"timestamp":1537692899,"path_taken":["M","?","$","?","?","R","M","E","T","E","M","M","?","?","R","BOSS","M","?","M","?","M","E","R","E","T","R","E","R","M","?","R","BOSS","M","M","?","?","$","R","E","?","T","R","$","?","E","M","R","BOSS"],"build_version":"2018-09-20","purchased_purges":3,"victory":true,"max_hp_per_floor":[68,68,68,68,68,68,72,75,75,78,81,84,84,84,84,84,84,84,84,84,84,84,84,84,87,87,87,87,87,87,87,87,91,91,91,95,95,95,95,95,95,98,98,98,98,98,101,101,101,101],"card_choices":[{"not_picked":["Clash","Disarm"],"picked":"Body Slam","floor":1.0},{"not_picked":["Flame Barrier","Armaments"],"picked":"Shrug It Off","floor":7.0},{"not_picked":["Iron Wave","Inflame"],"picked":"Shrug It Off","floor":8.0},{"not_picked":["Headbutt","Spot Weakness","Clothesline"],"picked":"SKIP","floor":10.0},{"not_picked":["Pommel Strike","Thunderclap"],"picked":"Feel No Pain","floor":11.0},{"not_picked":["Infernal Blade","Reckless Charge"],"picked":"Body Slam","floor":12.0},{"not_picked":["Dark Embrace","Double Tap"],"picked":"Impervious","floor":16.0},{"not_picked":["Clash","Intimidate","Iron Wave"],"picked":"SKIP","floor":18.0},{"not_picked":["Blood for Blood","Pommel Strike","Headbutt"],"picked":"SKIP","floor":20.0},{"not_picked":["Flex","Carnage","Body Slam"],"picked":"SKIP","floor":22.0},{"not_picked":["Feel No Pain+1","Cleave"],"picked":"Burning Pact+1","floor":23.0},{"not_picked":["Flame Barrier","Battle Trance"],"picked":"Metallicize","floor":25},{"not_picked":["Perfected Strike","Thunderclap"],"picked":"Barricade","floor":28},{"not_picked":["Havoc+1","Pommel Strike","Rampage"],"picked":"SKIP","floor":30},{"not_picked":["Sword Boomerang","Combust"],"picked":"Battle Trance+1","floor":31},{"not_picked":["Demon Form","Dark Embrace"],"picked":"Impervious+1","floor":33},{"not_picked":["Anger","Warcry+1"],"picked":"Ghostly Armor+1","floor":35},{"not_picked":["Corruption+1","Iron Wave","Thunderclap+1"],"picked":"SKIP","floor":36},{"not_picked":["Shockwave+1","Iron Wave"],"picked":"Flame Barrier+1","floor":41},{"not_picked":["Sword Boomerang","Clash","Thunderclap"],"picked":"SKIP","floor":42},{"not_picked":["Immolate","Carnage"],"picked":"Spot Weakness+1","floor":46},{"not_picked":["Infernal Blade+1","Blood for Blood+1","Heavy Blade"],"picked":"SKIP","floor":47},{"not_picked":["Armaments+1","Seeing Red+1"],"picked":"Shrug It Off+1","floor":48}],"player_experience":107197,"relics_obtained":[{"floor":8.0,"key":"Peace Pipe"},{"floor":9.0,"key":"Blue Candle"},{"floor":10.0,"key":"StoneCalendar"},{"floor":23.0,"key":"Boot"},{"floor":23.0,"key":"Art of War"},{"floor":25,"key":"Self Forming Clay"},{"floor":25,"key":"The Courier"},{"floor":26,"key":"War Paint"},{"floor":28,"key":"Mercury Hourglass"},{"floor":28,"key":"Toxic Egg 2"},{"floor":41,"key":"Pantograph"},{"floor":41,"key":"Gremlin Horn"},{"floor":43,"key":"Potion Belt"},{"floor":46,"key":"Thread and Needle"},{"floor":47,"key":"Letter Opener"},{"floor":47,"key":"Sundial"}],"event_choices":[{"event_name":"Match and Keep!","player_choice":"2 cards matched","floor":2.0,"damage_taken":0.0},{"event_name":"The Cleric","player_choice":"Card Removal","floor":4.0,"damage_taken":0.0},{"event_name":"WeMeetAgain","player_choice":"Gold","floor":5.0,"damage_taken":0.0},{"event_name":"Shining Light","player_choice":"Entered Light","floor":13.0,"damage_taken":0.0},{"event_name":"The Woman in Blue","player_choice":"Bought 1 Potion","floor":14.0,"damage_taken":0.0},{"event_name":"Beggar","player_choice":"Gave Gold","floor":19.0,"damage_taken":0.0},{"event_name":"Duplicator","player_choice":"One dupe","floor":21.0,"damage_taken":0.0},{"event_name":"Tomb of Lord Red Mask","player_choice":"Ignored","floor":37,"damage_taken":0},{"event_name":"Mysterious Sphere","player_choice":"Fight","floor":46,"damage_taken":0}],"is_beta":false,"boss_relics":[{"not_picked":["Ectoplasm","Eternal Feather"],"picked":"Black Star"},{"not_picked":["Runic Cube","Calling Bell"],"picked":"Snecko Eye"}],"items_purged_floors":[3,38,45],"is_endless":false,"potions_floor_spawned":[7,10,12,16,18,23,30,31,36,41,47],"ascension_level":17}