{"gold_per_floor":[115,129,129,129,148,148,168,168,191,210,245,10,27,27],"floor_reached":14,"playtime":428,"items_purged":["Defend_G"],"score":184,"play_id":"d4731346-3110-463c-ac0e-b7ef6d334042","local_time":"20190219214311","is_ascension_mode":true,"campfire_choices":[{"data":"Caltrops","floor":6,"key":"SMITH"},{"data":"Neutralize","floor":8,"key":"SMITH"}],"neow_cost":"NONE","seed_source_timestamp":48506359272009,"circlet_count":0,"master_deck":["AscendersBane","Defend_G","Defend_G","Defend_G","Defend_G","Strike_G","Strike_G","Strike_G","Strike_G","Survivor","Neutralize+1","Caltrops+1","Reflex","Bullet Time","Backstab","Unload"],"relics":["Ring of the Snake","NeowsBlessing","Lantern","Bag of Preparation","Vajra"],"potions_floor_usage":[11,11],"damage_taken":[{"damage":0,"enemies":"2 Louse","floor":1,"turns":1},{"damage":0,"enemies":"Jaw Worm","floor":2,"turns":1},{"damage":0,"enemies":"Cultist","floor":5,"turns":1},{"damage":4,"enemies":"Red Slaver","floor":7,"turns":5},{"damage":19,"enemies":"Lots of Slimes","floor":10,"turns":6},{"damage":24,"enemies":"3 Sentries","floor":11,"turns":11},{"damage":0,"enemies":"2 Fungi Beasts","floor":13,"turns":2},{"damage":6,"enemies":"Gremlin Nob","floor":14,"turns":3}],"seed_played":"8742620394019046747","potions_obtained":[{"floor":5,"key":"SteroidPotion"},{"floor":7,"key":"SpeedPotion"},{"floor":10,"key":"Fire Potion"}],"is_trial":false,"path_per_floor":["M","M","?","?","M","R","M","R","T","M","E","$","M","E"],"character_chosen":"THE_SILENT","items_purchased":["Vajra"],"campfire_rested":0,"item_purchase_floors":[12],"current_hp_per_floor":[59,59,59,54,54,54,50,50,50,31,7,7,7,1],"gold":27,"neow_bonus":"THREE_ENEMY_KILL","is_prod":false,"is_daily":false,"chose_seed":false,"campfire_upgraded":2,"win_rate":0,"timestamp":1550583791,"path_taken":["M","M","?","?","M","R","?","R","T","M","E","$","M","E"],"build_version":"2019-01-23","purchased_purges":1,"victory":false,"max_hp_per_floor":[66,66,66,66,66,66,66,66,66,66,66,66,66,66],"card_choices":[{"not_picked":["Bane","Predator"],"picked":"Caltrops","floor":1},{"not_picked":["Distraction","Acrobatics"],"picked":"Reflex","floor":2},{"not_picked":["Blade Dance","PiercingWail"],"picked":"Backstab","floor":5},{"not_picked":["Flying Knee","Prepared","Cloak And Dagger"],"picked":"SKIP","floor":7},{"not_picked":["Quick Slash","Bane","Sucker Punch"],"picked":"SKIP","floor":10},{"not_picked":["Masterful Stab","Expertise"],"picked":"Unload","floor":11},{"not_picked":["Skewer","Backflip","Infinite Blades"],"picked":"SKIP","floor":13}],"player_experience":2973374,"relics_obtained":[{"floor":11,"key":"Bag of Preparation"}],"event_choices":[{"damage_healed":0,"gold_gain":0,"cards_transformed":["Strike_G"],"player_choice":"Change","damage_taken":0,"max_hp_gain":0,"max_hp_loss":0,"event_name":"Living Wall","floor":3,"gold_loss":0,"cards_obtained":["Bullet Time"]},{"damage_healed":0,"gold_gain":0,"player_choice":"Success","damage_taken":5,"relics_obtained":["Lantern"],"max_hp_gain":0,"max_hp_loss":0,"event_name":"Scrap Ooze","floor":4,"gold_loss":0}],"is_beta":false,"boss_relics":[],"items_purged_floors":[12],"is_endless":false,"potions_floor_spawned":[5,7,10],"killed_by":"Gremlin Nob","ascension_level":20}