{"gold_per_floor":[118,132,57,72,92,92,167,199,252,268,3,3,22,36,36,36],"floor_reached":16,"playtime":763,"items_purged":["Strike_G"],"score":208,"play_id":"a4a8bae5-ba7d-41ec-84e4-98b160366081","local_time":"20190408164637","is_ascension_mode":true,"campfire_choices":[{"data":"Noxious Fumes","floor":6.0,"key":"SMITH"},{"floor":12.0,"key":"REST"},{"data":"Well Laid Plans","floor":15.0,"key":"SMITH"}],"neow_cost":"PERCENT_DAMAGE","seed_source_timestamp":17251202813543,"circlet_count":0,"master_deck":["AscendersBane","Defend_G","Defend_G","Defend_G","Defend_G","Defend_G","Strike_G","Strike_G","Strike_G","Strike_G","Survivor","Neutralize","Wraith Form v2","Well Laid Plans+1","Calculated Gamble","Infinite Blades","Noxious Fumes+1","Tactician","Heel Hook"],"special_seed":0,"relics":["Ring of the Snake","Dodecahedron","Regal Pillow","Kunai"],"potions_floor_usage":[],"damage_taken":[{"damage":0.0,"enemies":"Small Slimes","floor":1.0,"turns":5.0},{"damage":0.0,"enemies":"Cultist","floor":2.0,"turns":4.0},{"damage":2.0,"enemies":"2 Louse","floor":4.0,"turns":4.0},{"damage":4.0,"enemies":"Red Slaver","floor":5.0,"turns":6.0},{"damage":14.0,"enemies":"3 Sentries","floor":8.0,"turns":8.0},{"damage":3.0,"enemies":"Looter","floor":10.0,"turns":5.0},{"damage":4.0,"enemies":"3 Louse","floor":13.0,"turns":5.0},{"damage":3.0,"enemies":"2 Fungi Beasts","floor":14.0,"turns":5.0},{"damage":27,"enemies":"The Guardian","floor":16,"turns":4}],"seed_played":"2108685881373298368","potions_obtained":[{"floor":1.0,"key":"Energy Potion"},{"floor":2.0,"key":"EssenceOfSteel"}],"is_trial":false,"path_per_floor":["M","M","$","M","M","R","?","E","T","M","$","R","M","M","R","B"],"character_chosen":"THE_SILENT","items_purchased":["Kunai"],"campfire_rested":1,"item_purchase_floors":[11],"current_hp_per_floor":[44,44,44,42,38,38,27,13,13,10,10,44,40,37,37,10],"gold":36,"neow_bonus":"THREE_RARE_CARDS","is_prod":false,"is_daily":false,"chose_seed":false,"campfire_upgraded":2,"win_rate":0,"timestamp":1554713197,"path_taken":["M","M","$","M","M","R","?","E","T","M","$","R","M","M","R","BOSS"],"build_version":"2019-01-23","purchased_purges":1,"victory":false,"max_hp_per_floor":[66,66,66,66,66,66,66,66,66,66,66,66,66,66,66,66],"card_choices":[{"not_picked":["Phantasmal Killer","Doppelganger"],"picked":"Wraith Form v2","floor":0.0},{"not_picked":["Prepared","Acrobatics"],"picked":"Well Laid Plans","floor":1.0},{"not_picked":["Acrobatics","Underhanded Strike"],"picked":"Calculated Gamble","floor":2.0},{"not_picked":["PiercingWail","Prepared"],"picked":"Infinite Blades","floor":4.0},{"not_picked":["Poisoned Stab","Cloak And Dagger"],"picked":"Noxious Fumes","floor":5.0},{"not_picked":["PiercingWail","Accuracy","Bane"],"picked":"SKIP","floor":8.0},{"not_picked":["Deflect","Dagger Spray"],"picked":"Tactician","floor":10.0},{"not_picked":["Dagger Spray","Quick Slash","Flechettes"],"picked":"SKIP","floor":13.0},{"not_picked":["Finisher","Dodge and Roll"],"picked":"Heel Hook","floor":14.0}],"player_experience":4157276,"relics_obtained":[{"floor":8.0,"key":"Dodecahedron"},{"floor":9.0,"key":"Regal Pillow"}],"event_choices":[{"damage_healed":0.0,"max_hp_gain":0.0,"max_hp_loss":0.0,"gold_gain":75.0,"event_name":"World of Goop","player_choice":"Gather Gold","floor":7.0,"gold_loss":0.0,"damage_taken":11.0}],"is_beta":false,"boss_relics":[],"items_purged_floors":[3],"is_endless":false,"potions_floor_spawned":[1,2,8],"killed_by":"The Guardian","ascension_level":20}