{"gold_per_floor":[113,38,58,0,16,16,42,42,69,69,98,117,117,161,161,260,260,220],"floor_reached":18,"playtime":434,"items_purged":["Strike_B"],"score":436,"play_id":"12623027-462d-43bb-baa0-cc36607d056e","local_time":"20190222202004","is_ascension_mode":true,"campfire_choices":[{"data":"Sunder","floor":6.0,"key":"SMITH"},{"data":"Sunder","floor":8,"key":"SMITH"},{"data":"Dualcast","floor":13,"key":"SMITH"},{"data":"Zap","floor":15,"key":"SMITH"}],"neow_cost":"NONE","seed_source_timestamp":36047121493423,"circlet_count":0,"master_deck":["AscendersBane","Strike_B","Strike_B","Strike_B","Defend_B","Defend_B","Defend_B","Defend_B","Zap+1","Dualcast+1","Ball Lightning","Ball Lightning","Sunder+1","Sunder+1","Ball Lightning","Turbo","Reboot","Buffer","Thunder Strike","Beam Cell","Gash","Steam"],"special_seed":0,"relics":["Cracked Core","NeowsBlessing","Bronze Scales","Smiling Mask","Pen Nib","Golden Idol","Odd Mushroom","Unceasing Top","Orrery"],"potions_floor_usage":[7,14,14],"damage_taken":[{"damage":0.0,"enemies":"2 Louse","floor":1.0,"turns":1.0},{"damage":0.0,"enemies":"Cultist","floor":3.0,"turns":1.0},{"damage":0.0,"enemies":"Jaw Worm","floor":5.0,"turns":1.0},{"damage":8,"enemies":"Gremlin Nob","floor":7,"turns":3},{"damage":1,"enemies":"The Mushroom Lair","floor":11,"turns":2},{"damage":1,"enemies":"Looter","floor":12,"turns":2},{"damage":10,"enemies":"3 Sentries","floor":14,"turns":4},{"damage":0,"enemies":"Slime Boss","floor":16,"turns":4},{"damage":22,"enemies":"2 Thieves","floor":18,"turns":2}],"seed_played":"-4558868063496060992","potions_obtained":[{"floor":5.0,"key":"Swift Potion"},{"floor":7,"key":"GamblersBrew"},{"floor":12,"key":"Regen Potion"}],"is_trial":false,"path_per_floor":["M","$","M","?","M","R","E","R","T","?","?","M","R","E","R","B",null,"M"],"character_chosen":"DEFECT","items_purchased":[],"campfire_rested":0,"item_purchase_floors":[],"current_hp_per_floor":[64,64,64,64,64,64,56,56,56,56,55,54,54,56,56,56,62,40],"gold":220,"neow_bonus":"THREE_ENEMY_KILL","is_prod":false,"is_daily":false,"chose_seed":false,"campfire_upgraded":4,"win_rate":0,"timestamp":1550838004,"path_taken":["M","$","M","?","?","R","E","R","T","?","?","M","R","E","R","BOSS","M"],"build_version":"2019-01-23","purchased_purges":1,"victory":false,"max_hp_per_floor":[71,71,71,71,71,71,71,71,71,64,64,64,64,64,64,64,64,64],"card_choices":[{"not_picked":["Cold Snap","Fusion"],"picked":"Ball Lightning","floor":1.0},{"not_picked":["Rebound","Leap"],"picked":"Ball Lightning","floor":3.0},{"not_picked":["Beam Cell","Storm"],"picked":"Sunder","floor":5.0},{"not_picked":["Steam","Hello World"],"picked":"Sunder","floor":7},{"not_picked":["Redo","Steam"],"picked":"Ball Lightning","floor":11},{"not_picked":["Multi-Cast","Barrage"],"picked":"Turbo","floor":12},{"not_picked":["Beam Cell","Streamline"],"picked":"Reboot","floor":14},{"not_picked":["Multi-Cast","All For One"],"picked":"Buffer","floor":16},{"not_picked":["Static Discharge","Barrage"],"picked":"Thunder Strike","floor":17},{"not_picked":["Conserve Battery","Chaos"],"picked":"Beam Cell","floor":17},{"not_picked":["White Noise","Chaos"],"picked":"Gash","floor":17},{"not_picked":["Conserve Battery","Stack"],"picked":"Steam","floor":17}],"player_experience":3054471,"relics_obtained":[{"floor":7,"key":"Smiling Mask"},{"floor":9,"key":"Pen Nib"},{"floor":11,"key":"Odd Mushroom"},{"floor":14,"key":"Unceasing Top"}],"event_choices":[{"damage_healed":0.0,"max_hp_gain":0.0,"max_hp_loss":0.0,"gold_gain":0.0,"event_name":"WeMeetAgain","player_choice":"Paid Gold","floor":4.0,"gold_loss":58.0,"damage_taken":0.0,"relics_obtained":["Bronze Scales"]},{"damage_healed":0,"gold_gain":0,"player_choice":"Lose Max HP","damage_taken":0,"relics_obtained":["Golden Idol"],"max_hp_gain":0,"max_hp_loss":7,"event_name":"Golden Idol","floor":10,"gold_loss":0},{"damage_healed":0,"gold_gain":0,"player_choice":"Fought Mushrooms","damage_taken":0,"max_hp_gain":0,"max_hp_loss":0,"event_name":"Mushrooms","floor":11,"gold_loss":0}],"is_beta":false,"boss_relics":[{"not_picked":["Velvet Choker","Lizard Tail"],"picked":"Orrery"}],"items_purged_floors":[2],"is_endless":false,"potions_floor_spawned":[5,7,12],"killed_by":"2 Thieves","ascension_level":20}