{"gold_per_floor":[219,219,12,87,87,87,97,97,97,117,117,135,148,73,73,170,170,181,181,201,232,25,25,37,37,37,37,37,37,37,49,49,152,152,171,229,229,2,18,47,47,66,138,138,62,62,62,82,82,107],"floor_reached":51,"playtime":2431,"items_purged":["Pain"],"score":713,"play_id":"a15dd54c-7aba-43f6-9b43-9a21c092718d","local_time":"20181101152937","is_ascension_mode":false,"campfire_choices":[{"data":"Neutralize","floor":6,"key":"SMITH"},{"data":"Survivor","floor":8,"key":"SMITH"},{"data":"Hologram","floor":15,"key":"SMITH"},{"data":"Whirlwind","floor":23,"key":"SMITH"},{"data":"Transmutation","floor":25,"key":"SMITH"},{"data":"Deadly Poison","floor":27,"key":"SMITH"},{"data":"J.A.X.","floor":29,"key":"SMITH"},{"data":"Echo Form","floor":32,"key":"SMITH"},{"floor":41,"key":"REST"},{"floor":44,"key":"REST"},{"floor":49,"key":"REST"}],"neow_cost":"NONE","seed_source_timestamp":19058870408331,"circlet_count":0,"master_deck":["Defend_G","Defend_G","Defend_G","Defend_G","Defend_G","Strike_G","Strike_G","Strike_G","Strike_G","Strike_G","Survivor+1","Neutralize+1","Evolve","Echo Form+1","Hologram+1","Master of Strategy","Deadly Poison+1","Whirlwind+1","Concentrate","Transmutation+1","Second Wind","J.A.X.+1","HandOfGreed","True Grit+1","Conserve Battery+1","Well Laid Plans","Cloak And Dagger+1","Finesse+1","Backflip","Clumsy","Well Laid Plans+1","Impatience","Finesse","Chrysalis","Well Laid Plans+1"],"relics":["Ring of the Snake","PrismaticShard","Unceasing Top","WarpedTongs","Orrery","Red Mask","ClockworkSouvenir","Blood Vial","Cursed Key","Oddly Smooth Stone","Centennial Puzzle","Frozen Egg 2"],"potions_floor_usage":[21,21,31,39,50,50,50],"damage_taken":[{"damage":2,"enemies":"2 Louse","floor":1,"turns":4},{"damage":0,"enemies":"Cultist","floor":7,"turns":3},{"damage":0,"enemies":"Small Slimes","floor":10,"turns":5},{"damage":15,"enemies":"Blue Slaver","floor":12,"turns":5},{"damage":2,"enemies":"3 Louse","floor":13,"turns":3},{"damage":30,"enemies":"Hexaghost","floor":16,"turns":13},{"damage":0,"enemies":"3 Byrds","floor":18,"turns":5},{"damage":6,"enemies":"Chosen","floor":20,"turns":5},{"damage":0,"enemies":"Masked Bandits","floor":21,"turns":2},{"damage":0,"enemies":"Snake Plant","floor":24,"turns":6},{"damage":7,"enemies":"Snecko","floor":31,"turns":4},{"damage":42,"enemies":"Collector","floor":33,"turns":6},{"damage":8,"enemies":"Orb Walker","floor":35,"turns":4},{"damage":0,"enemies":"3 Shapes","floor":36,"turns":8},{"damage":27,"enemies":"Writhing Mass","floor":39,"turns":6},{"damage":6,"enemies":"Nemesis","floor":40,"turns":7},{"damage":14,"enemies":"3 Darklings","floor":42,"turns":4},{"damage":3,"enemies":"Transient","floor":48,"turns":5},{"damage":52,"enemies":"Awakened One","floor":50,"turns":9}],"seed_played":"-2630668023609882389","potions_obtained":[{"floor":1,"key":"FearPotion"},{"floor":12,"key":"Block Potion"},{"floor":20,"key":"SteroidPotion"},{"floor":21,"key":"Poison Potion"},{"floor":33,"key":"GamblersBrew"},{"floor":36,"key":"Swift Potion"},{"floor":42,"key":"LiquidBronze"}],"is_trial":false,"path_per_floor":["M","?","$","?","?","R","M","R","T","M","?","M","M","$","R","B",null,"M","?","M","?","$","R","M","R","T","R","?","R","$","M","R","B",null,"M","M","?","$","M","E","R","M","T","R","$","?","?","M","R","B"],"character_chosen":"THE_SILENT","items_purchased":["PrismaticShard","ClockworkSouvenir","Well Laid Plans","Oddly Smooth Stone","Well Laid Plans+1"],"campfire_rested":3,"item_purchase_floors":[3,22,38,38,45],"current_hp_per_floor":[68,68,68,57,57,57,57,57,57,57,57,42,40,40,40,10,70,70,70,64,64,64,64,64,64,64,64,64,64,64,59,59,19,70,62,64,64,64,39,35,56,44,44,65,65,55,55,54,70,18],"gold":107,"neow_bonus":"HUNDRED_GOLD","is_prod":false,"is_daily":false,"chose_seed":false,"campfire_upgraded":8,"win_rate":0,"timestamp":1541057377,"path_taken":["M","?","$","?","?","R","M","R","T","M","?","M","M","$","R","BOSS","M","?","?","?","?","R","M","R","T","R","?","R","$","M","R","BOSS","M","M","?","$","M","E","R","M","T","R","$","?","?","M","R","BOSS"],"build_version":"2018-10-25v2","purchased_purges":1,"victory":true,"max_hp_per_floor":[70,70,70,70,70,70,70,70,70,70,70,70,70,70,70,70,70,70,70,70,70,70,70,70,70,70,70,70,70,70,70,70,70,70,70,70,70,70,70,70,70,70,70,70,70,70,70,70,70,70],"card_choices":[{"not_picked":["Crippling Poison","Dodge and Roll","Underhanded Strike"],"picked":"SKIP","floor":1},{"not_picked":["Deadly Poison","Dual Wield"],"picked":"Evolve","floor":7},{"not_picked":["Deflect","Rampage"],"picked":"Echo Form","floor":10},{"not_picked":["Cold Snap","Backflip"],"picked":"Impatience","floor":12},{"not_picked":["Reckless Charge","Deflect"],"picked":"Hologram","floor":13},{"not_picked":["Storm of Steel","Transmutation"],"picked":"Master of Strategy","floor":16},{"not_picked":["Whirlwind","Reinforced Body"],"picked":"Deadly Poison","floor":17},{"not_picked":["Beam Cell","Sucker Punch"],"picked":"Whirlwind","floor":17},{"not_picked":["Predator+1","Bloodletting","Headbutt"],"picked":"SKIP","floor":18},{"not_picked":["Poisoned Stab","Dagger Spray","Clothesline"],"picked":"SKIP","floor":20},{"not_picked":["Good Instincts","Beam Cell"],"picked":"Transmutation","floor":21},{"not_picked":["Body Slam+1","Skim+1"],"picked":"Second Wind","floor":24},{"not_picked":["Clash","Bane+1","Sweeping Beam"],"picked":"SKIP","floor":31},{"not_picked":["Feed","Storm of Steel"],"picked":"HandOfGreed","floor":33},{"not_picked":["Stack+1","Prepared+1"],"picked":"True Grit+1","floor":35},{"not_picked":["Dropkick","Deflect"],"picked":"Conserve Battery+1","floor":36},{"not_picked":["Cleave+1","Blur"],"picked":"Cloak And Dagger+1","floor":39},{"not_picked":["Redo","PiercingWail+1"],"picked":"Finesse+1","floor":40},{"not_picked":["Quick Slash+1","Second Wind+1"],"picked":"Backflip","floor":42},{"not_picked":["Mind Blast","Forethought"],"picked":"Impatience","floor":46},{"not_picked":["Dark Shackles","Swift Strike"],"picked":"Finesse","floor":46},{"not_picked":["Panacea","Discovery"],"picked":"Chrysalis","floor":46},{"not_picked":["Sentinel+1","Scrape+1"],"picked":"Well Laid Plans+1","floor":48}],"player_experience":807280,"relics_obtained":[{"floor":9,"key":"Unceasing Top"},{"floor":21,"key":"Red Mask"},{"floor":26,"key":"Blood Vial"},{"floor":40,"key":"Centennial Puzzle"},{"floor":43,"key":"Frozen Egg 2"}],"event_choices":[{"damage_healed":0,"gold_gain":0,"player_choice":"0 cards matched","damage_taken":0,"max_hp_gain":0,"max_hp_loss":0,"event_name":"Match and Keep!","floor":2,"gold_loss":0,"cards_obtained":[]},{"damage_healed":0,"gold_gain":75,"player_choice":"Gather Gold","damage_taken":11,"max_hp_gain":0,"max_hp_loss":0,"event_name":"World of Goop","floor":4,"gold_loss":0},{"damage_healed":0,"gold_gain":0,"player_choice":"Bought 0 Potions","damage_taken":0,"max_hp_gain":0,"max_hp_loss":0,"event_name":"The Woman in Blue","floor":5,"gold_loss":0},{"damage_healed":0,"gold_gain":0,"player_choice":"Rummage","damage_taken":0,"relics_obtained":["WarpedTongs"],"max_hp_gain":0,"max_hp_loss":0,"event_name":"Accursed Blacksmith","floor":11,"gold_loss":0,"cards_obtained":["Pain"]},{"damage_healed":0,"gold_gain":0,"player_choice":"Read","damage_taken":0,"max_hp_gain":0,"max_hp_loss":0,"event_name":"The Library","floor":19,"gold_loss":0,"cards_obtained":["Concentrate"]},{"damage_healed":0,"gold_gain":0,"player_choice":"Fought Bandits","damage_taken":0,"max_hp_gain":0,"max_hp_loss":0,"event_name":"Masked Bandits","floor":21,"gold_loss":0},{"damage_healed":0,"gold_gain":0,"player_choice":"Obtain J.A.X.","damage_taken":0,"max_hp_gain":0,"max_hp_loss":0,"event_name":"Drug Dealer","floor":28,"gold_loss":0,"cards_obtained":["J.A.X."]},{"cards_removed":["Impatience"],"damage_healed":0,"gold_gain":0,"player_choice":"Removed Skill","damage_taken":0,"max_hp_gain":0,"max_hp_loss":0,"event_name":"Falling","floor":37,"gold_loss":0},{"damage_healed":0,"gold_gain":0,"player_choice":"Memory 3","damage_taken":10,"max_hp_gain":0,"max_hp_loss":0,"event_name":"SensoryStone","floor":46,"gold_loss":0},{"damage_healed":0,"gold_gain":0,"player_choice":"Ignored","damage_taken":0,"max_hp_gain":0,"max_hp_loss":0,"event_name":"Mysterious Sphere","floor":47,"gold_loss":0}],"is_beta":false,"boss_relics":[{"not_picked":["Pandora\u0027s Box","Lizard Tail"],"picked":"Orrery"},{"not_picked":["Ring of the Serpent","Black Star"],"picked":"Cursed Key"}],"items_purged_floors":[14],"is_endless":false,"potions_floor_spawned":[1,12,20,21,33,36,42],"ascension_level":0}