{"gold_per_floor":[117,42,42,42,42,42,57,74,145,164,193,193,205,223,223,297,297,315,77,77,87,87,87,3,3,3,22,39,39,39],"floor_reached":30,"playtime":1140,"items_purged":["Strike_B"],"score":460,"play_id":"a6597b68-15e3-4b06-900d-c2cc6a09fd53","local_time":"20190202210041","is_ascension_mode":true,"campfire_choices":[{"data":"Dualcast","floor":6.0,"key":"SMITH"},{"data":"Zap","floor":12.0,"key":"SMITH"},{"data":"Recycle","floor":15.0,"key":"SMITH"},{"data":"Biased Cognition","floor":23,"key":"SMITH"},{"data":"Capacitor","floor":25,"key":"SMITH"},{"floor":29,"key":"REST"}],"neow_cost":"TEN_PERCENT_HP_LOSS","seed_source_timestamp":0,"circlet_count":0,"master_deck":["AscendersBane","Strike_B","Defend_B","Defend_B","Defend_B","Defend_B","Zap+1","Dualcast+1","Transmutation","Finesse","Glacier","Chill","All For One+1","Streamline+1","Recycle+1","Ball Lightning+1","Multi-Cast","Hyperbeam+1","Core Surge+1","Biased Cognition+1","Capacitor+1","Self Repair","FTL+1"],"special_seed":0,"relics":["Cracked Core","Molten Egg 2","Whetstone","Empty Cage","Dream Catcher"],"potions_floor_usage":[28,28],"damage_taken":[{"damage":1.0,"enemies":"Cultist","floor":1.0,"turns":4.0},{"damage":7.0,"enemies":"Jaw Worm","floor":7.0,"turns":3.0},{"damage":0.0,"enemies":"2 Louse","floor":8.0,"turns":1.0},{"damage":1.0,"enemies":"2 Fungi Beasts","floor":10.0,"turns":4.0},{"damage":20.0,"enemies":"Lagavulin","floor":11.0,"turns":10.0},{"damage":4.0,"enemies":"3 Louse","floor":13.0,"turns":3.0},{"damage":0.0,"enemies":"Looter","floor":14.0,"turns":2.0},{"damage":27.0,"enemies":"Hexaghost","floor":16.0,"turns":9.0},{"damage":3,"enemies":"theJungle:5_Spyders","floor":18,"turns":4},{"damage":18,"enemies":"theJungle:Flameango_and_Byrd","floor":21,"turns":6},{"damage":5,"enemies":"theJungle:SlimyTreeVines","floor":27,"turns":6},{"damage":32,"enemies":"theJungle:2_Snecko_Cultists","floor":28,"turns":6},{"damage":38,"enemies":"theJungle:2_Phrogs","floor":30,"turns":3}],"seed_played":"-8278843934558263014","potions_obtained":[{"floor":1.0,"key":"Ancient Potion"},{"floor":7.0,"key":"Swift Potion"},{"floor":11.0,"key":"SkillPotion"},{"floor":21,"key":"Swift Potion"}],"is_trial":false,"path_per_floor":["M","$","?","$","?","R","M","M","T","M","E","R","M","M","R","B",null,"M","$","?","M","$","R","$","R","T","M","M","R","E"],"character_chosen":"DEFECT","items_purchased":["Core Surge+1","Biased Cognition","Self Repair"],"campfire_rested":1,"item_purchase_floors":[19,19,24],"current_hp_per_floor":[63,63,63,63,63,63,56,56,56,55,35,35,31,31,31,4,49,46,46,46,28,28,28,28,28,28,36,4,23,0],"gold":39,"neow_bonus":"RANDOM_COLORLESS_2","is_prod":false,"is_daily":false,"chose_seed":false,"campfire_upgraded":5,"win_rate":0,"timestamp":1549112441,"path_taken":["M","$","?","?","?","R","M","?","T","M","E","R","M","M","R","BOSS","M","$","?","M","?","R","$","R","T","M","M","R","E"],"build_version":"2019-01-23","purchased_purges":1,"victory":false,"max_hp_per_floor":[64,64,64,64,64,64,64,64,64,64,64,64,64,64,64,64,64,64,64,64,64,64,64,64,64,64,64,64,64,64],"card_choices":[{"not_picked":["Self Repair","Darkness"],"picked":"Glacier","floor":1.0},{"not_picked":["Stack","Fusion","Rebound"],"picked":"SKIP","floor":7.0},{"not_picked":["Coolheaded","Self Repair"],"picked":"Streamline","floor":8.0},{"not_picked":["Sweeping Beam+1","Lockon+1"],"picked":"Recycle","floor":10.0},{"not_picked":["Barrage+1","Streamline+1"],"picked":"Ball Lightning+1","floor":11.0},{"not_picked":["Scrape+1","Doom and Gloom+1","Fusion"],"picked":"SKIP","floor":13.0},{"not_picked":["Scrape+1","Doom and Gloom+1","Fusion"],"picked":"SKIP","floor":13.0},{"not_picked":["Ball Lightning+1","Turbo"],"picked":"Multi-Cast","floor":14.0},{"not_picked":["Machine Learning","Buffer"],"picked":"Hyperbeam+1","floor":16.0},{"not_picked":["Redo","Leap","Ball Lightning+1"],"picked":"SKIP","floor":18},{"not_picked":["Sweeping Beam+1","Streamline+1"],"picked":"Capacitor","floor":21},{"not_picked":["Conserve Battery","Barrage+1","Streamline+1"],"picked":"SKIP","floor":27},{"not_picked":["Streamline+1","Rebound+1"],"picked":"FTL+1","floor":28}],"player_experience":2462240,"relics_obtained":[{"floor":9.0,"key":"Molten Egg 2"},{"floor":11.0,"key":"Whetstone"}],"event_choices":[{"damage_healed":0.0,"max_hp_gain":0.0,"max_hp_loss":0.0,"gold_gain":0.0,"event_name":"Liars Game","player_choice":"Ignored","floor":3.0,"gold_loss":0.0,"damage_taken":0.0},{"damage_healed":0.0,"max_hp_gain":0.0,"max_hp_loss":0.0,"gold_gain":0.0,"event_name":"Match and Keep!","player_choice":"2 cards matched","floor":5.0,"gold_loss":0.0,"damage_taken":0.0,"cards_obtained":["Chill","All For One"]},{"damage_healed":0,"gold_gain":0,"player_choice":"Gave Potion","damage_taken":0,"relics_obtained":["Dream Catcher"],"max_hp_gain":0,"max_hp_loss":0,"event_name":"WeMeetAgain","floor":20,"gold_loss":0}],"is_beta":false,"boss_relics":[{"not_picked":["Orrery","Eternal Feather"],"picked":"Empty Cage"}],"items_purged_floors":[2],"is_endless":false,"potions_floor_spawned":[1,7,11,13,16,21],"killed_by":"theJungle:2_Phrogs","ascension_level":20}