{"gold_per_floor":[119,44,44,58,75,75,109,109,136,136,153,169,179,210,210,306,306,323,68,68,68,81,81,94,94,94,106,106,120,120,120,120,215,215,225,225,239,259,284,284,298,327,327,25,25,43,43,60,60,60],"floor_reached":51,"playtime":1553,"items_purged":["Strike_G","Shame"],"score":739,"play_id":"6111226e-c16a-406e-862f-312026cfa918","local_time":"20181018144000","is_ascension_mode":false,"campfire_choices":[{"data":"Deadly Poison","floor":6,"key":"SMITH"},{"data":"Envenom","floor":8,"key":"SMITH"},{"data":"Neutralize","floor":10,"key":"SMITH"},{"data":"Noxious Fumes","floor":15,"key":"SMITH"},{"data":"Catalyst","floor":23,"key":"SMITH"},{"data":"Well Laid Plans","floor":28,"key":"SMITH"},{"data":"Corpse Explosion","floor":30,"key":"SMITH"},{"floor":32,"key":"REST"},{"floor":40,"key":"REST"},{"floor":45,"key":"REST"},{"floor":49,"key":"REST"}],"neow_cost":"NONE","seed_source_timestamp":20711199647120,"circlet_count":0,"master_deck":["Defend_G","Defend_G","Defend_G","Defend_G","Strike_G","Strike_G","Strike_G","Strike_G","Survivor","Neutralize+1","Envenom+1","Backstab","All Out Attack","Deadly Poison+1","Riddle With Holes","Noxious Fumes+1","Bullet Time","Corpse Explosion+1","Cloak And Dagger+1","Well Laid Plans+1","Catalyst+1","Terror+1","Phantasmal Killer","Die Die Die","Storm of Steel","Sadistic Nature","Magnetism","Metamorphosis","Doppelganger","Transmutation","Riddle With Holes+1","Noxious Fumes+1","Burst"],"special_seed":0,"relics":["Ring of the Snake","Regal Pillow","Bronze Scales","Darkstone Periapt","Runic Dome","Oddly Smooth Stone","Ninja Scroll","Singing Bowl","Fusion Hammer","Boot","Bottled Lightning","Dream Catcher"],"potions_floor_usage":[27,37,38,41,50,50,50],"damage_taken":[{"damage":0.0,"enemies":"2 Louse","floor":1.0,"turns":3.0},{"damage":3,"enemies":"Jaw Worm","floor":4,"turns":4},{"damage":0,"enemies":"Small Slimes","floor":5,"turns":2},{"damage":8,"enemies":"Lagavulin","floor":7,"turns":6},{"damage":0,"enemies":"2 Fungi Beasts","floor":11,"turns":2},{"damage":0,"enemies":"Large Slime","floor":12,"turns":2},{"damage":0,"enemies":"Looter","floor":13,"turns":2},{"damage":4,"enemies":"3 Sentries","floor":14,"turns":5},{"damage":33,"enemies":"Hexaghost","floor":16,"turns":7},{"damage":9,"enemies":"Shell Parasite","floor":18,"turns":4},{"damage":0,"enemies":"3 Byrds","floor":22,"turns":2},{"damage":9,"enemies":"Snake Plant","floor":24,"turns":3},{"damage":4,"enemies":"Shelled Parasite and Fungi","floor":27,"turns":4},{"damage":2,"enemies":"Centurion and Healer","floor":29,"turns":3},{"damage":63,"enemies":"Collector","floor":33,"turns":7},{"damage":4,"enemies":"Orb Walker","floor":35,"turns":2},{"damage":25,"enemies":"3 Darklings","floor":37,"turns":4},{"damage":6,"enemies":"Transient","floor":38,"turns":5},{"damage":32,"enemies":"Spire Growth","floor":41,"turns":4},{"damage":34,"enemies":"2 Orb Walkers","floor":42,"turns":4},{"damage":5,"enemies":"Maw","floor":46,"turns":6},{"damage":31,"enemies":"Reptomancer","floor":48,"turns":4},{"damage":80,"enemies":"Donu and Deca","floor":50,"turns":6}],"seed_played":"6648112532990849588","potions_obtained":[{"floor":4,"key":"Strength Potion"},{"floor":7,"key":"LiquidBronze"},{"floor":12,"key":"SpeedPotion"},{"floor":13,"key":"FearPotion"},{"floor":16,"key":"Fire Potion"},{"floor":22,"key":"Swift Potion"},{"floor":33,"key":"GhostInAJar"},{"floor":38,"key":"Weak Potion"},{"floor":42,"key":"Regen Potion"},{"floor":48,"key":"Energy Potion"}],"is_trial":false,"path_per_floor":["M","$","?","M","M","R","E","R","T","R","M","M","M","E","R","B",null,"M","$","?","?","M","R","M","$","T","M","R","M","R","?","R","B",null,"M","?","M","M","T","R","M","E","T","$","R","M","$","M","R","B"],"character_chosen":"THE_SILENT","items_purchased":["Well Laid Plans","Catalyst","Oddly Smooth Stone","Transmutation"],"campfire_rested":4,"item_purchase_floors":[19,19,19,44],"current_hp_per_floor":[70,70,70,67,67,67,59,59,59,59,59,59,59,55,55,22,70,61,61,48,54,54,54,45,45,45,43,43,41,41,41,80,17,83,81,71,48,44,44,85,55,21,21,21,63,60,60,29,71,6],"gold":60,"neow_bonus":"ONE_RANDOM_RARE_CARD","is_prod":false,"is_daily":false,"chose_seed":false,"campfire_upgraded":7,"win_rate":0,"timestamp":1539844800,"path_taken":["M","$","?","M","M","R","E","R","T","R","M","M","M","E","R","BOSS","M","$","?","?","?","R","M","$","T","M","R","M","R","?","R","BOSS","M","?","M","M","?","R","M","E","T","$","R","M","$","?","R","BOSS"],"build_version":"2018-10-11","purchased_purges":2,"victory":true,"max_hp_per_floor":[70,70,70,70,70,70,70,70,70,70,70,70,70,70,70,70,70,70,70,75,81,81,81,81,81,81,83,83,83,83,83,83,83,83,85,85,87,89,89,89,91,91,91,91,91,93,93,93,93,93],"card_choices":[{"not_picked":["Prepared","Reflex"],"picked":"Backstab","floor":1.0},{"not_picked":["Outmaneuver","Acrobatics"],"picked":"All Out Attack","floor":4},{"not_picked":["Flying Knee","Predator"],"picked":"Deadly Poison","floor":5},{"not_picked":["Predator","Dodge and Roll","PiercingWail"],"picked":"SKIP","floor":7},{"not_picked":["Backflip","PiercingWail"],"picked":"Riddle With Holes","floor":11},{"not_picked":["PiercingWail","Deflect"],"picked":"Noxious Fumes","floor":12},{"not_picked":["Dagger Throw","Poisoned Stab"],"picked":"Bullet Time","floor":13},{"not_picked":["Distraction","Tactician","Predator"],"picked":"SKIP","floor":14},{"not_picked":["Envenom","Adrenaline"],"picked":"Corpse Explosion","floor":16},{"not_picked":["Prepared","Finisher+1"],"picked":"Cloak And Dagger+1","floor":18},{"not_picked":["Dagger Throw","Outmaneuver+1"],"picked":"Terror+1","floor":22},{"not_picked":["Quick Slash+1","Cloak And Dagger","Sucker Punch"],"picked":"SKIP","floor":24},{"not_picked":["Dagger Spray+1","Eviscerate","Cloak And Dagger"],"picked":"Singing Bowl","floor":27},{"not_picked":["Dodge and Roll","Dagger Spray"],"picked":"Phantasmal Killer","floor":29},{"not_picked":["Phantasmal Killer","Doppelganger"],"picked":"Storm of Steel","floor":33},{"not_picked":["Blur+1","Quick Slash","Underhanded Strike+1"],"picked":"Singing Bowl","floor":35},{"not_picked":["Discovery","Trip"],"picked":"Sadistic Nature","floor":36},{"not_picked":["Good Instincts","Deep Breath"],"picked":"Magnetism","floor":36},{"not_picked":["Deep Breath","Trip"],"picked":"Metamorphosis","floor":36},{"not_picked":["Deflect+1","Dagger Throw+1","Flying Knee+1"],"picked":"Singing Bowl","floor":37},{"not_picked":["Poisoned Stab+1","Deadly Poison+1","Calculated Gamble"],"picked":"Singing Bowl","floor":38},{"not_picked":["Choke+1","Bane+1","Slice"],"picked":"Singing Bowl","floor":41},{"not_picked":["Sucker Punch","Distraction+1"],"picked":"Doppelganger","floor":42},{"not_picked":["Blade Dance","Endless Agony"],"picked":"Riddle With Holes+1","floor":45},{"not_picked":["Poisoned Stab+1","Flechettes","Caltrops+1"],"picked":"Singing Bowl","floor":46},{"not_picked":["Acrobatics","Deflect+1"],"picked":"Noxious Fumes+1","floor":48},{"not_picked":["Cloak And Dagger","Deflect"],"picked":"Burst","floor":49}],"player_experience":330339,"relics_obtained":[{"floor":7,"key":"Regal Pillow"},{"floor":9,"key":"Bronze Scales"},{"floor":14,"key":"Darkstone Periapt"},{"floor":26,"key":"Singing Bowl"},{"floor":39,"key":"Boot"},{"floor":42,"key":"Bottled Lightning"},{"floor":43,"key":"Dream Catcher"}],"event_choices":[{"event_name":"Living Wall","player_choice":"Forget","floor":3,"damage_taken":0},{"event_name":"Forgotten Altar","player_choice":"Shed Blood","floor":20,"damage_taken":0},{"event_name":"Addict","player_choice":"Stole Relic","floor":21,"damage_taken":0},{"event_name":"Match and Keep!","player_choice":"1 cards matched","floor":31,"damage_taken":0},{"event_name":"SensoryStone","player_choice":"Memory 3","floor":36,"damage_taken":0}],"is_beta":false,"boss_relics":[{"not_picked":["Ectoplasm","Black Star"],"picked":"Runic Dome"},{"not_picked":["Snecko Eye","Ring of the Serpent"],"picked":"Fusion Hammer"}],"items_purged_floors":[2,44],"is_endless":false,"potions_floor_spawned":[4,7,12,13,16,22,33,38,42,48],"ascension_level":0}