{"gold_per_floor":[214,58,74,249,249,249,265,265,265,284,296,313,313,326,326,431,431,448,448,461,471,570,570,590,590,590,134,149,149,165,65,65,65],"floor_reached":33,"playtime":1047,"items_purged":["Strike_B","Defend_B+1"],"score":291,"play_id":"620e9266-c8c8-457e-a84c-e9c0927f087b","local_time":"20190804024447","is_ascension_mode":false,"campfire_choices":[{"data":"Zap","floor":6.0,"key":"SMITH"},{"data":"Discovery","floor":8.0,"key":"SMITH"},{"data":"Tempest","floor":15.0,"key":"SMITH"},{"data":"Darkness","floor":23.0,"key":"SMITH"},{"data":"Rainbow","floor":29,"key":"SMITH"},{"floor":32,"key":"REST"}],"neow_cost":"NONE","seed_source_timestamp":5349422946469,"circlet_count":0,"master_deck":["Strike_B+1","Strike_B+1","Defend_B+1","Defend_B+1","Zap+1","Dualcast","Rebound","Discovery+1","Rip and Tear","Rebound","Tempest","Conserve Battery","Conserve Battery","Tempest+1","Doom and Gloom","Rainbow+1","Darkness+1","Darkness+1","Steam+1","Electrodynamics","White Noise","Recycle+1","Auto Shields+1"],"special_seed":0,"relics":["Cracked Core","Lantern","Empty Cage","Mummified Hand","Ice Cream"],"potions_floor_usage":[33,33,33],"damage_taken":[{"damage":0.0,"enemies":"Cultist","floor":1.0,"turns":3.0},{"damage":0.0,"enemies":"2 Louse","floor":3.0,"turns":3.0},{"damage":1.0,"enemies":"Jaw Worm","floor":7.0,"turns":2.0},{"damage":4.0,"enemies":"Gremlin Gang","floor":10.0,"turns":3.0},{"damage":14.0,"enemies":"Exordium Wildlife","floor":11.0,"turns":4.0},{"damage":0.0,"enemies":"Exordium Thugs","floor":12.0,"turns":3.0},{"damage":0.0,"enemies":"3 Louse","floor":14.0,"turns":3.0},{"damage":0.0,"enemies":"Slime Boss","floor":16.0,"turns":5.0},{"damage":10.0,"enemies":"Chosen","floor":18.0,"turns":4.0},{"damage":0.0,"enemies":"Spheric Guardian","floor":20.0,"turns":3.0},{"damage":27.0,"enemies":"Shelled Parasite and Fungi","floor":21.0,"turns":5.0},{"damage":15.0,"enemies":"Centurion and Healer","floor":24.0,"turns":5.0},{"damage":0,"enemies":"Chosen and Byrds","floor":28,"turns":3},{"damage":15,"enemies":"Snake Plant","floor":30,"turns":3},{"damage":50,"enemies":"Champ","floor":33,"turns":7}],"seed_played":"-5030998440739332747","potions_obtained":[{"floor":3.0,"key":"Swift Potion"},{"floor":11.0,"key":"LiquidBronze"},{"floor":16.0,"key":"Regen Potion"},{"floor":20.0,"key":"Strength Potion"},{"floor":30,"key":"Weak Potion"}],"is_trial":false,"path_per_floor":["M","$","M","?","?","R","M","R","T","M","M","M","?","M","R","B",null,"M","?","M","M","?","R","M","?","T","$","M","R","M","$","R","B"],"character_chosen":"DEFECT","items_purchased":["Discovery","Electrodynamics","White Noise","Ice Cream"],"campfire_rested":1,"item_purchase_floors":[2,27,27,27],"current_hp_per_floor":[75,75,75,75,75,75,74,74,74,70,56,56,56,56,56,56,75,65,65,65,38,38,38,37,37,37,37,37,37,22,22,44,0],"gold":65,"neow_bonus":"HUNDRED_GOLD","is_prod":false,"is_daily":false,"chose_seed":false,"campfire_upgraded":5,"win_rate":0,"timestamp":1564908287,"path_taken":["M","?","M","?","?","R","?","R","T","M","M","M","?","?","R","BOSS","M","?","M","M","?","R","M","?","T","$","?","R","M","$","R","BOSS"],"build_version":"2019-07-17","purchased_purges":2,"victory":false,"max_hp_per_floor":[75,75,75,75,75,75,75,75,75,75,75,75,75,75,75,75,75,75,75,75,75,75,75,75,75,75,75,75,75,75,75,75,75],"card_choices":[{"not_picked":["Turbo","Barrage"],"picked":"Rebound","floor":1.0},{"not_picked":["Barrage","Go for the Eyes"],"picked":"Rip and Tear","floor":3.0},{"not_picked":["Hologram","Blizzard"],"picked":"Rebound","floor":7.0},{"not_picked":["Sweeping Beam","Genetic Algorithm"],"picked":"Tempest","floor":10.0},{"not_picked":["Leap","Steam"],"picked":"Conserve Battery","floor":11.0},{"not_picked":["Skim","Sweeping Beam"],"picked":"Conserve Battery","floor":12.0},{"not_picked":["BootSequence","Conserve Battery"],"picked":"Doom and Gloom","floor":14.0},{"not_picked":["Machine Learning","Fission"],"picked":"Rainbow","floor":16.0},{"not_picked":["Compile Driver","Gash+1"],"picked":"Darkness+1","floor":18.0},{"not_picked":["Barrage+1","Hologram"],"picked":"Darkness","floor":20.0},{"not_picked":["Redo","Fusion","Streamline"],"picked":"SKIP","floor":21.0},{"not_picked":["Gash","Conserve Battery"],"picked":"Steam+1","floor":24.0},{"not_picked":["Go for the Eyes","Conserve Battery"],"picked":"Recycle+1","floor":28},{"not_picked":["Aggregate+1","Go for the Eyes"],"picked":"Auto Shields+1","floor":30}],"player_experience":1614708,"relics_obtained":[{"floor":9.0,"key":"Lantern"},{"floor":26.0,"key":"Mummified Hand"}],"event_choices":[{"damage_healed":0.0,"max_hp_gain":0.0,"max_hp_loss":0.0,"gold_gain":175.0,"event_name":"Liars Game","player_choice":"AGREE","floor":4.0,"gold_loss":0.0,"damage_taken":0.0,"cards_obtained":["Doubt"]},{"damage_healed":0.0,"max_hp_gain":0.0,"max_hp_loss":0.0,"gold_gain":0.0,"event_name":"Wheel of Change","player_choice":"Full Heal","floor":5.0,"gold_loss":0.0,"damage_taken":0.0},{"damage_healed":0.0,"max_hp_gain":0.0,"max_hp_loss":0.0,"gold_gain":0.0,"cards_transformed":["Strike_B"],"event_name":"Transmorgrifier","player_choice":"Transformed","floor":13.0,"gold_loss":0.0,"damage_taken":0.0,"cards_obtained":["Tempest"]},{"damage_healed":0.0,"max_hp_gain":0.0,"max_hp_loss":0.0,"gold_gain":0.0,"event_name":"Back to Basics","player_choice":"Simplicity","floor":19.0,"gold_loss":0.0,"damage_taken":0.0,"cards_upgraded":["Strike_B","Strike_B","Defend_B","Defend_B","Defend_B"]},{"damage_healed":0.0,"max_hp_gain":0.0,"max_hp_loss":0.0,"gold_gain":99.0,"event_name":"Nest","player_choice":"Stole From Cult","floor":22.0,"gold_loss":0.0,"damage_taken":0.0},{"damage_healed":0.0,"max_hp_gain":0.0,"max_hp_loss":0.0,"gold_gain":0.0,"event_name":"NoteForYourself","player_choice":"Ignored","floor":25.0,"gold_loss":0.0,"damage_taken":0.0}],"is_beta":false,"boss_relics":[{"not_picked":["Astrolabe","Lizard Tail"],"picked":"Empty Cage"}],"items_purged_floors":[2,31],"is_endless":false,"potions_floor_spawned":[3,11,16,20,30],"killed_by":"Champ","ascension_level":0}