{"gold_per_floor":[109,109,109,127,139,139,5,36,114,114,114,128,163,163,163,163],"floor_reached":16,"playtime":350,"items_purged":["Strike_B"],"score":216,"play_id":"387e0a3f-45f9-4b25-b26e-30ecba9e0e68","local_time":"20190224124544","is_ascension_mode":true,"campfire_choices":[{"data":"Defragment","floor":6.0,"key":"SMITH"},{"data":"Darkness","floor":10.0,"key":"SMITH"},{"data":"Dualcast","floor":15,"key":"SMITH"}],"neow_cost":"CURSE","seed_source_timestamp":1972474896383,"circlet_count":0,"master_deck":["AscendersBane","Strike_B","Strike_B+1","Strike_B","Defend_B","Defend_B","Defend_B","Defend_B","Zap","Dualcast+1","Core Surge","Defragment+1","Ball Lightning+1","Darkness+1","Parasite"],"special_seed":0,"relics":["Cracked Core","Oddly Smooth Stone","Whetstone"],"potions_floor_usage":[16],"damage_taken":[{"damage":3.0,"enemies":"Small Slimes","floor":1.0,"turns":3.0},{"damage":4.0,"enemies":"Jaw Worm","floor":4.0,"turns":5.0},{"damage":1.0,"enemies":"Cultist","floor":5.0,"turns":3.0},{"damage":20.0,"enemies":"Gremlin Nob","floor":8.0,"turns":4.0},{"damage":10.0,"enemies":"Blue Slaver","floor":12.0,"turns":4.0},{"damage":22.0,"enemies":"Lagavulin","floor":13.0,"turns":6.0},{"damage":18,"enemies":"Slime Boss","floor":16,"turns":5}],"seed_played":"6141443379306526417","potions_obtained":[{"floor":5.0,"key":"Poison Potion"},{"floor":12.0,"key":"Energy Potion"}],"is_trial":false,"path_per_floor":["M","?","?","M","M","R","$","E","T","R","?","M","E","?","R","B"],"character_chosen":"DEFECT","items_purchased":["Ball Lightning"],"campfire_rested":0,"item_purchase_floors":[7],"current_hp_per_floor":[61,61,61,57,56,56,56,36,36,36,53,43,21,21,21,3],"gold":163,"neow_bonus":"THREE_RARE_CARDS","is_prod":false,"is_daily":false,"chose_seed":false,"campfire_upgraded":3,"win_rate":0,"timestamp":1550983544,"path_taken":["M","?","?","M","?","R","?","E","T","R","?","?","E","?","R","BOSS"],"build_version":"2019-01-23","purchased_purges":1,"victory":false,"max_hp_per_floor":[71,71,71,71,71,71,71,71,71,71,71,71,71,71,71,71],"card_choices":[{"not_picked":["Reboot","Seek"],"picked":"Core Surge","floor":0.0},{"not_picked":["Stack","Redo"],"picked":"Defragment","floor":1.0},{"not_picked":["Barrage","Turbo","Gash"],"picked":"SKIP","floor":4.0},{"not_picked":["Aggregate","Steam","Turbo"],"picked":"SKIP","floor":5.0},{"not_picked":["Steam","Beam Cell"],"picked":"Darkness","floor":8.0},{"not_picked":["Hyperbeam","Hello World","Storm"],"picked":"SKIP","floor":12.0},{"not_picked":["Steam Power","Beam Cell","Aggregate"],"picked":"SKIP","floor":13.0}],"player_experience":3087334,"relics_obtained":[{"floor":8.0,"key":"Oddly Smooth Stone"},{"floor":13.0,"key":"Whetstone"}],"event_choices":[{"cards_removed":["Normality"],"damage_healed":0.0,"max_hp_gain":0.0,"max_hp_loss":0.0,"gold_gain":0.0,"event_name":"Living Wall","player_choice":"Forget","floor":2.0,"gold_loss":0.0,"damage_taken":0.0},{"damage_healed":0.0,"max_hp_gain":0.0,"max_hp_loss":0.0,"gold_gain":0.0,"event_name":"Liars Game","player_choice":"Ignored","floor":3.0,"gold_loss":0.0,"damage_taken":0.0},{"damage_healed":17.0,"max_hp_gain":0.0,"max_hp_loss":0.0,"gold_gain":0.0,"event_name":"Mushrooms","player_choice":"Healed and dodged fight","floor":11.0,"gold_loss":0.0,"damage_taken":0.0,"cards_obtained":["Parasite"]},{"damage_healed":0,"gold_gain":0,"player_choice":"Searched \u00270\u0027 times","damage_taken":0,"max_hp_gain":0,"max_hp_loss":0,"event_name":"Dead Adventurer","floor":14,"gold_loss":0}],"is_beta":false,"boss_relics":[],"items_purged_floors":[7],"is_endless":false,"potions_floor_spawned":[5,12,13],"killed_by":"Slime Boss","ascension_level":20}