{"gold_per_floor":[118,268,268,268,268,299,574,574,600,600,634,236,249,274,274,367,430,448,467,492,511,535,535,568,568,591,591,239,260,36,36,36,129,129,152,77,77,77,95,139,51,90,90,90,114,114,145,168,168,168,168,168,168,68,104,104],"floor_reached":57,"playtime":2504,"items_purged":["Regret","Doubt","Strike_G","Strike_G","Defend_G+1","Defend_G"],"score":3457,"play_id":"2e1ee35d-0ce9-4e88-b012-48c29ee3f3f1","local_time":"20190314082258","is_ascension_mode":true,"campfire_choices":[{"data":"Catalyst","floor":8.0,"key":"SMITH"},{"data":"Neutralize","floor":10.0,"key":"SMITH"},{"data":"Cloak And Dagger","floor":15.0,"key":"SMITH"},{"data":"Well Laid Plans","floor":23.0,"key":"SMITH"},{"data":"Calculated Gamble","floor":25.0,"key":"SMITH"},{"data":"Acrobatics","floor":32.0,"key":"SMITH"},{"data":"Grand Finale","floor":44.0,"key":"SMITH"},{"floor":46.0,"key":"RECALL"},{"data":"Footwork","floor":49.0,"key":"SMITH"},{"data":"Backflip","floor":53.0,"key":"SMITH"}],"neow_cost":"NONE","seed_source_timestamp":0,"circlet_count":0,"master_deck":["AscendersBane","Defend_G+1","Defend_G","Defend_G+1","Survivor+1","Neutralize+1","Catalyst+1","Tactician+1","Footwork+1","Well Laid Plans+1","Backflip+1","Cloak And Dagger+1","Caltrops","Grand Finale+1","Expertise+1","Calculated Gamble+1","Acrobatics+1","PiercingWail+1"],"special_seed":0,"relics":["Ring of the Snake","NeowsBlessing","Golden Idol","Gambling Chip","Happy Flower","Letter Opener","Kunai","Tiny House","Regal Pillow","Bag of Preparation","Membership Card","War Paint","Sundial","Empty Cage","Art of War","Pen Nib","Blue Candle","Boot"],"potions_floor_usage":[56,56],"damage_taken":[{"damage":0.0,"enemies":"Small Slimes","floor":1.0,"turns":1.0},{"damage":0.0,"enemies":"Lagavulin","floor":6.0,"turns":2.0},{"damage":0.0,"enemies":"3 Sentries","floor":11.0,"turns":1.0},{"damage":0.0,"enemies":"2 Louse","floor":13.0,"turns":3.0},{"damage":0.0,"enemies":"Cultist","floor":14.0,"turns":4.0},{"damage":27.0,"enemies":"Slime Boss","floor":16.0,"turns":17.0},{"damage":11.0,"enemies":"Spheric Guardian","floor":18.0,"turns":5.0},{"damage":0.0,"enemies":"2 Thieves","floor":19.0,"turns":2.0},{"damage":10.0,"enemies":"Sentry and Sphere","floor":20.0,"turns":4.0},{"damage":3.0,"enemies":"Shelled Parasite and Fungi","floor":21.0,"turns":3.0},{"damage":7.0,"enemies":"Centurion and Healer","floor":22.0,"turns":4.0},{"damage":0.0,"enemies":"Book of Stabbing","floor":24.0,"turns":5.0},{"damage":0.0,"enemies":"Snake Plant","floor":29.0,"turns":4.0},{"damage":0.0,"enemies":"Automaton","floor":33.0,"turns":6.0},{"damage":1.0,"enemies":"3 Shapes","floor":35.0,"turns":1.0},{"damage":0.0,"enemies":"3 Darklings","floor":39.0,"turns":1.0},{"damage":0.0,"enemies":"Nemesis","floor":40.0,"turns":3.0},{"damage":0.0,"enemies":"Reptomancer","floor":42.0,"turns":2.0},{"damage":0.0,"enemies":"Jaw Worm Horde","floor":45.0,"turns":1.0},{"damage":0.0,"enemies":"Nemesis","floor":47.0,"turns":3.0},{"damage":0.0,"enemies":"Sphere and 2 Shapes","floor":48.0,"turns":1.0},{"damage":12.0,"enemies":"Time Eater","floor":50.0,"turns":10.0},{"damage":0.0,"enemies":"Awakened One","floor":51.0,"turns":3.0},{"damage":0.0,"enemies":"Shield and Spear","floor":55.0,"turns":2.0},{"damage":41,"enemies":"The Heart","floor":56,"turns":10}],"seed_played":"3742891797531364645","potions_obtained":[{"floor":11.0,"key":"Poison Potion"},{"floor":13.0,"key":"Block Potion"},{"floor":17.0,"key":"Ancient Potion"},{"floor":18.0,"key":"GamblersBrew"},{"floor":19.0,"key":"SkillPotion"},{"floor":22.0,"key":"Dexterity Potion"},{"floor":33.0,"key":"Swift Potion"}],"is_trial":false,"path_per_floor":["M","?","?","?","?","E","?","R","T","R","E","$","M","M","R","B",null,"M","M","M","M","M","R","E","R","T","?","$","M","$","?","R","B",null,"M","$","?","?","M","E","$","E","T","R","M","R","E","M","R","B","B",null,"R","$","E","B",null],"character_chosen":"THE_SILENT","items_purchased":["Kunai","Backflip","Membership Card","War Paint","Acrobatics","Sundial"],"campfire_rested":0,"item_purchase_floors":[12,12,28,28,30,30],"current_hp_per_floor":[59,59,59,39,39,39,39,39,39,39,39,39,39,39,39,12,53,42,42,32,29,22,22,22,22,22,22,22,22,22,22,22,22,54,53,53,53,44,44,44,44,44,44,44,44,44,44,44,44,32,32,57,57,57,57,16],"gold":104,"neow_bonus":"THREE_ENEMY_KILL","is_prod":false,"is_daily":false,"chose_seed":false,"campfire_upgraded":9,"win_rate":0,"timestamp":1552522978,"path_taken":["M","?","?","?","?","E","?","R","T","R","E","$","M","M","R","BOSS","M","?","?","M","M","R","E","R","T","?","$","M","$","?","R","BOSS","M","$","?","?","?","E","$","E","T","R","M","R","E","M","R","BOSS","BOSS","R","$","E","BOSS"],"build_version":"2019-01-23","purchased_purges":6,"victory":true,"max_hp_per_floor":[66,66,66,66,60,60,60,60,60,60,60,60,60,60,60,60,65,65,65,65,65,65,65,65,65,65,65,65,65,65,65,65,65,65,65,65,65,65,65,65,65,65,65,65,65,65,65,65,65,65,65,65,65,65,65,65],"card_choices":[{"not_picked":["PiercingWail","Terror"],"picked":"Catalyst","floor":1.0},{"not_picked":["Eviscerate","All Out Attack"],"picked":"Footwork","floor":6.0},{"not_picked":["Bane","Backstab"],"picked":"Well Laid Plans","floor":11.0},{"not_picked":["PiercingWail","Bane"],"picked":"Cloak And Dagger","floor":13.0},{"not_picked":["Flying Knee","Accuracy"],"picked":"Caltrops","floor":14.0},{"not_picked":["Wraith Form v2","Storm of Steel"],"picked":"Grand Finale","floor":16.0},{"not_picked":["Flying Knee","Poisoned Stab"],"picked":"Expertise+1","floor":18.0},{"not_picked":["Prepared","Predator"],"picked":"Calculated Gamble","floor":19.0},{"not_picked":["Outmaneuver","Bouncing Flask","PiercingWail"],"picked":"SKIP","floor":20.0},{"not_picked":["Noxious Fumes","Cloak And Dagger+1","Outmaneuver+1"],"picked":"SKIP","floor":21.0},{"not_picked":["Skewer","Dagger Throw","Phantasmal Killer"],"picked":"SKIP","floor":22.0},{"not_picked":["Deflect","Dagger Throw","Quick Slash+1"],"picked":"SKIP","floor":24.0},{"not_picked":["Cloak And Dagger","Underhanded Strike","Quick Slash"],"picked":"SKIP","floor":29.0},{"not_picked":["Slice","Endless Agony+1","Catalyst"],"picked":"SKIP","floor":35.0},{"not_picked":["Slice","Dagger Throw","Outmaneuver"],"picked":"SKIP","floor":39.0},{"not_picked":["Crippling Poison+1","Storm of Steel","Backstab+1"],"picked":"SKIP","floor":40.0},{"not_picked":["Setup","Dash","Backstab"],"picked":"SKIP","floor":42.0},{"not_picked":["Acrobatics","Bouncing Flask","Setup"],"picked":"SKIP","floor":45.0},{"not_picked":["Dodge and Roll","Cloak And Dagger"],"picked":"PiercingWail+1","floor":47.0},{"not_picked":["Sucker Punch","Escape Plan","Quick Slash"],"picked":"SKIP","floor":48.0},{"not_picked":["Bouncing Flask","Poisoned Stab+1","Riddle With Holes"],"picked":"SKIP","floor":55.0}],"player_experience":3564705,"relics_obtained":[{"floor":6.0,"key":"Gambling Chip"},{"floor":9.0,"key":"Happy Flower"},{"floor":11.0,"key":"Letter Opener"},{"floor":24.0,"key":"Regal Pillow"},{"floor":26.0,"key":"Bag of Preparation"},{"floor":40.0,"key":"Art of War"},{"floor":42.0,"key":"Pen Nib"},{"floor":47.0,"key":"Blue Candle"},{"floor":55.0,"key":"Boot"}],"event_choices":[{"damage_healed":0.0,"max_hp_gain":0.0,"max_hp_loss":0.0,"gold_gain":150.0,"event_name":"Liars Game","player_choice":"AGREE","floor":2.0,"gold_loss":0.0,"damage_taken":0.0,"cards_obtained":["Doubt"]},{"damage_healed":0.0,"max_hp_gain":0.0,"max_hp_loss":0.0,"gold_gain":0.0,"cards_transformed":["Strike_G"],"event_name":"Living Wall","player_choice":"Change","floor":3.0,"gold_loss":0.0,"damage_taken":0.0,"cards_obtained":["Tactician"]},{"damage_healed":0.0,"max_hp_gain":0.0,"max_hp_loss":0.0,"gold_gain":0.0,"event_name":"Shining Light","player_choice":"Entered Light","floor":4.0,"gold_loss":0.0,"damage_taken":20.0,"cards_upgraded":["Defend_G","Survivor"]},{"damage_healed":0.0,"max_hp_gain":0.0,"max_hp_loss":6.0,"gold_gain":0.0,"event_name":"Golden Idol","player_choice":"Lose Max HP","floor":5.0,"gold_loss":0.0,"damage_taken":0.0,"relics_obtained":["Golden Idol"]},{"damage_healed":0.0,"max_hp_gain":0.0,"max_hp_loss":0.0,"gold_gain":275.0,"event_name":"Golden Shrine","player_choice":"Desecrate","floor":7.0,"gold_loss":0.0,"damage_taken":0.0,"cards_obtained":["Regret"]},{"damage_healed":0.0,"max_hp_gain":0.0,"max_hp_loss":0.0,"gold_gain":0.0,"event_name":"Ghosts","player_choice":"Ignored","floor":27.0,"gold_loss":0.0,"damage_taken":0.0},{"damage_healed":0.0,"max_hp_gain":0.0,"max_hp_loss":0.0,"gold_gain":0.0,"event_name":"Tomb of Lord Red Mask","player_choice":"Ignored","floor":37.0,"gold_loss":0.0,"damage_taken":0.0},{"damage_healed":0.0,"max_hp_gain":0.0,"max_hp_loss":0.0,"gold_gain":0.0,"event_name":"Wheel of Change","player_choice":"Damaged","floor":38.0,"gold_loss":0.0,"damage_taken":9.0}],"is_beta":false,"boss_relics":[{"not_picked":["Velvet Choker","Ring of the Serpent"],"picked":"Tiny House"},{"not_picked":["Eternal Feather","HoveringKite"],"picked":"Empty Cage"}],"items_purged_floors":[12,28,30,36,41,54],"is_endless":false,"potions_floor_spawned":[11,13,14,18,19,22,33,42,45,48],"ascension_level":20}