{"gold_per_floor":[114,39,39,53,64,64,64,76,76,76,76,103,103,118,118,197,197,211,211,224,234,234],"floor_reached":22,"playtime":730,"items_purged":["Strike_R"],"score":372,"play_id":"4e2517a4-d8b2-4750-b9b4-1b1c0c58984a","local_time":"20190108222111","is_ascension_mode":true,"campfire_choices":[{"data":"Bash","floor":7.0,"key":"SMITH"},{"data":"Disarm","floor":10.0,"key":"SMITH"},{"data":"Wild Strike","floor":13.0,"key":"SMITH"},{"data":"Armaments","floor":15,"key":"SMITH"}],"neow_cost":"NONE","seed_source_timestamp":38579431765923,"circlet_count":0,"master_deck":["AscendersBane","Strike_R","Strike_R","Strike_R","Defend_R","Defend_R","Defend_R","Bash+1","Evolve","Body Slam+1","Disarm+1","Wild Strike+1","Armaments+1","Reaper","Shockwave+1"],"special_seed":0,"relics":["Burning Blood","Lantern","Sozu","Pantograph"],"potions_floor_usage":[16],"damage_taken":[{"damage":7.0,"enemies":"2 Louse","floor":1.0,"turns":4.0},{"damage":12.0,"enemies":"Small Slimes","floor":4.0,"turns":6.0},{"damage":6.0,"enemies":"Cultist","floor":5.0,"turns":3.0},{"damage":8.0,"enemies":"Blue Slaver","floor":8.0,"turns":4.0},{"damage":40.0,"enemies":"3 Sentries","floor":12.0,"turns":9.0},{"damage":3,"enemies":"Exordium Thugs","floor":14,"turns":4},{"damage":2,"enemies":"The Guardian","floor":16,"turns":12},{"damage":32,"enemies":"3 Byrds","floor":18,"turns":7},{"damage":8,"enemies":"Chosen","floor":20,"turns":4},{"damage":35,"enemies":"Centurion and Healer","floor":21,"turns":9},{"damage":13,"enemies":"Chosen and Byrds","floor":22,"turns":4}],"seed_played":"2739775170641616595","potions_obtained":[{"floor":4.0,"key":"SkillPotion"},{"floor":5.0,"key":"Explosive Potion"},{"floor":14,"key":"SmokeBomb"}],"is_trial":false,"path_per_floor":["M","$","?","M","M","?","R","M","T","R","?","E","R","M","R","B",null,"M","?","M","M","M"],"character_chosen":"IRONCLAD","items_purchased":[],"campfire_rested":0,"item_purchase_floors":[],"current_hp_per_floor":[67,67,60,54,54,54,54,52,52,52,52,18,18,21,21,25,63,41,41,45,26,20],"gold":234,"neow_bonus":"REMOVE_CARD","is_prod":false,"is_daily":false,"chose_seed":false,"campfire_upgraded":4,"win_rate":0,"timestamp":1546957271,"path_taken":["M","$","?","M","M","?","R","?","T","R","?","E","R","M","R","BOSS","M","?","M","M","M"],"build_version":"2019-01-03v4","purchased_purges":1,"victory":false,"max_hp_per_floor":[75,75,75,75,75,75,75,75,75,75,75,75,75,75,75,75,75,75,75,75,75,75],"card_choices":[{"not_picked":["Heavy Blade","Wild Strike"],"picked":"Evolve","floor":1.0},{"not_picked":["Sword Boomerang","Warcry"],"picked":"Body Slam","floor":4.0},{"not_picked":["Corruption","Twin Strike"],"picked":"Disarm","floor":5.0},{"not_picked":["Heavy Blade","Flame Barrier","Wild Strike"],"picked":"SKIP","floor":8.0},{"not_picked":["Heavy Blade","Flame Barrier"],"picked":"Wild Strike","floor":8.0},{"not_picked":["Pommel Strike","Sentinel","Sword Boomerang"],"picked":"SKIP","floor":12.0},{"not_picked":["Thunderclap","Flame Barrier"],"picked":"Armaments","floor":14},{"not_picked":["Immolate","Double Tap"],"picked":"Reaper","floor":16},{"not_picked":["Combust","Clash","Heavy Blade"],"picked":"SKIP","floor":18},{"not_picked":["Flame Barrier","Warcry","Metallicize"],"picked":"SKIP","floor":20},{"not_picked":["Body Slam","Intimidate"],"picked":"Shockwave+1","floor":21}],"player_experience":1866450,"relics_obtained":[{"floor":9.0,"key":"Lantern"}],"event_choices":[{"cards_removed":["Defend_R"],"damage_healed":0.0,"max_hp_gain":0.0,"max_hp_loss":0.0,"gold_gain":0.0,"event_name":"Golden Wing","player_choice":"Card Removal","floor":3.0,"gold_loss":0.0,"damage_taken":7.0},{"damage_healed":0.0,"max_hp_gain":0.0,"max_hp_loss":0.0,"gold_gain":0.0,"event_name":"Upgrade Shrine","player_choice":"Upgraded","floor":6.0,"gold_loss":0.0,"damage_taken":0.0,"cards_upgraded":["Body Slam"]},{"damage_healed":0.0,"max_hp_gain":0.0,"max_hp_loss":0.0,"gold_gain":0.0,"event_name":"Liars Game","player_choice":"Ignored","floor":11.0,"gold_loss":0.0,"damage_taken":0.0},{"damage_healed":0,"gold_gain":0,"player_choice":"Gave Potion","damage_taken":0,"relics_obtained":["Pantograph"],"max_hp_gain":0,"max_hp_loss":0,"event_name":"WeMeetAgain","floor":19,"gold_loss":0}],"is_beta":false,"boss_relics":[{"not_picked":["Lizard Tail","Empty Cage"],"picked":"Sozu"}],"items_purged_floors":[2],"is_endless":false,"potions_floor_spawned":[4,5,14,18,21],"killed_by":"Chosen and Byrds","ascension_level":20}