{"gold_per_floor":[113,113,23,42,117,117,132,132,132,202,202,252,273,337,337,435,435,435],"floor_reached":18,"playtime":690,"items_purged":[],"score":304,"play_id":"04df3f23-3e23-46e4-96d6-c60113a9b891","local_time":"20190410234053","is_ascension_mode":true,"campfire_choices":[{"floor":6.0,"key":"DIG"},{"floor":11.0,"key":"DIG"},{"floor":15,"key":"DIG"}],"neow_cost":"TEN_PERCENT_HP_LOSS","seed_source_timestamp":69287129807348,"circlet_count":0,"master_deck":["AscendersBane","Defend_G","Defend_G","Defend_G","Defend_G","Defend_G","Strike_G","Strike_G","Strike_G","Strike_G","Survivor","Neutralize","Masterful Stab","Tactician","Tools of the Trade","Deflect","Noxious Fumes","Backflip","Tools of the Trade"],"special_seed":0,"relics":["Ring of the Snake","Shovel","Golden Idol","Kunai","SsserpentHead","Vajra","Dream Catcher","Ancient Tea Set","Busted Crown"],"potions_floor_usage":[],"damage_taken":[{"damage":0.0,"enemies":"2 Louse","floor":1.0,"turns":3.0},{"damage":7.0,"enemies":"Small Slimes","floor":4.0,"turns":4.0},{"damage":0.0,"enemies":"Cultist","floor":7.0,"turns":5.0},{"damage":4.0,"enemies":"3 Louse","floor":10.0,"turns":4.0},{"damage":0.0,"enemies":"Lots of Slimes","floor":13.0,"turns":6.0},{"damage":0,"enemies":"Large Slime","floor":14,"turns":6},{"damage":27,"enemies":"The Guardian","floor":16,"turns":16},{"damage":0,"enemies":"Chosen","floor":18,"turns":2}],"seed_played":"2629722761895639877","potions_obtained":[{"floor":1.0,"key":"Poison Potion"},{"floor":10.0,"key":"Block Potion"},{"floor":14,"key":"Ancient Potion"}],"is_trial":false,"path_per_floor":["M","?","$","M","?","R","M","?","T","M","R","?","M","M","R","B",null,"M"],"character_chosen":"THE_SILENT","items_purchased":["Tactician"],"campfire_rested":0,"item_purchase_floors":[3],"current_hp_per_floor":[59,54,54,47,36,36,36,36,36,32,32,32,32,32,32,5,42,42],"gold":435,"neow_bonus":"ONE_RARE_RELIC","is_prod":false,"is_daily":false,"chose_seed":false,"campfire_upgraded":0,"win_rate":0,"timestamp":1554910853,"path_taken":["M","?","$","M","?","R","M","?","T","?","R","?","M","?","R","BOSS","M"],"build_version":"2019-01-23","purchased_purges":0,"victory":false,"max_hp_per_floor":[60,54,54,54,54,54,54,54,54,54,54,54,54,54,54,54,54,54],"card_choices":[{"not_picked":["Cloak And Dagger","Deflect"],"picked":"Masterful Stab","floor":1.0},{"not_picked":["Backflip","Tactician"],"picked":"Tools of the Trade","floor":4.0},{"not_picked":["Sucker Punch","Poisoned Stab"],"picked":"Deflect","floor":7.0},{"not_picked":["Backstab","Leg Sweep"],"picked":"Noxious Fumes","floor":10.0},{"not_picked":["Flying Knee","Outmaneuver"],"picked":"Backflip","floor":13.0},{"not_picked":["PiercingWail","Expertise","Dodge and Roll"],"picked":"SKIP","floor":14},{"not_picked":["Bullet Time","Glass Knife"],"picked":"Tools of the Trade","floor":16}],"player_experience":4222255,"relics_obtained":[{"floor":6.0,"key":"Kunai"},{"floor":9.0,"key":"Vajra"},{"floor":11.0,"key":"Dream Catcher"},{"floor":15,"key":"Ancient Tea Set"}],"event_choices":[{"damage_healed":0.0,"max_hp_gain":0.0,"max_hp_loss":6.0,"gold_gain":0.0,"event_name":"Golden Idol","player_choice":"Lose Max HP","floor":2.0,"gold_loss":0.0,"damage_taken":0.0,"relics_obtained":["Golden Idol"]},{"damage_healed":0.0,"max_hp_gain":0.0,"max_hp_loss":0.0,"gold_gain":75.0,"event_name":"World of Goop","player_choice":"Gather Gold","floor":5.0,"gold_loss":0.0,"damage_taken":11.0},{"damage_healed":0.0,"max_hp_gain":0.0,"max_hp_loss":0.0,"gold_gain":0.0,"event_name":"FaceTrader","player_choice":"Trade","floor":8.0,"gold_loss":0.0,"damage_taken":0.0,"relics_obtained":["SsserpentHead"]},{"cards_removed":["Strike_G"],"damage_healed":0.0,"max_hp_gain":0.0,"max_hp_loss":0.0,"gold_gain":0.0,"event_name":"Bonfire Elementals","player_choice":"Offered Basic","floor":12.0,"gold_loss":0.0,"damage_taken":0.0}],"is_beta":false,"boss_relics":[{"not_picked":["Eternal Feather","Cursed Key"],"picked":"Busted Crown"}],"items_purged_floors":[],"is_endless":false,"potions_floor_spawned":[1,10,14],"killed_by":"Chosen","ascension_level":20}