{"gold_per_floor":[118,118,134,134,134,134,165,90,90,103,123,123,93,37,37,116,116,136,36,109,109,119,119,119],"floor_reached":24,"playtime":697,"items_purged":["Pain","Strike_B"],"score":434,"play_id":"e3c808a3-953a-43a8-86d2-2921fe2e05df","local_time":"20190321184949","is_ascension_mode":true,"campfire_choices":[{"data":"Self Repair","floor":6.0,"key":"SMITH"},{"data":"Defragment","floor":12.0,"key":"SMITH"},{"data":"Capacitor","floor":15.0,"key":"SMITH"}],"neow_cost":"NONE","seed_source_timestamp":25341444864868,"circlet_count":0,"master_deck":["AscendersBane","Strike_B","Strike_B","Defend_B","Defend_B","Defend_B","Defend_B","Zap","Dualcast","Self Repair+1","Capacitor+1","Skim","Defragment+1","Coolheaded","Core Surge","Ghostly","Ghostly","Ghostly","Turbo","Amplify"],"special_seed":0,"relics":["Cracked Core","NeowsBlessing","WarpedTongs","Ice Cream","Potion Belt","Philosopher\u0027s Stone","Cables"],"potions_floor_usage":[24,24,24,24],"damage_taken":[{"damage":0.0,"enemies":"2 Louse","floor":1.0,"turns":1.0},{"damage":0.0,"enemies":"Cultist","floor":3.0,"turns":1.0},{"damage":0.0,"enemies":"Lagavulin","floor":7.0,"turns":1.0},{"damage":16.0,"enemies":"Small Slimes","floor":10.0,"turns":4.0},{"damage":13.0,"enemies":"3 Louse","floor":11.0,"turns":3.0},{"damage":52.0,"enemies":"Slime Boss","floor":16.0,"turns":13.0},{"damage":27.0,"enemies":"2 Thieves","floor":18.0,"turns":4.0},{"damage":0.0,"enemies":"Chosen","floor":22.0,"turns":5.0},{"damage":23,"enemies":"Gremlin Leader","floor":24,"turns":8}],"seed_played":"-6719741082256000661","potions_obtained":[{"floor":1.0,"key":"Energy Potion"},{"floor":10.0,"key":"Dexterity Potion"},{"floor":13.0,"key":"EntropicBrew"},{"floor":13.0,"key":"EssenceOfSteel"},{"floor":16.0,"key":"Swift Potion"}],"is_trial":false,"path_per_floor":["M","?","M","?","?","R","E","$","T","M","M","R","?","$","R","B",null,"M","$","T","?","M","?","E"],"character_chosen":"DEFECT","items_purchased":["Coolheaded"],"campfire_rested":0,"item_purchase_floors":[14],"current_hp_per_floor":[64,69,69,62,62,62,62,62,62,56,53,53,53,53,53,11,60,33,33,33,33,38,38,15],"gold":119,"neow_bonus":"THREE_ENEMY_KILL","is_prod":false,"is_daily":false,"chose_seed":false,"campfire_upgraded":3,"win_rate":0,"timestamp":1553165389,"path_taken":["M","?","M","?","?","R","E","$","T","?","M","R","?","$","R","BOSS","M","$","?","?","M","?","E"],"build_version":"2019-01-23","purchased_purges":2,"victory":false,"max_hp_per_floor":[71,76,76,76,76,76,76,76,76,76,76,76,76,76,76,76,76,76,76,76,38,38,38,38],"card_choices":[{"not_picked":["Streamline","Gash"],"picked":"Self Repair","floor":1.0},{"not_picked":["Turbo","Barrage"],"picked":"Capacitor","floor":3.0},{"not_picked":["Cold Snap","Static Discharge"],"picked":"Skim","floor":7.0},{"not_picked":["Barrage","Redo","Hello World"],"picked":"SKIP","floor":10.0},{"not_picked":["Doom and Gloom","Cold Snap"],"picked":"Defragment","floor":11.0},{"not_picked":["Multi-Cast","Reboot"],"picked":"Core Surge","floor":16.0},{"not_picked":["Scrape","Rebound","Gash"],"picked":"SKIP","floor":18.0},{"not_picked":["Stack","Reinforced Body"],"picked":"Turbo","floor":22.0}],"player_experience":3774502,"relics_obtained":[{"floor":7.0,"key":"Ice Cream"},{"floor":9.0,"key":"Potion Belt"},{"floor":20.0,"key":"Cables"}],"event_choices":[{"damage_healed":0.0,"max_hp_gain":5.0,"max_hp_loss":0.0,"gold_gain":0.0,"event_name":"Big Fish","player_choice":"Donut","floor":2.0,"gold_loss":0.0,"damage_taken":0.0},{"cards_removed":["Strike_B"],"damage_healed":0.0,"max_hp_gain":0.0,"max_hp_loss":0.0,"gold_gain":0.0,"event_name":"Golden Wing","player_choice":"Card Removal","floor":4.0,"gold_loss":0.0,"damage_taken":7.0},{"damage_healed":0.0,"max_hp_gain":0.0,"max_hp_loss":0.0,"gold_gain":0.0,"event_name":"Accursed Blacksmith","player_choice":"Rummage","floor":5.0,"gold_loss":0.0,"damage_taken":0.0,"relics_obtained":["WarpedTongs"],"cards_obtained":["Pain"]},{"damage_healed":0.0,"max_hp_gain":0.0,"max_hp_loss":0.0,"gold_gain":0.0,"event_name":"The Woman in Blue","player_choice":"Bought 2 Potions","floor":13.0,"gold_loss":0.0,"damage_taken":0.0},{"damage_healed":0.0,"max_hp_gain":0.0,"max_hp_loss":38.0,"gold_gain":0.0,"event_name":"Ghosts","player_choice":"Became a Ghost","floor":21.0,"gold_loss":0.0,"damage_taken":0.0,"cards_obtained":["Ghostly","Ghostly","Ghostly"]},{"damage_healed":0,"gold_gain":0,"player_choice":"1 cards matched","damage_taken":0,"max_hp_gain":0,"max_hp_loss":0,"event_name":"Match and Keep!","floor":23,"gold_loss":0,"cards_obtained":["Amplify"]},{"damage_healed":0,"gold_gain":0,"player_choice":"1 cards matched","damage_taken":0,"max_hp_gain":0,"max_hp_loss":0,"event_name":"Match and Keep!","floor":23,"gold_loss":0,"cards_obtained":["Amplify"]}],"is_beta":false,"boss_relics":[{"not_picked":["Tiny House","Ectoplasm"],"picked":"Philosopher\u0027s Stone"}],"items_purged_floors":[8,19],"is_endless":false,"potions_floor_spawned":[1,10,16],"killed_by":"Gremlin Leader","ascension_level":20}