{"gold_per_floor":[116,41,51,51,67,67,80,355,411,411,29,29],"floor_reached":12,"playtime":334,"items_purged":["Regret"],"score":136,"play_id":"bb05e434-2d54-4b55-ba23-b6066dab3405","local_time":"20190120191445","is_ascension_mode":true,"campfire_choices":[{"data":"Acrobatics","floor":6.0,"key":"SMITH"},{"data":"Bouncing Flask","floor":10.0,"key":"SMITH"}],"neow_cost":"NONE","seed_source_timestamp":35675025205792,"circlet_count":0,"master_deck":["AscendersBane","Defend_G","Defend_G","Defend_G","Defend_G","Defend_G","Strike_G","Strike_G","Strike_G","Survivor","Neutralize","Acrobatics","Acrobatics+1","Bouncing Flask+1","Grand Finale","Adrenaline"],"special_seed":0,"relics":["Ring of the Snake","NeowsBlessing","Tiny Chest"],"potions_floor_usage":[],"damage_taken":[{"damage":0.0,"enemies":"Jaw Worm","floor":1.0,"turns":1.0},{"damage":0.0,"enemies":"Small Slimes","floor":3.0,"turns":1.0},{"damage":0.0,"enemies":"Cultist","floor":5.0,"turns":1.0},{"damage":12.0,"enemies":"Exordium Wildlife","floor":7.0,"turns":6.0},{"damage":16,"enemies":"3 Sentries","floor":12,"turns":4}],"seed_played":"2017932862519892680","potions_obtained":[],"is_trial":false,"path_per_floor":["M","?","M","?","M","R","M","?","T","R","$","E"],"character_chosen":"THE_SILENT","items_purchased":["Grand Finale","Adrenaline","FearPotion"],"campfire_rested":0,"item_purchase_floors":[11,11,11],"current_hp_per_floor":[59,59,59,52,52,52,40,40,40,40,40,24],"gold":29,"neow_bonus":"THREE_ENEMY_KILL","is_prod":false,"is_daily":false,"chose_seed":false,"campfire_upgraded":2,"win_rate":0,"timestamp":1547982885,"path_taken":["M","?","M","?","M","R","M","?","T","R","$","E"],"build_version":"2019-01-17v2","purchased_purges":1,"victory":false,"max_hp_per_floor":[66,66,66,66,66,66,66,66,66,66,66,66],"card_choices":[{"not_picked":["Bane","Outmaneuver","Dash"],"picked":"SKIP","floor":1.0},{"not_picked":["Poisoned Stab","Outmaneuver"],"picked":"Acrobatics","floor":3.0},{"not_picked":["Bane","Slice"],"picked":"Acrobatics","floor":5.0},{"not_picked":["Blade Dance","Riddle With Holes"],"picked":"Bouncing Flask","floor":7.0}],"player_experience":2079995,"relics_obtained":[{"floor":9.0,"key":"Tiny Chest"}],"event_choices":[{"cards_removed":["Strike_G"],"damage_healed":0.0,"max_hp_gain":0.0,"max_hp_loss":0.0,"gold_gain":0.0,"event_name":"The Cleric","player_choice":"Card Removal","floor":2.0,"gold_loss":75.0,"damage_taken":0.0},{"cards_removed":["Strike_G"],"damage_healed":0.0,"max_hp_gain":0.0,"max_hp_loss":0.0,"gold_gain":0.0,"event_name":"Golden Wing","player_choice":"Card Removal","floor":4.0,"gold_loss":0.0,"damage_taken":7.0},{"damage_healed":0.0,"max_hp_gain":0.0,"max_hp_loss":0.0,"gold_gain":275.0,"event_name":"Golden Shrine","player_choice":"Desecrate","floor":8.0,"gold_loss":0.0,"damage_taken":0.0,"cards_obtained":["Regret"]}],"is_beta":false,"boss_relics":[],"items_purged_floors":[11],"is_endless":false,"potions_floor_spawned":[],"killed_by":"3 Sentries","ascension_level":20}