{"gold_per_floor":[362,150,150,168,185,185,213,213,237,263,274,274,291,291],"floor_reached":14,"playtime":358,"items_purged":["Strike_B"],"score":200,"play_id":"b065fdcb-b7e2-46f3-b102-2b30706a23f7","local_time":"20190426011013","is_ascension_mode":true,"campfire_choices":[{"data":"Hologram","floor":6,"key":"SMITH"},{"data":"Streamline","floor":8,"key":"SMITH"},{"data":"Consume","floor":12,"key":"SMITH"}],"neow_cost":"PERCENT_DAMAGE","seed_source_timestamp":45692702922280,"circlet_count":0,"master_deck":["AscendersBane","Strike_B","Strike_B","Strike_B","Defend_B","Defend_B+1","Defend_B","Zap","Dualcast","Hologram+1","Streamline+1","Turbo+1","Reboot","Consume+1","Fission"],"relics":["Cracked Core","Pen Nib","War Paint","DataDisk"],"potions_floor_usage":[7,7,11,14],"damage_taken":[{"damage":7,"enemies":"Small Slimes","floor":1,"turns":3},{"damage":4,"enemies":"Jaw Worm","floor":4,"turns":3},{"damage":1,"enemies":"Cultist","floor":5,"turns":3},{"damage":5,"enemies":"3 Sentries","floor":7,"turns":3},{"damage":11,"enemies":"Gremlin Nob","floor":10,"turns":3},{"damage":0,"enemies":"Looter","floor":11,"turns":3},{"damage":8,"enemies":"2 Fungi Beasts","floor":13,"turns":3},{"damage":2,"enemies":"Lagavulin","floor":14,"turns":4}],"seed_played":"209739513870806164","potions_obtained":[{"floor":5,"key":"AttackPotion"},{"floor":10,"key":"Swift Potion"},{"floor":11,"key":"SkillPotion"}],"is_trial":false,"path_per_floor":["M","$","?","M","M","R","E","R","T","E","M","R","M","E"],"character_chosen":"DEFECT","items_purchased":["Streamline","Turbo","Fire Potion"],"campfire_rested":0,"item_purchase_floors":[2,2,2],"current_hp_per_floor":[39,39,32,28,27,27,22,22,22,11,11,11,3,1],"gold":291,"neow_bonus":"TWO_FIFTY_GOLD","is_prod":false,"is_daily":false,"chose_seed":false,"campfire_upgraded":3,"win_rate":0,"timestamp":1556212213,"path_taken":["M","$","?","M","M","R","E","R","T","E","M","R","M","E"],"build_version":"2019-01-23","purchased_purges":1,"victory":false,"max_hp_per_floor":[71,71,71,71,71,71,71,71,71,71,71,71,71,71],"card_choices":[{"not_picked":["Barrage","Rebound"],"picked":"Hologram","floor":1},{"not_picked":["Leap","Redo","Go for the Eyes"],"picked":"SKIP","floor":4},{"not_picked":["Streamline","Compile Driver","BootSequence"],"picked":"SKIP","floor":5},{"not_picked":["Ball Lightning","Go for the Eyes"],"picked":"Reboot","floor":7},{"not_picked":["Turbo","Sunder"],"picked":"Consume","floor":10},{"not_picked":["Conserve Battery","Barrage","Stack"],"picked":"SKIP","floor":11},{"not_picked":["Steam","Storm"],"picked":"Fission","floor":13}],"player_experience":4518368,"relics_obtained":[{"floor":7,"key":"Pen Nib"},{"floor":9,"key":"War Paint"},{"floor":10,"key":"DataDisk"}],"event_choices":[{"cards_removed":["Defend_B"],"damage_healed":0,"gold_gain":0,"player_choice":"Card Removal","damage_taken":7,"max_hp_gain":0,"max_hp_loss":0,"event_name":"Golden Wing","floor":3,"gold_loss":0}],"is_beta":false,"boss_relics":[],"items_purged_floors":[2],"is_endless":false,"potions_floor_spawned":[5,10,11],"killed_by":"Lagavulin","ascension_level":20}