{"gold_per_floor":[113,113,188,201,55,55,55,55,103,127,127,127,141,156,156,156],"floor_reached":16,"playtime":404,"items_purged":["Strike_G"],"score":136,"play_id":"62af786c-87a5-4019-8772-ca742a459a27","local_time":"20180930202111","is_ascension_mode":true,"campfire_choices":[{"data":"Neutralize","floor":6,"key":"SMITH"},{"data":"Reflex","floor":8,"key":"SMITH"},{"data":"Defend_G","floor":12,"key":"SMITH"},{"data":"Concentrate","floor":15,"key":"SMITH"}],"neow_cost":"NONE","seed_source_timestamp":260679238356718,"circlet_count":0,"master_deck":["Defend_G+1","Defend_G+1","Defend_G+1","Defend_G","Defend_G","Strike_G+1","Strike_G","Strike_G","Strike_G","Survivor+1","Neutralize+1","AscendersBane","Reflex+1","Footwork+1","Concentrate+1","PiercingWail"],"relics":["Ring of the Snake","Anchor","Pen Nib","War Paint"],"potions_floor_usage":[13,16,16],"damage_taken":[{"damage":1,"enemies":"Small Slimes","floor":1,"turns":5},{"damage":3,"enemies":"Jaw Worm","floor":4,"turns":5},{"damage":2,"enemies":"2 Louse","floor":13,"turns":4},{"damage":2,"enemies":"Exordium Wildlife","floor":14,"turns":8},{"damage":42,"enemies":"Slime Boss","floor":16,"turns":11}],"seed_played":"-2354746613708219654","potions_obtained":[{"floor":4,"key":"SteroidPotion"},{"floor":11,"key":"Energy Potion"},{"floor":13,"key":"LiquidBronze"},{"floor":14,"key":"Strength Potion"}],"is_trial":false,"path_per_floor":["M","?","?","M","$","R","?","R","T","T","?","R","M","M","R"],"character_chosen":"THE_SILENT","items_purchased":["Footwork"],"campfire_rested":0,"item_purchase_floors":[5],"current_hp_per_floor":[62,48,37,34,34,34,34,34,34,34,34,34,32,30,30,0],"gold":156,"neow_bonus":"RANDOM_COMMON_RELIC","is_prod":false,"is_daily":false,"chose_seed":false,"campfire_upgraded":4,"win_rate":0,"timestamp":1538310071,"path_taken":["M","?","?","M","$","R","?","R","T","?","?","R","?","M","R","BOSS"],"build_version":"2018-09-27","purchased_purges":1,"victory":false,"max_hp_per_floor":[70,70,70,70,70,70,70,70,70,70,70,70,70,70,70,70],"card_choices":[{"not_picked":["Sucker Punch","Acrobatics"],"picked":"Reflex","floor":1},{"not_picked":["Flying Knee","Bane","Deadly Poison"],"picked":"SKIP","floor":4},{"not_picked":["Acrobatics","Prepared"],"picked":"Concentrate","floor":13},{"not_picked":["Envenom","Slice"],"picked":"PiercingWail","floor":14}],"player_experience":164117,"relics_obtained":[{"floor":9,"key":"Pen Nib"},{"floor":10,"key":"War Paint"}],"event_choices":[{"event_name":"Shining Light","player_choice":"Entered Light","floor":2,"damage_taken":0},{"event_name":"World of Goop","player_choice":"Gather Gold","floor":3,"damage_taken":0},{"event_name":"Upgrade Shrine","player_choice":"Upgraded","floor":7,"damage_taken":0},{"event_name":"The Lab","player_choice":"Got Potions","floor":11,"damage_taken":0}],"is_beta":false,"boss_relics":[],"items_purged_floors":[5],"is_endless":false,"potions_floor_spawned":[4,13,14],"killed_by":"Slime Boss","ascension_level":11}