{"gold_per_floor":[116,116,41,58,12,12,32,32,78,88,103,103,131,149,149,248,248,265,265,275,275,288,288,318,318,318,318,332,351,351,363,363,363],"floor_reached":33,"playtime":1202,"items_purged":["Defend_R"],"score":269,"play_id":"462678e9-a2ad-4780-87d6-86f15fec8228","local_time":"20190731012309","is_ascension_mode":false,"campfire_choices":[{"data":"Infernal Blade","floor":6.0,"key":"SMITH"},{"data":"Bash","floor":8.0,"key":"SMITH"},{"data":"Flex","floor":12.0,"key":"SMITH"},{"data":"Infernal Blade","floor":15.0,"key":"SMITH"},{"data":"Deep Breath","floor":23,"key":"SMITH"},{"data":"Flex","floor":25,"key":"SMITH"},{"data":"Heavy Blade","floor":27,"key":"SMITH"},{"data":"Double Tap","floor":30,"key":"SMITH"},{"data":"Heavy Blade","floor":32,"key":"SMITH"}],"neow_cost":"NONE","seed_source_timestamp":8243085422180,"circlet_count":0,"master_deck":["Strike_R","Strike_R","Strike_R","Strike_R","Defend_R","Defend_R","Defend_R","Bash+1","Deep Breath+1","Heavy Blade+1","Infernal Blade+1","Sword Boomerang","Infernal Blade+1","Flex+1","Heavy Blade+1","Reaper","Havoc+1","Sword Boomerang+1","Flex+1","Flex+1","Shame","Double Tap+1","Headbutt"],"special_seed":0,"relics":["Burning Blood","Pen Nib","Centennial Puzzle","Cursed Key","Dodecahedron","The Courier"],"potions_floor_usage":[18,24,31,33],"damage_taken":[{"damage":0.0,"enemies":"2 Louse","floor":1.0,"turns":2.0},{"damage":1.0,"enemies":"Cultist","floor":4.0,"turns":3.0},{"damage":0.0,"enemies":"Small Slimes","floor":7.0,"turns":2.0},{"damage":14.0,"enemies":"3 Louse","floor":10.0,"turns":3.0},{"damage":25.0,"enemies":"Gremlin Gang","floor":11.0,"turns":4.0},{"damage":13.0,"enemies":"Gremlin Nob","floor":13.0,"turns":3.0},{"damage":0.0,"enemies":"2 Fungi Beasts","floor":14.0,"turns":2.0},{"damage":67.0,"enemies":"Hexaghost","floor":16.0,"turns":8.0},{"damage":10,"enemies":"2 Thieves","floor":18,"turns":2},{"damage":0,"enemies":"Spheric Guardian","floor":20,"turns":3},{"damage":12,"enemies":"Centurion and Healer","floor":22,"turns":2},{"damage":34,"enemies":"Slavers","floor":24,"turns":3},{"damage":21,"enemies":"Snake Plant","floor":28,"turns":2},{"damage":19,"enemies":"Sentry and Sphere","floor":29,"turns":3},{"damage":10,"enemies":"Cultist and Chosen","floor":31,"turns":2},{"damage":72,"enemies":"Automaton","floor":33,"turns":6}],"seed_played":"7923358749640544213","potions_obtained":[{"floor":1.0,"key":"BloodPotion"},{"floor":13.0,"key":"Swift Potion"},{"floor":14.0,"key":"Ancient Potion"},{"floor":18,"key":"FearPotion"},{"floor":20,"key":"Fire Potion"},{"floor":28,"key":"SkillPotion"},{"floor":31,"key":"Fruit Juice"}],"is_trial":false,"path_per_floor":["M","?","$","M","$","R","M","R","T","M","M","R","E","M","R","B",null,"M","?","M","?","M","R","E","R","T","R","M","M","R","M","R","B"],"character_chosen":"IRONCLAD","items_purchased":["Sword Boomerang"],"campfire_rested":0,"item_purchase_floors":[5],"current_hp_per_floor":[80,80,80,80,80,80,80,80,80,72,53,53,66,72,72,11,80,76,76,80,80,74,74,73,73,73,73,66,57,57,58,58,0],"gold":363,"neow_bonus":"RANDOM_COLORLESS","is_prod":false,"is_daily":false,"chose_seed":false,"campfire_upgraded":9,"win_rate":0,"timestamp":1564557789,"path_taken":["M","?","?","M","$","R","?","R","T","?","M","R","E","M","R","BOSS","M","?","?","?","M","R","E","R","T","R","M","?","R","M","R","BOSS"],"build_version":"2019-07-17","purchased_purges":1,"victory":false,"max_hp_per_floor":[80,80,80,80,80,80,80,80,80,80,80,80,80,80,80,80,80,80,80,80,80,80,80,80,80,80,80,80,80,80,85,85,85],"card_choices":[{"not_picked":["Wild Strike","Armaments"],"picked":"Heavy Blade","floor":1.0},{"not_picked":["Cleave","True Grit"],"picked":"Infernal Blade","floor":4.0},{"not_picked":["Pummel","Rampage"],"picked":"Infernal Blade","floor":7.0},{"not_picked":["Twin Strike","Headbutt"],"picked":"Flex","floor":10.0},{"not_picked":["Ghostly Armor","Clothesline"],"picked":"Heavy Blade","floor":11.0},{"not_picked":["Warcry","Havoc","Juggernaut"],"picked":"SKIP","floor":13.0},{"not_picked":["Dropkick","Body Slam","Warcry"],"picked":"SKIP","floor":14.0},{"not_picked":["Dark Embrace","Exhume"],"picked":"Reaper","floor":16.0},{"not_picked":["Rampage","Blood for Blood+1"],"picked":"Havoc+1","floor":18},{"not_picked":["Thunderclap","Uppercut"],"picked":"Sword Boomerang+1","floor":20},{"not_picked":["Rage","Seeing Red","Searing Blow"],"picked":"SKIP","floor":22},{"not_picked":["Clothesline","Twin Strike+1"],"picked":"Flex","floor":24},{"not_picked":["Iron Wave","Body Slam+1"],"picked":"Double Tap","floor":28},{"not_picked":["Pommel Strike","Anger"],"picked":"Headbutt","floor":29},{"not_picked":["Armaments","Feel No Pain","Bloodletting+1"],"picked":"SKIP","floor":31}],"player_experience":1600483,"relics_obtained":[{"floor":9.0,"key":"Pen Nib"},{"floor":13.0,"key":"Centennial Puzzle"},{"floor":24,"key":"Dodecahedron"},{"floor":26,"key":"The Courier"}],"event_choices":[{"damage_healed":0.0,"max_hp_gain":0.0,"max_hp_loss":0.0,"gold_gain":0.0,"event_name":"The Woman in Blue","player_choice":"Bought 0 Potions","floor":2.0,"gold_loss":0.0,"damage_taken":0.0},{"cards_removed":["Strike_R"],"damage_healed":0,"gold_gain":0,"player_choice":"Offered Basic","damage_taken":0,"max_hp_gain":0,"max_hp_loss":0,"event_name":"Bonfire Elementals","floor":19,"gold_loss":0},{"damage_healed":0,"gold_gain":0,"player_choice":"Copied","damage_taken":0,"max_hp_gain":0,"max_hp_loss":0,"event_name":"Duplicator","floor":21,"gold_loss":0,"cards_obtained":["Flex"]}],"is_beta":false,"boss_relics":[{"not_picked":["Astrolabe","Black Blood"],"picked":"Cursed Key"}],"items_purged_floors":[3],"is_endless":false,"potions_floor_spawned":[1,13,14,18,20,28,31],"killed_by":"Automaton","ascension_level":0}