{"gold_per_floor":[110,120,133,144,144,144,69,69,115,115,126,126,142,171,171,249,249,265,265,284,297,310,310,322,322,322,337,337,350,368,398,398,469,469,483,483,483,583,601,601,612,612,612,612,639,655,674,360,360,360,360,360,360,19,44,44],"floor_reached":57,"playtime":1006,"items_purged":["Strike_R","Perfected Strike","Clothesline"],"score":2896,"play_id":"c58a4d45-bb8d-49e7-b85d-281391e7961e","local_time":"20190119170112","is_ascension_mode":true,"campfire_choices":[{"data":"Searing Blow","floor":6.0,"key":"SMITH"},{"data":"Searing Blow+1","floor":8.0,"key":"SMITH"},{"data":"Searing Blow+2","floor":10.0,"key":"SMITH"},{"data":"Searing Blow+3","floor":12.0,"key":"SMITH"},{"data":"Searing Blow+4","floor":15.0,"key":"SMITH"},{"data":"Searing Blow+5","floor":23.0,"key":"SMITH"},{"data":"Searing Blow+6","floor":25.0,"key":"SMITH"},{"data":"Searing Blow+7","floor":28.0,"key":"SMITH"},{"data":"Searing Blow+8","floor":32.0,"key":"SMITH"},{"data":"Searing Blow+9","floor":40.0,"key":"SMITH"},{"data":"Searing Blow+10","floor":42.0,"key":"SMITH"},{"data":"Searing Blow+11","floor":44.0,"key":"SMITH"},{"floor":49,"key":"RECALL"},{"data":"Searing Blow+12","floor":53,"key":"SMITH"}],"neow_cost":"NONE","seed_source_timestamp":13519625239950,"circlet_count":0,"master_deck":["AscendersBane","Bash","Searing Blow+13","Evolve","Double Tap","Second Wind","Armaments","Fiend Fire","Shockwave","Offering","Impervious"],"special_seed":0,"relics":["Burning Blood","Lantern","Bag of Preparation","Odd Mushroom","Pandora\u0027s Box","Centennial Puzzle","Velvet Choker","Champion Belt","Pantograph","Art of War","Potion Belt","Cauldron","Bird Faced Urn"],"potions_floor_usage":[50],"damage_taken":[{"damage":2.0,"enemies":"Cultist","floor":1.0,"turns":4.0},{"damage":7.0,"enemies":"Jaw Worm","floor":2.0,"turns":3.0},{"damage":5.0,"enemies":"2 Louse","floor":3.0,"turns":3.0},{"damage":14.0,"enemies":"Red Slaver","floor":4.0,"turns":4.0},{"damage":0.0,"enemies":"Lots of Slimes","floor":11.0,"turns":1.0},{"damage":1.0,"enemies":"3 Louse","floor":13.0,"turns":4.0},{"damage":0.0,"enemies":"The Mushroom Lair","floor":14.0,"turns":2.0},{"damage":35.0,"enemies":"The Guardian","floor":16.0,"turns":7.0},{"damage":0.0,"enemies":"Chosen","floor":18.0,"turns":1.0},{"damage":8.0,"enemies":"2 Thieves","floor":20.0,"turns":2.0},{"damage":0.0,"enemies":"Snecko","floor":21.0,"turns":2.0},{"damage":15.0,"enemies":"Centurion and Healer","floor":22.0,"turns":3.0},{"damage":12.0,"enemies":"Snake Plant","floor":24.0,"turns":3.0},{"damage":0.0,"enemies":"Shelled Parasite and Fungi","floor":27.0,"turns":2.0},{"damage":0.0,"enemies":"Snecko","floor":29.0,"turns":1.0},{"damage":3.0,"enemies":"3 Cultists","floor":30.0,"turns":3.0},{"damage":21.0,"enemies":"Gremlin Leader","floor":31.0,"turns":2.0},{"damage":6.0,"enemies":"Collector","floor":33.0,"turns":2.0},{"damage":6.0,"enemies":"3 Darklings","floor":35.0,"turns":2.0},{"damage":6.0,"enemies":"Mind Bloom Boss Battle","floor":38.0,"turns":2.0},{"damage":6.0,"enemies":"Orb Walker","floor":39.0,"turns":1.0},{"damage":6.0,"enemies":"Maw","floor":41.0,"turns":2.0},{"damage":6.0,"enemies":"Giant Head","floor":45.0,"turns":2.0},{"damage":6,"enemies":"Jaw Worm Horde","floor":46,"turns":2},{"damage":6,"enemies":"Writhing Mass","floor":47,"turns":1},{"damage":26,"enemies":"Awakened One","floor":50,"turns":3},{"damage":31,"enemies":"Donu and Deca","floor":51,"turns":4},{"damage":6,"enemies":"Shield and Spear","floor":55,"turns":2},{"damage":64,"enemies":"The Heart","floor":56,"turns":5}],"seed_played":"1801824616132317585","potions_obtained":[{"floor":1.0,"key":"PowerPotion"},{"floor":4.0,"key":"AttackPotion"},{"floor":11.0,"key":"AttackPotion"},{"floor":20.0,"key":"Swift Potion"},{"floor":27.0,"key":"SteroidPotion"},{"floor":54,"key":"Swift Potion"},{"floor":54,"key":"SkillPotion"}],"is_trial":false,"path_per_floor":["M","M","M","M","?","R","$","R","T","R","M","R","M","?","R","B",null,"M","?","M","M","M","R","M","R","T","M","R","M","M","E","R","B",null,"M","?","?","?","M","R","M","R","T","R","E","M","M","$","R","B","B",null,"R","$","E","B",null],"character_chosen":"IRONCLAD","items_purchased":["Potion Belt","AttackPotion","Cauldron"],"campfire_rested":0,"item_purchase_floors":[48,48,54],"current_hp_per_floor":[72,71,72,64,41,41,41,41,41,41,47,47,52,58,58,29,64,70,70,68,74,65,65,59,59,59,65,65,71,74,59,59,59,71,71,71,71,71,71,71,71,71,71,71,71,71,71,71,71,55,50,69,69,69,69,19],"gold":44,"neow_bonus":"RANDOM_COMMON_RELIC","is_prod":false,"is_daily":false,"chose_seed":true,"campfire_upgraded":13,"win_rate":0,"timestamp":1547888472,"path_taken":["M","?","?","M","?","R","$","R","T","R","M","R","M","?","R","BOSS","M","?","M","?","M","R","M","R","T","?","R","M","M","E","R","BOSS","M","?","?","?","M","R","M","R","T","R","E","M","M","$","R","BOSS","BOSS","R","$","E","BOSS"],"build_version":"2019-01-17v2","purchased_purges":3,"victory":true,"max_hp_per_floor":[75,75,75,75,75,75,75,75,75,75,75,75,75,75,75,75,75,75,75,75,75,75,75,75,75,75,75,75,75,75,75,75,75,75,75,75,75,75,75,75,75,75,75,75,75,75,75,75,75,75,75,75,75,75,75,75],"card_choices":[{"not_picked":["Hemokinesis","Clash"],"picked":"Searing Blow","floor":1.0},{"not_picked":["Corruption","Sentinel","True Grit"],"picked":"SKIP","floor":2.0},{"not_picked":["Seeing Red","Searing Blow"],"picked":"Evolve","floor":3.0},{"not_picked":["Sentinel","Thunderclap","Anger"],"picked":"SKIP","floor":4.0},{"not_picked":["Armaments","Corruption","Hemokinesis"],"picked":"SKIP","floor":11.0},{"not_picked":["Carnage","Sword Boomerang","Warcry"],"picked":"SKIP","floor":13.0},{"not_picked":["Searing Blow","Perfected Strike"],"picked":"Double Tap","floor":14.0},{"not_picked":["Havoc","Body Slam","Pommel Strike"],"picked":"SKIP","floor":18.0},{"not_picked":["Body Slam","Infernal Blade+1","Wild Strike"],"picked":"SKIP","floor":20.0},{"not_picked":["Searing Blow","Flame Barrier","Metallicize+1"],"picked":"SKIP","floor":21.0},{"not_picked":["Heavy Blade","Armaments","Perfected Strike"],"picked":"SKIP","floor":22.0},{"not_picked":["True Grit","Infernal Blade","Searing Blow+1"],"picked":"SKIP","floor":24.0},{"not_picked":["Twin Strike","Clothesline","Body Slam"],"picked":"SKIP","floor":27.0},{"not_picked":["Sword Boomerang","Warcry","Inflame"],"picked":"SKIP","floor":29.0},{"not_picked":["Inflame","Flame Barrier","Shrug It Off"],"picked":"SKIP","floor":30.0},{"not_picked":["Flex","Rampage"],"picked":"Offering","floor":31.0},{"not_picked":["Limit Break","Fiend Fire"],"picked":"Impervious","floor":33.0},{"not_picked":["Pommel Strike+1","Headbutt","Thunderclap"],"picked":"SKIP","floor":35.0},{"not_picked":["Thunderclap","Flame Barrier","Cleave"],"picked":"SKIP","floor":39.0},{"not_picked":["Perfected Strike","Evolve+1","Pommel Strike"],"picked":"SKIP","floor":41.0},{"not_picked":["Inflame","Shockwave","Clothesline"],"picked":"SKIP","floor":45.0},{"not_picked":["Burning Pact","Havoc+1","Blood for Blood+1"],"picked":"SKIP","floor":46},{"not_picked":["Second Wind","Demon Form","Infernal Blade"],"picked":"SKIP","floor":47},{"not_picked":["Dropkick+1","Sword Boomerang","Thunderclap"],"picked":"SKIP","floor":55}],"player_experience":2036069,"relics_obtained":[{"floor":9.0,"key":"Bag of Preparation"},{"floor":14.0,"key":"Odd Mushroom"},{"floor":31.0,"key":"Centennial Puzzle"},{"floor":38.0,"key":"Champion Belt"},{"floor":43.0,"key":"Pantograph"},{"floor":45.0,"key":"Art of War"},{"floor":55,"key":"Bird Faced Urn"}],"event_choices":[{"damage_healed":0.0,"max_hp_gain":0.0,"max_hp_loss":0.0,"gold_gain":0.0,"event_name":"Shining Light","player_choice":"Entered Light","floor":5.0,"gold_loss":0.0,"damage_taken":23.0,"cards_upgraded":["Strike_R","Defend_R"]},{"damage_healed":0.0,"max_hp_gain":0.0,"max_hp_loss":0.0,"gold_gain":0.0,"event_name":"Mushrooms","player_choice":"Fought Mushrooms","floor":14.0,"gold_loss":0.0,"damage_taken":0.0},{"cards_removed":["Clash"],"damage_healed":0.0,"max_hp_gain":0.0,"max_hp_loss":0.0,"gold_gain":0.0,"event_name":"Purifier","player_choice":"Purged","floor":19.0,"gold_loss":0.0,"damage_taken":0.0},{"damage_healed":0.0,"max_hp_gain":0.0,"max_hp_loss":0.0,"gold_gain":0.0,"event_name":"SensoryStone","player_choice":"Memory 1","floor":36.0,"gold_loss":0.0,"damage_taken":0.0},{"cards_removed":["Thunderclap"],"damage_healed":0.0,"max_hp_gain":0.0,"max_hp_loss":0.0,"gold_gain":0.0,"event_name":"Falling","player_choice":"Removed Attack","floor":37.0,"gold_loss":0.0,"damage_taken":0.0},{"damage_healed":0.0,"max_hp_gain":0.0,"max_hp_loss":0.0,"gold_gain":0.0,"event_name":"MindBloom","player_choice":"Fight","floor":38.0,"gold_loss":0.0,"damage_taken":0.0}],"is_beta":false,"boss_relics":[{"not_picked":["Black Blood","Fusion Hammer"],"picked":"Pandora\u0027s Box"},{"not_picked":["Cursed Key","Tiny House"],"picked":"Velvet Choker"}],"items_purged_floors":[7,48,54],"is_endless":false,"potions_floor_spawned":[1,4,11,20,21,27,29,31,35,38,45,46],"ascension_level":20}