{"gold_per_floor":[218,92,111,111,131,131,56,56,56,74,74,91,101,135,135,210,210,224,239,88,108,108,108],"floor_reached":23,"playtime":983,"items_purged":["Strike_B","Strike_B"],"score":386,"play_id":"33e30df3-9cd1-492a-8d99-f8c1b3b6decb","local_time":"20190211230021","is_ascension_mode":true,"campfire_choices":[{"data":"Darkness","floor":6,"key":"SMITH"},{"data":"Loop","floor":8,"key":"SMITH"},{"data":"Streamline","floor":11,"key":"SMITH"},{"data":"Dualcast","floor":15,"key":"SMITH"}],"neow_cost":"NONE","seed_source_timestamp":37395480911514,"circlet_count":0,"master_deck":["AscendersBane","Defend_B","Defend_B","Defend_B","Zap","Dualcast+1","Loop+1","Streamline+1","Darkness+1","Conserve Battery","Undo","Seek","Turbo+1","Redo","Undo","Seek"],"relics":["Cracked Core","Darkstone Periapt","Runic Pyramid"],"potions_floor_usage":[12,14,14,23,23],"damage_taken":[{"damage":1,"enemies":"Cultist","floor":1,"turns":3},{"damage":7,"enemies":"Jaw Worm","floor":3,"turns":2},{"damage":0,"enemies":"2 Louse","floor":5,"turns":2},{"damage":16,"enemies":"Large Slime","floor":10,"turns":5},{"damage":13,"enemies":"Gremlin Gang","floor":12,"turns":6},{"damage":11,"enemies":"Blue Slaver","floor":13,"turns":4},{"damage":3,"enemies":"Lagavulin","floor":14,"turns":4},{"damage":7,"enemies":"Hexaghost","floor":16,"turns":6},{"damage":21,"enemies":"Shell Parasite","floor":18,"turns":6},{"damage":0,"enemies":"Chosen","floor":19,"turns":4},{"damage":19,"enemies":"Centurion and Healer","floor":21,"turns":6},{"damage":29,"enemies":"Slavers","floor":23,"turns":3}],"seed_played":"-8476089496419079425","potions_obtained":[{"floor":1,"key":"Swift Potion"},{"floor":3,"key":"SpeedPotion"},{"floor":12,"key":"Swift Potion"},{"floor":16,"key":"Strength Potion"},{"floor":18,"key":"Dexterity Potion"},{"floor":21,"key":"FocusPotion"}],"is_trial":false,"path_per_floor":["M","$","M","?","M","R","?","R","T","M","R","M","M","E","R","B",null,"M","M","$","M","?","E"],"character_chosen":"DEFECT","items_purchased":["Streamline","Redo"],"campfire_rested":0,"item_purchase_floors":[2,20],"current_hp_per_floor":[63,63,56,61,61,61,61,61,61,45,45,32,21,18,18,11,60,39,39,39,20,20,0],"gold":108,"neow_bonus":"HUNDRED_GOLD","is_prod":false,"is_daily":false,"chose_seed":false,"campfire_upgraded":4,"win_rate":0,"timestamp":1549897221,"path_taken":["M","$","M","?","M","R","?","R","T","M","R","M","M","E","R","BOSS","M","M","$","M","?","E"],"build_version":"2019-01-23","purchased_purges":2,"victory":false,"max_hp_per_floor":[71,71,71,76,76,76,76,76,76,76,76,76,76,76,76,76,76,76,76,76,76,76,76],"card_choices":[{"not_picked":["Force Field","Rebound"],"picked":"Loop","floor":1},{"not_picked":["Redo","Fusion","Blizzard"],"picked":"SKIP","floor":3},{"not_picked":["BootSequence","Compile Driver"],"picked":"Darkness","floor":5},{"not_picked":["Turbo","Scrape","Stack"],"picked":"SKIP","floor":10},{"not_picked":["Turbo","Scrape","Stack"],"picked":"SKIP","floor":10},{"not_picked":["Gash","Darkness","Genetic Algorithm"],"picked":"SKIP","floor":12},{"not_picked":["White Noise","Coolheaded"],"picked":"Conserve Battery","floor":13},{"not_picked":["Force Field","Recycle"],"picked":"Undo","floor":14},{"not_picked":["All For One","Rainbow"],"picked":"Seek","floor":16},{"not_picked":["Steam","Coolheaded","Doom and Gloom"],"picked":"SKIP","floor":18},{"not_picked":["Cold Snap","Streamline"],"picked":"Turbo+1","floor":19},{"not_picked":["Force Field","Blizzard","Gash"],"picked":"SKIP","floor":21}],"player_experience":2623348,"relics_obtained":[{"floor":14,"key":"Darkstone Periapt"}],"event_choices":[{"damage_healed":0,"gold_gain":0,"player_choice":"Donut","damage_taken":0,"max_hp_gain":5,"max_hp_loss":0,"event_name":"Big Fish","floor":4,"gold_loss":0},{"cards_removed":["Strike_B"],"damage_healed":0,"gold_gain":0,"player_choice":"Card Removal","damage_taken":0,"max_hp_gain":0,"max_hp_loss":0,"event_name":"The Cleric","floor":7,"gold_loss":75},{"damage_healed":0,"gold_gain":0,"cards_transformed":["Strike_B","Defend_B"],"player_choice":"Became Test Subject","damage_taken":0,"max_hp_gain":0,"max_hp_loss":0,"event_name":"Drug Dealer","floor":22,"gold_loss":0,"cards_obtained":["Undo","Seek"]}],"is_beta":false,"boss_relics":[{"not_picked":["Cursed Key","FrozenCore"],"picked":"Runic Pyramid"}],"items_purged_floors":[2,20],"is_endless":false,"potions_floor_spawned":[1,3,12,16,18,21],"killed_by":"Slavers","ascension_level":20}