{"gold_per_floor":[119,119,131,406,416,416,443,443,466,31,31,66,66,91,91,91],"floor_reached":16,"playtime":532,"items_purged":["Regret"],"score":232,"play_id":"42721c7c-8b74-4135-86ed-511d8ced1649","local_time":"20190212222134","is_ascension_mode":true,"campfire_choices":[{"data":"Dualcast","floor":6.0,"key":"SMITH"},{"data":"Zap","floor":11.0,"key":"SMITH"},{"data":"Reinforced Body","floor":13.0,"key":"SMITH"},{"floor":15,"key":"REST"}],"neow_cost":"NONE","seed_source_timestamp":45114336421312,"circlet_count":0,"master_deck":["AscendersBane","Strike_B","Strike_B","Strike_B","Defend_B","Defend_B","Defend_B","Defend_B","Zap+1","Dualcast+1","Ball Lightning","Genetic Algorithm","Genetic Algorithm","Cold Snap","Self Repair","Reinforced Body+1"],"special_seed":0,"relics":["Cracked Core","NeowsBlessing","Omamori","Orichalcum","Runic Capacitor","Ornamental Fan","Happy Flower"],"potions_floor_usage":[16],"damage_taken":[{"damage":0.0,"enemies":"Jaw Worm","floor":1.0,"turns":1.0},{"damage":0.0,"enemies":"2 Louse","floor":3.0,"turns":1.0},{"damage":0.0,"enemies":"Cultist","floor":5.0,"turns":1.0},{"damage":25.0,"enemies":"Lagavulin","floor":7.0,"turns":8.0},{"damage":25.0,"enemies":"Gremlin Nob","floor":12.0,"turns":4.0},{"damage":13,"enemies":"3 Sentries","floor":14,"turns":8},{"damage":37,"enemies":"Slime Boss","floor":16,"turns":10}],"seed_played":"455692814953453704","potions_obtained":[{"floor":1.0,"key":"Ancient Potion"},{"floor":3.0,"key":"Block Potion"},{"floor":7.0,"key":"SneckoOil"},{"floor":14,"key":"PowerPotion"}],"is_trial":false,"path_per_floor":["M","?","M","?","M","R","E","?","T","$","R","E","R","E","R","B"],"character_chosen":"DEFECT","items_purchased":["Runic Capacitor","Cold Snap","Self Repair","Fire Potion"],"campfire_rested":1,"item_purchase_floors":[10,10,10,10],"current_hp_per_floor":[64,57,57,57,57,57,32,32,32,32,32,14,14,8,29,0],"gold":91,"neow_bonus":"THREE_ENEMY_KILL","is_prod":false,"is_daily":false,"chose_seed":false,"campfire_upgraded":3,"win_rate":0,"timestamp":1549981294,"path_taken":["M","?","M","?","?","R","E","?","T","$","R","E","R","E","R","BOSS"],"build_version":"2019-01-23","purchased_purges":1,"victory":false,"max_hp_per_floor":[71,71,71,71,71,71,71,71,71,71,71,71,71,71,71,71],"card_choices":[{"not_picked":["Reinforced Body","Loop"],"picked":"Ball Lightning","floor":1.0},{"not_picked":["Leap","Double Energy"],"picked":"Genetic Algorithm","floor":3.0},{"not_picked":["Auto Shields","Lockon"],"picked":"Genetic Algorithm","floor":5.0},{"not_picked":["Doom and Gloom","Static Discharge","Sweeping Beam"],"picked":"SKIP","floor":7.0},{"not_picked":["Barrage","Steam"],"picked":"Reinforced Body","floor":12.0},{"not_picked":["Thunder Strike","Sweeping Beam","Turbo"],"picked":"SKIP","floor":14}],"player_experience":2665225,"relics_obtained":[{"floor":7.0,"key":"Omamori"},{"floor":9.0,"key":"Orichalcum"},{"floor":12.0,"key":"Ornamental Fan"},{"floor":14,"key":"Happy Flower"}],"event_choices":[{"cards_removed":["Strike_B"],"damage_healed":0.0,"max_hp_gain":0.0,"max_hp_loss":0.0,"gold_gain":0.0,"event_name":"Golden Wing","player_choice":"Card Removal","floor":2.0,"gold_loss":0.0,"damage_taken":7.0},{"damage_healed":0.0,"max_hp_gain":0.0,"max_hp_loss":0.0,"gold_gain":275.0,"event_name":"Golden Shrine","player_choice":"Desecrate","floor":4.0,"gold_loss":0.0,"damage_taken":0.0,"cards_obtained":["Regret"]},{"damage_healed":0.0,"max_hp_gain":0.0,"max_hp_loss":0.0,"gold_gain":0.0,"event_name":"Shining Light","player_choice":"Ignored","floor":8.0,"gold_loss":0.0,"damage_taken":0.0}],"is_beta":false,"boss_relics":[],"items_purged_floors":[10],"is_endless":false,"potions_floor_spawned":[1,3,7,14],"killed_by":"Slime Boss","ascension_level":20}