{"gold_per_floor":[115,130,55,68,343,343,12,27,27,45,45,74,74,94,94,170,170,190,203,203,220,95,95,114,125,173,173,173,98,129,141,141,217,217,228,228,228,78,78,78,78,88,88,98,98,113,140,151,151,151],"floor_reached":50,"playtime":32041,"items_purged":["Strike_G","Regret","Strike_G","Strike_G"],"score":1188,"play_id":"1a44eb96-cd6b-4a12-99d6-821e46cd658a","local_time":"20190527113158","is_ascension_mode":true,"campfire_choices":[{"data":"Neutralize","floor":6.0,"key":"SMITH"},{"data":"Acrobatics","floor":11.0,"key":"SMITH"},{"data":"Well Laid Plans","floor":15.0,"key":"SMITH"},{"data":"Setup","floor":23.0,"key":"SMITH"},{"data":"Acrobatics","floor":28.0,"key":"SMITH"},{"data":"Terror","floor":32.0,"key":"SMITH"},{"data":"Malaise","floor":40.0,"key":"SMITH"},{"data":"Flechettes","floor":45.0,"key":"SMITH"},{"floor":49,"key":"RECALL"}],"neow_cost":"NONE","seed_source_timestamp":46442670111506,"circlet_count":0,"master_deck":["AscendersBane","Defend_G","Defend_G","Defend_G","Defend_G","Survivor","Neutralize+1","Deflect+1","PiercingWail+1","Underhanded Strike+1","Dagger Throw","Acrobatics+1","Acrobatics+1","Escape Plan","Well Laid Plans+1","Terror+1","Malaise+1","Setup+1","Dark Shackles","Flechettes+1","Normality","Backflip+1"],"special_seed":0,"relics":["Astrolabe","Potion Belt","Letter Opener","Pear","Shuriken","Cursed Key","Nunchaku","Bag of Preparation","PreservedInsect","Black Star","Molten Egg 2","Lantern"],"potions_floor_usage":[],"damage_taken":[{"damage":4.0,"enemies":"2 Louse","floor":1.0,"turns":3.0},{"damage":11.0,"enemies":"Cultist","floor":2.0,"turns":7.0},{"damage":0.0,"enemies":"Small Slimes","floor":4.0,"turns":4.0},{"damage":0.0,"enemies":"Red Slaver","floor":8.0,"turns":4.0},{"damage":0.0,"enemies":"2 Fungi Beasts","floor":10.0,"turns":5.0},{"damage":0.0,"enemies":"Gremlin Nob","floor":12.0,"turns":4.0},{"damage":0.0,"enemies":"Blue Slaver","floor":14.0,"turns":3.0},{"damage":0.0,"enemies":"The Guardian","floor":16.0,"turns":9.0},{"damage":0.0,"enemies":"Chosen","floor":18.0,"turns":5.0},{"damage":1.0,"enemies":"2 Thieves","floor":19.0,"turns":4.0},{"damage":2.0,"enemies":"Cultist and Chosen","floor":21.0,"turns":8.0},{"damage":7.0,"enemies":"Centurion and Healer","floor":24.0,"turns":6.0},{"damage":2.0,"enemies":"Snecko","floor":25.0,"turns":5.0},{"damage":0.0,"enemies":"Gremlin Leader","floor":30.0,"turns":5.0},{"damage":1.0,"enemies":"Cultist and Chosen","floor":31.0,"turns":4.0},{"damage":8.0,"enemies":"Automaton","floor":33.0,"turns":7.0},{"damage":0.0,"enemies":"Orb Walker","floor":35.0,"turns":4.0},{"damage":17.0,"enemies":"3 Darklings","floor":42.0,"turns":4.0},{"damage":9.0,"enemies":"Sphere and 2 Shapes","floor":44.0,"turns":5.0},{"damage":12.0,"enemies":"Spire Growth","floor":46.0,"turns":5.0},{"damage":4.0,"enemies":"Nemesis","floor":47.0,"turns":5.0},{"damage":0,"enemies":"4 Shapes","floor":48,"turns":6},{"damage":19,"enemies":"Donu and Deca","floor":50,"turns":4}],"seed_played":"7274910670335645160","potions_obtained":[{"floor":2.0,"key":"PowerPotion"},{"floor":12.0,"key":"LiquidBronze"},{"floor":14.0,"key":"AttackPotion"},{"floor":24.0,"key":"SpeedPotion"},{"floor":33.0,"key":"Regen Potion"},{"floor":46.0,"key":"PowerPotion"}],"is_trial":false,"path_per_floor":["M","M","$","M","?","R","$","M","T","M","R","E","?","M","R","B",null,"M","M","?","M","$","R","M","M","T","?","R","?","E","M","R","B",null,"M","?","?","$","?","R","$","M","T","M","R","M","E","M","R","B"],"character_chosen":"THE_SILENT","items_purchased":["Acrobatics","Potion Belt"],"campfire_rested":0,"item_purchase_floors":[7,7],"current_hp_per_floor":[55,44,44,44,44,44,44,44,44,44,44,54,49,49,49,49,69,69,68,68,66,66,66,59,57,57,57,57,57,57,56,56,48,69,69,69,69,69,65,65,65,57,57,48,48,36,32,32,32,13],"gold":151,"neow_bonus":"BOSS_RELIC","is_prod":false,"is_daily":false,"chose_seed":false,"campfire_upgraded":8,"win_rate":0,"timestamp":1558927918,"path_taken":["M","M","$","M","?","R","$","?","T","M","R","E","?","M","R","BOSS","M","M","?","?","?","R","M","M","T","?","R","?","E","M","R","BOSS","M","?","?","$","?","R","$","M","T","M","R","?","E","?","R","BOSS"],"build_version":"2019-01-23","purchased_purges":4,"victory":false,"max_hp_per_floor":[66,66,66,66,66,66,66,66,66,66,66,76,76,76,76,76,76,76,76,76,76,76,76,76,76,76,76,76,76,76,76,76,76,76,76,76,72,72,72,72,72,72,72,72,72,72,72,72,72,72],"card_choices":[{"not_picked":["Flying Knee","Choke","Cloak And Dagger"],"picked":"SKIP","floor":1.0},{"not_picked":["Backflip","PiercingWail"],"picked":"Dagger Throw","floor":2.0},{"not_picked":["Endless Agony","Underhanded Strike","Cloak And Dagger"],"picked":"SKIP","floor":4.0},{"not_picked":["Backflip","All Out Attack"],"picked":"Acrobatics","floor":8.0},{"not_picked":["Riddle With Holes","Slice"],"picked":"Escape Plan","floor":10.0},{"not_picked":["Choke","Bouncing Flask"],"picked":"Well Laid Plans","floor":12.0},{"not_picked":["Riddle With Holes","Poisoned Stab"],"picked":"Terror","floor":14.0},{"not_picked":["Envenom","Bullet Time"],"picked":"Malaise","floor":16.0},{"not_picked":["All Out Attack","Dagger Throw","Cloak And Dagger"],"picked":"SKIP","floor":18.0},{"not_picked":["Flying Knee","Sucker Punch","Dagger Spray+1"],"picked":"SKIP","floor":19.0},{"not_picked":["Riddle With Holes","Predator"],"picked":"Setup","floor":21.0},{"not_picked":["Flying Knee+1","Dodge and Roll","Eviscerate"],"picked":"SKIP","floor":24.0},{"not_picked":["Prepared","Blade Dance","Riddle With Holes"],"picked":"SKIP","floor":25.0},{"not_picked":["Caltrops","Distraction+1","Eviscerate"],"picked":"SKIP","floor":30.0},{"not_picked":["Die Die Die","Finisher","Bouncing Flask+1"],"picked":"SKIP","floor":31.0},{"not_picked":["Slice","Bane+1","Flying Knee+1"],"picked":"SKIP","floor":35.0},{"not_picked":["Blind","PanicButton"],"picked":"Dark Shackles","floor":36.0},{"not_picked":["Bane","Prepared+1"],"picked":"Flechettes","floor":42.0},{"not_picked":["Escape Plan","Bouncing Flask","Catalyst"],"picked":"SKIP","floor":44.0},{"not_picked":["Outmaneuver","Flying Knee","Cloak And Dagger"],"picked":"SKIP","floor":46.0},{"not_picked":["Endless Agony","Cloak And Dagger+1","Terror"],"picked":"SKIP","floor":47.0},{"not_picked":["Slice+1","Outmaneuver+1"],"picked":"Backflip+1","floor":48}],"player_experience":4840584,"relics_obtained":[{"floor":9.0,"key":"Letter Opener"},{"floor":12.0,"key":"Pear"},{"floor":26.0,"key":"Bag of Preparation"},{"floor":30.0,"key":"PreservedInsect"},{"floor":47.0,"key":"Molten Egg 2"},{"floor":47.0,"key":"Lantern"}],"event_choices":[{"damage_healed":0.0,"max_hp_gain":0.0,"max_hp_loss":0.0,"gold_gain":275.0,"event_name":"Golden Shrine","player_choice":"Desecrate","floor":5.0,"gold_loss":0.0,"damage_taken":0.0,"cards_obtained":["Regret"]},{"damage_healed":0.0,"max_hp_gain":0.0,"max_hp_loss":0.0,"gold_gain":0.0,"event_name":"Scrap Ooze","player_choice":"Success","floor":13.0,"gold_loss":0.0,"damage_taken":5.0,"relics_obtained":["Shuriken"]},{"damage_healed":0.0,"max_hp_gain":0.0,"max_hp_loss":0.0,"gold_gain":0.0,"event_name":"WeMeetAgain","player_choice":"Gave Potion","floor":20.0,"gold_loss":0.0,"damage_taken":0.0,"relics_obtained":["Nunchaku"]},{"damage_healed":0.0,"max_hp_gain":0.0,"max_hp_loss":0.0,"gold_gain":0.0,"event_name":"Vampires","player_choice":"Ignored","floor":27.0,"gold_loss":0.0,"damage_taken":0.0},{"cards_removed":["Shame"],"damage_healed":0.0,"max_hp_gain":0.0,"max_hp_loss":0.0,"gold_gain":0.0,"event_name":"Beggar","player_choice":"Gave Gold","floor":29.0,"gold_loss":75.0,"damage_taken":0.0},{"damage_healed":0.0,"max_hp_gain":0.0,"max_hp_loss":0.0,"gold_gain":0.0,"event_name":"SensoryStone","player_choice":"Memory 1","floor":36.0,"gold_loss":0.0,"damage_taken":0.0},{"damage_healed":0.0,"max_hp_gain":0.0,"max_hp_loss":4.0,"gold_gain":0.0,"event_name":"Winding Halls","player_choice":"Max HP","floor":37.0,"gold_loss":0.0,"damage_taken":0.0},{"damage_healed":0.0,"max_hp_gain":0.0,"max_hp_loss":0.0,"gold_gain":0.0,"event_name":"The Woman in Blue","player_choice":"Bought 0 Potions","floor":39.0,"gold_loss":0.0,"damage_taken":0.0}],"is_beta":false,"boss_relics":[{"not_picked":["Tiny House","Velvet Choker"],"picked":"Cursed Key"},{"not_picked":["Calling Bell","Snecko Eye"],"picked":"Black Star"}],"items_purged_floors":[3,7,22,38],"is_endless":false,"potions_floor_spawned":[2,12,14,24,33,46],"killed_by":"Donu and Deca","ascension_level":20}