{"gold_per_floor":[109,69,89,89,14,14,41,60,60,4,4,17,44,61,61,136,136,156,156,206,41,51,51,85,99,99,99,99,99,99,118,118,197,197,210,66,76,92,92,119,119,137,184,201,201],"floor_reached":45,"playtime":3100,"items_purged":["Strike_G","Writhe"],"score":946,"play_id":"13cfb965-0e65-4de3-a0cb-5b680126e628","local_time":"20190703220732","is_ascension_mode":true,"campfire_choices":[{"data":"Dagger Spray","floor":6.0,"key":"SMITH"},{"floor":11.0,"key":"REST"},{"data":"Deadly Poison","floor":15.0,"key":"SMITH"},{"floor":23.0,"key":"REST"},{"floor":27.0,"key":"REST"},{"data":"Bullet Time","floor":32.0,"key":"SMITH"},{"floor":41,"key":"REST"}],"neow_cost":"PERCENT_DAMAGE","seed_source_timestamp":38395831187055,"circlet_count":0,"master_deck":["AscendersBane","Strike_G","Defend_G","Defend_G","Defend_G","Defend_G","Survivor","Neutralize+1","Tactician","Finisher","Dagger Spray+1","Dagger Throw","Crippling Poison","Dagger Throw","Backflip","PiercingWail","Deadly Poison+1","Envenom","Outmaneuver","Bandage Up","Bullet Time+1","Leg Sweep","Tactician+1","Concentrate","Concentrate+1","Calculated Gamble","Acrobatics"],"special_seed":0,"relics":["Ring of the Snake","StoneCalendar","Ninja Scroll","Pen Nib","Runic Pyramid","Nilry\u0027s Codex","Darkstone Periapt","Boot","Sozu","Shovel","Bag of Preparation"],"potions_floor_usage":[],"damage_taken":[{"damage":0.0,"enemies":"2 Louse","floor":1.0,"turns":3.0},{"damage":0.0,"enemies":"Cultist","floor":3.0,"turns":3.0},{"damage":10.0,"enemies":"3 Sentries","floor":7.0,"turns":5.0},{"damage":1.0,"enemies":"Jaw Worm","floor":8.0,"turns":2.0},{"damage":0.0,"enemies":"Looter","floor":12.0,"turns":1.0},{"damage":20.0,"enemies":"Lagavulin","floor":13.0,"turns":5.0},{"damage":2.0,"enemies":"Blue Slaver","floor":14.0,"turns":4.0},{"damage":10.0,"enemies":"The Guardian","floor":16.0,"turns":9.0},{"damage":11.0,"enemies":"3 Byrds","floor":18.0,"turns":4.0},{"damage":1.0,"enemies":"Chosen","floor":22.0,"turns":4.0},{"damage":30.0,"enemies":"Book of Stabbing","floor":24.0,"turns":5.0},{"damage":3.0,"enemies":"Snecko","floor":25.0,"turns":3.0},{"damage":0.0,"enemies":"Sentry and Sphere","floor":31.0,"turns":5.0},{"damage":25.0,"enemies":"Collector","floor":33.0,"turns":8.0},{"damage":10.0,"enemies":"3 Shapes","floor":35.0,"turns":7.0},{"damage":0.0,"enemies":"Orb Walker","floor":37.0,"turns":3.0},{"damage":20.0,"enemies":"Transient","floor":38.0,"turns":6.0},{"damage":11,"enemies":"Nemesis","floor":40,"turns":7},{"damage":27,"enemies":"3 Darklings","floor":42,"turns":5},{"damage":18,"enemies":"Writhing Mass","floor":44,"turns":7},{"damage":21,"enemies":"Giant Head","floor":45,"turns":5}],"seed_played":"-8474050399172876522","potions_obtained":[{"floor":2.0,"key":"FearPotion"},{"floor":2.0,"key":"EntropicBrew"},{"floor":7.0,"key":"Strength Potion"},{"floor":13.0,"key":"GamblersBrew"},{"floor":18.0,"key":"FearPotion"},{"floor":31.0,"key":"Fire Potion"}],"is_trial":false,"path_per_floor":["M","?","M","?","?","R","E","M","T","$","R","M","E","M","R","B",null,"M","?","?","$","M","R","E","M","T","R","?","?","$","M","R","B",null,"M","$","M","M","?","E","R","M","T","M","E"],"character_chosen":"THE_SILENT","items_purchased":["PowerPotion","Bandage Up","Concentrate"],"campfire_rested":4,"item_purchase_floors":[10,21,36],"current_hp_per_floor":[44,44,44,44,44,44,34,33,33,33,52,52,32,30,30,20,55,44,23,23,23,26,45,19,20,20,39,39,45,45,49,49,28,61,55,55,55,39,39,32,53,30,30,16,0],"gold":201,"neow_bonus":"TRANSFORM_TWO_CARDS","is_prod":false,"is_daily":false,"chose_seed":false,"campfire_upgraded":3,"win_rate":0,"timestamp":1562184452,"path_taken":["M","?","?","?","?","R","E","M","T","?","R","M","E","M","R","BOSS","M","?","?","$","M","R","E","M","T","R","?","?","?","M","R","BOSS","M","$","M","M","?","E","R","M","T","M","E"],"build_version":"2019-07-01","purchased_purges":2,"victory":false,"max_hp_per_floor":[66,66,66,66,66,66,66,66,66,66,66,66,66,66,66,66,66,66,66,66,66,66,66,66,66,66,66,66,72,72,72,72,72,72,72,72,72,72,72,72,72,72,72,72,72],"card_choices":[{"not_picked":["PiercingWail","Flechettes"],"picked":"Dagger Spray","floor":1.0},{"not_picked":["Prepared","Sucker Punch"],"picked":"Dagger Throw","floor":3.0},{"not_picked":["Escape Plan","Phantasmal Killer"],"picked":"Crippling Poison","floor":7.0},{"not_picked":["Predator","Eviscerate"],"picked":"Dagger Throw","floor":8.0},{"not_picked":["Dagger Throw","Deflect"],"picked":"Backflip","floor":12.0},{"not_picked":["Dagger Throw","Concentrate"],"picked":"PiercingWail","floor":13.0},{"not_picked":["Slice","Flying Knee"],"picked":"Deadly Poison","floor":14.0},{"not_picked":["Unload","Grand Finale"],"picked":"Envenom","floor":16.0},{"not_picked":["Predator","Blade Dance"],"picked":"Outmaneuver","floor":18.0},{"not_picked":["Blade Dance","Slice","Deadly Poison"],"picked":"SKIP","floor":22.0},{"not_picked":["Flechettes","Deadly Poison"],"picked":"Bullet Time","floor":24.0},{"not_picked":["Deflect","Flying Knee"],"picked":"Leg Sweep","floor":25.0},{"not_picked":["Choke","Bane","Dodge and Roll"],"picked":"SKIP","floor":31.0},{"not_picked":["Deadly Poison+1","Underhanded Strike"],"picked":"Tactician+1","floor":35.0},{"not_picked":["Cloak And Dagger","Concentrate+1","Outmaneuver"],"picked":"SKIP","floor":37.0},{"not_picked":["Cloak And Dagger","Outmaneuver"],"picked":"Concentrate+1","floor":37.0},{"not_picked":["All Out Attack","Masterful Stab"],"picked":"Calculated Gamble","floor":38.0},{"not_picked":["Concentrate","Tactician","Crippling Poison+1"],"picked":"SKIP","floor":40},{"not_picked":["Underhanded Strike+1","Cloak And Dagger+1"],"picked":"Acrobatics","floor":42},{"not_picked":["Concentrate","Die Die Die","Well Laid Plans"],"picked":"SKIP","floor":44}],"player_experience":665714,"relics_obtained":[{"floor":7.0,"key":"StoneCalendar"},{"floor":9.0,"key":"Ninja Scroll"},{"floor":13.0,"key":"Pen Nib"},{"floor":19.0,"key":"Nilry\u0027s Codex"},{"floor":24.0,"key":"Darkstone Periapt"},{"floor":40,"key":"Shovel"},{"floor":43,"key":"Bag of Preparation"}],"event_choices":[{"damage_healed":0.0,"max_hp_gain":0.0,"max_hp_loss":0.0,"gold_gain":0.0,"event_name":"The Woman in Blue","player_choice":"Bought 3 Potions","floor":2.0,"gold_loss":0.0,"damage_taken":0.0},{"damage_healed":0.0,"max_hp_gain":0.0,"max_hp_loss":0.0,"gold_gain":0.0,"event_name":"Living Wall","player_choice":"Grow","floor":4.0,"gold_loss":0.0,"damage_taken":0.0,"cards_upgraded":["Neutralize"]},{"cards_removed":["Defend_G"],"damage_healed":0.0,"max_hp_gain":0.0,"max_hp_loss":0.0,"gold_gain":0.0,"event_name":"The Cleric","player_choice":"Card Removal","floor":5.0,"gold_loss":75.0,"damage_taken":0.0},{"damage_healed":0.0,"max_hp_gain":0.0,"max_hp_loss":0.0,"gold_gain":0.0,"event_name":"Cursed Tome","player_choice":"Obtained Book","floor":19.0,"gold_loss":0.0,"damage_taken":21.0},{"damage_healed":0.0,"max_hp_gain":0.0,"max_hp_loss":0.0,"gold_gain":50.0,"event_name":"Nest","player_choice":"Stole From Cult","floor":20.0,"gold_loss":0.0,"damage_taken":0.0},{"damage_healed":0.0,"max_hp_gain":0.0,"max_hp_loss":0.0,"gold_gain":0.0,"event_name":"Vampires","player_choice":"Ignored","floor":28.0,"gold_loss":0.0,"damage_taken":0.0},{"damage_healed":0.0,"max_hp_gain":0.0,"max_hp_loss":0.0,"gold_gain":0.0,"event_name":"The Mausoleum","player_choice":"Opened","floor":29.0,"gold_loss":0.0,"damage_taken":0.0,"relics_obtained":["Boot"],"cards_obtained":["Writhe"]},{"cards_removed":["Strike_G"],"damage_healed":0.0,"max_hp_gain":0.0,"max_hp_loss":0.0,"gold_gain":0.0,"event_name":"Falling","player_choice":"Removed Attack","floor":39.0,"gold_loss":0.0,"damage_taken":0.0}],"is_beta":false,"boss_relics":[{"not_picked":["Fusion Hammer","Coffee Dripper"],"picked":"Runic Pyramid"},{"not_picked":["Velvet Choker","Busted Crown"],"picked":"Sozu"}],"items_purged_floors":[21,36],"is_endless":false,"potions_floor_spawned":[3,7,13,18,31,33,37,42,44],"killed_by":"Giant Head","ascension_level":20}