{"gold_per_floor":[110,124,139,151,166,166,10,45,45,6,6,6,0],"floor_reached":13,"playtime":328,"items_purged":[],"score":149,"play_id":"e03426d4-f3b0-499e-a889-41f653e52730","local_time":"20180722232338","is_ascension_mode":true,"campfire_choices":[{"floor":6,"key":"REST"},{"floor":12,"key":"REST"}],"neow_cost":"NONE","seed_source_timestamp":23081048337010,"circlet_count":0,"master_deck":["Defend_G","Defend_G","Defend_G","Defend_G","Defend_G","Strike_G+1","Strike_G","Strike_G","Strike_G","Strike_G","Survivor","Neutralize","AscendersBane","Caltrops","Dagger Spray","Eviscerate+1","Noxious Fumes","Glass Knife"],"relics":["WristBlade","Whetstone","Art of War","Happy Flower"],"potions_floor_usage":[8],"damage_taken":[{"damage":0,"enemies":"Cultist","floor":1,"turns":5},{"damage":0,"enemies":"2 Louse","floor":2,"turns":3},{"damage":6,"enemies":"Jaw Worm","floor":3,"turns":4},{"damage":30,"enemies":"Large Slime","floor":4,"turns":8},{"damage":4,"enemies":"Red Slaver","floor":5,"turns":5},{"damage":37,"enemies":"Gremlin Nob","floor":8,"turns":6},{"damage":21,"enemies":"Exordium Thugs","floor":13,"turns":3}],"seed_played":"-103698281759778893","potions_obtained":[{"floor":3,"key":"Ancient Potion"},{"floor":4,"key":"GhostInAJar"},{"floor":11,"key":"Strength Potion"}],"is_trial":false,"path_per_floor":["M","M","M","M","M","R","$","E","T","?","?","R"],"character_chosen":"THE_SILENT","items_purchased":["Whetstone"],"campfire_rested":2,"item_purchase_floors":[7],"current_hp_per_floor":[59,59,53,23,19,38,38,1,1,1,1,20,0],"gold":0,"neow_bonus":"BOSS_RELIC","is_prod":false,"is_daily":false,"chose_seed":false,"campfire_upgraded":0,"win_rate":0,"timestamp":1532273018,"path_taken":["M","M","M","M","M","R","$","E","T","?","?","R","M"],"build_version":"2018-07-19","purchased_purges":0,"victory":false,"max_hp_per_floor":[66,66,66,66,66,66,66,66,66,66,66,66,66],"card_choices":[{"not_picked":["PiercingWail","Sucker Punch"],"picked":"Caltrops","floor":1},{"not_picked":["Outmaneuver","Choke"],"picked":"Dagger Spray","floor":2},{"not_picked":["Outmaneuver","Tactician"],"picked":"Eviscerate","floor":3},{"not_picked":["Deadly Poison","Deflect"],"picked":"Noxious Fumes","floor":4},{"not_picked":["Dagger Spray","Sucker Punch","Predator"],"picked":"SKIP","floor":5},{"not_picked":["Deadly Poison","Backflip"],"picked":"Glass Knife","floor":8}],"player_experience":772253,"relics_obtained":[{"floor":8,"key":"Art of War"},{"floor":9,"key":"Happy Flower"}],"event_choices":[{"event_name":"World of Goop","player_choice":"Left","floor":10,"damage_taken":0},{"event_name":"The Lab","player_choice":"Got Potions","floor":11,"damage_taken":0}],"is_beta":true,"boss_relics":[],"items_purged_floors":[],"is_endless":false,"potions_floor_spawned":[3,4],"killed_by":"Exordium Thugs","ascension_level":15}