{"gold_per_floor":[112,122,141,155,166,166,200,9,9,25,53,53,83,103,103,205,205,220,237,17,31,31,59,59,70,70,70,90,117,117,128,128,227,227,240,258,269,292,32,57,57,84,110,130,144,144],"floor_reached":46,"playtime":1960,"items_purged":["Strike_G","Strike_G"],"score":621,"play_id":"d0b8e73c-db23-47d6-81a5-ea9a7f113330","local_time":"20190301202014","is_ascension_mode":false,"campfire_choices":[{"data":"Flechettes","floor":6.0,"key":"SMITH"},{"data":"1","floor":12.0,"key":"LIFT"},{"data":"2","floor":15.0,"key":"LIFT"},{"data":"3","floor":27.0,"key":"LIFT"},{"floor":32.0,"key":"REST"}],"neow_cost":"NONE","seed_source_timestamp":5880798935771,"circlet_count":0,"master_deck":["Defend_G","Defend_G","Defend_G","Defend_G","Defend_G","Survivor","Neutralize","Prepared","Noxious Fumes","Flechettes+1","Infinite Blades","Endless Agony","Backflip","Caltrops","Backstab","Venomology","Prepared+1","Adrenaline+1","Footwork","Acrobatics+1","Tools of the Trade","Acrobatics+1","Outmaneuver+1","After Image","A Thousand Cuts+1","Dagger Spray+1","Footwork+1","Acrobatics+1","Acrobatics+1","Terror+1"],"special_seed":0,"relics":["Ring of the Snake","NeowsBlessing","Girya","Bag of Preparation","Regal Pillow","Toxic Egg 2","Philosopher\u0027s Stone","Sundial","Happy Flower","Bottled Tornado","Astrolabe","Pen Nib","Kunai","Bronze Scales","Peace Pipe","Boot"],"potions_floor_usage":[46,46],"damage_taken":[{"damage":0.0,"enemies":"Cultist","floor":1.0,"turns":1.0},{"damage":0.0,"enemies":"Small Slimes","floor":2.0,"turns":1.0},{"damage":0.0,"enemies":"Jaw Worm","floor":3.0,"turns":1.0},{"damage":1.0,"enemies":"Red Slaver","floor":4.0,"turns":6.0},{"damage":0.0,"enemies":"Looter","floor":5.0,"turns":3.0},{"damage":28.0,"enemies":"Lagavulin","floor":7.0,"turns":7.0},{"damage":0.0,"enemies":"2 Fungi Beasts","floor":10.0,"turns":3.0},{"damage":15.0,"enemies":"Gremlin Nob","floor":11.0,"turns":4.0},{"damage":21.0,"enemies":"Lagavulin","floor":13.0,"turns":5.0},{"damage":0.0,"enemies":"Exordium Wildlife","floor":14.0,"turns":1.0},{"damage":0.0,"enemies":"Slime Boss","floor":16.0,"turns":5.0},{"damage":1.0,"enemies":"Spheric Guardian","floor":18.0,"turns":3.0},{"damage":13.0,"enemies":"2 Thieves","floor":19.0,"turns":3.0},{"damage":5.0,"enemies":"Cultist and Chosen","floor":21.0,"turns":5.0},{"damage":27.0,"enemies":"Slavers","floor":23.0,"turns":5.0},{"damage":13.0,"enemies":"Shelled Parasite and Fungi","floor":25.0,"turns":4.0},{"damage":1.0,"enemies":"Snecko","floor":28.0,"turns":4.0},{"damage":14.0,"enemies":"Book of Stabbing","floor":29.0,"turns":4.0},{"damage":3.0,"enemies":"Sentry and Sphere","floor":31.0,"turns":3.0},{"damage":15.0,"enemies":"Automaton","floor":33.0,"turns":9.0},{"damage":2.0,"enemies":"Orb Walker","floor":35.0,"turns":3.0},{"damage":0.0,"enemies":"3 Shapes","floor":36.0,"turns":4.0},{"damage":21.0,"enemies":"Jaw Worm Horde","floor":37.0,"turns":3.0},{"damage":30.0,"enemies":"Nemesis","floor":40.0,"turns":7.0},{"damage":1.0,"enemies":"Reptomancer","floor":42.0,"turns":3.0},{"damage":6.0,"enemies":"Writhing Mass","floor":44.0,"turns":3.0},{"damage":11.0,"enemies":"4 Shapes","floor":45.0,"turns":3.0},{"damage":19,"enemies":"2 Orb Walkers","floor":46,"turns":2}],"seed_played":"7655803372867261894","potions_obtained":[{"floor":2.0,"key":"FairyPotion"},{"floor":5.0,"key":"GamblersBrew"},{"floor":7.0,"key":"Dexterity Potion"},{"floor":11.0,"key":"Strength Potion"},{"floor":14.0,"key":"GamblersBrew"},{"floor":16.0,"key":"Swift Potion"},{"floor":29.0,"key":"LiquidBronze"},{"floor":33.0,"key":"FearPotion"},{"floor":35.0,"key":"Dexterity Potion"},{"floor":42.0,"key":"PowerPotion"},{"floor":44.0,"key":"Dexterity Potion"},{"floor":45.0,"key":"Fruit Juice"}],"is_trial":false,"path_per_floor":["M","M","M","M","M","R","E","$","T","M","E","R","E","M","R","B",null,"M","M","$","M","?","E","$","M","T","R","M","E","?","M","R","B",null,"M","M","M","T","$","E","$","E","T","M","M","?"],"character_chosen":"THE_SILENT","items_purchased":["Backflip","Caltrops","Acrobatics+1","Tools of the Trade","Kunai"],"campfire_rested":1,"item_purchase_floors":[8,8,20,20,39],"current_hp_per_floor":[70,70,70,69,69,69,41,41,41,41,26,26,5,5,5,5,70,69,56,56,51,51,24,24,11,11,11,10,7,7,4,40,25,70,68,68,47,47,47,32,32,31,31,25,19,0],"gold":144,"neow_bonus":"THREE_ENEMY_KILL","is_prod":false,"is_daily":false,"chose_seed":false,"campfire_upgraded":1,"win_rate":0.0,"timestamp":1551442814,"path_taken":["M","M","M","M","?","R","E","$","T","M","E","R","E","M","R","BOSS","M","M","$","M","?","E","$","M","T","R","?","E","?","?","R","BOSS","M","M","M","?","$","E","$","E","T","M","M","?"],"build_version":"2019-01-23","purchased_purges":2,"victory":false,"max_hp_per_floor":[70,70,70,70,70,70,70,70,70,70,70,70,70,70,70,70,70,70,70,70,70,70,70,70,70,70,70,70,70,70,70,70,70,70,70,70,70,70,70,70,70,70,70,70,75,75],"card_choices":[{"not_picked":["Flying Knee","Deadly Poison","Slice"],"picked":"SKIP","floor":1.0},{"not_picked":["Slice","Endless Agony"],"picked":"Prepared","floor":2.0},{"not_picked":["Quick Slash","Leg Sweep"],"picked":"Noxious Fumes","floor":3.0},{"not_picked":["Blade Dance","Crippling Poison"],"picked":"Flechettes","floor":4.0},{"not_picked":["Underhanded Strike","Distraction"],"picked":"Infinite Blades","floor":5.0},{"not_picked":["Slice","Leg Sweep"],"picked":"Endless Agony","floor":7.0},{"not_picked":["Bouncing Flask","Sucker Punch"],"picked":"Backstab","floor":10.0},{"not_picked":["Dodge and Roll","Backflip"],"picked":"Venomology","floor":11.0},{"not_picked":["Sucker Punch","Deflect"],"picked":"Prepared","floor":13.0},{"not_picked":["Blade Dance+1","Underhanded Strike","Deflect+1"],"picked":"SKIP","floor":14.0},{"not_picked":["Phantasmal Killer+1","Tools of the Trade"],"picked":"Adrenaline+1","floor":16.0},{"not_picked":["Dagger Throw","PiercingWail+1"],"picked":"Footwork","floor":18.0},{"not_picked":["Masterful Stab","Deflect+1","Quick Slash"],"picked":"SKIP","floor":19.0},{"not_picked":["Deflect+1","Backstab","Poisoned Stab+1"],"picked":"SKIP","floor":21.0},{"not_picked":["Distraction+1","Backflip+1","Sucker Punch+1"],"picked":"SKIP","floor":23.0},{"not_picked":["Dagger Spray","Flying Knee+1","Masterful Stab"],"picked":"SKIP","floor":25.0},{"not_picked":["Choke","Prepared+1","All Out Attack+1"],"picked":"SKIP","floor":28.0},{"not_picked":["Bullet Time+1","Die Die Die","Underhanded Strike"],"picked":"SKIP","floor":29.0},{"not_picked":["Outmaneuver+1","Poisoned Stab","Backstab+1"],"picked":"SKIP","floor":31.0},{"not_picked":["Poisoned Stab","Backstab+1"],"picked":"Outmaneuver+1","floor":31.0},{"not_picked":["Adrenaline+1","Unload"],"picked":"After Image","floor":33.0},{"not_picked":["Sucker Punch+1","Outmaneuver+1","Infinite Blades"],"picked":"SKIP","floor":35.0},{"not_picked":["Backflip+1","Prepared+1"],"picked":"Acrobatics+1","floor":36.0},{"not_picked":["Quick Slash+1","Flying Knee+1"],"picked":"Acrobatics+1","floor":37.0},{"not_picked":["Flying Knee+1","Flechettes+1"],"picked":"Terror+1","floor":40.0},{"not_picked":["PiercingWail+1","Caltrops","Slice"],"picked":"SKIP","floor":42.0},{"not_picked":["Footwork+1","Predator","Tools of the Trade"],"picked":"SKIP","floor":44.0},{"not_picked":["Poisoned Stab+1","Underhanded Strike","Sucker Punch"],"picked":"SKIP","floor":45.0}],"player_experience":2433,"relics_obtained":[{"floor":7.0,"key":"Girya"},{"floor":9.0,"key":"Bag of Preparation"},{"floor":11.0,"key":"Regal Pillow"},{"floor":13.0,"key":"Toxic Egg 2"},{"floor":23.0,"key":"Sundial"},{"floor":26.0,"key":"Happy Flower"},{"floor":29.0,"key":"Bottled Tornado"},{"floor":38.0,"key":"Pen Nib"},{"floor":40.0,"key":"Bronze Scales"},{"floor":42.0,"key":"Peace Pipe"},{"floor":43.0,"key":"Boot"}],"event_choices":[{"damage_healed":0.0,"max_hp_gain":0.0,"max_hp_loss":0.0,"gold_gain":0.0,"event_name":"Duplicator","player_choice":"Copied","floor":22.0,"gold_loss":0.0,"damage_taken":0.0,"cards_obtained":["Acrobatics"]},{"damage_healed":0.0,"max_hp_gain":0.0,"max_hp_loss":0.0,"gold_gain":0.0,"event_name":"NoteForYourself","player_choice":"Ignored","floor":30.0,"gold_loss":0.0,"damage_taken":0.0},{"damage_healed":0,"gold_gain":0,"player_choice":"Fight","damage_taken":0,"max_hp_gain":0,"max_hp_loss":0,"event_name":"Mysterious Sphere","floor":46,"gold_loss":0}],"is_beta":false,"boss_relics":[{"not_picked":["HoveringKite","Fusion Hammer"],"picked":"Philosopher\u0027s Stone"},{"not_picked":["Cursed Key","Calling Bell"],"picked":"Astrolabe"}],"items_purged_floors":[8,20],"is_endless":false,"potions_floor_spawned":[2,5,7,10,11,14,16,18,23,29,33,35,42,44,45],"killed_by":"2 Orb Walkers","ascension_level":0}