{"gold_per_floor":[116,3,18,18,18,45,58,77,104,104,115,146,158,58,58,135,135,148,159,34,34,54,54,54,83,83,83,110,110,145,172,172,251,251,261,261,483,497,106,106,140,155,155,155,169,199,213,232,232,232],"floor_reached":51,"playtime":1894,"items_purged":["Strike_G","Strike_G","Defend_G","Flying Knee"],"score":1775,"play_id":"c0f5bfad-a62e-4949-9b30-627d7e2e50c6","local_time":"20190216143837","is_ascension_mode":true,"campfire_choices":[{"data":"Cloak And Dagger","floor":15.0,"key":"SMITH"},{"data":"Glass Knife","floor":23.0,"key":"SMITH"},{"floor":32,"key":"REST"},{"data":"Blade Dance","floor":40,"key":"SMITH"},{"data":"Terror","floor":44,"key":"SMITH"},{"data":"Footwork","floor":49,"key":"SMITH"}],"neow_cost":"NONE","seed_source_timestamp":327915073653179,"circlet_count":0,"master_deck":["AscendersBane","Defend_G","Defend_G","Strike_G+1","Survivor","Neutralize","Terror+1","Well Laid Plans+1","Masterful Stab","Glass Knife+1","Cloak And Dagger+1","Backflip","Footwork+1","After Image","Escape Plan","Blade Dance+1","Dash+1","Leg Sweep+1","Finisher+1","Accuracy+1"],"special_seed":0,"relics":["Ring of the Snake","NeowsBlessing","Art of War","Juzu Bracelet","Bag of Marbles","Black Star","Molten Egg 2","Shuriken","Singing Bowl","Oddly Smooth Stone","Omamori","Blood Vial","Paper Crane","Red Mask","Sozu","Kunai","Mango","Meat on the Bone","Pen Nib","The Specimen"],"potions_floor_usage":[31,31,46],"damage_taken":[{"damage":0.0,"enemies":"Jaw Worm","floor":1.0,"turns":1.0},{"damage":0.0,"enemies":"Cultist","floor":3.0,"turns":1.0},{"damage":0.0,"enemies":"3 Sentries","floor":6.0,"turns":1.0},{"damage":0.0,"enemies":"Small Slimes","floor":7.0,"turns":3.0},{"damage":0.0,"enemies":"Blue Slaver","floor":8.0,"turns":3.0},{"damage":6.0,"enemies":"Exordium Wildlife","floor":11.0,"turns":4.0},{"damage":0.0,"enemies":"Lagavulin","floor":12.0,"turns":6.0},{"damage":1.0,"enemies":"2 Fungi Beasts","floor":13.0,"turns":3.0},{"damage":0.0,"enemies":"The Guardian","floor":16.0,"turns":10.0},{"damage":0.0,"enemies":"3 Byrds","floor":18.0,"turns":7.0},{"damage":0.0,"enemies":"Shell Parasite","floor":19.0,"turns":5.0},{"damage":17.0,"enemies":"3 Cultists","floor":22.0,"turns":7.0},{"damage":9.0,"enemies":"Book of Stabbing","floor":25.0,"turns":5.0},{"damage":28.0,"enemies":"Slavers","floor":28.0,"turns":8.0},{"damage":0.0,"enemies":"Gremlin Leader","floor":30.0,"turns":6.0},{"damage":2,"enemies":"Masked Bandits","floor":31,"turns":4},{"damage":1,"enemies":"Automaton","floor":33,"turns":9},{"damage":0,"enemies":"Orb Walker","floor":35,"turns":3},{"damage":0,"enemies":"3 Shapes","floor":38,"turns":4},{"damage":32,"enemies":"Nemesis","floor":41,"turns":5},{"damage":1,"enemies":"Maw","floor":42,"turns":6},{"damage":0,"enemies":"3 Darklings","floor":45,"turns":5},{"damage":8,"enemies":"Reptomancer","floor":46,"turns":6},{"damage":0,"enemies":"Spire Growth","floor":47,"turns":4},{"damage":1,"enemies":"Sphere and 2 Shapes","floor":48,"turns":4},{"damage":0,"enemies":"Time Eater","floor":50,"turns":7}],"seed_played":"-2771430235788008327","potions_obtained":[{"floor":1.0,"key":"Weak Potion"},{"floor":7.0,"key":"Dexterity Potion"},{"floor":28.0,"key":"Ancient Potion"},{"floor":30.0,"key":"Fire Potion"},{"floor":33,"key":"SteroidPotion"}],"is_trial":false,"path_per_floor":["M","$","M","?","?","E","M","M","T","?","M","E","M","$","R","B",null,"M","M","$","?","M","R","?","E","T","$","E","$","E","?","R","B",null,"M","?","?","M","$","R","E","M","T","R","M","E","M","M","R","B",null],"character_chosen":"THE_SILENT","items_purchased":["Well Laid Plans","Kunai"],"campfire_rested":1,"item_purchase_floors":[2,39],"current_hp_per_floor":[59,59,59,59,59,59,59,59,59,39,33,33,32,32,32,32,58,58,58,58,58,41,41,41,32,32,32,6,6,8,10,31,34,64,66,68,68,72,72,72,58,61,61,61,63,59,63,64,64,66],"gold":232,"neow_bonus":"THREE_ENEMY_KILL","is_prod":false,"is_daily":false,"chose_seed":false,"campfire_upgraded":5,"win_rate":0,"timestamp":1550299117,"path_taken":["M","$","M","?","?","E","?","M","T","?","M","E","M","$","R","BOSS","M","M","$","?","M","R","?","E","T","?","E","$","E","?","R","BOSS","M","?","?","M","$","R","E","M","T","R","M","E","M","M","R","BOSS"],"build_version":"2019-01-23","purchased_purges":4,"victory":true,"max_hp_per_floor":[66,66,66,66,66,66,66,66,66,66,66,66,66,66,66,66,66,66,66,66,66,66,66,66,66,66,66,68,68,70,72,72,74,74,74,76,76,78,78,78,94,96,96,96,96,98,100,100,100,100],"card_choices":[{"not_picked":["Bane","Heel Hook"],"picked":"Terror","floor":1.0},{"not_picked":["Deflect","Sucker Punch"],"picked":"Masterful Stab","floor":3.0},{"not_picked":["Endless Agony","Poisoned Stab","Prepared"],"picked":"SKIP","floor":6.0},{"not_picked":["Blade Dance","Blur"],"picked":"Cloak And Dagger","floor":7.0},{"not_picked":["Dagger Spray","Dodge and Roll","Outmaneuver"],"picked":"SKIP","floor":8.0},{"not_picked":["Dodge and Roll","Night Terror"],"picked":"Backflip","floor":11.0},{"not_picked":["Underhanded Strike","Cloak And Dagger","Dagger Spray"],"picked":"SKIP","floor":12.0},{"not_picked":["Deflect","Dagger Throw"],"picked":"Footwork","floor":13.0},{"not_picked":["Die Die Die","Phantasmal Killer"],"picked":"After Image","floor":16.0},{"not_picked":["Catalyst","Caltrops"],"picked":"Escape Plan","floor":18.0},{"not_picked":["Underhanded Strike","Outmaneuver","Backflip"],"picked":"SKIP","floor":19.0},{"not_picked":["Tactician","Underhanded Strike","Flying Knee"],"picked":"SKIP","floor":22.0},{"not_picked":["Sucker Punch","Choke"],"picked":"Dash","floor":25.0},{"not_picked":["Reflex","Bane+1","Riddle With Holes+1"],"picked":"Singing Bowl","floor":28.0},{"not_picked":["Infinite Blades+1","Backflip","Prepared"],"picked":"Singing Bowl","floor":30.0},{"not_picked":["Distraction","Bouncing Flask","Backstab+1"],"picked":"Singing Bowl","floor":31},{"not_picked":["Burst","Doppelganger","Envenom"],"picked":"Singing Bowl","floor":33},{"not_picked":["Slice+1","PiercingWail"],"picked":"Leg Sweep+1","floor":35},{"not_picked":["Dark Shackles","Secret Weapon","Dramatic Entrance+1"],"picked":"Singing Bowl","floor":36},{"not_picked":["PiercingWail","All Out Attack+1","Dodge and Roll"],"picked":"Singing Bowl","floor":38},{"not_picked":["PiercingWail","Night Terror","Endless Agony+1"],"picked":"Singing Bowl","floor":41},{"not_picked":["Dagger Spray+1","Prepared","Heel Hook+1"],"picked":"Singing Bowl","floor":42},{"not_picked":["Cloak And Dagger","Infinite Blades"],"picked":"Finisher+1","floor":45},{"not_picked":["Slice+1","PiercingWail","Dagger Throw+1"],"picked":"Singing Bowl","floor":46},{"not_picked":["Setup","Flying Knee+1","Backflip"],"picked":"Singing Bowl","floor":47},{"not_picked":["Envenom","Dagger Throw+1"],"picked":"Accuracy+1","floor":48}],"player_experience":783220,"relics_obtained":[{"floor":6.0,"key":"Art of War"},{"floor":9.0,"key":"Juzu Bracelet"},{"floor":12.0,"key":"Bag of Marbles"},{"floor":25.0,"key":"Molten Egg 2"},{"floor":25.0,"key":"Shuriken"},{"floor":26.0,"key":"Singing Bowl"},{"floor":28.0,"key":"Oddly Smooth Stone"},{"floor":28.0,"key":"Omamori"},{"floor":30.0,"key":"Blood Vial"},{"floor":30.0,"key":"Paper Crane"},{"floor":31,"key":"Red Mask"},{"floor":41,"key":"Mango"},{"floor":41,"key":"Meat on the Bone"},{"floor":46,"key":"Pen Nib"},{"floor":46,"key":"The Specimen"}],"event_choices":[{"damage_healed":0.0,"max_hp_gain":0.0,"max_hp_loss":0.0,"gold_gain":0.0,"cards_transformed":["Strike_G"],"event_name":"Living Wall","player_choice":"Change","floor":4.0,"gold_loss":0.0,"damage_taken":0.0,"cards_obtained":["Glass Knife"]},{"cards_removed":["Strike_G"],"damage_healed":0.0,"max_hp_gain":0.0,"max_hp_loss":0.0,"gold_gain":0.0,"event_name":"Purifier","player_choice":"Purged","floor":5.0,"gold_loss":0.0,"damage_taken":0.0},{"damage_healed":0.0,"max_hp_gain":0.0,"max_hp_loss":0.0,"gold_gain":0.0,"event_name":"Shining Light","player_choice":"Entered Light","floor":10.0,"gold_loss":0.0,"damage_taken":20.0,"cards_upgraded":["Strike_G","Well Laid Plans"]},{"damage_healed":0.0,"max_hp_gain":0.0,"max_hp_loss":0.0,"gold_gain":0.0,"cards_transformed":["Defend_G","Defend_G"],"event_name":"Drug Dealer","player_choice":"Became Test Subject","floor":24.0,"gold_loss":0.0,"damage_taken":0.0,"cards_obtained":["Flying Knee","Blade Dance"]},{"damage_healed":0,"gold_gain":0,"player_choice":"Fought Bandits","damage_taken":0,"max_hp_gain":0,"max_hp_loss":0,"event_name":"Masked Bandits","floor":31,"gold_loss":0},{"damage_healed":0,"gold_gain":0,"player_choice":"Memory 1","damage_taken":0,"max_hp_gain":0,"max_hp_loss":0,"event_name":"SensoryStone","floor":36,"gold_loss":0},{"damage_healed":0,"gold_gain":222,"player_choice":"Wore Mask","damage_taken":0,"max_hp_gain":0,"max_hp_loss":0,"event_name":"Tomb of Lord Red Mask","floor":37,"gold_loss":0}],"is_beta":false,"boss_relics":[{"not_picked":["Runic Pyramid","Orrery"],"picked":"Black Star"},{"not_picked":["Fusion Hammer","Lizard Tail"],"picked":"Sozu"}],"items_purged_floors":[2,14,20,39],"is_endless":false,"potions_floor_spawned":[1,7,13,16,28,30,33,35,42,45,47,48],"ascension_level":15}