{"gold_per_floor":[118,43,58,76,76,76,86,86,141,141,155,165,185,201,201,201],"floor_reached":16,"playtime":450,"items_purged":[],"score":192,"play_id":"8e524dae-888e-41c6-bf23-6da86ab95d76","local_time":"20190109140945","is_ascension_mode":true,"campfire_choices":[{"data":"Grand Finale","floor":6,"key":"SMITH"},{"data":"Noxious Fumes","floor":8,"key":"SMITH"},{"data":"Neutralize","floor":10,"key":"SMITH"},{"data":"Prepared","floor":15,"key":"SMITH"}],"neow_cost":"NONE","seed_source_timestamp":7394644807594,"circlet_count":0,"master_deck":["AscendersBane","Defend_G","Defend_G","Defend_G","Defend_G","Defend_G","Strike_G","Strike_G","Strike_G","Strike_G","Survivor","Neutralize+1","Backflip","Grand Finale+1","Noxious Fumes+1","Backflip","Malaise","Prepared+1"],"special_seed":0,"relics":["Philosopher\u0027s Stone","Ancient Tea Set"],"potions_floor_usage":[14],"damage_taken":[{"damage":0.0,"enemies":"2 Louse","floor":1.0,"turns":4.0},{"damage":6.0,"enemies":"Jaw Worm","floor":3.0,"turns":7.0},{"damage":0.0,"enemies":"Cultist","floor":4.0,"turns":6.0},{"damage":10,"enemies":"2 Fungi Beasts","floor":7,"turns":5},{"damage":7,"enemies":"Large Slime","floor":11,"turns":8},{"damage":19,"enemies":"Exordium Wildlife","floor":12,"turns":5},{"damage":2,"enemies":"2 Fungi Beasts","floor":13,"turns":4},{"damage":8,"enemies":"Lots of Slimes","floor":14,"turns":5},{"damage":0,"enemies":"Slime Boss","floor":16,"turns":1}],"seed_played":"169870134187009264","potions_obtained":[{"floor":1.0,"key":"SteroidPotion"},{"floor":7,"key":"SpeedPotion"},{"floor":14,"key":"Swift Potion"}],"is_trial":false,"path_per_floor":["M","?","M","M","?","R","M","R","T","R","M","M","M","M","R","B"],"character_chosen":"THE_SILENT","items_purchased":[],"campfire_rested":0,"item_purchase_floors":[],"current_hp_per_floor":[59,59,53,53,53,53,43,43,43,43,36,17,15,7,7,7],"gold":201,"neow_bonus":"BOSS_RELIC","is_prod":false,"is_daily":false,"chose_seed":false,"campfire_upgraded":4,"win_rate":0,"timestamp":1547014185,"path_taken":["M","?","M","M","?","R","M","R","T","R","M","?","M","M","R","BOSS"],"build_version":"2019-01-03v4","purchased_purges":0,"victory":false,"max_hp_per_floor":[66,66,66,66,66,66,66,66,66,66,66,66,66,66,66,66],"card_choices":[{"not_picked":["Choke","Cloak And Dagger","Underhanded Strike"],"picked":"SKIP","floor":1.0},{"not_picked":["PiercingWail","Dodge and Roll"],"picked":"Backflip","floor":3.0},{"not_picked":["Bane","PiercingWail","Underhanded Strike"],"picked":"SKIP","floor":4.0},{"not_picked":["Deflect","Distraction"],"picked":"Noxious Fumes","floor":7},{"not_picked":["PiercingWail","Outmaneuver","Bouncing Flask"],"picked":"SKIP","floor":11},{"not_picked":["Deflect","Underhanded Strike"],"picked":"Backflip","floor":12},{"not_picked":["Slice","Deflect"],"picked":"Malaise","floor":13},{"not_picked":["Accuracy","Reflex"],"picked":"Prepared","floor":14}],"player_experience":1879018,"relics_obtained":[{"floor":9,"key":"Ancient Tea Set"}],"event_choices":[{"cards_removed":["Strike_G"],"damage_healed":0.0,"max_hp_gain":0.0,"max_hp_loss":0.0,"gold_gain":0.0,"event_name":"The Cleric","player_choice":"Card Removal","floor":2.0,"gold_loss":75.0,"damage_taken":0.0},{"damage_healed":0,"gold_gain":0,"player_choice":"1 cards matched","damage_taken":0,"max_hp_gain":0,"max_hp_loss":0,"event_name":"Match and Keep!","floor":5,"gold_loss":0,"cards_obtained":["Grand Finale"]}],"is_beta":false,"boss_relics":[],"items_purged_floors":[],"is_endless":false,"potions_floor_spawned":[1,7,14],"killed_by":"Slime Boss","ascension_level":20}