{"gold_per_floor":[112,112,165,184,109,109,140,156,179,179,190,190,202,236,236,335,335,348,363,21,120,120,149,49,76,101,119,119,147,32,49,49,49],"floor_reached":33,"playtime":990,"items_purged":["Strike_G","Strike_G"],"score":381,"play_id":"360bc285-5934-4428-b557-042ea7856094","local_time":"20181105222822","is_ascension_mode":true,"campfire_choices":[{"data":"Apotheosis","floor":6,"key":"SMITH"},{"data":"Forethought","floor":10,"key":"SMITH"},{"data":"Infinite Blades","floor":15,"key":"SMITH"},{"data":"Adrenaline","floor":28,"key":"SMITH"},{"data":"Noxious Fumes","floor":32,"key":"SMITH"}],"neow_cost":"TEN_PERCENT_HP_LOSS","seed_source_timestamp":3877665884345,"circlet_count":0,"master_deck":["Defend_G","Defend_G","Defend_G","Defend_G","Defend_G","Strike_G","Survivor","Neutralize","Forethought+1","Apotheosis+1","Poisoned Stab","Flying Knee+1","Underhanded Strike+1","Dagger Throw+1","Infinite Blades+1","Expertise","Masterful Stab+1","Cloak And Dagger","Adrenaline+1","Cloak And Dagger","Poisoned Stab+1","Crippling Poison","Backflip","Leg Sweep+1","Eviscerate+1","Noxious Fumes+1","Cloak And Dagger+1"],"relics":["Ring of the Snake","Molten Egg 2","Art of War","Question Card","Pen Nib","Regal Pillow","Coffee Dripper","Tingsha","Lantern","Toxic Egg 2","Centennial Puzzle","Du-Vu Doll"],"potions_floor_usage":[16,16,16,33,33],"damage_taken":[{"damage":3,"enemies":"Jaw Worm","floor":1,"turns":3},{"damage":0,"enemies":"Cultist","floor":4,"turns":3},{"damage":4,"enemies":"3 Sentries","floor":7,"turns":10},{"damage":0,"enemies":"Small Slimes","floor":8,"turns":2},{"damage":0,"enemies":"Blue Slaver","floor":11,"turns":3},{"damage":8,"enemies":"Large Slime","floor":13,"turns":4},{"damage":14,"enemies":"Gremlin Nob","floor":14,"turns":3},{"damage":0,"enemies":"Hexaghost","floor":16,"turns":8},{"damage":0,"enemies":"Chosen","floor":18,"turns":3},{"damage":0,"enemies":"Shell Parasite","floor":19,"turns":2},{"damage":16,"enemies":"Slavers","floor":23,"turns":4},{"damage":1,"enemies":"Gremlin Leader","floor":25,"turns":6},{"damage":8,"enemies":"Sentry and Sphere","floor":27,"turns":4},{"damage":11,"enemies":"Slavers","floor":29,"turns":5},{"damage":7,"enemies":"Chosen and Byrds","floor":31,"turns":4},{"damage":31,"enemies":"Champ","floor":33,"turns":8}],"seed_played":"713664971209995459","potions_obtained":[{"floor":1,"key":"PowerPotion"},{"floor":11,"key":"Ancient Potion"},{"floor":14,"key":"EntropicBrew"},{"floor":18,"key":"Weak Potion"},{"floor":23,"key":"Block Potion"}],"is_trial":false,"path_per_floor":["M","?","T","M","$","R","E","M","T","R","M","?","M","E","R","B",null,"M","M","$","?","?","E","$","E","T","M","R","E","$","M","R","B"],"character_chosen":"THE_SILENT","items_purchased":["Tingsha","Crippling Poison","Eviscerate+1","Noxious Fumes"],"campfire_rested":0,"item_purchase_floors":[20,20,30,30],"current_hp_per_floor":[60,48,48,48,48,48,44,44,44,44,44,44,36,22,22,22,63,63,63,63,63,63,47,47,46,46,38,38,27,27,20,20,0],"gold":49,"neow_bonus":"RANDOM_COLORLESS_2","is_prod":false,"is_daily":false,"chose_seed":false,"campfire_upgraded":5,"win_rate":0,"timestamp":1541428102,"path_taken":["M","?","?","?","$","R","E","M","T","R","M","?","M","E","R","BOSS","M","M","$","?","?","E","$","E","T","M","R","E","$","M","R","BOSS"],"build_version":"2018-11-02","purchased_purges":2,"victory":false,"max_hp_per_floor":[63,63,63,63,63,63,63,63,63,63,63,63,63,63,63,63,63,63,63,63,63,63,63,63,63,63,63,63,63,63,63,63,63],"card_choices":[{"not_picked":["Bane","Dash"],"picked":"Poisoned Stab","floor":1},{"not_picked":["Catalyst","Slice+1"],"picked":"Flying Knee+1","floor":4},{"not_picked":["Night Terror","Tactician"],"picked":"Underhanded Strike+1","floor":7},{"not_picked":["Flechettes+1","Eviscerate+1","Slice+1"],"picked":"Dagger Throw+1","floor":8},{"not_picked":["Die Die Die+1","Backflip","Cloak And Dagger"],"picked":"Infinite Blades","floor":11},{"not_picked":["Dagger Throw+1","Reflex","Underhanded Strike+1"],"picked":"Masterful Stab+1","floor":13},{"not_picked":["Bane+1","Flying Knee+1","Bullet Time"],"picked":"Cloak And Dagger","floor":14},{"not_picked":["A Thousand Cuts","Glass Knife+1","Wraith Form v2"],"picked":"Adrenaline","floor":16},{"not_picked":["Infinite Blades+1","Deadly Poison","PiercingWail"],"picked":"Cloak And Dagger","floor":18},{"not_picked":["Cloak And Dagger","PiercingWail","Tactician"],"picked":"Poisoned Stab+1","floor":19},{"not_picked":["Sucker Punch+1","Caltrops","Poisoned Stab+1"],"picked":"Backflip","floor":23},{"not_picked":["Masterful Stab+1","Flying Knee+1","Doppelganger","Dodge and Roll"],"picked":"SKIP","floor":25},{"not_picked":["Cloak And Dagger+1","Sucker Punch+1","Backflip+1","Slice+1"],"picked":"SKIP","floor":27},{"not_picked":["Setup+1","Dagger Throw+1","Sucker Punch+1"],"picked":"Leg Sweep+1","floor":29},{"not_picked":["Bouncing Flask+1","Bane+1","Outmaneuver+1"],"picked":"Cloak And Dagger+1","floor":31}],"player_experience":999102,"relics_obtained":[{"floor":3,"key":"Art of War"},{"floor":7,"key":"Question Card"},{"floor":9,"key":"Pen Nib"},{"floor":14,"key":"Regal Pillow"},{"floor":23,"key":"Lantern"},{"floor":25,"key":"Toxic Egg 2"},{"floor":26,"key":"Centennial Puzzle"},{"floor":29,"key":"Du-Vu Doll"}],"event_choices":[{"damage_healed":0,"gold_gain":0,"player_choice":"Success","damage_taken":12,"relics_obtained":["Molten Egg 2"],"max_hp_gain":0,"max_hp_loss":0,"event_name":"Scrap Ooze","floor":2,"gold_loss":0},{"damage_healed":0,"gold_gain":0,"cards_transformed":["Strike_G"],"player_choice":"Change","damage_taken":0,"max_hp_gain":0,"max_hp_loss":0,"event_name":"Living Wall","floor":12,"gold_loss":0,"cards_obtained":["Expertise"]},{"damage_healed":0,"gold_gain":99,"player_choice":"Stole From Cult","damage_taken":0,"max_hp_gain":0,"max_hp_loss":0,"event_name":"Nest","floor":21,"gold_loss":0},{"cards_removed":["Strike_G"],"damage_healed":0,"gold_gain":0,"player_choice":"Elegance","damage_taken":0,"max_hp_gain":0,"max_hp_loss":0,"event_name":"Back to Basics","floor":22,"gold_loss":0}],"is_beta":true,"boss_relics":[{"not_picked":["HoveringKite","Busted Crown"],"picked":"Coffee Dripper"}],"items_purged_floors":[5,24],"is_endless":false,"potions_floor_spawned":[1,11,14,16,18,23,25],"killed_by":"Champ","ascension_level":1}