{"gold_per_floor":[109,121,91,109,109,109,184,184,211,226,254,30,30,46,46,46],"floor_reached":16,"playtime":1214,"items_purged":["Strike_R"],"score":175,"play_id":"2308d6d3-08c4-416e-ae9b-6593498eb8fb","local_time":"20190806201027","is_ascension_mode":true,"campfire_choices":[{"data":"Iron Wave","floor":6,"key":"SMITH"},{"data":"True Grit","floor":8,"key":"SMITH"},{"data":"Armaments","floor":13,"key":"SMITH"},{"data":"Flame Barrier","floor":15,"key":"SMITH"}],"neow_cost":"PERCENT_DAMAGE","seed_source_timestamp":46162420025247,"circlet_count":0,"master_deck":["AscendersBane","Strike_R","Strike_R","Strike_R","Defend_R+1","Defend_R","Defend_R","Defend_R+1","Bash","Heavy Blade","Armaments+1","Iron Wave+1","True Grit+1","Flame Barrier+1","Flame Barrier"],"relics":["Burning Blood","Bird Faced Urn","War Paint","Self Forming Clay","Anchor"],"potions_floor_usage":[3,16],"damage_taken":[{"damage":3,"enemies":"Jaw Worm","floor":1,"turns":5},{"damage":1,"enemies":"Cultist","floor":2,"turns":3},{"damage":0,"enemies":"Small Slimes","floor":4,"turns":3},{"damage":3,"enemies":"2 Fungi Beasts","floor":10,"turns":4},{"damage":26,"enemies":"3 Sentries","floor":11,"turns":9},{"damage":3,"enemies":"Large Slime","floor":14,"turns":7},{"damage":37,"enemies":"Slime Boss","floor":16,"turns":12}],"seed_played":"-7994723982028552725","potions_obtained":[{"floor":3,"key":"Fruit Juice"},{"floor":3,"key":"PowerPotion"},{"floor":4,"key":"FearPotion"},{"floor":14,"key":"Swift Potion"}],"is_trial":false,"path_per_floor":["M","M","?","M","?","R","?","R","T","M","E","$","R","M","R","B"],"character_chosen":"IRONCLAD","items_purchased":["Anchor"],"campfire_rested":0,"item_purchase_floors":[12],"current_hp_per_floor":[53,58,63,69,69,69,58,58,58,61,41,41,41,44,44,7],"gold":46,"neow_bonus":"ONE_RARE_RELIC","is_prod":false,"is_daily":false,"chose_seed":false,"campfire_upgraded":4,"win_rate":0,"timestamp":1565140227,"path_taken":["M","M","?","?","?","R","?","R","T","M","E","$","R","M","R","BOSS"],"build_version":"2019-07-17","purchased_purges":1,"victory":false,"max_hp_per_floor":[75,75,80,80,80,80,80,80,80,80,80,80,80,80,80,80],"card_choices":[{"not_picked":["Reckless Charge","Body Slam"],"picked":"Heavy Blade","floor":1},{"not_picked":["Anger","Heavy Blade"],"picked":"Armaments","floor":2},{"not_picked":["Dual Wield","Fire Breathing"],"picked":"Iron Wave","floor":4},{"not_picked":["Wild Strike","Perfected Strike"],"picked":"Flame Barrier","floor":10},{"not_picked":["Havoc","Armaments"],"picked":"Flame Barrier","floor":11},{"not_picked":["Corruption","Dual Wield","Flex"],"picked":"SKIP","floor":14}],"player_experience":459421,"relics_obtained":[{"floor":9,"key":"War Paint"},{"floor":11,"key":"Self Forming Clay"}],"event_choices":[{"damage_healed":0,"gold_gain":0,"player_choice":"Bought 2 Potions","damage_taken":0,"max_hp_gain":0,"max_hp_loss":0,"event_name":"The Woman in Blue","floor":3,"gold_loss":0},{"damage_healed":0,"gold_gain":0,"cards_transformed":["Strike_R"],"player_choice":"Change","damage_taken":0,"max_hp_gain":0,"max_hp_loss":0,"event_name":"Living Wall","floor":5,"gold_loss":0,"cards_obtained":["True Grit"]},{"damage_healed":0,"gold_gain":75,"player_choice":"Gather Gold","damage_taken":11,"max_hp_gain":0,"max_hp_loss":0,"event_name":"World of Goop","floor":7,"gold_loss":0}],"is_beta":false,"boss_relics":[],"items_purged_floors":[12],"is_endless":false,"potions_floor_spawned":[4,14],"killed_by":"Slime Boss","ascension_level":15}