{"path_per_floor":["M","?","$","?","$","E","R","$","T","M","R","M","?","M","R","B",null,"M","$","?","M","M","R","?","M","T","E","M","M","M","?","R","B",null,"M","M","?","M","M","R","$","R","T","E"],"character_chosen":"DEFECT","items_purchased":["Glacier","Apotheosis","Thread and Needle"],"gold_per_floor":[118,118,50,50,50,91,91,16,16,32,32,51,51,64,64,189,189,205,8,8,29,47,47,47,60,111,155,179,195,219,219,219,349,349,373,392,392,417,441,441,29,29,29,73,73],"floor_reached":45,"campfire_rested":4,"playtime":2533,"item_purchase_floors":[3,19,41],"current_hp_per_floor":[65,65,65,47,47,35,35,35,35,35,57,57,42,31,31,22,75,75,75,59,49,49,49,49,47,47,30,13,20,13,13,35,32,75,67,54,54,37,17,39,39,61,61,12,0],"items_purged":["Strike_B","Zap"],"gold":73,"score":465,"play_id":"823ef4cf-e44b-4673-897f-98a5d90b4ce1","local_time":"20180616152227","is_prod":false,"is_daily":false,"chose_seed":false,"is_ascension_mode":false,"campfire_upgraded":3,"win_rate":0,"timestamp":1529155347,"campfire_choices":[{"data":"Doom and Gloom","floor":7,"key":"SMITH"},{"floor":11,"key":"REST"},{"data":"Glacier","floor":15,"key":"SMITH"},{"data":"Force Field","floor":23,"key":"SMITH"},{"floor":32,"key":"REST"},{"floor":40,"key":"REST"},{"floor":42,"key":"REST"}],"path_taken":["M","?","$","?","?","E","R","$","T","M","R","?","?","M","R","BOSS","M","$","?","M","M","R","?","M","T","E","M","M","M","?","R","BOSS","M","M","?","M","M","R","$","R","T","E","M"],"build_version":"2018-06-14v2","seed_source_timestamp":0,"purchased_purges":2,"victory":false,"master_deck":["Strike_B+1","Defend_B+1","Dualcast","Doom and Gloom+1","Glacier+1","Force Field+1","Fission","Tempest+1","Consume+1","Biased Cognition+1","Apotheosis","Necronomicurse","Fusion+1","Doom and Gloom+1","Consume+1","Echo Form","Consume","Barrage+1","Static Discharge+1"],"max_hp_per_floor":[75,75,75,75,75,75,75,75,75,75,75,75,75,75,75,75,75,75,75,75,75,75,75,75,75,75,75,75,75,75,75,75,75,75,75,75,75,75,75,75,75,75,75,75,75],"special_seed":0,"relics":["Snecko Eye","Golden Idol","Gremlin Horn","Dead Branch","Astrolabe","Necronomicon","Bronze Scales","Ice Cream","Orrery","Thread and Needle","Ginger","Vajra"],"card_choices":[{"not_picked":["Compile Driver","Go for the Eyes"],"picked":"Doom and Gloom","floor":1.0},{"not_picked":["Beam Cell","Redo"],"picked":"Force Field","floor":6},{"not_picked":["Go for the Eyes","Gash","Ball Lightning"],"picked":"SKIP","floor":10},{"not_picked":["Beam Cell","Blizzard","Storm"],"picked":"SKIP","floor":12},{"not_picked":["Capacitor","Barrage","Redo"],"picked":"SKIP","floor":14},{"not_picked":["Biased Cognition","Seek"],"picked":"Fission","floor":16},{"not_picked":["Sweeping Beam","Genetic Algorithm","White Noise"],"picked":"SKIP","floor":18},{"not_picked":["Compile Driver","Gash+1"],"picked":"Fusion+1","floor":21},{"not_picked":["Chaos+1","Compile Driver","Gash"],"picked":"SKIP","floor":22},{"not_picked":["Leap","Sweeping Beam","Heatsinks"],"picked":"SKIP","floor":25},{"not_picked":["Ball Lightning+1","Chill"],"picked":"Doom and Gloom+1","floor":27},{"not_picked":["Tempest","Sweeping Beam+1","Machine Learning"],"picked":"SKIP","floor":28},{"not_picked":["Stack","Leap","Streamline"],"picked":"SKIP","floor":29},{"not_picked":["Compile Driver+1","Sweeping Beam"],"picked":"Consume+1","floor":30},{"not_picked":["Multi-Cast","Creative AI"],"picked":"Echo Form","floor":33},{"not_picked":["Go for the Eyes","Barrage"],"picked":"Consume","floor":34},{"not_picked":["Beam Cell","Loop"],"picked":"Barrage+1","floor":35},{"not_picked":["Cold Snap+1","Defragment"],"picked":"Static Discharge+1","floor":36},{"not_picked":["Steam Power","Leap","Beam Cell+1"],"picked":"SKIP","floor":38},{"not_picked":["Reboot","Go for the Eyes","Compile Driver+1"],"picked":"SKIP","floor":39},{"not_picked":["FTL","Coolheaded+1","Beam Cell"],"picked":"SKIP","floor":44}],"player_experience":244829,"potions_floor_usage":[14,27,28,30,44],"damage_taken":[{"damage":10.0,"enemies":"Jaw Worm","floor":1.0,"turns":4.0},{"damage":12,"enemies":"Lagavulin","floor":6,"turns":7},{"damage":0,"enemies":"Cultist","floor":10,"turns":3},{"damage":0,"enemies":"2 Louse","floor":12,"turns":1},{"damage":11,"enemies":"Exordium Wildlife","floor":14,"turns":3},{"damage":9,"enemies":"The Guardian","floor":16,"turns":10},{"damage":0,"enemies":"3 Byrds","floor":18,"turns":2},{"damage":10,"enemies":"Spheric Guardian","floor":21,"turns":5},{"damage":0,"enemies":"3 Cultists","floor":22,"turns":4},{"damage":2,"enemies":"Snake Plant","floor":25,"turns":4},{"damage":17,"enemies":"Slavers","floor":27,"turns":4},{"damage":17,"enemies":"Slaver and Parasite","floor":28,"turns":4},{"damage":0,"enemies":"Chosen and Byrds","floor":29,"turns":5},{"damage":7,"enemies":"Centurion and Healer","floor":30,"turns":6},{"damage":3,"enemies":"Champ","floor":33,"turns":6},{"damage":8,"enemies":"Orb Walker","floor":35,"turns":3},{"damage":13,"enemies":"3 Shapes","floor":36,"turns":2},{"damage":17,"enemies":"3 Darklings","floor":38,"turns":3},{"damage":20,"enemies":"4 Shapes","floor":39,"turns":2},{"damage":49,"enemies":"2 Orb Walkers","floor":44,"turns":5},{"damage":20,"enemies":"Maw","floor":45,"turns":2}],"relics_obtained":[{"floor":6,"key":"Gremlin Horn"},{"floor":9,"key":"Dead Branch"},{"floor":20,"key":"Necronomicon"},{"floor":26,"key":"Bronze Scales"},{"floor":27,"key":"Ice Cream"},{"floor":43,"key":"Ginger"},{"floor":44,"key":"Vajra"}],"event_choices":[{"event_name":"The Lab","player_choice":"Got Potions","floor":2.0,"damage_taken":0.0},{"event_name":"Golden Idol","player_choice":"Take Damage","floor":4,"damage_taken":0},{"event_name":"Shining Light","player_choice":"Entered Light","floor":13,"damage_taken":0},{"event_name":"Cursed Tome","player_choice":"Obtained Book","floor":20,"damage_taken":0},{"event_name":"Drug Dealer","player_choice":"Ignored","floor":24,"damage_taken":0},{"event_name":"Purifier","player_choice":"One Purge","floor":31,"damage_taken":0},{"event_name":"Falling","player_choice":"Removed Skill","floor":37,"damage_taken":0}],"boss_relics":[{"not_picked":["White Beast Statue","Calling Bell"],"picked":"Astrolabe"},{"not_picked":["Black Star","Coffee Dripper"],"picked":"Orrery"}],"items_purged_floors":[8,41],"is_endless":false,"potions_floor_spawned":[1,10,12,21,25,29,30,33,38,44],"seed_played":"-1963839738661403057","killed_by":"Maw","ascension_level":0,"potions_obtained":[{"floor":1.0,"key":"FocusPotion"},{"floor":2.0,"key":"FocusPotion"},{"floor":2.0,"key":"Energy Potion"},{"floor":21,"key":"Block Potion"},{"floor":25,"key":"GamblersBrew"},{"floor":29,"key":"SteroidPotion"},{"floor":30,"key":"Explosive Potion"},{"floor":33,"key":"EssenceOfSteel"},{"floor":44,"key":"Block Potion"}],"is_trial":false}