{"gold_per_floor":[119,129,79,92,14,14,31,31,80,107,123,156,156,3,3,108,108,125,224,224,244,259,259,287,287,369,389,113,113,31,45,45,150,150,167,184,184,184,184,184,209,222,222,147,166,166,166,177,177,177],"floor_reached":51,"playtime":2326,"items_purged":["Pain"],"score":720,"play_id":"360eb714-8991-42cf-803c-5f684cf24fa7","local_time":"20181016214302","is_ascension_mode":false,"campfire_choices":[{"data":"Noxious Fumes","floor":6.0,"key":"SMITH"},{"data":"Well Laid Plans","floor":8.0,"key":"SMITH"},{"data":"Footwork","floor":13.0,"key":"SMITH"},{"data":"Malaise","floor":15.0,"key":"SMITH"},{"data":"Glass Knife","floor":23.0,"key":"SMITH"},{"data":"Footwork","floor":29.0,"key":"SMITH"},{"data":"Footwork","floor":32.0,"key":"SMITH"},{"data":"Seek","floor":40,"key":"SMITH"},{"data":"Sadistic Nature","floor":47,"key":"SMITH"},{"data":"Bouncing Flask","floor":49,"key":"SMITH"}],"neow_cost":"CURSE","seed_source_timestamp":48045064919069,"circlet_count":0,"master_deck":["Defend_G","Defend_G","Defend_G","Defend_G","Defend_G","Strike_G","Strike_G","Strike_G","Strike_G","Strike_G","Survivor","Neutralize","Malaise+1","Noxious Fumes+1","Backflip","Well Laid Plans+1","Footwork+1","Glass Knife+1","Deadly Poison","Bouncing Flask+1","Backflip","Blur","Footwork+1","Footwork+1","Sadistic Nature+1","Seek+1","Deadly Poison+1","White Noise+1","Mayhem","Blur+1","Shrug It Off+1","Coolheaded+1","Ball Lightning"],"special_seed":0,"relics":["Ring of the Snake","Anchor","Odd Mushroom","Juzu Bracelet","Oddly Smooth Stone","Sozu","Pantograph","Sundial","PrismaticShard","Velvet Choker","Blue Candle","WarpedTongs","Centennial Puzzle","The Specimen","Smiling Mask"],"potions_floor_usage":[50,50],"damage_taken":[{"damage":7.0,"enemies":"Jaw Worm","floor":1.0,"turns":8.0},{"damage":1.0,"enemies":"Small Slimes","floor":2.0,"turns":6.0},{"damage":0.0,"enemies":"2 Louse","floor":4.0,"turns":4.0},{"damage":0.0,"enemies":"Blue Slaver","floor":7.0,"turns":6.0},{"damage":0.0,"enemies":"The Mushroom Lair","floor":10.0,"turns":5.0},{"damage":0.0,"enemies":"Large Slime","floor":11.0,"turns":7.0},{"damage":28.0,"enemies":"Gremlin Nob","floor":12.0,"turns":5.0},{"damage":11.0,"enemies":"Slime Boss","floor":16.0,"turns":14.0},{"damage":0.0,"enemies":"Chosen","floor":18.0,"turns":6.0},{"damage":0.0,"enemies":"3 Byrds","floor":21.0,"turns":6.0},{"damage":0.0,"enemies":"Snake Plant","floor":22.0,"turns":7.0},{"damage":23.0,"enemies":"Gremlin Leader","floor":24.0,"turns":8.0},{"damage":0.0,"enemies":"Shelled Parasite and Fungi","floor":27.0,"turns":6.0},{"damage":7.0,"enemies":"3 Cultists","floor":31.0,"turns":6.0},{"damage":6.0,"enemies":"Automaton","floor":33.0,"turns":12.0},{"damage":0.0,"enemies":"3 Shapes","floor":35.0,"turns":5.0},{"damage":0.0,"enemies":"3 Darklings","floor":36.0,"turns":5.0},{"damage":2,"enemies":"Giant Head","floor":41,"turns":9},{"damage":1,"enemies":"Spire Growth","floor":42,"turns":5},{"damage":1,"enemies":"Transient","floor":45,"turns":5},{"damage":7,"enemies":"4 Shapes","floor":48,"turns":5},{"damage":8,"enemies":"Donu and Deca","floor":50,"turns":12}],"seed_played":"-6404785293436563375","potions_obtained":[{"floor":1.0,"key":"Strength Potion"},{"floor":7.0,"key":"GhostInAJar"},{"floor":10.0,"key":"Dexterity Potion"}],"is_trial":false,"path_per_floor":["M","M","?","M","$","R","M","R","T","?","M","E","R","$","R","B",null,"M","?","?","M","M","R","E","?","T","M","$","R","$","M","R","B",null,"M","M","T","?","?","R","E","M","T","$","M","T","R","M","R","B"],"character_chosen":"THE_SILENT","items_purchased":["Well Laid Plans","Oddly Smooth Stone","Footwork","PrismaticShard","Footwork"],"campfire_rested":0,"item_purchase_floors":[5,14,28,28,30],"current_hp_per_floor":[63,62,62,62,62,62,62,62,62,62,62,34,34,34,34,23,70,70,70,70,70,70,70,47,47,47,47,47,47,47,40,40,59,70,70,70,70,70,70,70,68,67,67,67,66,66,66,59,59,62],"gold":177,"neow_bonus":"THREE_RARE_CARDS","is_prod":false,"is_daily":false,"chose_seed":false,"campfire_upgraded":10,"win_rate":0,"timestamp":1539697382,"path_taken":["M","M","?","M","$","R","M","R","T","?","M","E","R","?","R","BOSS","M","?","?","M","M","R","E","?","T","M","$","R","$","M","R","BOSS","M","M","?","?","?","R","E","M","T","$","M","?","R","M","R","BOSS"],"build_version":"2018-10-11","purchased_purges":1,"victory":true,"max_hp_per_floor":[70,70,70,70,70,70,70,70,70,70,70,70,70,70,70,70,70,70,70,70,70,70,70,70,70,70,70,70,70,70,70,70,70,70,70,70,70,70,70,70,70,70,70,70,70,70,70,70,70,70],"card_choices":[{"not_picked":["Bullet Time","Venomology"],"picked":"Malaise","floor":0.0},{"not_picked":["Poisoned Stab","Dagger Throw"],"picked":"Noxious Fumes","floor":1.0},{"not_picked":["Slice","Dagger Spray"],"picked":"Backflip","floor":2.0},{"not_picked":["Underhanded Strike","Bane","Dodge and Roll"],"picked":"SKIP","floor":4.0},{"not_picked":["Cloak And Dagger","Flying Knee","Quick Slash"],"picked":"SKIP","floor":7.0},{"not_picked":["Bouncing Flask","Deflect"],"picked":"Footwork","floor":10.0},{"not_picked":["Eviscerate","Deflect","Tactician"],"picked":"SKIP","floor":11.0},{"not_picked":["Setup","Expertise","Quick Slash"],"picked":"SKIP","floor":12.0},{"not_picked":["Grand Finale","Die Die Die"],"picked":"Glass Knife","floor":16.0},{"not_picked":["Deflect","Accuracy+1"],"picked":"Deadly Poison","floor":18.0},{"not_picked":["Distraction","Deadly Poison","All Out Attack+1"],"picked":"SKIP","floor":21.0},{"not_picked":["Accuracy","Slice"],"picked":"Bouncing Flask","floor":22.0},{"not_picked":["Slice","PiercingWail+1"],"picked":"Backflip","floor":24.0},{"not_picked":["Setup","Quick Slash"],"picked":"Blur","floor":27.0},{"not_picked":["Loop+1","Go for the Eyes"],"picked":"Sadistic Nature","floor":31.0},{"not_picked":["Unload","Sadistic Nature"],"picked":"Seek","floor":33.0},{"not_picked":["Terror+1","Flechettes"],"picked":"Deadly Poison+1","floor":35.0},{"not_picked":["Trip+1","Clash"],"picked":"White Noise+1","floor":36.0},{"not_picked":["Panacea","Trip"],"picked":"Mayhem","floor":38},{"not_picked":["Distraction+1","Streamline+1"],"picked":"Blur+1","floor":41},{"not_picked":["Deflect","Compile Driver"],"picked":"Shrug It Off+1","floor":42},{"not_picked":["Bouncing Flask+1","Slice"],"picked":"Coolheaded+1","floor":45},{"not_picked":["All Out Attack+1","Leap+1"],"picked":"Ball Lightning","floor":48}],"player_experience":266602,"relics_obtained":[{"floor":9.0,"key":"Anchor"},{"floor":10.0,"key":"Odd Mushroom"},{"floor":12.0,"key":"Juzu Bracelet"},{"floor":24.0,"key":"Pantograph"},{"floor":26.0,"key":"Sundial"},{"floor":37.0,"key":"Blue Candle"},{"floor":41,"key":"Centennial Puzzle"},{"floor":43,"key":"The Specimen"},{"floor":46,"key":"Smiling Mask"}],"event_choices":[{"event_name":"The Cleric","player_choice":"Card Removal","floor":3.0,"damage_taken":0.0},{"event_name":"Mushrooms","player_choice":"Fought Mushrooms","floor":10.0,"damage_taken":0.0},{"event_name":"Nest","player_choice":"Stole From Cult","floor":19.0,"damage_taken":0.0},{"event_name":"The Lab","player_choice":"Got Potions","floor":20.0,"damage_taken":0.0},{"event_name":"Cursed Tome","player_choice":"Ignored","floor":25.0,"damage_taken":0.0},{"event_name":"SensoryStone","player_choice":"Memory 1","floor":38,"damage_taken":0},{"event_name":"Accursed Blacksmith","player_choice":"Rummage","floor":39,"damage_taken":0}],"is_beta":false,"boss_relics":[{"not_picked":["Philosopher\u0027s Stone","HoveringKite"],"picked":"Sozu"},{"not_picked":["Snecko Eye","Lizard Tail"],"picked":"Velvet Choker"}],"items_purged_floors":[44],"is_endless":false,"potions_floor_spawned":[1,7,10,16,18,24,31,33,35,48],"ascension_level":0}