{"gold_per_floor":[119,194,194,194,194,194,223,223,223,223,255,255,267,192,192,266,266,277,10,10,27,27,27,53,53,53,71,145,145,165,182,182,254,254,271,271,96,111,111,111,143,143,143,168,168,168,168,202,202,202],"floor_reached":50,"playtime":2136,"items_purged":["Parasite","Strike_G","Strike_G"],"score":1396,"play_id":"b1485cae-2882-4e31-b68a-b28933dba679","local_time":"20190104200841","is_ascension_mode":true,"campfire_choices":[{"data":"Deadly Poison","floor":6.0,"key":"SMITH"},{"data":"Wraith Form v2","floor":8.0,"key":"SMITH"},{"data":"Neutralize","floor":12.0,"key":"SMITH"},{"data":"Defend_G","floor":15.0,"key":"SMITH"},{"data":"Bouncing Flask","floor":23.0,"key":"SMITH"},{"data":"Tools of the Trade","floor":25.0,"key":"SMITH"},{"data":"Noxious Fumes","floor":29.0,"key":"SMITH"},{"data":"Noxious Fumes","floor":32.0,"key":"SMITH"},{"data":"Tools of the Trade","floor":40.0,"key":"SMITH"},{"data":"Concentrate","floor":42.0,"key":"SMITH"},{"floor":45.0,"key":"RECALL"},{"data":"Chrysalis","floor":47.0,"key":"SMITH"},{"data":"Defend_G","floor":49.0,"key":"SMITH"}],"neow_cost":"NONE","seed_source_timestamp":2087685891636,"circlet_count":0,"master_deck":["AscendersBane","Defend_G+1","Defend_G+1","Defend_G","Defend_G","Defend_G+1","Survivor+1","Neutralize+1","Deadly Poison+1","Wraith Form v2+1","After Image","Tools of the Trade+1","Bouncing Flask+1","Calculated Gamble","Storm of Steel","Noxious Fumes+1","Noxious Fumes+1","Concentrate+1","Tools of the Trade+1","Calculated Gamble","Writhe","Wraith Form v2+1","Decay","Thinking Ahead","Secret Technique","Chrysalis+1"],"special_seed":0,"relics":["Ring of the Snake","NeowsBlessing","Matryoshka","Bag of Preparation","Question Card","Runic Pyramid","Membership Card","Blue Candle","Bronze Scales","Bottled Tornado","Bottled Lightning","Cursed Key","DollysMirror","Unceasing Top","PreservedInsect","Ancient Tea Set","Nunchaku"],"potions_floor_usage":[],"damage_taken":[{"damage":0.0,"enemies":"2 Louse","floor":1.0,"turns":1.0},{"damage":0.0,"enemies":"Lagavulin","floor":7.0,"turns":1.0},{"damage":0.0,"enemies":"3 Sentries","floor":11.0,"turns":1.0},{"damage":1.0,"enemies":"Small Slimes","floor":13.0,"turns":5.0},{"damage":9.0,"enemies":"The Guardian","floor":16.0,"turns":13.0},{"damage":0.0,"enemies":"Spheric Guardian","floor":18.0,"turns":6.0},{"damage":0.0,"enemies":"Shell Parasite","floor":21.0,"turns":6.0},{"damage":46.0,"enemies":"Gremlin Leader","floor":24.0,"turns":9.0},{"damage":1.0,"enemies":"Shelled Parasite and Fungi","floor":27.0,"turns":4.0},{"damage":3.0,"enemies":"Snake Plant","floor":30.0,"turns":3.0},{"damage":0.0,"enemies":"3 Cultists","floor":31.0,"turns":4.0},{"damage":23.0,"enemies":"Collector","floor":33.0,"turns":8.0},{"damage":10.0,"enemies":"3 Darklings","floor":35.0,"turns":5.0},{"damage":1.0,"enemies":"Orb Walker","floor":38.0,"turns":5.0},{"damage":1.0,"enemies":"Giant Head","floor":41.0,"turns":9.0},{"damage":6.0,"enemies":"Reptomancer","floor":44.0,"turns":5.0},{"damage":3.0,"enemies":"Giant Head","floor":48.0,"turns":7.0},{"damage":59,"enemies":"Awakened One","floor":50,"turns":6}],"seed_played":"3147314428840951996","potions_obtained":[{"floor":7.0,"key":"Fire Potion"},{"floor":16.0,"key":"Regen Potion"},{"floor":30.0,"key":"LiquidBronze"},{"floor":31.0,"key":"GamblersBrew"},{"floor":44.0,"key":"Regen Potion"}],"is_trial":false,"path_per_floor":["M","?","?","?","?","R","E","R","T","?","E","R","M","$","R","B",null,"M","$","?","M","$","R","E","R","T","M","T","R","M","M","R","B",null,"M","?","$","M","?","R","E","R","T","E","R","?","R","E","R","B"],"character_chosen":"THE_SILENT","items_purchased":["Membership Card","DollysMirror"],"campfire_rested":0,"item_purchase_floors":[19,37],"current_hp_per_floor":[59,48,53,46,25,25,25,25,25,42,42,42,41,41,41,32,59,59,59,59,59,59,59,28,28,28,27,27,27,24,24,24,1,51,41,55,55,54,54,54,53,53,53,47,47,37,37,49,49,0],"gold":202,"neow_bonus":"THREE_ENEMY_KILL","is_prod":false,"is_daily":false,"chose_seed":false,"campfire_upgraded":12,"win_rate":0,"timestamp":1546603721,"path_taken":["M","?","?","?","?","R","E","R","T","?","E","R","M","$","R","BOSS","M","$","?","?","?","R","E","R","T","M","?","R","M","?","R","BOSS","M","?","$","M","?","R","E","R","T","E","R","?","R","E","R","BOSS"],"build_version":"2019-01-03v3","purchased_purges":3,"victory":false,"max_hp_per_floor":[66,66,71,71,71,71,71,71,71,71,71,71,71,68,68,68,68,68,68,68,68,68,68,68,68,68,68,68,68,68,68,68,68,68,68,68,68,68,68,68,68,68,68,68,68,68,68,68,68,68],"card_choices":[{"not_picked":["Deflect","Dash"],"picked":"Deadly Poison","floor":1.0},{"not_picked":["Deadly Poison","Flying Knee"],"picked":"Wraith Form v2","floor":7.0},{"not_picked":["Terror","Cloak And Dagger","Deflect"],"picked":"SKIP","floor":11.0},{"not_picked":["Prepared","Deflect","Poisoned Stab"],"picked":"After Image","floor":13.0},{"not_picked":["Envenom","Bullet Time","Storm of Steel"],"picked":"Tools of the Trade","floor":16.0},{"not_picked":["Cloak And Dagger","Distraction","PiercingWail"],"picked":"Bouncing Flask","floor":18.0},{"not_picked":["Dagger Spray","Poisoned Stab","Slice+1"],"picked":"Calculated Gamble","floor":21.0},{"not_picked":["Cloak And Dagger","Riddle With Holes","PiercingWail"],"picked":"Storm of Steel","floor":24.0},{"not_picked":["Finisher","Prepared","Deflect"],"picked":"Noxious Fumes","floor":27.0},{"not_picked":["PiercingWail","Eviscerate","Quick Slash"],"picked":"Noxious Fumes","floor":30.0},{"not_picked":["Riddle With Holes+1","Dodge and Roll+1","Quick Slash+1"],"picked":"Concentrate","floor":31.0},{"not_picked":["Venomology","Bullet Time","Die Die Die"],"picked":"Tools of the Trade","floor":33.0},{"not_picked":["Riddle With Holes+1","Caltrops","Bane+1"],"picked":"Calculated Gamble","floor":35.0},{"not_picked":["Dagger Spray+1","Outmaneuver","Dodge and Roll+1","Acrobatics"],"picked":"SKIP","floor":38.0},{"not_picked":["Heel Hook","Underhanded Strike","Malaise","Choke+1"],"picked":"SKIP","floor":41.0},{"not_picked":["Quick Slash+1","Outmaneuver+1","Flying Knee","Die Die Die"],"picked":"SKIP","floor":44.0},{"not_picked":["Secret Technique","Mind Blast","Deep Breath"],"picked":"Thinking Ahead","floor":46.0},{"not_picked":["Mind Blast","PanicButton","Mayhem"],"picked":"Secret Technique","floor":46.0},{"not_picked":["PanicButton","Flash of Steel","Dramatic Entrance"],"picked":"Chrysalis","floor":46.0},{"not_picked":["Cloak And Dagger+1","Tactician","Flying Knee","Backflip+1"],"picked":"SKIP","floor":48.0}],"player_experience":1727496,"relics_obtained":[{"floor":7.0,"key":"Matryoshka"},{"floor":9.0,"key":"Bag of Preparation"},{"floor":11.0,"key":"Question Card"},{"floor":24.0,"key":"Blue Candle"},{"floor":26.0,"key":"Bronze Scales"},{"floor":26.0,"key":"Bottled Tornado"},{"floor":28.0,"key":"Bottled Lightning"},{"floor":41.0,"key":"Unceasing Top"},{"floor":43.0,"key":"PreservedInsect"},{"floor":44.0,"key":"Ancient Tea Set"},{"floor":48.0,"key":"Nunchaku"}],"event_choices":[{"damage_healed":0.0,"max_hp_gain":0.0,"max_hp_loss":0.0,"gold_gain":75.0,"event_name":"World of Goop","player_choice":"Gather Gold","floor":2.0,"gold_loss":0.0,"damage_taken":11.0},{"damage_healed":0.0,"max_hp_gain":5.0,"max_hp_loss":0.0,"gold_gain":0.0,"event_name":"Big Fish","player_choice":"Donut","floor":3.0,"gold_loss":0.0,"damage_taken":0.0},{"cards_removed":["Strike_G"],"damage_healed":0.0,"max_hp_gain":0.0,"max_hp_loss":0.0,"gold_gain":0.0,"event_name":"Golden Wing","player_choice":"Card Removal","floor":4.0,"gold_loss":0.0,"damage_taken":7.0},{"damage_healed":0.0,"max_hp_gain":0.0,"max_hp_loss":0.0,"gold_gain":0.0,"event_name":"Shining Light","player_choice":"Entered Light","floor":5.0,"gold_loss":0.0,"damage_taken":21.0,"cards_upgraded":["Defend_G","Survivor"]},{"damage_healed":17.0,"max_hp_gain":0.0,"max_hp_loss":0.0,"gold_gain":0.0,"event_name":"Mushrooms","player_choice":"Healed and dodged fight","floor":10.0,"gold_loss":0.0,"damage_taken":0.0,"cards_obtained":["Parasite"]},{"cards_removed":["Strike_G"],"damage_healed":0.0,"max_hp_gain":0.0,"max_hp_loss":0.0,"gold_gain":0.0,"event_name":"Bonfire Elementals","player_choice":"Offered Basic","floor":20.0,"gold_loss":0.0,"damage_taken":0.0},{"damage_healed":14.0,"max_hp_gain":0.0,"max_hp_loss":0.0,"gold_gain":0.0,"event_name":"Winding Halls","player_choice":"Writhe","floor":36.0,"gold_loss":0.0,"damage_taken":0.0,"cards_obtained":["Writhe"]},{"cards_removed":["Strike_G"],"damage_healed":0.0,"max_hp_gain":0.0,"max_hp_loss":0.0,"gold_gain":0.0,"event_name":"Falling","player_choice":"Removed Attack","floor":39.0,"gold_loss":0.0,"damage_taken":0.0},{"damage_healed":0.0,"max_hp_gain":0.0,"max_hp_loss":0.0,"gold_gain":0.0,"event_name":"SensoryStone","player_choice":"Memory 3","floor":46.0,"gold_loss":0.0,"damage_taken":10.0}],"is_beta":false,"boss_relics":[{"not_picked":["Black Star","WristBlade"],"picked":"Runic Pyramid"},{"not_picked":["Eternal Feather","Ring of the Serpent"],"picked":"Cursed Key"}],"items_purged_floors":[14,19,37],"is_endless":false,"potions_floor_spawned":[7,16,30,31,33,35,44],"killed_by":"Awakened One","ascension_level":20}