{"gold_per_floor":[209,209,222,235,255,255,26,39,39,4,4,4,29,44,44,121,121,135,135,150,150,75,89,89,117,193,223,236,236,253,267,267,346,346,359,459,511,521,421,456,456,490,543,555,584,131,131,131,131,131,131,131,131,76,107,107],"floor_reached":57,"playtime":3204,"items_purged":["Pain","Shame","All Out Attack"],"score":3000,"play_id":"c1ff008a-5414-4043-8774-9d65b604e33e","local_time":"20190127143324","is_ascension_mode":true,"campfire_choices":[{"data":"Well Laid Plans","floor":6.0,"key":"SMITH"},{"data":"Corpse Explosion","floor":11.0,"key":"SMITH"},{"data":"Noxious Fumes","floor":15.0,"key":"SMITH"},{"data":"Burst","floor":24.0,"key":"SMITH"},{"data":"Cloak And Dagger","floor":29.0,"key":"SMITH"},{"data":"A Thousand Cuts","floor":32.0,"key":"SMITH"},{"data":"Acrobatics","floor":41.0,"key":"SMITH"},{"data":"Tactician","floor":44.0,"key":"SMITH"},{"data":"Acrobatics","floor":47.0,"key":"SMITH"},{"floor":49.0,"key":"RECALL"},{"data":"Cloak And Dagger","floor":53.0,"key":"SMITH"}],"neow_cost":"NONE","seed_source_timestamp":0,"circlet_count":0,"master_deck":["AscendersBane","Survivor+1","Neutralize","Tactician+1","Well Laid Plans+1","Corpse Explosion+1","Noxious Fumes+1","Burst+1","After Image","Bane","A Thousand Cuts+1","Cloak And Dagger+1","Escape Plan","Deflect","PiercingWail","Endless Agony","Escape Plan","Adrenaline","Cloak And Dagger+1","After Image","Acrobatics+1","Backflip","Acrobatics+1"],"special_seed":0,"relics":["Ring of the Snake","TheAbacus","Mercury Hourglass","Ninja Scroll","Pandora\u0027s Box","WarpedTongs","theJungle:PaperFaux","Sundial","Shuriken","Philosopher\u0027s Stone","Ice Cream","WingedGreaves","Tingsha","Gremlin Horn","MawBank","Mummified Hand","Strawberry"],"potions_floor_usage":[56,56],"damage_taken":[{"damage":0.0,"enemies":"Jaw Worm","floor":1.0,"turns":7.0},{"damage":1.0,"enemies":"Small Slimes","floor":3.0,"turns":4.0},{"damage":6.0,"enemies":"Cultist","floor":4.0,"turns":5.0},{"damage":6.0,"enemies":"Looter","floor":5.0,"turns":4.0},{"damage":0.0,"enemies":"Red Slaver","floor":8.0,"turns":7.0},{"damage":0.0,"enemies":"Lagavulin","floor":13.0,"turns":7.0},{"damage":0.0,"enemies":"3 Louse","floor":14.0,"turns":1.0},{"damage":16.0,"enemies":"Hexaghost","floor":16.0,"turns":8.0},{"damage":2.0,"enemies":"theJungle:Flameango_and_Byrd","floor":18.0,"turns":4.0},{"damage":0.0,"enemies":"theJungle:MUSHROOMGANG","floor":20.0,"turns":3.0},{"damage":0.0,"enemies":"theJungle:2_Snecko_Cultists","floor":23.0,"turns":2.0},{"damage":3.0,"enemies":"theJungle:2_Phrogs","floor":25.0,"turns":5.0},{"damage":9.0,"enemies":"theJungle:Cassacara","floor":27.0,"turns":6.0},{"damage":1.0,"enemies":"theJungle:Lyon","floor":28.0,"turns":4.0},{"damage":0.0,"enemies":"Snake Plant","floor":30.0,"turns":3.0},{"damage":0.0,"enemies":"theJungle:SlimyTreeVines","floor":31.0,"turns":4.0},{"damage":13.0,"enemies":"theJungle:FunGuy","floor":33.0,"turns":6.0},{"damage":0.0,"enemies":"3 Shapes","floor":35.0,"turns":2.0},{"damage":9.0,"enemies":"Mind Bloom Boss Battle","floor":36.0,"turns":5.0},{"damage":0.0,"enemies":"2 Orb Walkers","floor":37.0,"turns":2.0},{"damage":7.0,"enemies":"Orb Walker","floor":38.0,"turns":2.0},{"damage":0.0,"enemies":"Reptomancer","floor":40.0,"turns":3.0},{"damage":9.0,"enemies":"Nemesis","floor":42.0,"turns":7.0},{"damage":0.0,"enemies":"Jaw Worm Horde","floor":45.0,"turns":2.0},{"damage":22.0,"enemies":"Time Eater","floor":50.0,"turns":10.0},{"damage":0.0,"enemies":"Donu and Deca","floor":51.0,"turns":4.0},{"damage":0.0,"enemies":"Shield and Spear","floor":55.0,"turns":3.0},{"damage":43,"enemies":"The Heart","floor":56,"turns":7}],"seed_played":"-5657760168255565019","potions_obtained":[{"floor":4.0,"key":"GamblersBrew"},{"floor":8.0,"key":"Explosive Potion"},{"floor":23.0,"key":"Poison Potion"},{"floor":37.0,"key":"Swift Potion"},{"floor":40.0,"key":"SteroidPotion"}],"is_trial":false,"path_per_floor":["M","?","M","M","M","R","$","M","T","?","R","?","E","M","R","B",null,"M","?","M","?","$","M","R","E","T","E","M","R","M","M","R","B",null,"M","?","?","M","$","E","R","E","T","R","M","$","R","?","R","B","B",null,"R","$","E","B",null],"character_chosen":"THE_SILENT","items_purchased":["TheAbacus","Acrobatics","Mummified Hand","AttackPotion"],"campfire_rested":0,"item_purchase_floors":[7,46,46,54],"current_hp_per_floor":[59,39,38,32,26,26,26,26,26,42,42,42,42,42,42,26,56,54,54,54,54,54,54,54,51,51,42,41,41,41,46,46,33,58,58,49,49,42,42,42,42,33,33,33,33,33,33,33,33,11,11,52,52,52,59,16],"gold":107,"neow_bonus":"HUNDRED_GOLD","is_prod":false,"is_daily":false,"chose_seed":false,"campfire_upgraded":10,"win_rate":0,"timestamp":1548570804,"path_taken":["M","?","M","M","M","R","$","M","T","?","R","?","E","?","R","BOSS","M","?","?","?","$","M","R","E","T","E","M","R","M","M","R","BOSS","M","?","?","M","$","E","R","E","T","R","M","$","R","?","R","BOSS","BOSS","R","$","E","BOSS"],"build_version":"2019-01-23","purchased_purges":3,"victory":true,"max_hp_per_floor":[66,66,66,66,66,66,66,66,66,66,66,66,66,66,66,66,66,66,66,66,66,66,66,66,66,66,66,66,66,66,66,66,66,66,66,66,66,66,66,66,66,66,66,66,66,66,66,66,66,66,66,66,66,66,73,73],"card_choices":[{"not_picked":["Blade Dance","Eviscerate","PiercingWail"],"picked":"SKIP","floor":1.0},{"not_picked":["Bane","Dodge and Roll"],"picked":"Tactician","floor":3.0},{"not_picked":["Acrobatics","Endless Agony"],"picked":"Well Laid Plans","floor":4.0},{"not_picked":["PiercingWail","Backflip"],"picked":"Corpse Explosion","floor":5.0},{"not_picked":["Distraction","Poisoned Stab","Crippling Poison"],"picked":"SKIP","floor":8.0},{"not_picked":["Cloak And Dagger","Dagger Spray","Blur"],"picked":"SKIP","floor":13.0},{"not_picked":["Deflect","Sucker Punch"],"picked":"Noxious Fumes","floor":14.0},{"not_picked":["Unload","A Thousand Cuts"],"picked":"Burst","floor":16.0},{"not_picked":["Poisoned Stab","Backstab","Dagger Throw"],"picked":"SKIP","floor":18.0},{"not_picked":["Blur","Accuracy","Sucker Punch"],"picked":"SKIP","floor":20.0},{"not_picked":["Flying Knee","Underhanded Strike"],"picked":"Escape Plan","floor":23.0},{"not_picked":["Blade Dance","PiercingWail","Dagger Spray"],"picked":"SKIP","floor":25.0},{"not_picked":["Leg Sweep","Cloak And Dagger","Sucker Punch"],"picked":"SKIP","floor":27.0},{"not_picked":["Prepared","Dagger Throw"],"picked":"Adrenaline","floor":28.0},{"not_picked":["Dagger Spray","Deflect","Deadly Poison"],"picked":"SKIP","floor":30.0},{"not_picked":["Blade Dance","Dagger Throw+1"],"picked":"Cloak And Dagger","floor":31.0},{"not_picked":["Phantasmal Killer","Burst"],"picked":"After Image","floor":33.0},{"not_picked":["PiercingWail","Bane"],"picked":"Acrobatics","floor":35.0},{"not_picked":["Catalyst","Riddle With Holes+1","Poisoned Stab"],"picked":"SKIP","floor":38.0},{"not_picked":["Terror","Escape Plan","Crippling Poison+1"],"picked":"SKIP","floor":40.0},{"not_picked":["Flechettes","Noxious Fumes","Backflip"],"picked":"SKIP","floor":42.0},{"not_picked":["Dagger Spray","Sucker Punch+1"],"picked":"Backflip","floor":45.0},{"not_picked":["Flying Knee+1","Poisoned Stab+1","Noxious Fumes"],"picked":"SKIP","floor":55.0}],"player_experience":2314475,"relics_obtained":[{"floor":9.0,"key":"Mercury Hourglass"},{"floor":13.0,"key":"Ninja Scroll"},{"floor":25.0,"key":"Sundial"},{"floor":27.0,"key":"Shuriken"},{"floor":36.0,"key":"Ice Cream"},{"floor":37.0,"key":"WingedGreaves"},{"floor":40.0,"key":"Tingsha"},{"floor":42.0,"key":"Gremlin Horn"},{"floor":43.0,"key":"MawBank"},{"floor":55.0,"key":"Strawberry"}],"event_choices":[{"damage_healed":0.0,"max_hp_gain":0.0,"max_hp_loss":0.0,"gold_gain":0.0,"event_name":"Shining Light","player_choice":"Entered Light","floor":2.0,"gold_loss":0.0,"damage_taken":20.0,"cards_upgraded":["Strike_G","Survivor"]},{"damage_healed":16.0,"max_hp_gain":0.0,"max_hp_loss":0.0,"gold_gain":0.0,"event_name":"The Cleric","player_choice":"Healed","floor":10.0,"gold_loss":35.0,"damage_taken":0.0},{"cards_removed":["Strike_G"],"damage_healed":0.0,"max_hp_gain":0.0,"max_hp_loss":0.0,"gold_gain":0.0,"event_name":"Purifier","player_choice":"Purged","floor":12.0,"gold_loss":0.0,"damage_taken":0.0},{"damage_healed":0.0,"max_hp_gain":0.0,"max_hp_loss":0.0,"gold_gain":0.0,"event_name":"Accursed Blacksmith","player_choice":"Rummage","floor":19.0,"gold_loss":0.0,"damage_taken":0.0,"relics_obtained":["WarpedTongs"],"cards_obtained":["Pain"]},{"damage_healed":0.0,"max_hp_gain":0.0,"max_hp_loss":0.0,"gold_gain":0.0,"event_name":"MindBloom","player_choice":"Fight","floor":36.0,"gold_loss":0.0,"damage_taken":0.0},{"damage_healed":0.0,"max_hp_gain":0.0,"max_hp_loss":0.0,"gold_gain":0.0,"event_name":"Mysterious Sphere","player_choice":"Fight","floor":37.0,"gold_loss":0.0,"damage_taken":0.0},{"damage_healed":0.0,"max_hp_gain":0.0,"max_hp_loss":0.0,"gold_gain":0.0,"event_name":"Tomb of Lord Red Mask","player_choice":"Ignored","floor":48.0,"gold_loss":0.0,"damage_taken":0.0}],"is_beta":false,"boss_relics":[{"not_picked":["Snecko Eye","Lizard Tail"],"picked":"Pandora\u0027s Box"},{"not_picked":["Runic Dome","Ring of the Serpent"],"picked":"Philosopher\u0027s Stone"}],"items_purged_floors":[22,39,46],"is_endless":false,"potions_floor_spawned":[4,8,13,14,18,23,28,30,37,40,42],"ascension_level":20}