{"gold_per_floor":[13,13,27,40,59,59,72,72,72,83,158,173,173,173],"floor_reached":14,"playtime":319,"items_purged":[],"score":168,"play_id":"576fba60-01ed-42f2-9177-9ec35f559d36","local_time":"20190226234641","is_ascension_mode":true,"campfire_choices":[{"data":"Coolheaded","floor":6,"key":"SMITH"},{"data":"Zap","floor":8,"key":"SMITH"}],"neow_cost":"NO_GOLD","seed_source_timestamp":791585350075795,"circlet_count":0,"master_deck":["AscendersBane","Strike_B","Strike_B","Strike_B","Strike_B","Defend_B","Defend_B","Defend_B","Defend_B","Zap+1","Dualcast","Cold Snap","Go for the Eyes","Coolheaded+1","Turbo","White Noise","Rainbow","Ball Lightning"],"relics":["Cracked Core","FossilizedHelix","Blue Candle","The Courier","Golden Idol"],"potions_floor_usage":[10],"damage_taken":[{"damage":2,"enemies":"Small Slimes","floor":1,"turns":4},{"damage":0,"enemies":"Jaw Worm","floor":3,"turns":3},{"damage":0,"enemies":"2 Louse","floor":4,"turns":3},{"damage":0,"enemies":"Looter","floor":5,"turns":4},{"damage":4,"enemies":"Blue Slaver","floor":7,"turns":3},{"damage":3,"enemies":"Exordium Thugs","floor":10,"turns":3},{"damage":0,"enemies":"Large Slime","floor":12,"turns":4},{"damage":18,"enemies":"3 Sentries","floor":14,"turns":6}],"seed_played":"-7404489813552055877","potions_obtained":[{"floor":4,"key":"AttackPotion"},{"floor":7,"key":"SteroidPotion"}],"is_trial":false,"path_per_floor":["M","?","M","M","M","R","M","R","T","M","?","M","?","E"],"character_chosen":"DEFECT","items_purchased":[],"campfire_rested":0,"item_purchase_floors":[],"current_hp_per_floor":[62,36,36,36,36,36,32,32,32,29,18,18,18,0],"gold":173,"neow_bonus":"ONE_RARE_RELIC","is_prod":false,"is_daily":false,"chose_seed":false,"campfire_upgraded":2,"win_rate":0,"timestamp":1551196001,"path_taken":["M","?","M","M","M","R","M","R","T","M","?","M","?","E"],"build_version":"2019-01-23","purchased_purges":0,"victory":false,"max_hp_per_floor":[71,71,71,71,71,71,71,71,71,71,71,71,64,64],"card_choices":[{"not_picked":["Genetic Algorithm","Stack"],"picked":"Cold Snap","floor":1},{"not_picked":["Sweeping Beam","Static Discharge"],"picked":"Go for the Eyes","floor":3},{"not_picked":["Compile Driver","Beam Cell"],"picked":"Coolheaded","floor":4},{"not_picked":["Stack","Rebound"],"picked":"Turbo","floor":5},{"not_picked":["Turbo","Streamline"],"picked":"White Noise","floor":7},{"not_picked":["Auto Shields","Lockon"],"picked":"Rainbow","floor":10},{"not_picked":["Cold Snap","Stack"],"picked":"Ball Lightning","floor":12}],"player_experience":1012010,"relics_obtained":[{"floor":9,"key":"The Courier"}],"event_choices":[{"damage_healed":0,"gold_gain":0,"player_choice":"Success","damage_taken":26,"relics_obtained":["Blue Candle"],"max_hp_gain":0,"max_hp_loss":0,"event_name":"Scrap Ooze","floor":2,"gold_loss":0},{"damage_healed":0,"gold_gain":75,"player_choice":"Gather Gold","damage_taken":11,"max_hp_gain":0,"max_hp_loss":0,"event_name":"World of Goop","floor":11,"gold_loss":0},{"damage_healed":0,"gold_gain":0,"player_choice":"Lose Max HP","damage_taken":0,"relics_obtained":["Golden Idol"],"max_hp_gain":0,"max_hp_loss":7,"event_name":"Golden Idol","floor":13,"gold_loss":0}],"is_beta":false,"boss_relics":[],"items_purged_floors":[],"is_endless":false,"potions_floor_spawned":[4,7],"killed_by":"3 Sentries","ascension_level":20}