{"gold_per_floor":[112,122,137,148,37,37,62,62,62,78,28,28,47,57,57,159,159,177,77,2,17,32,32,32,46,46,46,46,73,73,90,90,186,186,201,215,115,131,143,169,169,188,188,205,205,56,73,90,90,90],"floor_reached":51,"playtime":1370,"items_purged":["Strike_G","Strike_G","Defend_G","Strike_G"],"score":715,"play_id":"69c5b8ec-547d-4623-a211-e60e3fc846f5","local_time":"20181124144018","is_ascension_mode":false,"campfire_choices":[{"data":"Noxious Fumes","floor":6,"key":"SMITH"},{"data":"Bouncing Flask","floor":8,"key":"SMITH"},{"data":"Deadly Poison","floor":15,"key":"SMITH"},{"data":"Grand Finale","floor":24,"key":"SMITH"},{"data":"Acrobatics","floor":28,"key":"SMITH"},{"data":"Acrobatics","floor":32,"key":"SMITH"},{"data":"Footwork","floor":41,"key":"SMITH"},{"data":"Neutralize","floor":45,"key":"SMITH"},{"data":"Terror","floor":49,"key":"SMITH"}],"neow_cost":"TEN_PERCENT_HP_LOSS","seed_source_timestamp":18026026977818,"circlet_count":0,"master_deck":["Defend_G","Defend_G","Defend_G","Strike_G","Survivor","Neutralize+1","Bouncing Flask+1","Footwork+1","Noxious Fumes+1","Deadly Poison+1","Grand Finale+1","Acrobatics+1","Acrobatics+1","Terror","Terror+1"],"relics":["Ring of the Snake","Torii","Snake Skull","Pantograph","Runic Pyramid","Blue Candle","The Courier","Cursed Key","Shuriken"],"potions_floor_usage":[23,50,50,50],"damage_taken":[{"damage":1,"enemies":"Cultist","floor":1,"turns":5},{"damage":0,"enemies":"2 Louse","floor":2,"turns":3},{"damage":6,"enemies":"Jaw Worm","floor":3,"turns":4},{"damage":2,"enemies":"3 Louse","floor":4,"turns":4},{"damage":11,"enemies":"Exordium Wildlife","floor":10,"turns":3},{"damage":2,"enemies":"Looter","floor":13,"turns":3},{"damage":15,"enemies":"2 Fungi Beasts","floor":14,"turns":3},{"damage":10,"enemies":"Hexaghost","floor":16,"turns":7},{"damage":1,"enemies":"Chosen","floor":18,"turns":3},{"damage":0,"enemies":"Spheric Guardian","floor":21,"turns":2},{"damage":0,"enemies":"3 Cultists","floor":22,"turns":2},{"damage":0,"enemies":"Book of Stabbing","floor":23,"turns":1},{"damage":8,"enemies":"Shelled Parasite and Fungi","floor":25,"turns":4},{"damage":4,"enemies":"Gremlin Leader","floor":29,"turns":3},{"damage":0,"enemies":"Snake Plant","floor":31,"turns":2},{"damage":30,"enemies":"Automaton","floor":33,"turns":7},{"damage":9,"enemies":"3 Darklings","floor":35,"turns":2},{"damage":0,"enemies":"Orb Walker","floor":36,"turns":3},{"damage":0,"enemies":"4 Shapes","floor":38,"turns":1},{"damage":0,"enemies":"Jaw Worm Horde","floor":39,"turns":1},{"damage":9,"enemies":"Nemesis","floor":40,"turns":3},{"damage":1,"enemies":"Transient","floor":42,"turns":5},{"damage":0,"enemies":"Maw","floor":44,"turns":5},{"damage":9,"enemies":"4 Shapes","floor":47,"turns":3},{"damage":1,"enemies":"Spire Growth","floor":48,"turns":3},{"damage":6,"enemies":"Time Eater","floor":50,"turns":3}],"seed_played":"854764394794953733","potions_obtained":[{"floor":1,"key":"FearPotion"},{"floor":3,"key":"PowerPotion"},{"floor":4,"key":"SmokeBomb"},{"floor":25,"key":"LiquidBronze"},{"floor":35,"key":"GhostInAJar"}],"is_trial":false,"path_per_floor":["M","M","M","M","$","R","T","R","T","M","?","$","M","M","R","B",null,"M","$","?","M","M","E","R","M","T","?","R","E","$","M","R","B",null,"M","M","$","M","M","E","R","M","T","M","R","$","M","M","R","B",null],"character_chosen":"THE_SILENT","items_purchased":["Noxious Fumes","Terror"],"campfire_rested":0,"item_purchase_floors":[5,46],"current_hp_per_floor":[62,62,56,54,54,54,54,54,54,43,43,43,41,26,26,41,63,62,62,62,62,62,62,62,54,54,54,54,50,50,50,50,33,63,54,54,54,54,54,45,45,44,44,44,44,44,35,34,34,53],"gold":90,"neow_bonus":"ONE_RARE_RELIC","is_prod":false,"is_daily":false,"chose_seed":false,"campfire_upgraded":9,"win_rate":0,"timestamp":1543041618,"path_taken":["M","M","M","M","$","R","?","R","T","M","?","$","M","?","R","BOSS","M","$","?","M","M","E","R","M","T","?","R","E","$","M","R","BOSS","M","M","$","M","M","E","R","M","T","M","R","$","M","M","R","BOSS"],"build_version":"2018-11-15","purchased_purges":4,"victory":true,"max_hp_per_floor":[63,63,63,63,63,63,63,63,63,63,63,63,63,63,63,63,63,63,63,63,63,63,63,63,63,63,63,63,63,63,63,63,63,63,63,63,63,63,63,63,63,63,63,63,63,63,63,63,63,63],"card_choices":[{"not_picked":["Skewer","Underhanded Strike"],"picked":"Bouncing Flask","floor":1},{"not_picked":["Deflect","Setup","Terror"],"picked":"SKIP","floor":2},{"not_picked":["Blade Dance","Dagger Spray","Heel Hook"],"picked":"SKIP","floor":3},{"not_picked":["Outmaneuver","Cloak And Dagger"],"picked":"Footwork","floor":4},{"not_picked":["Outmaneuver","Slice","Cloak And Dagger"],"picked":"SKIP","floor":10},{"not_picked":["Prepared","Poisoned Stab"],"picked":"Deadly Poison","floor":13},{"not_picked":["Dagger Spray","Predator","Dash"],"picked":"SKIP","floor":14},{"not_picked":["Envenom","Venomology"],"picked":"Grand Finale","floor":16},{"not_picked":["Backstab","Masterful Stab","Flying Knee+1"],"picked":"SKIP","floor":18},{"not_picked":["Bouncing Flask+1","Prepared"],"picked":"Acrobatics","floor":21},{"not_picked":["Poisoned Stab","Leg Sweep","Backflip"],"picked":"SKIP","floor":22},{"not_picked":["Flying Knee","Outmaneuver+1","Well Laid Plans"],"picked":"SKIP","floor":25},{"not_picked":["Dash+1","Calculated Gamble","Prepared+1"],"picked":"SKIP","floor":29},{"not_picked":["Underhanded Strike","PiercingWail+1","Escape Plan"],"picked":"SKIP","floor":31},{"not_picked":["Caltrops+1","Sucker Punch+1","Quick Slash+1"],"picked":"SKIP","floor":35},{"not_picked":["Expertise","All Out Attack","Cloak And Dagger+1"],"picked":"SKIP","floor":36},{"not_picked":["Eviscerate","Blade Dance","Backstab+1"],"picked":"SKIP","floor":38},{"not_picked":["Cloak And Dagger","Prepared","Dagger Spray+1"],"picked":"SKIP","floor":39},{"not_picked":["Tools of the Trade","Backflip","Slice"],"picked":"SKIP","floor":40},{"not_picked":["Footwork+1","Predator","Dodge and Roll+1"],"picked":"SKIP","floor":42},{"not_picked":["Deflect+1","Slice+1","Eviscerate+1"],"picked":"SKIP","floor":44},{"not_picked":["Leg Sweep","Deadly Poison","Terror"],"picked":"SKIP","floor":47},{"not_picked":["Leg Sweep","Deadly Poison"],"picked":"Terror","floor":47},{"not_picked":["Cloak And Dagger","Expertise","Distraction"],"picked":"SKIP","floor":48}],"player_experience":1144872,"relics_obtained":[{"floor":7,"key":"Snake Skull"},{"floor":9,"key":"Pantograph"},{"floor":26,"key":"Blue Candle"},{"floor":29,"key":"The Courier"},{"floor":40,"key":"Shuriken"}],"event_choices":[{"cards_removed":["Strike_G"],"damage_healed":0,"gold_gain":0,"player_choice":"Card Removal","damage_taken":0,"max_hp_gain":0,"max_hp_loss":0,"event_name":"The Cleric","floor":11,"gold_loss":50},{"cards_removed":["Defend_G"],"damage_healed":0,"gold_gain":0,"player_choice":"Gave Gold","damage_taken":0,"max_hp_gain":0,"max_hp_loss":0,"event_name":"Beggar","floor":20,"gold_loss":75},{"damage_healed":0,"gold_gain":0,"player_choice":"Read","damage_taken":0,"max_hp_gain":0,"max_hp_loss":0,"event_name":"The Library","floor":27,"gold_loss":0,"cards_obtained":["Acrobatics"]}],"is_beta":false,"boss_relics":[{"not_picked":["Ring of the Serpent","Coffee Dripper"],"picked":"Runic Pyramid"},{"not_picked":["Velvet Choker","Runic Dome"],"picked":"Cursed Key"}],"items_purged_floors":[5,19,37,46],"is_endless":false,"potions_floor_spawned":[1,3,4,10,13,22,25,31,33,35,44,47,48],"ascension_level":0}