{"gold_per_floor":[109,109,119,134,153,153,187,187,217,249,268,268,76,76,76,76],"floor_reached":16,"playtime":703,"items_purged":["Strike_R"],"score":204,"play_id":"23d56435-a441-4c65-a06d-6d16a8daf4df","local_time":"20190523095234","is_ascension_mode":true,"campfire_choices":[{"data":"Bash","floor":6,"key":"SMITH"},{"data":"Rage","floor":8,"key":"SMITH"},{"floor":12,"key":"REST"},{"data":"True Grit","floor":15,"key":"SMITH"}],"neow_cost":"NONE","seed_source_timestamp":2611644830049,"circlet_count":0,"master_deck":["AscendersBane","Strike_R","Strike_R","Strike_R","Defend_R","Defend_R","Defend_R","Defend_R","Bash+1","Evolve","Pommel Strike","Power Through","Rage+1","Limit Break","Shrug It Off","Feel No Pain","True Grit+1"],"relics":["Burning Blood","Strawberry","Tiny Chest","Blue Candle","Golden Idol"],"potions_floor_usage":[7,10,16],"damage_taken":[{"damage":7,"enemies":"2 Louse","floor":1,"turns":4},{"damage":9,"enemies":"Jaw Worm","floor":3,"turns":5},{"damage":14,"enemies":"Small Slimes","floor":4,"turns":5},{"damage":14,"enemies":"Blue Slaver","floor":5,"turns":5},{"damage":16,"enemies":"Gremlin Nob","floor":7,"turns":3},{"damage":25,"enemies":"3 Sentries","floor":10,"turns":9},{"damage":2,"enemies":"2 Fungi Beasts","floor":11,"turns":4},{"damage":31,"enemies":"Hexaghost","floor":16,"turns":12}],"seed_played":"699766765304064951","potions_obtained":[{"floor":4,"key":"AttackPotion"},{"floor":5,"key":"LiquidBronze"},{"floor":7,"key":"Dexterity Potion"},{"floor":10,"key":"EssenceOfSteel"}],"is_trial":false,"path_per_floor":["M","?","M","M","M","R","E","R","T","E","M","R","$","?","R","B"],"character_chosen":"IRONCLAD","items_purchased":["Feel No Pain","True Grit"],"campfire_rested":1,"item_purchase_floors":[13,13],"current_hp_per_floor":[67,72,69,61,53,53,50,50,50,31,35,61,61,31,31,0],"gold":76,"neow_bonus":"REMOVE_CARD","is_prod":false,"is_daily":false,"chose_seed":false,"campfire_upgraded":3,"win_rate":0,"timestamp":1558597954,"path_taken":["M","?","M","M","M","R","E","R","T","E","M","R","$","?","R","BOSS"],"build_version":"2019-01-23","purchased_purges":1,"victory":false,"max_hp_per_floor":[75,80,80,80,80,80,87,87,87,87,87,87,87,87,87,87],"card_choices":[{"not_picked":["Sword Boomerang","Warcry","Anger"],"picked":"SKIP","floor":1},{"not_picked":["Thunderclap","Perfected Strike"],"picked":"Evolve","floor":3},{"not_picked":["Warcry","Perfected Strike"],"picked":"Pommel Strike","floor":4},{"not_picked":["Clash","True Grit"],"picked":"Power Through","floor":5},{"not_picked":["Headbutt","Warcry"],"picked":"Rage","floor":7},{"not_picked":["Feed","Thunderclap"],"picked":"Limit Break","floor":10},{"not_picked":["Sever Soul","Heavy Blade"],"picked":"Shrug It Off","floor":11}],"player_experience":584832,"relics_obtained":[{"floor":7,"key":"Strawberry"},{"floor":9,"key":"Tiny Chest"},{"floor":10,"key":"Blue Candle"}],"event_choices":[{"damage_healed":0,"gold_gain":0,"player_choice":"Donut","damage_taken":0,"max_hp_gain":5,"max_hp_loss":0,"event_name":"Big Fish","floor":2,"gold_loss":0},{"damage_healed":0,"gold_gain":0,"player_choice":"Take Damage","damage_taken":30,"relics_obtained":["Golden Idol"],"max_hp_gain":0,"max_hp_loss":0,"event_name":"Golden Idol","floor":14,"gold_loss":0}],"is_beta":false,"boss_relics":[],"items_purged_floors":[13],"is_endless":false,"potions_floor_spawned":[4,5,7,10],"killed_by":"Hexaghost","ascension_level":17}