{"gold_per_floor":[362,377,377,527,547,547,561,578,578,597,522,532,121,136,136,136],"floor_reached":16,"playtime":441,"items_purged":["Doubt","Strike_B"],"score":192,"play_id":"818c9c63-1188-4e31-8f94-9c645ee9d0ff","local_time":"20190104105229","is_ascension_mode":true,"campfire_choices":[{"data":"Zap","floor":6.0,"key":"SMITH"},{"data":"Coolheaded","floor":15,"key":"SMITH"}],"neow_cost":"CURSE","seed_source_timestamp":5916439841966,"circlet_count":0,"master_deck":["AscendersBane","Strike_B","Strike_B","Strike_B","Defend_B","Defend_B","Defend_B","Defend_B","Zap+1","Dualcast","Reprogram","Self Repair","White Noise","Cold Snap","Seek","Consume","Coolheaded+1","Purity","Gash"],"special_seed":0,"relics":["Cracked Core","Sundial","OrangePellets"],"potions_floor_usage":[12],"damage_taken":[{"damage":12.0,"enemies":"Jaw Worm","floor":1.0,"turns":2.0},{"damage":9.0,"enemies":"Small Slimes","floor":2.0,"turns":4.0},{"damage":1.0,"enemies":"Cultist","floor":5.0,"turns":3.0},{"damage":14.0,"enemies":"Exordium Wildlife","floor":7.0,"turns":4.0},{"damage":10.0,"enemies":"Looter","floor":8.0,"turns":3.0},{"damage":0,"enemies":"Gremlin Gang","floor":10,"turns":3},{"damage":15,"enemies":"Exordium Thugs","floor":12,"turns":5},{"damage":14,"enemies":"2 Fungi Beasts","floor":14,"turns":4},{"damage":0,"enemies":"Hexaghost","floor":16,"turns":1}],"seed_played":"698536390487036294","potions_obtained":[{"floor":5.0,"key":"Block Potion"},{"floor":7.0,"key":"Ancient Potion"}],"is_trial":false,"path_per_floor":["M","M","?","?","M","R","M","M","T","M","$","M","$","M","R","B"],"character_chosen":"DEFECT","items_purchased":["OrangePellets","Purity"],"campfire_rested":0,"item_purchase_floors":[13,13],"current_hp_per_floor":[52,43,43,43,49,49,42,39,39,46,46,38,38,31,31,31],"gold":136,"neow_bonus":"TWO_FIFTY_GOLD","is_prod":false,"is_daily":false,"chose_seed":false,"campfire_upgraded":2,"win_rate":0,"timestamp":1546570349,"path_taken":["M","M","?","?","M","R","M","M","T","M","$","M","$","M","R","BOSS"],"build_version":"2019-01-03","purchased_purges":2,"victory":false,"max_hp_per_floor":[71,71,71,71,71,71,71,71,71,71,71,71,71,71,71,71],"card_choices":[{"not_picked":["Stack","Rebound"],"picked":"Reprogram","floor":1.0},{"not_picked":["Rebound","Ball Lightning"],"picked":"Self Repair","floor":2.0},{"not_picked":["Barrage","Scrape"],"picked":"White Noise","floor":5.0},{"not_picked":["Auto Shields","Beam Cell"],"picked":"Cold Snap","floor":7.0},{"not_picked":["Conserve Battery","Go for the Eyes"],"picked":"Seek","floor":8.0},{"not_picked":["Hologram","Leap"],"picked":"Consume","floor":10},{"not_picked":["Rebound","Leap"],"picked":"Coolheaded","floor":12},{"not_picked":["Ball Lightning","Go for the Eyes"],"picked":"Gash","floor":14}],"player_experience":1718437,"relics_obtained":[{"floor":9.0,"key":"Sundial"}],"event_choices":[{"cards_removed":["Normality"],"damage_healed":0.0,"max_hp_gain":0.0,"max_hp_loss":0.0,"gold_gain":0.0,"event_name":"Living Wall","player_choice":"Forget","floor":3.0,"gold_loss":0.0,"damage_taken":0.0},{"damage_healed":0.0,"max_hp_gain":0.0,"max_hp_loss":0.0,"gold_gain":150.0,"event_name":"Liars Game","player_choice":"AGREE","floor":4.0,"gold_loss":0.0,"damage_taken":0.0,"cards_obtained":["Doubt"]}],"is_beta":false,"boss_relics":[],"items_purged_floors":[11,13],"is_endless":false,"potions_floor_spawned":[5,7,8],"killed_by":"Hexaghost","ascension_level":20}