{"gold_per_floor":[117,3,3,3,66,100,176,176,176,189,201,201,26,76,76,150,150,165,178,17,67,84,84,134,151,151,51,62,37,87,0,0,74,74,92,142,192,92,56,56,82,82,105,136,136,150,200,36,36,36,36,36,36,36,70,70],"floor_reached":57,"playtime":1231,"items_purged":["Strike_G","Strike_G","Strike_G","Defend_G"],"score":3304,"play_id":"9091217e-1460-416d-ae3c-62420544afc8","local_time":"20190729165554","is_ascension_mode":true,"campfire_choices":[{"data":"Neutralize","floor":8.0,"key":"SMITH"},{"data":"Tactician","floor":12.0,"key":"SMITH"},{"data":"Catalyst","floor":15.0,"key":"SMITH"},{"data":"Well Laid Plans","floor":23.0,"key":"SMITH"},{"data":"Calculated Gamble","floor":32.0,"key":"SMITH"},{"data":"Acrobatics","floor":40.0,"key":"SMITH"},{"data":"Impatience","floor":42.0,"key":"SMITH"},{"data":"Reflex","floor":45.0,"key":"SMITH"},{"floor":49.0,"key":"RECALL"},{"floor":53,"key":"REST"}],"neow_cost":"NONE","seed_source_timestamp":0,"circlet_count":0,"master_deck":["AscendersBane","Defend_G+1","Defend_G+1","Survivor+1","Neutralize+1","Catalyst+1","Catalyst+1","Backflip+1","Tactician+1","Catalyst+1","Bouncing Flask+1","Catalyst+1","Tools of the Trade+1","Acrobatics+1","Impatience+1","Reflex+1","Calculated Gamble+1","Adrenaline+1","Catalyst+1"],"special_seed":0,"relics":["Ring of the Snake","NeowsBlessing","Dodecahedron","SsserpentHead","Juzu Bracelet","Odd Mushroom","Runic Dome","Pantograph","Runic Pyramid","Blue Candle","Whetstone","Bottled Tornado","Mark of the Bloom","Bag of Preparation","Pear"],"potions_floor_usage":[50],"damage_taken":[{"damage":0.0,"enemies":"Jaw Worm","floor":1.0,"turns":1.0},{"damage":0.0,"enemies":"Cultist","floor":5.0,"turns":1.0},{"damage":0.0,"enemies":"Gremlin Nob","floor":6.0,"turns":1.0},{"damage":19.0,"enemies":"The Mushroom Lair","floor":7.0,"turns":7.0},{"damage":0.0,"enemies":"2 Louse","floor":10.0,"turns":2.0},{"damage":3.0,"enemies":"Looter","floor":11.0,"turns":5.0},{"damage":0.0,"enemies":"Hexaghost","floor":16.0,"turns":3.0},{"damage":25.0,"enemies":"Chosen","floor":18.0,"turns":6.0},{"damage":12.0,"enemies":"Spheric Guardian","floor":19.0,"turns":5.0},{"damage":0.0,"enemies":"Centurion and Healer","floor":22.0,"turns":5.0},{"damage":0.0,"enemies":"Snake Plant","floor":25.0,"turns":2.0},{"damage":1.0,"enemies":"Shelled Parasite and Fungi","floor":28.0,"turns":3.0},{"damage":0.0,"enemies":"Collector","floor":33.0,"turns":2.0},{"damage":27.0,"enemies":"3 Darklings","floor":35.0,"turns":4.0},{"damage":0.0,"enemies":"Nemesis","floor":41.0,"turns":1.0},{"damage":0.0,"enemies":"Reptomancer","floor":44.0,"turns":1.0},{"damage":0.0,"enemies":"Orb Walker","floor":46.0,"turns":2.0},{"damage":0,"enemies":"Time Eater","floor":50,"turns":1},{"damage":0,"enemies":"Donu and Deca","floor":51,"turns":3},{"damage":0,"enemies":"Shield and Spear","floor":55,"turns":2},{"damage":44,"enemies":"The Heart","floor":56,"turns":4}],"seed_played":"1015066858775168110","potions_obtained":[{"floor":5.0,"key":"Block Potion"},{"floor":6.0,"key":"Energy Potion"},{"floor":10.0,"key":"Block Potion"},{"floor":18.0,"key":"AttackPotion"},{"floor":19.0,"key":"Ancient Potion"},{"floor":25.0,"key":"GhostInAJar"},{"floor":28.0,"key":"Energy Potion"},{"floor":35.0,"key":"Energy Potion"},{"floor":46.0,"key":"GamblersBrew"}],"is_trial":false,"path_per_floor":["M","$","?","?","M","E","?","R","T","M","M","R","$","?","R","B",null,"M","M","$","?","M","R","?","M","T","$","M","?","?","$","R","B",null,"M","?","?","$","$","R","E","R","T","E","R","M","?","$","R","B","B",null,"R","$","E","B",null],"character_chosen":"THE_SILENT","items_purchased":["Catalyst","Catalyst","Well Laid Plans","Impatience","Calculated Gamble","Catalyst","Bag of Preparation"],"campfire_rested":1,"item_purchase_floors":[2,13,20,27,31,39,48],"current_hp_per_floor":[59,59,33,33,33,33,14,14,14,14,11,11,11,11,11,11,52,27,15,15,15,15,15,15,15,15,15,14,14,14,14,14,39,59,32,54,54,54,54,54,54,54,54,54,54,54,54,54,54,54,54,54,54,54,54,10],"gold":70,"neow_bonus":"THREE_ENEMY_KILL","is_prod":false,"is_daily":false,"chose_seed":false,"campfire_upgraded":8,"win_rate":0,"timestamp":1564386954,"path_taken":["M","$","?","?","?","E","?","R","T","M","M","R","$","?","R","BOSS","M","M","?","?","M","R","?","M","T","$","M","?","?","$","R","BOSS","M","?","?","?","$","R","E","R","T","E","R","M","?","$","R","BOSS","BOSS","R","$","E","BOSS"],"build_version":"2019-07-17","purchased_purges":4,"victory":true,"max_hp_per_floor":[66,66,66,66,66,66,66,66,66,66,66,66,66,66,66,66,66,66,66,66,66,66,66,66,66,66,66,66,66,66,66,66,66,66,66,54,54,54,54,54,54,54,54,54,54,54,54,54,54,54,54,54,54,54,64,64],"card_choices":[{"not_picked":["Quick Slash","Bane","Prepared"],"picked":"SKIP","floor":1.0},{"not_picked":["Backflip","Eviscerate","Crippling Poison"],"picked":"SKIP","floor":5.0},{"not_picked":["Concentrate","Backflip"],"picked":"Catalyst","floor":6.0},{"not_picked":["Dagger Throw","Choke"],"picked":"Backflip","floor":7.0},{"not_picked":["Skewer","Bane","Flying Knee"],"picked":"SKIP","floor":10.0},{"not_picked":["Poisoned Stab","A Thousand Cuts"],"picked":"Tactician","floor":11.0},{"not_picked":["Dagger Throw","Endless Agony"],"picked":"Catalyst","floor":18.0},{"not_picked":["Backflip","Deflect","Distraction"],"picked":"SKIP","floor":19.0},{"not_picked":["Dash","Bouncing Flask","Dagger Spray"],"picked":"SKIP","floor":22.0},{"not_picked":["Catalyst","Slice"],"picked":"Acrobatics","floor":25.0},{"not_picked":["All Out Attack","Distraction","Deflect"],"picked":"SKIP","floor":28.0},{"not_picked":["Quick Slash","Footwork","Flying Knee"],"picked":"SKIP","floor":35.0},{"not_picked":["Footwork","Quick Slash","Tools of the Trade"],"picked":"SKIP","floor":41.0},{"not_picked":["Deflect","Underhanded Strike","Dagger Spray+1"],"picked":"SKIP","floor":44.0},{"not_picked":["Blade Dance","Caltrops","Deadly Poison"],"picked":"SKIP","floor":46.0},{"not_picked":["Acrobatics+1","Unload","Dodge and Roll"],"picked":"SKIP","floor":55}],"player_experience":673892,"relics_obtained":[{"floor":6.0,"key":"Juzu Bracelet"},{"floor":7.0,"key":"Odd Mushroom"},{"floor":26.0,"key":"Pantograph"},{"floor":41.0,"key":"Blue Candle"},{"floor":43.0,"key":"Whetstone"},{"floor":44.0,"key":"Bottled Tornado"},{"floor":55,"key":"Pear"}],"event_choices":[{"damage_healed":0.0,"max_hp_gain":0.0,"max_hp_loss":0.0,"gold_gain":0.0,"event_name":"Scrap Ooze","player_choice":"Success","floor":3.0,"gold_loss":0.0,"damage_taken":26.0,"relics_obtained":["Dodecahedron"]},{"damage_healed":0.0,"max_hp_gain":0.0,"max_hp_loss":0.0,"gold_gain":0.0,"event_name":"FaceTrader","player_choice":"Trade","floor":4.0,"gold_loss":0.0,"damage_taken":0.0,"relics_obtained":["SsserpentHead"]},{"damage_healed":0.0,"max_hp_gain":0.0,"max_hp_loss":0.0,"gold_gain":0.0,"event_name":"Mushrooms","player_choice":"Fought Mushrooms","floor":7.0,"gold_loss":0.0,"damage_taken":0.0},{"damage_healed":0.0,"max_hp_gain":0.0,"max_hp_loss":0.0,"gold_gain":0.0,"cards_transformed":["Strike_G"],"event_name":"Transmorgrifier","player_choice":"Transformed","floor":14.0,"gold_loss":0.0,"damage_taken":0.0,"cards_obtained":["Bouncing Flask"]},{"damage_healed":0.0,"max_hp_gain":0.0,"max_hp_loss":0.0,"gold_gain":0.0,"cards_transformed":["Strike_G","Defend_G"],"event_name":"Drug Dealer","player_choice":"Became Test Subject","floor":21.0,"gold_loss":0.0,"damage_taken":0.0,"cards_obtained":["Tools of the Trade","Heel Hook"]},{"damage_healed":0.0,"max_hp_gain":0.0,"max_hp_loss":0.0,"gold_gain":0.0,"event_name":"Upgrade Shrine","player_choice":"Upgraded","floor":24.0,"gold_loss":0.0,"damage_taken":0.0,"cards_upgraded":["Catalyst"]},{"cards_removed":["Defend_G"],"damage_healed":0.0,"max_hp_gain":0.0,"max_hp_loss":0.0,"gold_gain":0.0,"event_name":"Beggar","player_choice":"Gave Gold","floor":29.0,"gold_loss":75.0,"damage_taken":0.0},{"damage_healed":0.0,"max_hp_gain":0.0,"max_hp_loss":0.0,"gold_gain":0.0,"cards_transformed":["Heel Hook"],"event_name":"Transmorgrifier","player_choice":"Transformed","floor":30.0,"gold_loss":0.0,"damage_taken":0.0,"cards_obtained":["Reflex"]},{"damage_healed":54.0,"max_hp_gain":0.0,"max_hp_loss":12.0,"gold_gain":0.0,"event_name":"The Moai Head","player_choice":"Heal","floor":36.0,"gold_loss":0.0,"damage_taken":0.0},{"damage_healed":0.0,"max_hp_gain":0.0,"max_hp_loss":0.0,"gold_gain":0.0,"cards_transformed":["Well Laid Plans"],"event_name":"Transmorgrifier","player_choice":"Transformed","floor":37.0,"gold_loss":0.0,"damage_taken":0.0,"cards_obtained":["Adrenaline"]},{"damage_healed":0.0,"max_hp_gain":0.0,"max_hp_loss":0.0,"gold_gain":0.0,"event_name":"MindBloom","player_choice":"Upgrade","floor":47.0,"gold_loss":0.0,"damage_taken":0.0,"cards_upgraded":["Defend_G","Defend_G","Survivor","Catalyst","Backflip","Bouncing Flask","Catalyst","Tools of the Trade","Adrenaline","Catalyst"],"relics_obtained":["Mark of the Bloom"]}],"is_beta":false,"boss_relics":[{"not_picked":["Ectoplasm","Black Star"],"picked":"Runic Dome"},{"not_picked":["Coffee Dripper","Tiny House"],"picked":"Runic Pyramid"}],"items_purged_floors":[2,13,20,38],"is_endless":false,"potions_floor_spawned":[5,6,10,18,19,25,28,35,46],"ascension_level":20}