{"gold_per_floor":[116,136,148,148,148,148,177,177,177,177,197,197,208,243,243,321,321,348,360,84,84,84,84,103,22,48,66,166,17,17,27,27,100,100,115,65,113,12,25,25,55,55,129,158,176,186,186,5,5,5,5,5,5,5,38,38],"floor_reached":57,"playtime":4562,"items_purged":["Regret","Writhe","Defend_B","Defend_B","Chaos+1"],"score":2632,"play_id":"40983768-d6f3-4451-a457-a24be57296e2","local_time":"20190504023340","is_ascension_mode":true,"campfire_choices":[{"data":"Dualcast","floor":6.0,"key":"SMITH"},{"data":"Loop","floor":8.0,"key":"SMITH"},{"data":"Zap","floor":10.0,"key":"SMITH"},{"data":"Loop","floor":12.0,"key":"SMITH"},{"data":"Hologram","floor":15.0,"key":"SMITH"},{"floor":23.0,"key":"RECALL"},{"data":"Injury","floor":30.0,"key":"PURGE"},{"data":"Defend_B","floor":32.0,"key":"PURGE"},{"data":"Defend_B","floor":40.0,"key":"PURGE"},{"data":"Ball Lightning","floor":42.0,"key":"PURGE"},{"data":"Thunder Strike","floor":47.0,"key":"SMITH"},{"data":"White Noise","floor":49.0,"key":"SMITH"},{"data":"Fusion+1","floor":53.0,"key":"PURGE"}],"neow_cost":"NONE","seed_source_timestamp":63254905687424,"circlet_count":0,"master_deck":["AscendersBane","Zap+1","Dualcast+1","Hologram+1","White Noise+1","Chill","Core Surge","Loop+1","Loop+1","Coolheaded+1","Multi-Cast+1","Coolheaded+1","Steam+1","Force Field+1","Recycle+1","Hologram+1","White Noise+1","Reinforced Body+1","Reboot+1","Turbo+1","Rainbow+1","Thunder Strike+1","Coolheaded+1","Seek+1","Coolheaded+1","Multi-Cast+1"],"special_seed":0,"relics":["Cracked Core","Mercury Hourglass","Pear","Toxic Egg 2","Calling Bell","MawBank","Matryoshka","Nunchaku","Sundial","DataDisk","Smiling Mask","Peace Pipe","Dodecahedron","Eternal Feather","Mango","Regal Pillow","Bag of Marbles","Bottled Flame","Bag of Preparation","Strawberry"],"potions_floor_usage":[56,56],"damage_taken":[{"damage":2.0,"enemies":"Jaw Worm","floor":1.0,"turns":4.0},{"damage":5.0,"enemies":"Small Slimes","floor":2.0,"turns":2.0},{"damage":6.0,"enemies":"Cultist","floor":3.0,"turns":3.0},{"damage":6.0,"enemies":"Gremlin Nob","floor":7.0,"turns":3.0},{"damage":0.0,"enemies":"Large Slime","floor":11.0,"turns":3.0},{"damage":6.0,"enemies":"Exordium Wildlife","floor":13.0,"turns":3.0},{"damage":3.0,"enemies":"3 Sentries","floor":14.0,"turns":8.0},{"damage":3.0,"enemies":"The Guardian","floor":16.0,"turns":7.0},{"damage":31.0,"enemies":"Shell Parasite","floor":18.0,"turns":6.0},{"damage":0.0,"enemies":"Spheric Guardian","floor":24.0,"turns":7.0},{"damage":0.0,"enemies":"Snecko","floor":27.0,"turns":3.0},{"damage":22.0,"enemies":"Colosseum Slavers","floor":28.0,"turns":3.0},{"damage":7.0,"enemies":"Colosseum Nobs","floor":28.0,"turns":4.0},{"damage":0.0,"enemies":"Centurion and Healer","floor":31.0,"turns":6.0},{"damage":3.0,"enemies":"Automaton","floor":33.0,"turns":12.0},{"damage":0.0,"enemies":"3 Darklings","floor":35.0,"turns":5.0},{"damage":28.0,"enemies":"2 Orb Walkers","floor":37.0,"turns":3.0},{"damage":0.0,"enemies":"Orb Walker","floor":39.0,"turns":2.0},{"damage":5.0,"enemies":"Giant Head","floor":41.0,"turns":5.0},{"damage":23.0,"enemies":"Reptomancer","floor":44.0,"turns":6.0},{"damage":4.0,"enemies":"3 Darklings","floor":45.0,"turns":7.0},{"damage":3.0,"enemies":"Maw","floor":46.0,"turns":8.0},{"damage":5.0,"enemies":"Awakened One","floor":50.0,"turns":5.0},{"damage":3.0,"enemies":"Donu and Deca","floor":51.0,"turns":10.0},{"damage":42.0,"enemies":"Shield and Spear","floor":55.0,"turns":11.0},{"damage":41,"enemies":"The Heart","floor":56,"turns":12}],"seed_played":"-1571185231849722200","potions_obtained":[{"floor":2.0,"key":"Poison Potion"},{"floor":3.0,"key":"FearPotion"},{"floor":7.0,"key":"SteroidPotion"},{"floor":18.0,"key":"EntropicBrew"},{"floor":24.0,"key":"FocusPotion"},{"floor":28.0,"key":"Explosive Potion"},{"floor":41.0,"key":"Block Potion"},{"floor":44.0,"key":"EntropicBrew"}],"is_trial":false,"path_per_floor":["M","M","M","?","?","R","E","R","T","R","M","R","M","E","R","B",null,"M","?","$","?","?","R","M","$","T","M","?","$","R","M","R","B",null,"M","$","?","$","M","R","E","R","T","E","M","M","R","$","R","B","B",null,"R","$","E","B",null],"character_chosen":"DEFECT","items_purchased":["DataDisk","Coolheaded+1","Recycle+1","White Noise+1","Block Potion","Turbo+1","Seek+1","Coolheaded+1"],"campfire_rested":0,"item_purchase_floors":[20,20,25,29,29,38,48,48],"current_hp_per_floor":[62,57,51,44,44,44,38,38,48,48,48,48,42,39,39,36,70,39,39,39,39,39,39,39,39,39,39,10,10,10,10,10,7,63,63,63,49,49,49,61,56,68,68,45,41,38,53,53,68,63,60,86,95,95,60,19],"gold":38,"neow_bonus":"TRANSFORM_CARD","is_prod":false,"is_daily":false,"chose_seed":false,"campfire_upgraded":7,"win_rate":0,"timestamp":1556908420,"path_taken":["M","M","M","?","?","R","E","R","T","R","M","R","?","E","R","BOSS","M","?","$","?","?","R","?","?","T","M","?","?","R","M","R","BOSS","M","$","?","$","M","R","E","R","T","E","M","M","R","$","R","BOSS","BOSS","R","$","E","BOSS"],"build_version":"2019-01-23","purchased_purges":5,"victory":true,"max_hp_per_floor":[71,71,71,71,71,71,71,71,81,81,81,81,81,81,81,81,81,81,81,81,81,81,81,81,81,81,81,81,81,81,81,81,81,81,81,81,95,95,95,95,95,95,95,95,95,95,95,95,95,95,95,95,95,95,102,102],"card_choices":[{"not_picked":["Double Energy","Turbo"],"picked":"Ball Lightning","floor":1.0},{"not_picked":["Steam Power","Doom and Gloom"],"picked":"White Noise","floor":2.0},{"not_picked":["BootSequence","Steam"],"picked":"Chill","floor":3.0},{"not_picked":["Chaos","Steam"],"picked":"Loop","floor":7.0},{"not_picked":["Leap","Reprogram"],"picked":"Loop","floor":11.0},{"not_picked":["Gash","Doom and Gloom","Leap"],"picked":"SKIP","floor":13.0},{"not_picked":["Sweeping Beam","Conserve Battery"],"picked":"Coolheaded","floor":14.0},{"not_picked":["All For One","Core Surge"],"picked":"Multi-Cast+1","floor":16.0},{"not_picked":["Rebound","Hologram+1","Doom and Gloom"],"picked":"SKIP","floor":18.0},{"not_picked":["Scrape","Rebound"],"picked":"Force Field+1","floor":24.0},{"not_picked":["Doom and Gloom+1","Sweeping Beam"],"picked":"Fusion+1","floor":27.0},{"not_picked":["Gash","Fusion+1"],"picked":"Hologram+1","floor":28.0},{"not_picked":["Sweeping Beam","Hologram+1"],"picked":"Reinforced Body+1","floor":31.0},{"not_picked":["All For One","Electrodynamics"],"picked":"Reboot+1","floor":33.0},{"not_picked":["Cold Snap","Doom and Gloom+1","Barrage+1"],"picked":"SKIP","floor":35.0},{"not_picked":["Steam+1","Conserve Battery+1","Lockon"],"picked":"SKIP","floor":39.0},{"not_picked":["Steam+1","Beam Cell"],"picked":"Rainbow+1","floor":41.0},{"not_picked":["Genetic Algorithm+1","Turbo+1"],"picked":"Thunder Strike","floor":44.0},{"not_picked":["Redo+1","Hologram+1"],"picked":"Coolheaded+1","floor":45.0},{"not_picked":["Redo+1","Streamline+1","Rebound"],"picked":"SKIP","floor":46.0},{"not_picked":["Redo+1","Rip and Tear+1"],"picked":"Multi-Cast+1","floor":55.0}],"player_experience":4580939,"relics_obtained":[{"floor":7.0,"key":"Mercury Hourglass"},{"floor":9.0,"key":"Pear"},{"floor":14.0,"key":"Toxic Egg 2"},{"floor":17.0,"key":"MawBank"},{"floor":17.0,"key":"Matryoshka"},{"floor":17.0,"key":"Nunchaku"},{"floor":26.0,"key":"Smiling Mask"},{"floor":28.0,"key":"Peace Pipe"},{"floor":28.0,"key":"Dodecahedron"},{"floor":37.0,"key":"Mango"},{"floor":41.0,"key":"Regal Pillow"},{"floor":43.0,"key":"Bag of Marbles"},{"floor":43.0,"key":"Bottled Flame"},{"floor":44.0,"key":"Bag of Preparation"},{"floor":55.0,"key":"Strawberry"}],"event_choices":[{"cards_removed":["Strike_B"],"damage_healed":0.0,"max_hp_gain":0.0,"max_hp_loss":0.0,"gold_gain":0.0,"event_name":"Golden Wing","player_choice":"Card Removal","floor":4.0,"gold_loss":0.0,"damage_taken":7.0},{"damage_healed":0.0,"max_hp_gain":0.0,"max_hp_loss":0.0,"gold_gain":0.0,"event_name":"Match and Keep!","player_choice":"1 cards matched","floor":5.0,"gold_loss":0.0,"damage_taken":0.0,"cards_obtained":["Core Surge"]},{"damage_healed":0.0,"max_hp_gain":0.0,"max_hp_loss":0.0,"gold_gain":0.0,"event_name":"The Mausoleum","player_choice":"Opened","floor":19.0,"gold_loss":0.0,"damage_taken":0.0,"relics_obtained":["Sundial"],"cards_obtained":["Writhe"]},{"damage_healed":0.0,"max_hp_gain":0.0,"max_hp_loss":0.0,"gold_gain":0.0,"cards_transformed":["Strike_B","Strike_B"],"event_name":"Drug Dealer","player_choice":"Became Test Subject","floor":21.0,"gold_loss":0.0,"damage_taken":0.0,"cards_obtained":["Chaos","Steam"]},{"cards_removed":["Shame"],"damage_healed":0.0,"max_hp_gain":0.0,"max_hp_loss":0.0,"gold_gain":0.0,"event_name":"Back to Basics","player_choice":"Elegance","floor":22.0,"gold_loss":0.0,"damage_taken":0.0},{"damage_healed":0.0,"max_hp_gain":0.0,"max_hp_loss":0.0,"gold_gain":0.0,"event_name":"Colosseum","player_choice":"Fight","floor":28.0,"gold_loss":0.0,"damage_taken":0.0},{"damage_healed":0.0,"max_hp_gain":0.0,"max_hp_loss":0.0,"gold_gain":0.0,"event_name":"Colosseum","player_choice":"Fought Nobs","floor":28.0,"gold_loss":0.0,"damage_taken":0.0},{"damage_healed":0.0,"max_hp_gain":0.0,"max_hp_loss":0.0,"gold_gain":0.0,"event_name":"Mysterious Sphere","player_choice":"Fight","floor":37.0,"gold_loss":0.0,"damage_taken":0.0}],"is_beta":false,"boss_relics":[{"not_picked":["Ectoplasm","Lizard Tail"],"picked":"Calling Bell"},{"not_picked":["Velvet Choker","Fusion Hammer"],"picked":"Eternal Feather"}],"items_purged_floors":[20,29,36,38,48],"is_endless":false,"potions_floor_spawned":[2,3,7,18,24,28,33,41,44,45],"ascension_level":20}