{"gold_per_floor":[364,364,152,227,227,227,248,248,248,267,267,281,281,37,37,37],"floor_reached":16,"playtime":1010,"items_purged":["Strike_B","Strike_B"],"score":176,"play_id":"bc05b6da-1818-44dc-8e11-e6c1bed3390b","local_time":"20190224154303","is_ascension_mode":true,"campfire_choices":[{"data":"Defragment","floor":6.0,"key":"SMITH"},{"data":"Dualcast","floor":8.0,"key":"SMITH"},{"data":"Blizzard","floor":15.0,"key":"SMITH"}],"neow_cost":"CURSE","seed_source_timestamp":11894547597157,"circlet_count":0,"master_deck":["AscendersBane","Strike_B","Strike_B","Defend_B","Defend_B","Defend_B","Defend_B","Zap","Dualcast+1","Recycle","Defragment+1","Cold Snap","Recycle","Coolheaded","Blizzard+1"],"special_seed":0,"relics":["Cracked Core","Golden Idol","Regal Pillow","Pantograph"],"potions_floor_usage":[16],"damage_taken":[{"damage":3.0,"enemies":"Small Slimes","floor":1.0,"turns":3.0},{"damage":7.0,"enemies":"2 Louse","floor":7.0,"turns":3.0},{"damage":5.0,"enemies":"Jaw Worm","floor":10.0,"turns":2.0},{"damage":24.0,"enemies":"Exordium Thugs","floor":12.0,"turns":6.0},{"damage":32,"enemies":"Slime Boss","floor":16,"turns":5}],"seed_played":"-5845587954586700049","potions_obtained":[{"floor":1.0,"key":"Dexterity Potion"},{"floor":12.0,"key":"Swift Potion"}],"is_trial":false,"path_per_floor":["M","?","$","?","?","R","M","R","T","M","T","M","?","$","R","B"],"character_chosen":"DEFECT","items_purchased":["Defragment","Cold Snap","Coolheaded","Blizzard"],"campfire_rested":0,"item_purchase_floors":[3,3,14,14],"current_hp_per_floor":[61,54,54,43,43,43,36,36,36,31,31,7,7,7,7,0],"gold":37,"neow_bonus":"TWO_FIFTY_GOLD","is_prod":false,"is_daily":false,"chose_seed":false,"campfire_upgraded":3,"win_rate":0,"timestamp":1550994183,"path_taken":["M","?","$","?","?","R","?","R","T","M","?","M","?","?","R","BOSS"],"build_version":"2019-01-23","purchased_purges":2,"victory":false,"max_hp_per_floor":[71,71,71,71,64,64,64,64,64,64,64,64,64,64,64,64],"card_choices":[{"not_picked":["Cold Snap","Compile Driver"],"picked":"Recycle","floor":1.0},{"not_picked":["Darkness","Streamline"],"picked":"Recycle","floor":7.0},{"not_picked":["Steam Power","Gash","Compile Driver"],"picked":"SKIP","floor":10.0},{"not_picked":["Rip and Tear","Sweeping Beam","Streamline"],"picked":"SKIP","floor":12.0}],"player_experience":3093785,"relics_obtained":[{"floor":9.0,"key":"Regal Pillow"},{"floor":11.0,"key":"Pantograph"}],"event_choices":[{"cards_removed":["Injury"],"damage_healed":0.0,"max_hp_gain":0.0,"max_hp_loss":0.0,"gold_gain":0.0,"event_name":"Golden Wing","player_choice":"Card Removal","floor":2.0,"gold_loss":0.0,"damage_taken":7.0},{"damage_healed":0.0,"max_hp_gain":0.0,"max_hp_loss":0.0,"gold_gain":75.0,"event_name":"World of Goop","player_choice":"Gather Gold","floor":4.0,"gold_loss":0.0,"damage_taken":11.0},{"damage_healed":0.0,"max_hp_gain":0.0,"max_hp_loss":7.0,"gold_gain":0.0,"event_name":"Golden Idol","player_choice":"Lose Max HP","floor":5.0,"gold_loss":0.0,"damage_taken":0.0,"relics_obtained":["Golden Idol"]},{"damage_healed":0.0,"max_hp_gain":0.0,"max_hp_loss":0.0,"gold_gain":0.0,"event_name":"Shining Light","player_choice":"Ignored","floor":13.0,"gold_loss":0.0,"damage_taken":0.0}],"is_beta":false,"boss_relics":[],"items_purged_floors":[3,14],"is_endless":false,"potions_floor_spawned":[1,12],"killed_by":"Slime Boss","ascension_level":20}