{"gold_per_floor":[368,348,360,7,22,22,55,55,55,90,107,135,147,164,164,242,242,258,270,295,55,55,84,94,94,94,94,112,145,55,55,55,133,133,150,150,250,250,250,276,276,276,299,326,342,368,378,167,167,167,167],"floor_reached":51,"playtime":1542,"items_purged":[],"score":1607,"play_id":"7d10acfb-6b60-49d0-bbe2-63b077375315","local_time":"20190607094805","is_ascension_mode":true,"campfire_choices":[{"data":"Apotheosis","floor":6.0,"key":"SMITH"},{"data":"Heatsinks","floor":8.0,"key":"SMITH"},{"floor":15.0,"key":"REST"},{"data":"Defragment","floor":25.0,"key":"SMITH"},{"floor":32.0,"key":"RECALL"},{"data":"Defragment","floor":42.0,"key":"SMITH"},{"floor":49.0,"key":"REST"}],"neow_cost":"PERCENT_DAMAGE","seed_source_timestamp":75273598173354,"circlet_count":0,"master_deck":["AscendersBane","Zap","Dualcast","Apotheosis+1","Turbo","Heatsinks+1","Redo","Coolheaded","Cold Snap","Core Surge","Turbo+1","Tempest+1","Electrodynamics","Thunder Strike","Tempest+1","Turbo+1","Tempest+1","Self Repair","Scrape","Go for the Eyes","Force Field+1","Coolheaded+1","Defragment+1","Coolheaded+1","Hologram+1","Defragment+1","Glacier+1","Glacier+1","Panacea+1","Amplify+1","Electrodynamics+1","Beam Cell+1","Defragment+1","Tempest+1","Discovery+1","Stack+1","Glacier+1","Skim+1","Reinforced Body+1"],"special_seed":0,"relics":["Cracked Core","Bag of Preparation","Toxic Egg 2","Blue Candle","Lantern","Pandora\u0027s Box","Orichalcum","DataDisk","Juzu Bracelet","Symbiotic Virus","Blood Vial","Astrolabe","Mango","Boot","Omamori","Sundial","Ice Cream","OrangePellets"],"potions_floor_usage":[],"damage_taken":[{"damage":4.0,"enemies":"Jaw Worm","floor":1.0,"turns":4.0},{"damage":0.0,"enemies":"Cultist","floor":3.0,"turns":3.0},{"damage":0.0,"enemies":"Small Slimes","floor":5.0,"turns":3.0},{"damage":7.0,"enemies":"Gremlin Nob","floor":7.0,"turns":3.0},{"damage":16.0,"enemies":"3 Sentries","floor":10.0,"turns":6.0},{"damage":5.0,"enemies":"Gremlin Gang","floor":11.0,"turns":4.0},{"damage":5.0,"enemies":"Lagavulin","floor":12.0,"turns":5.0},{"damage":4.0,"enemies":"Large Slime","floor":13.0,"turns":6.0},{"damage":1.0,"enemies":"Blue Slaver","floor":14.0,"turns":3.0},{"damage":23.0,"enemies":"Hexaghost","floor":16.0,"turns":8.0},{"damage":9.0,"enemies":"Spheric Guardian","floor":18.0,"turns":3.0},{"damage":20.0,"enemies":"2 Thieves","floor":19.0,"turns":3.0},{"damage":38.0,"enemies":"Slavers","floor":23.0,"turns":3.0},{"damage":0.0,"enemies":"Centurion and Healer","floor":24.0,"turns":3.0},{"damage":0.0,"enemies":"Cultist and Chosen","floor":28.0,"turns":2.0},{"damage":0.0,"enemies":"Gremlin Leader","floor":29.0,"turns":5.0},{"damage":1.0,"enemies":"Collector","floor":33.0,"turns":10.0},{"damage":0.0,"enemies":"3 Shapes","floor":35.0,"turns":2.0},{"damage":0.0,"enemies":"Mind Bloom Boss Battle","floor":37.0,"turns":2.0},{"damage":10.0,"enemies":"Giant Head","floor":40.0,"turns":5.0},{"damage":7.0,"enemies":"Reptomancer","floor":44.0,"turns":5.0},{"damage":0.0,"enemies":"3 Darklings","floor":45.0,"turns":1.0},{"damage":24.0,"enemies":"Nemesis","floor":46.0,"turns":3.0},{"damage":7.0,"enemies":"Transient","floor":47.0,"turns":6.0},{"damage":34,"enemies":"Donu and Deca","floor":50,"turns":4},{"damage":61,"enemies":"Awakened One","floor":51,"turns":6}],"seed_played":"-162400510762764502","potions_obtained":[{"floor":1.0,"key":"GamblersBrew"},{"floor":2.0,"key":"Fire Potion"},{"floor":10.0,"key":"Swift Potion"},{"floor":11.0,"key":"Weak Potion"},{"floor":12.0,"key":"Poison Potion"},{"floor":18.0,"key":"EssenceOfSteel"},{"floor":19.0,"key":"EssenceOfSteel"},{"floor":35.0,"key":"Strength Potion"},{"floor":45.0,"key":"FocusPotion"}],"is_trial":false,"path_per_floor":["M","?","M","$","M","R","E","R","T","E","M","E","M","M","R","B",null,"M","M","T","$","?","E","M","R","T","?","M","E","$","?","R","B",null,"M","?","?","T","?","E","?","R","T","E","M","E","M","$","R","B","B"],"character_chosen":"DEFECT","items_purchased":["Apotheosis","Turbo","Heatsinks","Redo","DataDisk","Defragment","Panacea+1","OrangePellets"],"campfire_rested":2,"item_purchase_floors":[4,4,4,4,21,21,30,48],"current_hp_per_floor":[42,42,42,42,42,42,35,35,35,19,14,9,5,4,25,2,54,55,42,42,42,42,11,21,21,21,71,71,71,71,71,71,71,71,71,71,85,85,81,81,81,81,81,81,81,67,62,62,81,47,0],"gold":167,"neow_bonus":"TWO_FIFTY_GOLD","is_prod":false,"is_daily":false,"chose_seed":false,"campfire_upgraded":4,"win_rate":0,"timestamp":1559868485,"path_taken":["M","?","M","$","M","R","E","R","T","E","M","E","M","M","R","BOSS","M","M","?","$","?","E","M","R","T","?","M","E","$","?","R","BOSS","M","?","?","?","?","E","?","R","T","E","M","E","M","$","R","BOSS","BOSS"],"build_version":"2019-01-23","purchased_purges":0,"victory":false,"max_hp_per_floor":[71,71,71,71,71,71,71,71,71,71,71,71,71,71,71,71,71,71,71,71,71,71,71,71,71,71,71,71,71,71,71,71,71,71,71,71,85,85,81,81,81,81,81,81,81,81,81,81,81,81,81],"card_choices":[{"not_picked":["Steam Power","Leap"],"picked":"Hologram","floor":1.0},{"not_picked":["Steam","Reinforced Body"],"picked":"Darkness","floor":3.0},{"not_picked":["Static Discharge","Barrage"],"picked":"Coolheaded","floor":5.0},{"not_picked":["Barrage","Rebound"],"picked":"Cold Snap","floor":7.0},{"not_picked":["Beam Cell","Cold Snap"],"picked":"Core Surge","floor":10.0},{"not_picked":["Beam Cell","Streamline"],"picked":"Darkness+1","floor":11.0},{"not_picked":["Go for the Eyes","BootSequence+1"],"picked":"Turbo+1","floor":12.0},{"not_picked":["Gash","Hello World","Chill+1"],"picked":"SKIP","floor":13.0},{"not_picked":["Leap+1","Go for the Eyes"],"picked":"Tempest+1","floor":14.0},{"not_picked":["Reboot+1","Multi-Cast+1"],"picked":"Electrodynamics","floor":16.0},{"not_picked":["Barrage","Force Field+1","Rip and Tear+1"],"picked":"SKIP","floor":18.0},{"not_picked":["Barrage","Rip and Tear+1"],"picked":"Force Field+1","floor":18.0},{"not_picked":["Ball Lightning","Rebound"],"picked":"Coolheaded+1","floor":19.0},{"not_picked":["Redo+1","Cold Snap"],"picked":"Hologram+1","floor":23.0},{"not_picked":["Static Discharge","Sweeping Beam"],"picked":"Defragment","floor":24.0},{"not_picked":["Sweeping Beam","Leap+1"],"picked":"Glacier+1","floor":28.0},{"not_picked":["Sunder","Sweeping Beam+1"],"picked":"Glacier+1","floor":29.0},{"not_picked":["Rainbow+1","Seek+1"],"picked":"Amplify+1","floor":33.0},{"not_picked":["Beam Cell","Chill+1"],"picked":"Tempest+1","floor":35.0},{"not_picked":["Blind+1","Mayhem"],"picked":"Discovery+1","floor":36.0},{"not_picked":["Chill+1","Go for the Eyes"],"picked":"Stack+1","floor":37.0},{"not_picked":["Rebound","Hello World","Beam Cell"],"picked":"SKIP","floor":40.0},{"not_picked":["Genetic Algorithm+1","Ball Lightning"],"picked":"Glacier+1","floor":44.0},{"not_picked":["Genetic Algorithm+1","Barrage","Compile Driver"],"picked":"SKIP","floor":45.0},{"not_picked":["Cold Snap","Leap+1"],"picked":"Skim+1","floor":46.0},{"not_picked":["Leap+1","Cold Snap"],"picked":"Reinforced Body+1","floor":47.0}],"player_experience":562092,"relics_obtained":[{"floor":7.0,"key":"Bag of Preparation"},{"floor":9.0,"key":"Toxic Egg 2"},{"floor":10.0,"key":"Blue Candle"},{"floor":12.0,"key":"Lantern"},{"floor":20.0,"key":"Orichalcum"},{"floor":23.0,"key":"Juzu Bracelet"},{"floor":26.0,"key":"Symbiotic Virus"},{"floor":29.0,"key":"Blood Vial"},{"floor":37.0,"key":"Mango"},{"floor":40.0,"key":"Boot"},{"floor":43.0,"key":"Omamori"},{"floor":44.0,"key":"Sundial"},{"floor":46.0,"key":"Ice Cream"}],"event_choices":[{"damage_healed":0.0,"max_hp_gain":0.0,"max_hp_loss":0.0,"gold_gain":0.0,"event_name":"The Woman in Blue","player_choice":"Bought 1 Potion","floor":2.0,"gold_loss":0.0,"damage_taken":0.0},{"damage_healed":0.0,"max_hp_gain":0.0,"max_hp_loss":0.0,"gold_gain":0.0,"event_name":"Duplicator","player_choice":"Copied","floor":22.0,"gold_loss":0.0,"damage_taken":0.0,"cards_obtained":["Coolheaded"]},{"cards_removed":["Darkness"],"damage_healed":50.0,"max_hp_gain":0.0,"max_hp_loss":0.0,"gold_gain":0.0,"event_name":"Bonfire Elementals","player_choice":"Offered Uncommon","floor":27.0,"gold_loss":0.0,"damage_taken":0.0},{"damage_healed":0.0,"max_hp_gain":0.0,"max_hp_loss":0.0,"gold_gain":0.0,"event_name":"Vampires","player_choice":"Ignored","floor":31.0,"gold_loss":0.0,"damage_taken":0.0},{"damage_healed":0.0,"max_hp_gain":0.0,"max_hp_loss":0.0,"gold_gain":0.0,"event_name":"SensoryStone","player_choice":"Memory 1","floor":36.0,"gold_loss":0.0,"damage_taken":0.0},{"damage_healed":0.0,"max_hp_gain":0.0,"max_hp_loss":0.0,"gold_gain":0.0,"event_name":"MindBloom","player_choice":"Fight","floor":37.0,"gold_loss":0.0,"damage_taken":0.0},{"damage_healed":0.0,"max_hp_gain":0.0,"max_hp_loss":4.0,"gold_gain":0.0,"event_name":"Winding Halls","player_choice":"Max HP","floor":39.0,"gold_loss":0.0,"damage_taken":0.0},{"damage_healed":0.0,"max_hp_gain":0.0,"max_hp_loss":0.0,"gold_gain":0.0,"event_name":"Tomb of Lord Red Mask","player_choice":"Ignored","floor":41.0,"gold_loss":0.0,"damage_taken":0.0}],"is_beta":false,"boss_relics":[{"not_picked":["White Beast Statue","Inserter"],"picked":"Pandora\u0027s Box"},{"not_picked":["Snecko Eye","Cursed Key"],"picked":"Astrolabe"}],"items_purged_floors":[],"is_endless":false,"potions_floor_spawned":[1,10,11,12,14,18,19,23,35,45,47],"killed_by":"Awakened One","ascension_level":20}