{"gold_per_floor":[116,41,41,17,17,44,57,91,114,129,161,161],"floor_reached":12,"playtime":230,"items_purged":["Strike_B"],"score":242,"play_id":"1ce8a12f-0789-4767-80e0-485dd6465512","local_time":"20190118224834","is_ascension_mode":true,"campfire_choices":[],"neow_cost":"NONE","seed_source_timestamp":39338959461552,"circlet_count":0,"master_deck":["AscendersBane","Strike_B","Strike_B","Strike_B","Defend_B","Defend_B","Defend_B","Defend_B","Zap","Dualcast","Defragment","Cold Snap","Recycle","Hyperbeam","Loop"],"relics":["Cracked Core","NeowsBlessing","Art of War","The Courier","Bronze Scales","Juzu Bracelet","Strawberry","Peace Pipe"],"potions_floor_usage":[8,11],"damage_taken":[{"damage":0,"enemies":"Jaw Worm","floor":1,"turns":1},{"damage":0,"enemies":"Lagavulin","floor":6,"turns":1},{"damage":0,"enemies":"Cultist","floor":7,"turns":1},{"damage":32,"enemies":"Gremlin Nob","floor":8,"turns":4},{"damage":3,"enemies":"2 Louse","floor":10,"turns":2},{"damage":25,"enemies":"3 Sentries","floor":11,"turns":4},{"damage":3,"enemies":"Exordium Thugs","floor":12,"turns":2}],"seed_played":"4939159197960234334","potions_obtained":[{"floor":1,"key":"EssenceOfSteel"},{"floor":6,"key":"SteroidPotion"},{"floor":7,"key":"Energy Potion"}],"is_trial":false,"path_per_floor":["M","$","?","$","T","E","M","E","T","M","E","M"],"character_chosen":"DEFECT","items_purchased":["Cold Snap"],"campfire_rested":0,"item_purchase_floors":[4],"current_hp_per_floor":[64,64,64,64,64,64,64,32,39,36,11,8],"gold":161,"neow_bonus":"THREE_ENEMY_KILL","is_prod":false,"is_daily":false,"chose_seed":false,"campfire_upgraded":0,"win_rate":0,"timestamp":1547822914,"path_taken":["M","$","?","$","?","E","?","E","T","M","E","M"],"build_version":"2019-01-17","purchased_purges":1,"victory":false,"max_hp_per_floor":[71,71,71,71,71,71,71,71,78,78,78,78],"card_choices":[{"not_picked":["Leap","Steam"],"picked":"Defragment","floor":1},{"not_picked":["Reinforced Body","Coolheaded"],"picked":"Recycle","floor":6},{"not_picked":["Hologram","Stack"],"picked":"Hyperbeam","floor":7},{"not_picked":["BootSequence","Ball Lightning","Streamline"],"picked":"SKIP","floor":8},{"not_picked":["Rebound","Genetic Algorithm"],"picked":"Loop","floor":10},{"not_picked":["Auto Shields","Doom and Gloom","Barrage"],"picked":"SKIP","floor":11}],"player_experience":2018969,"relics_obtained":[{"floor":5,"key":"The Courier"},{"floor":6,"key":"Bronze Scales"},{"floor":8,"key":"Juzu Bracelet"},{"floor":9,"key":"Strawberry"},{"floor":11,"key":"Peace Pipe"}],"event_choices":[{"damage_healed":0,"gold_gain":0,"player_choice":"Gave Potion","damage_taken":0,"relics_obtained":["Art of War"],"max_hp_gain":0,"max_hp_loss":0,"event_name":"WeMeetAgain","floor":3,"gold_loss":0}],"is_beta":false,"boss_relics":[],"items_purged_floors":[2],"is_endless":false,"potions_floor_spawned":[1,6,7],"killed_by":"Exordium Thugs","ascension_level":20}