{"gold_per_floor":[368,368,382,399,57,57,67,99,125,157,157,173,173,16,16,88,88,101,101,121,121],"floor_reached":21,"playtime":887,"items_purged":["Doubt","Strike_R"],"score":378,"play_id":"ef795858-cde7-431e-a8a4-556092535c28","local_time":"20190408195128","is_ascension_mode":true,"campfire_choices":[{"data":"Discovery","floor":6.0,"key":"SMITH"},{"data":"Feel No Pain","floor":11.0,"key":"SMITH"},{"data":"Disarm","floor":13.0,"key":"SMITH"},{"data":"Armaments","floor":15.0,"key":"SMITH"}],"neow_cost":"CURSE","seed_source_timestamp":28302206063384,"circlet_count":0,"master_deck":["AscendersBane","Strike_R","Strike_R","Strike_R","Strike_R","Defend_R","Defend_R","Defend_R","Defend_R","Bash","Reckless Charge","Feel No Pain+1","Disarm+1","Discovery+1","Evolve","Warcry","Armaments+1","Fiend Fire","Berserk"],"special_seed":0,"relics":["Burning Blood","PreservedInsect","Ancient Tea Set","Potion Belt","Art of War","Cursed Key","MutagenicStrength"],"potions_floor_usage":[],"damage_taken":[{"damage":14.0,"enemies":"Jaw Worm","floor":1.0,"turns":4.0},{"damage":3.0,"enemies":"2 Louse","floor":3.0,"turns":3.0},{"damage":6.0,"enemies":"Cultist","floor":4.0,"turns":4.0},{"damage":14.0,"enemies":"Blue Slaver","floor":7.0,"turns":6.0},{"damage":5.0,"enemies":"Gremlin Nob","floor":8.0,"turns":3.0},{"damage":20.0,"enemies":"3 Sentries","floor":10.0,"turns":11.0},{"damage":9.0,"enemies":"2 Fungi Beasts","floor":12.0,"turns":5.0},{"damage":33.0,"enemies":"The Guardian","floor":16.0,"turns":13.0},{"damage":5.0,"enemies":"Shell Parasite","floor":18.0,"turns":9.0},{"damage":19,"enemies":"Spheric Guardian","floor":20,"turns":5},{"damage":15,"enemies":"Shelled Parasite and Fungi","floor":21,"turns":2}],"seed_played":"-6018612839143905477","potions_obtained":[{"floor":1.0,"key":"GamblersBrew"},{"floor":3.0,"key":"Poison Potion"},{"floor":12.0,"key":"FearPotion"},{"floor":16.0,"key":"SteroidPotion"}],"is_trial":false,"path_per_floor":["M","?","M","M","$","R","M","E","T","E","R","M","R","$","R","B",null,"M","?","M","M"],"character_chosen":"IRONCLAD","items_purchased":["PreservedInsect","Discovery","Armaments"],"campfire_rested":0,"item_purchase_floors":[5,5,14],"current_hp_per_floor":[60,65,68,68,68,68,60,61,61,47,47,44,44,44,44,17,64,65,65,52,37],"gold":121,"neow_bonus":"TWO_FIFTY_GOLD","is_prod":false,"is_daily":false,"chose_seed":false,"campfire_upgraded":4,"win_rate":0,"timestamp":1554724288,"path_taken":["M","?","M","M","$","R","M","E","T","E","R","M","R","$","R","BOSS","M","?","M","M"],"build_version":"2019-01-23","purchased_purges":2,"victory":false,"max_hp_per_floor":[75,80,80,80,80,80,80,80,80,80,80,80,80,80,80,80,80,80,80,80,80],"card_choices":[{"not_picked":["Havoc","Sever Soul"],"picked":"Reckless Charge","floor":1.0},{"not_picked":["Sentinel","Warcry"],"picked":"Feel No Pain","floor":3.0},{"not_picked":["Dropkick","Havoc"],"picked":"Disarm","floor":4.0},{"not_picked":["Combust","Anger","Wild Strike"],"picked":"SKIP","floor":7.0},{"not_picked":["Whirlwind","Thunderclap","Heavy Blade"],"picked":"SKIP","floor":8.0},{"not_picked":["Shrug It Off","Sentinel"],"picked":"Evolve","floor":10.0},{"not_picked":["Headbutt","Perfected Strike"],"picked":"Warcry","floor":12.0},{"not_picked":["Brutality","Demon Form"],"picked":"Fiend Fire","floor":16.0},{"not_picked":["Wild Strike","Armaments+1","Headbutt"],"picked":"SKIP","floor":18.0},{"not_picked":["Perfected Strike+1","Havoc"],"picked":"Berserk","floor":20}],"player_experience":4165223,"relics_obtained":[{"floor":8.0,"key":"Ancient Tea Set"},{"floor":9.0,"key":"Potion Belt"},{"floor":10.0,"key":"Art of War"}],"event_choices":[{"damage_healed":0.0,"max_hp_gain":5.0,"max_hp_loss":0.0,"gold_gain":0.0,"event_name":"Big Fish","player_choice":"Donut","floor":2.0,"gold_loss":0.0,"damage_taken":0.0},{"damage_healed":0,"gold_gain":0,"player_choice":"Inject Mutagens","damage_taken":0,"relics_obtained":["MutagenicStrength"],"max_hp_gain":0,"max_hp_loss":0,"event_name":"Drug Dealer","floor":19,"gold_loss":0}],"is_beta":false,"boss_relics":[{"not_picked":["Eternal Feather","Runic Dome"],"picked":"Cursed Key"}],"items_purged_floors":[5,14],"is_endless":false,"potions_floor_spawned":[1,3,12,16],"killed_by":"Shelled Parasite and Fungi","ascension_level":20}