{"gold_per_floor":[110,110,124,138,138,138,159,159,209,209,209,225,239,262,262,381,381,396,311,311,311,327,327,252,252,252,277,38,61,61,74,74,194,194,209,109,130,149,172,172,191,191,191,191,66,66,85,103,103,103],"floor_reached":51,"playtime":1859,"items_purged":["Strike_G","Strike_G"],"score":668,"play_id":"a7c3c0b0-9875-42ef-92fb-e4c94093e4c2","local_time":"20181024152343","is_ascension_mode":false,"campfire_choices":[{"data":"Catalyst","floor":6.0,"key":"SMITH"},{"data":"Poisoned Stab","floor":8.0,"key":"SMITH"},{"data":"Leg Sweep","floor":10.0,"key":"SMITH"},{"data":"Deadly Poison","floor":15.0,"key":"SMITH"},{"data":"Envenom","floor":23.0,"key":"SMITH"},{"data":"Well Laid Plans","floor":30.0,"key":"SMITH"},{"data":"Night Terror","floor":32.0,"key":"SMITH"},{"data":"Glass Knife","floor":40,"key":"SMITH"},{"floor":42,"key":"REST"},{"data":"Footwork","floor":44,"key":"SMITH"},{"data":"Catalyst","floor":49,"key":"SMITH"}],"neow_cost":"TEN_PERCENT_HP_LOSS","seed_source_timestamp":17660074520888,"circlet_count":0,"master_deck":["Defend_G","Defend_G","Defend_G","Survivor","Neutralize+1","Unload+1","Catalyst+1","Poisoned Stab+1","Leg Sweep+1","Deadly Poison+1","All Out Attack","Backstab","Venomology","Flying Knee+1","Well Laid Plans+1","Backflip+1","Sucker Punch+1","Envenom+1","Calculated Gamble","Night Terror+1","Well Laid Plans+1","Footwork+1","Glass Knife+1","Setup+1","Dodge and Roll","Parasite","Concentrate+1","Catalyst+1","PiercingWail","PiercingWail"],"special_seed":0,"relics":["Ring of the Snake","Golden Idol","Happy Flower","Astrolabe","Orichalcum","Letter Opener","Bottled Tornado","Runic Pyramid","Paper Crane"],"potions_floor_usage":[41,41,41,47,48,48,50,50,50,50],"damage_taken":[{"damage":0.0,"enemies":"Jaw Worm","floor":1.0,"turns":2.0},{"damage":0.0,"enemies":"2 Louse","floor":3.0,"turns":3.0},{"damage":0.0,"enemies":"Small Slimes","floor":4.0,"turns":2.0},{"damage":0.0,"enemies":"Looter","floor":7.0,"turns":3.0},{"damage":0.0,"enemies":"3 Louse","floor":12.0,"turns":3.0},{"damage":0.0,"enemies":"Gremlin Gang","floor":13.0,"turns":5.0},{"damage":0.0,"enemies":"Looter","floor":14.0,"turns":2.0},{"damage":42.0,"enemies":"Slime Boss","floor":16.0,"turns":12.0},{"damage":0.0,"enemies":"Spheric Guardian","floor":18.0,"turns":5.0},{"damage":1.0,"enemies":"2 Thieves","floor":22.0,"turns":4.0},{"damage":0.0,"enemies":"Colosseum Slavers","floor":25.0,"turns":5.0},{"damage":0.0,"enemies":"Centurion and Healer","floor":27.0,"turns":5.0},{"damage":14.0,"enemies":"Snake Plant","floor":29.0,"turns":4.0},{"damage":2.0,"enemies":"Chosen and Byrds","floor":31.0,"turns":4.0},{"damage":15.0,"enemies":"Champ","floor":33.0,"turns":4.0},{"damage":13.0,"enemies":"Orb Walker","floor":35.0,"turns":4.0},{"damage":18.0,"enemies":"3 Darklings","floor":37.0,"turns":6.0},{"damage":9.0,"enemies":"Sphere and 2 Shapes","floor":38.0,"turns":8.0},{"damage":9,"enemies":"Writhing Mass","floor":39,"turns":4},{"damage":12,"enemies":"Spire Growth","floor":41,"turns":5},{"damage":7,"enemies":"Sphere and 2 Shapes","floor":47,"turns":6},{"damage":0,"enemies":"Transient","floor":48,"turns":5},{"damage":59,"enemies":"Donu and Deca","floor":50,"turns":11}],"seed_played":"-9022954877641718037","potions_obtained":[{"floor":3.0,"key":"FearPotion"},{"floor":7.0,"key":"LiquidBronze"},{"floor":13.0,"key":"Swift Potion"},{"floor":18.0,"key":"SneckoOil"},{"floor":38.0,"key":"GamblersBrew"}],"is_trial":false,"path_per_floor":["M","?","M","M","?","R","M","R","T","R","?","M","M","M","R","B",null,"M","?","?","T","M","R","$","?","T","M","$","M","R","M","R","B",null,"M","$","M","M","M","R","M","R","T","R","$","?","M","M","R","B"],"character_chosen":"THE_SILENT","items_purchased":["Night Terror","Well Laid Plans","Catalyst","Weak Potion"],"campfire_rested":1,"item_purchase_floors":[28,28,45,45],"current_hp_per_floor":[63,50,50,50,50,50,50,50,50,50,50,50,50,50,50,8,58,58,58,58,58,57,57,57,57,57,57,57,43,43,41,41,26,58,45,45,42,47,38,38,26,43,43,43,43,43,36,45,45,1],"gold":103,"neow_bonus":"THREE_RARE_CARDS","is_prod":false,"is_daily":false,"chose_seed":false,"campfire_upgraded":10,"win_rate":0,"timestamp":1540365823,"path_taken":["M","?","M","M","?","R","M","R","T","R","?","M","?","M","R","BOSS","M","?","?","?","M","R","$","?","T","M","$","M","R","M","R","BOSS","M","$","M","M","M","R","M","R","T","R","$","?","M","M","R","BOSS"],"build_version":"2018-10-18","purchased_purges":2,"victory":true,"max_hp_per_floor":[63,63,63,63,58,58,58,58,58,58,58,58,58,58,58,58,58,58,58,58,58,58,58,58,58,58,58,58,58,58,58,58,58,58,58,58,58,58,58,58,58,58,58,58,58,58,58,58,58,58],"card_choices":[{"not_picked":["Doppelganger","Phantasmal Killer"],"picked":"Unload","floor":0.0},{"not_picked":["Cloak And Dagger","Sucker Punch","Slice"],"picked":"SKIP","floor":1.0},{"not_picked":["PiercingWail","Dagger Throw"],"picked":"Catalyst","floor":3.0},{"not_picked":["Flying Knee","Terror"],"picked":"Poisoned Stab","floor":4.0},{"not_picked":["Masterful Stab","Blade Dance"],"picked":"Leg Sweep","floor":7.0},{"not_picked":["Reflex","Infinite Blades"],"picked":"Deadly Poison","floor":12.0},{"not_picked":["Backflip","Expertise"],"picked":"All Out Attack","floor":13.0},{"not_picked":["Dodge and Roll","Underhanded Strike"],"picked":"Backstab","floor":14.0},{"not_picked":["Tools of the Trade","Envenom"],"picked":"Venomology","floor":16.0},{"not_picked":["Riddle With Holes","Acrobatics"],"picked":"Sucker Punch+1","floor":18.0},{"not_picked":["Poisoned Stab+1","Dagger Throw"],"picked":"Backstab+1","floor":22.0},{"not_picked":["Reflex","Dagger Spray","Masterful Stab"],"picked":"SKIP","floor":27.0},{"not_picked":["Backflip","Bouncing Flask"],"picked":"Footwork","floor":29.0},{"not_picked":["Underhanded Strike","Blade Dance","Phantasmal Killer"],"picked":"SKIP","floor":31.0},{"not_picked":["Venomology","Grand Finale"],"picked":"Glass Knife","floor":33.0},{"not_picked":["Cloak And Dagger+1","Skewer+1"],"picked":"Setup+1","floor":35.0},{"not_picked":["Expertise+1","Eviscerate","Blade Dance+1"],"picked":"SKIP","floor":37.0},{"not_picked":["All Out Attack","Deflect"],"picked":"Dodge and Roll","floor":38.0},{"not_picked":["Outmaneuver","Noxious Fumes"],"picked":"Concentrate+1","floor":39},{"not_picked":["Dagger Spray+1","Blade Dance+1","Dash"],"picked":"SKIP","floor":41},{"not_picked":["Dagger Spray+1","Blade Dance+1","Dash"],"picked":"SKIP","floor":41},{"not_picked":["Skewer+1","Dagger Throw"],"picked":"PiercingWail","floor":47},{"not_picked":["Blur+1","Slice+1"],"picked":"PiercingWail","floor":48}],"player_experience":601684,"relics_obtained":[{"floor":9.0,"key":"Happy Flower"},{"floor":21.0,"key":"Letter Opener"},{"floor":26.0,"key":"Bottled Tornado"},{"floor":43,"key":"Paper Crane"}],"event_choices":[{"damage_healed":0.0,"max_hp_gain":0.0,"max_hp_loss":0.0,"gold_gain":0.0,"event_name":"Shining Light","player_choice":"Entered Light","floor":2.0,"gold_loss":0.0,"damage_taken":13.0,"cards_upgraded":["Unload","Neutralize"]},{"damage_healed":0.0,"max_hp_gain":0.0,"max_hp_loss":5.0,"gold_gain":0.0,"event_name":"Golden Idol","player_choice":"Lose Max HP","floor":5.0,"gold_loss":0.0,"damage_taken":0.0,"relics_obtained":["Golden Idol"]},{"damage_healed":0.0,"max_hp_gain":0.0,"max_hp_loss":0.0,"gold_gain":0.0,"event_name":"Scrap Ooze","player_choice":"Fled","floor":11.0,"gold_loss":0.0,"damage_taken":0.0},{"damage_healed":0.0,"max_hp_gain":0.0,"max_hp_loss":0.0,"gold_gain":0.0,"event_name":"Addict","player_choice":"Obtained Relic","floor":19.0,"gold_loss":85.0,"damage_taken":0.0,"relics_obtained":["Orichalcum"]},{"damage_healed":0.0,"max_hp_gain":0.0,"max_hp_loss":0.0,"gold_gain":0.0,"cards_transformed":["Defend_G","Strike_G"],"event_name":"Drug Dealer","player_choice":"Became Test Subject","floor":20.0,"gold_loss":0.0,"damage_taken":0.0,"cards_obtained":["Envenom","Calculated Gamble"]},{"damage_healed":0.0,"max_hp_gain":0.0,"max_hp_loss":0.0,"gold_gain":0.0,"event_name":"Colosseum","player_choice":"Fight","floor":25.0,"gold_loss":0.0,"damage_taken":0.0},{"damage_healed":0.0,"max_hp_gain":0.0,"max_hp_loss":0.0,"gold_gain":0.0,"event_name":"Colosseum","player_choice":"Fled From Nobs","floor":25.0,"gold_loss":0.0,"damage_taken":0.0},{"cards_removed":["Backstab"],"damage_healed":0,"gold_gain":0,"player_choice":"Removed Attack","damage_taken":0,"max_hp_gain":0,"max_hp_loss":0,"event_name":"Falling","floor":46,"gold_loss":0}],"is_beta":false,"boss_relics":[{"not_picked":["Fusion Hammer","Eternal Feather"],"picked":"Astrolabe"},{"not_picked":["WristBlade","Velvet Choker"],"picked":"Runic Pyramid"}],"items_purged_floors":[24,36],"is_endless":false,"potions_floor_spawned":[3,7,13,18,31,37,38,39],"ascension_level":0}