{"gold_per_floor":[115,115,115,132,57,57,88,88,156,166,186,86,86,86],"floor_reached":14,"playtime":321,"items_purged":["Strike_G","Strike_G"],"score":176,"play_id":"da57497d-293f-451f-b5d3-75d7144560c1","local_time":"20190106194508","is_ascension_mode":true,"campfire_choices":[{"data":"Corpse Explosion","floor":6,"key":"SMITH"},{"data":"Neutralize","floor":8,"key":"SMITH"},{"data":"Footwork","floor":13,"key":"SMITH"}],"neow_cost":"PERCENT_DAMAGE","seed_source_timestamp":30111047043854,"circlet_count":0,"master_deck":["AscendersBane","Defend_G","Defend_G","Defend_G","Defend_G","Defend_G","Strike_G","Strike_G","Survivor","Neutralize+1","Corpse Explosion+1","Footwork","Doppelganger","Footwork+1"],"relics":["Ring of the Snake","Bag of Marbles","Blue Candle"],"potions_floor_usage":[],"damage_taken":[{"damage":9,"enemies":"Jaw Worm","floor":1,"turns":6},{"damage":2,"enemies":"Small Slimes","floor":4,"turns":5},{"damage":13,"enemies":"Lagavulin","floor":7,"turns":8},{"damage":1,"enemies":"Cultist","floor":10,"turns":4},{"damage":2,"enemies":"Red Slaver","floor":11,"turns":4},{"damage":0,"enemies":"Gremlin Nob","floor":14,"turns":2}],"seed_played":"-3123632251751787375","potions_obtained":[{"floor":1,"key":"LiquidBronze"}],"is_trial":false,"path_per_floor":["M","?","?","M","$","R","E","R","T","M","M","$","R","E"],"character_chosen":"THE_SILENT","items_purchased":[],"campfire_rested":0,"item_purchase_floors":[],"current_hp_per_floor":[35,40,40,38,38,38,25,25,25,24,22,22,22,22],"gold":86,"neow_bonus":"THREE_RARE_CARDS","is_prod":false,"is_daily":false,"chose_seed":false,"campfire_upgraded":3,"win_rate":0,"timestamp":1546775108,"path_taken":["M","?","?","M","$","R","E","R","T","M","?","$","R","E"],"build_version":"2019-01-03v4","purchased_purges":2,"victory":false,"max_hp_per_floor":[66,71,71,71,71,71,71,71,71,71,71,71,71,71],"card_choices":[{"not_picked":["Bullet Time","Wraith Form v2"],"picked":"Corpse Explosion","floor":0},{"not_picked":["Dagger Throw","Slice"],"picked":"Footwork","floor":1},{"not_picked":["Setup","Deflect","Eviscerate"],"picked":"SKIP","floor":4},{"not_picked":["Heel Hook","Flechettes","Endless Agony"],"picked":"SKIP","floor":7},{"not_picked":["Expertise","PiercingWail","Cloak And Dagger"],"picked":"SKIP","floor":10},{"not_picked":["Setup","Predator"],"picked":"Footwork","floor":11}],"player_experience":1791367,"relics_obtained":[{"floor":7,"key":"Bag of Marbles"},{"floor":9,"key":"Blue Candle"}],"event_choices":[{"damage_healed":0,"gold_gain":0,"player_choice":"Donut","damage_taken":0,"max_hp_gain":5,"max_hp_loss":0,"event_name":"Big Fish","floor":2,"gold_loss":0},{"damage_healed":0,"gold_gain":0,"cards_transformed":["Strike_G"],"player_choice":"Transformed","damage_taken":0,"max_hp_gain":0,"max_hp_loss":0,"event_name":"Transmorgrifier","floor":3,"gold_loss":0,"cards_obtained":["Doppelganger"]}],"is_beta":false,"boss_relics":[],"items_purged_floors":[5,12],"is_endless":false,"potions_floor_spawned":[1],"killed_by":"Gremlin Nob","ascension_level":20}