{"gold_per_floor":[118,2,18,18,38,38,48,48,73,73,84,84,101,26,26,104,104,118,18,18,18,0,0,0,0,0,0,19,19,32,32,32,109,109,129,139,14,28,28],"floor_reached":39,"playtime":1555,"items_purged":["Strike_B","Strike_B","Defend_B"],"score":938,"play_id":"55993a86-6fb6-48fa-a6e3-9b0345d9f201","local_time":"20190225165054","is_ascension_mode":true,"campfire_choices":[{"data":"Dualcast","floor":6.0,"key":"SMITH"},{"data":"White Noise","floor":8.0,"key":"SMITH"},{"data":"White Noise","floor":10.0,"key":"SMITH"},{"data":"Chaos","floor":12.0,"key":"SMITH"},{"data":"Zap","floor":15.0,"key":"SMITH"},{"data":"Fission","floor":23.0,"key":"SMITH"},{"data":"Undo","floor":25.0,"key":"SMITH"},{"data":"Echo Form","floor":29.0,"key":"SMITH"},{"floor":32.0,"key":"RECALL"}],"neow_cost":"NONE","seed_source_timestamp":14599442284192,"circlet_count":0,"master_deck":["AscendersBane","Defend_B","Defend_B","Defend_B","Zap+1","Dualcast+1","Machine Learning","Undo+1","White Noise+1","White Noise+1","Echo Form+1","Chaos+1","Ball Lightning","Fission+1","Undo+1","Loop+1","Cold Snap","Echo Form","Consume","Thunder Strike"],"special_seed":0,"relics":["FrozenCore","Boot","Lantern","Art of War","Runic Dome"],"potions_floor_usage":[38],"damage_taken":[{"damage":10.0,"enemies":"2 Louse","floor":1.0,"turns":2.0},{"damage":1.0,"enemies":"Cultist","floor":3.0,"turns":4.0},{"damage":2.0,"enemies":"Jaw Worm","floor":5.0,"turns":6.0},{"damage":3.0,"enemies":"Blue Slaver","floor":7.0,"turns":4.0},{"damage":8.0,"enemies":"2 Fungi Beasts","floor":11.0,"turns":5.0},{"damage":6.0,"enemies":"Looter","floor":13.0,"turns":3.0},{"damage":0.0,"enemies":"Slime Boss","floor":16.0,"turns":6.0},{"damage":4.0,"enemies":"Shell Parasite","floor":18.0,"turns":6.0},{"damage":0.0,"enemies":"2 Thieves","floor":22.0,"turns":5.0},{"damage":1.0,"enemies":"Snake Plant","floor":28.0,"turns":3.0},{"damage":0.0,"enemies":"Centurion and Healer","floor":30.0,"turns":5.0},{"damage":26.0,"enemies":"Colosseum Slavers","floor":31.0,"turns":4.0},{"damage":0.0,"enemies":"Champ","floor":33.0,"turns":8.0},{"damage":2.0,"enemies":"Orb Walker","floor":35.0,"turns":6.0},{"damage":11.0,"enemies":"3 Darklings","floor":36.0,"turns":5.0},{"damage":6,"enemies":"Sphere and 2 Shapes","floor":38,"turns":5}],"seed_played":"-6290393981985275787","potions_obtained":[{"floor":7.0,"key":"FocusPotion"},{"floor":11.0,"key":"FairyPotion"},{"floor":33.0,"key":"Energy Potion"}],"is_trial":false,"path_per_floor":["M","$","M","?","M","R","M","R","T","R","M","R","M","?","R","B",null,"M","$","?","?","M","R","?","R","T","$","M","R","M","?","R","B",null,"M","M","$","M","M"],"character_chosen":"DEFECT","items_purchased":["White Noise"],"campfire_rested":0,"item_purchase_floors":[2],"current_hp_per_floor":[54,54,53,53,51,51,48,48,48,48,40,40,34,34,34,34,62,58,58,38,38,38,38,38,38,38,38,37,37,37,11,11,11,60,58,47,47,41,0],"gold":28,"neow_bonus":"ONE_RANDOM_RARE_CARD","is_prod":false,"is_daily":false,"chose_seed":false,"campfire_upgraded":8,"win_rate":0,"timestamp":1551084654,"path_taken":["M","$","M","?","M","R","M","R","T","R","?","R","M","?","R","BOSS","M","$","?","?","M","R","?","R","T","?","M","R","M","?","R","BOSS","M","M","$","M","M"],"build_version":"2019-01-23","purchased_purges":3,"victory":false,"max_hp_per_floor":[71,71,71,71,71,71,71,71,71,71,71,71,71,71,71,71,71,71,71,76,76,76,76,76,76,76,76,76,76,76,76,76,76,76,76,76,76,76,76],"card_choices":[{"not_picked":["Streamline","Steam Power"],"picked":"Undo","floor":1.0},{"not_picked":["Gash","Streamline"],"picked":"Ball Lightning","floor":3.0},{"not_picked":["Beam Cell","Cold Snap"],"picked":"White Noise","floor":5.0},{"not_picked":["Barrage","Compile Driver"],"picked":"Echo Form","floor":7.0},{"not_picked":["Ball Lightning","Streamline"],"picked":"Chaos","floor":11.0},{"not_picked":["Turbo","Force Field"],"picked":"Ball Lightning","floor":13.0},{"not_picked":["Thunder Strike","Hyperbeam"],"picked":"Fission","floor":16.0},{"not_picked":["Coolheaded","Redo"],"picked":"Undo+1","floor":18.0},{"not_picked":["Cold Snap+1","Steam"],"picked":"Loop+1","floor":22.0},{"not_picked":["Stack","Gash"],"picked":"Cold Snap","floor":28.0},{"not_picked":["Darkness","Force Field","Gash+1"],"picked":"SKIP","floor":30.0},{"not_picked":["Buffer","Multi-Cast"],"picked":"Echo Form","floor":33.0},{"not_picked":["Cold Snap+1","Streamline","Hello World+1"],"picked":"SKIP","floor":35.0},{"not_picked":["Compile Driver","Lockon"],"picked":"Consume","floor":36.0},{"not_picked":["Streamline+1","Stack"],"picked":"Thunder Strike","floor":38}],"player_experience":3129131,"relics_obtained":[{"floor":9.0,"key":"Lantern"},{"floor":26.0,"key":"Art of War"}],"event_choices":[{"cards_removed":["Ball Lightning"],"damage_healed":0.0,"max_hp_gain":0.0,"max_hp_loss":0.0,"gold_gain":0.0,"event_name":"WeMeetAgain","player_choice":"Gave Card","floor":4.0,"gold_loss":0.0,"damage_taken":0.0,"relics_obtained":["Boot"]},{"cards_removed":["Strike_B"],"damage_healed":0.0,"max_hp_gain":0.0,"max_hp_loss":0.0,"gold_gain":0.0,"event_name":"The Cleric","player_choice":"Card Removal","floor":14.0,"gold_loss":75.0,"damage_taken":0.0},{"damage_healed":0.0,"max_hp_gain":5.0,"max_hp_loss":0.0,"gold_gain":0.0,"event_name":"Forgotten Altar","player_choice":"Shed Blood","floor":20.0,"gold_loss":0.0,"damage_taken":25.0},{"damage_healed":0.0,"max_hp_gain":0.0,"max_hp_loss":0.0,"gold_gain":0.0,"event_name":"Beggar","player_choice":"Ignored","floor":21.0,"gold_loss":0.0,"damage_taken":0.0},{"cards_removed":["Strike_B"],"damage_healed":0.0,"max_hp_gain":0.0,"max_hp_loss":0.0,"gold_gain":0.0,"event_name":"Back to Basics","player_choice":"Elegance","floor":24.0,"gold_loss":0.0,"damage_taken":0.0},{"damage_healed":0.0,"max_hp_gain":0.0,"max_hp_loss":0.0,"gold_gain":0.0,"event_name":"Colosseum","player_choice":"Fight","floor":31.0,"gold_loss":0.0,"damage_taken":0.0},{"damage_healed":0.0,"max_hp_gain":0.0,"max_hp_loss":0.0,"gold_gain":0.0,"event_name":"Colosseum","player_choice":"Fled From Nobs","floor":31.0,"gold_loss":0.0,"damage_taken":0.0}],"is_beta":false,"boss_relics":[{"not_picked":["Calling Bell","Pandora\u0027s Box"],"picked":"FrozenCore"},{"not_picked":["Fusion Hammer","White Beast Statue"],"picked":"Runic Dome"}],"items_purged_floors":[2,19,37],"is_endless":false,"potions_floor_spawned":[7,11,13,16,28,31,33,35,36],"killed_by":"4 Shapes","ascension_level":20}