{"path_per_floor":["M","$","?","M","M","R","E","R","T","M","M","E","?","M","R","B",null,"M","?","M","M"],"character_chosen":"THE_SILENT","items_purchased":["Noxious Fumes"],"gold_per_floor":[118,7,7,24,41,41,71,71,118,134,153,181,131,142,142,244,244,264,264,276,294],"floor_reached":22,"campfire_rested":2,"playtime":1520,"current_hp_per_floor":[69,69,62,62,54,70,52,52,52,47,47,34,34,32,53,33,70,57,57,47,36],"items_purged":["Defend_G"],"gold":294,"score":198,"play_id":"613d9e9d-3748-4049-a7b5-d491508474e2","local_time":"20180312012655","is_prod":false,"is_daily":false,"is_ascension_mode":false,"campfire_upgraded":1,"timestamp":1520814415,"path_taken":["M","$","?","?","M","R","E","R","T","M","M","E","?","M","R","BOSS","M","?","M","M","?"],"build_version":"2018-03-09","purchased_purges":1,"victory":false,"master_deck":["Defend_G","Strike_G","Strike_G","Strike_G","Survivor","Neutralize+1","Deadly Poison","Noxious Fumes","Outmaneuver","Flying Knee","After Image","Heel Hook","Die Die Die","Backstab","Phantasmal Killer","Riddle With Holes+1","Noxious Fumes+1","Tactician+1","Calculated Gamble+1","PiercingWail","Prepared"],"max_hp_per_floor":[70,70,70,70,70,70,70,70,70,70,70,70,70,70,70,70,70,70,70,70,70],"relics":["Ring of the Snake","Bottled Lightning","Lantern","Happy Flower","Astrolabe","Unceasing Top"],"card_choices":[{"not_picked":["Poisoned Stab","Bane"],"picked":"Deadly Poison"},{"not_picked":["Dagger Spray","Dagger Throw"],"picked":"Outmaneuver"},{"not_picked":["Choke","Dodge and Roll"],"picked":"Flying Knee"},{"not_picked":["Deflect","Reflex"],"picked":"After Image"},{"not_picked":["PiercingWail","Cloak And Dagger"],"picked":"Heel Hook"},{"not_picked":["Reflex","Deflect"],"picked":"Die Die Die"},{"not_picked":["Underhanded Strike","Outmaneuver"],"picked":"Backstab"},{"not_picked":["After Image","Wraith Form"],"picked":"Phantasmal Killer"},{"not_picked":["Infinite Blades","Deadly Poison"],"picked":"Calculated Gamble"},{"not_picked":["Outmaneuver","Underhanded Strike"],"picked":"PiercingWail"},{"not_picked":["Dodge and Roll","Dagger Throw"],"picked":"Prepared"}],"player_experience":131540,"potions_floor_usage":[12,16,22,22],"damage_taken":[{"damage":1,"enemies":"2 Louse","floor":1,"turns":3},{"damage":0,"enemies":"Small Slimes","floor":4,"turns":3},{"damage":8,"enemies":"Cultist","floor":5,"turns":5},{"damage":18,"enemies":"Lagavulin","floor":7,"turns":6},{"damage":5,"enemies":"Exordium Wildlife","floor":10,"turns":5},{"damage":0,"enemies":"3 Louse","floor":11,"turns":4},{"damage":13,"enemies":"3 Sentries","floor":12,"turns":6},{"damage":2,"enemies":"Looter","floor":14,"turns":3},{"damage":20,"enemies":"Hexaghost","floor":16,"turns":10},{"damage":13,"enemies":"2 Thieves","floor":18,"turns":3},{"damage":10,"enemies":"Shell Parasite","floor":20,"turns":4},{"damage":11,"enemies":"Centurion and Healer","floor":21,"turns":5},{"damage":13,"enemies":"Snake Plant","floor":22,"turns":4}],"event_choices":[{"event_name":"Golden Wing","player_choice":"Card Removal","floor":3,"damage_taken":0},{"event_name":"The Cleric","player_choice":"Card Removal","floor":13,"damage_taken":0},{"event_name":"The Mausoleum","player_choice":"Yes","floor":19,"damage_taken":0}],"boss_relics":[{"not_picked":["Runic Dome","Ectoplasm"],"picked":"Astrolabe"}],"potions_floor_spawned":[5,10,11,12,14,18,21],"seed_played":"-6890640614859155093","killed_by":"Snake Plant","ascension_level":0,"is_trial":false}