{"gold_per_floor":[116,116,116,46,46,46,81,95,95,95,107,26,101,114,114,114],"floor_reached":16,"playtime":278,"items_purged":[],"score":185,"play_id":"63bea9f6-f54b-439b-9332-7e48af5f38f8","local_time":"20180921224109","is_ascension_mode":true,"campfire_choices":[{"data":"Feel No Pain","floor":6,"key":"SMITH"},{"data":"Bash","floor":10,"key":"SMITH"},{"data":"Inflame","floor":15,"key":"SMITH"}],"neow_cost":"NONE","seed_source_timestamp":36712756311509,"circlet_count":0,"master_deck":["Strike_R","Strike_R","Strike_R","Strike_R","Strike_R+1","Defend_R","Defend_R+1","Defend_R","Defend_R","Bash+1","AscendersBane","Feel No Pain+1","Dual Wield","Inflame+1","Flame Barrier"],"special_seed":0,"relics":["Burning Blood","NeowsBlessing","Pear","Paper Frog","Bottled Flame"],"potions_floor_usage":[],"damage_taken":[{"damage":0,"enemies":"Jaw Worm","floor":1,"turns":1},{"damage":0,"enemies":"Gremlin Nob","floor":7,"turns":1},{"damage":0,"enemies":"Small Slimes","floor":8,"turns":1},{"damage":1,"enemies":"Cultist","floor":11,"turns":3},{"damage":13,"enemies":"2 Fungi Beasts","floor":14,"turns":4},{"damage":71,"enemies":"Hexaghost","floor":16,"turns":10}],"seed_played":"-8129870637826941168","potions_obtained":[{"floor":1,"key":"Explosive Potion"},{"floor":11,"key":"Regen Potion"}],"is_trial":false,"path_per_floor":["M","?","?","$","$","R","E","M","T","R","M","$","?","M","R"],"character_chosen":"IRONCLAD","items_purchased":["Feel No Pain","Inflame"],"campfire_rested":0,"item_purchase_floors":[4,12],"current_hp_per_floor":[78,62,72,72,72,72,78,84,84,84,89,89,78,71,71,0],"gold":114,"neow_bonus":"THREE_ENEMY_KILL","is_prod":false,"is_daily":false,"chose_seed":false,"campfire_upgraded":3,"win_rate":0,"timestamp":1537540869,"path_taken":["M","?","?","?","$","R","E","?","T","R","M","$","?","?","R","BOSS"],"build_version":"2018-09-20","purchased_purges":0,"victory":false,"max_hp_per_floor":[80,80,90,90,90,90,90,90,90,90,90,90,90,90,90,90],"card_choices":[{"not_picked":["Rampage","True Grit","Pommel Strike"],"picked":"SKIP","floor":1},{"not_picked":["Bloodletting","Pommel Strike","Rupture"],"picked":"SKIP","floor":7},{"not_picked":["Iron Wave","Warcry","Headbutt"],"picked":"SKIP","floor":8},{"not_picked":["Anger","Intimidate"],"picked":"Dual Wield","floor":11},{"not_picked":["Sever Soul","Havoc"],"picked":"Flame Barrier","floor":14}],"player_experience":76066,"relics_obtained":[{"floor":7,"key":"Paper Frog"},{"floor":9,"key":"Bottled Flame"}],"event_choices":[{"event_name":"Shining Light","player_choice":"Entered Light","floor":2,"damage_taken":0},{"event_name":"WeMeetAgain","player_choice":"Potion","floor":3,"damage_taken":0},{"event_name":"World of Goop","player_choice":"Gather Gold","floor":13,"damage_taken":0}],"is_beta":false,"boss_relics":[],"items_purged_floors":[],"is_endless":false,"potions_floor_spawned":[1,11],"killed_by":"Hexaghost","ascension_level":10}