{"gold_per_floor":[117,133,149,159,109,109,109,127,150,7,7,25,25,56,56,153,153,168,168,18,30,47,47,47,61,61,61,81,99,110,143,143,248,248,260,135,135,135,135,170,170,189,189,289,289,299,312,329,329,329],"floor_reached":51,"playtime":1121,"items_purged":["Strike_R","Strike_R","Strike_R"],"score":851,"play_id":"e2a3b34e-3e61-4b76-8ae0-d909e2b6aa0c","local_time":"20181009003306","is_ascension_mode":false,"campfire_choices":[{"data":"Uppercut","floor":7.0,"key":"SMITH"},{"data":"Shockwave","floor":11.0,"key":"SMITH"},{"data":"Immolate","floor":13.0,"key":"SMITH"},{"data":"Juggernaut","floor":15.0,"key":"SMITH"},{"data":"Bludgeon","floor":23.0,"key":"SMITH"},{"data":"Evolve","floor":27.0,"key":"SMITH"},{"data":"Shrug It Off","floor":32.0,"key":"SMITH"},{"floor":41,"key":"REST"},{"data":"Sever Soul","floor":45,"key":"SMITH"},{"floor":49,"key":"REST"}],"neow_cost":"NONE","seed_source_timestamp":556344831658266,"circlet_count":0,"master_deck":["Defend_R","Defend_R","Defend_R","Defend_R","Bash","Uppercut+1","Shockwave+1","Immolate+1","Evolve+1","Juggernaut+1","Bludgeon+1","Feel No Pain","Shrug It Off+1","Sever Soul+1","Dual Wield+1","Offering"],"special_seed":0,"relics":["Snecko Eye"],"potions_floor_usage":[48,50,50,50],"damage_taken":[{"damage":6.0,"enemies":"Cultist","floor":1.0,"turns":3.0},{"damage":6.0,"enemies":"Jaw Worm","floor":2.0,"turns":2.0},{"damage":5.0,"enemies":"2 Louse","floor":3.0,"turns":2.0},{"damage":2.0,"enemies":"Looter","floor":4.0,"turns":3.0},{"damage":1.0,"enemies":"Exordium Wildlife","floor":8.0,"turns":3.0},{"damage":0.0,"enemies":"Gremlin Gang","floor":12.0,"turns":1.0},{"damage":0.0,"enemies":"3 Sentries","floor":14.0,"turns":1.0},{"damage":21.0,"enemies":"Hexaghost","floor":16.0,"turns":6.0},{"damage":4.0,"enemies":"3 Byrds","floor":18.0,"turns":3.0},{"damage":5.0,"enemies":"Spheric Guardian","floor":21.0,"turns":3.0},{"damage":0.0,"enemies":"Snecko","floor":22.0,"turns":2.0},{"damage":12.0,"enemies":"3 Cultists","floor":25.0,"turns":4.0},{"damage":10.0,"enemies":"Centurion and Healer","floor":28.0,"turns":2.0},{"damage":0.0,"enemies":"Shelled Parasite and Fungi","floor":29.0,"turns":2.0},{"damage":0.0,"enemies":"Sentry and Sphere","floor":30.0,"turns":3.0},{"damage":0.0,"enemies":"Gremlin Leader","floor":31.0,"turns":4.0},{"damage":42.0,"enemies":"Collector","floor":33.0,"turns":4.0},{"damage":6.0,"enemies":"Orb Walker","floor":35.0,"turns":2.0},{"damage":16.0,"enemies":"Mind Bloom Boss Battle","floor":39.0,"turns":5.0},{"damage":15.0,"enemies":"2 Orb Walkers","floor":40.0,"turns":2.0},{"damage":0,"enemies":"Sphere and 2 Shapes","floor":42,"turns":1},{"damage":19,"enemies":"Spire Growth","floor":46,"turns":3},{"damage":6,"enemies":"4 Shapes","floor":47,"turns":1},{"damage":9,"enemies":"Maw","floor":48,"turns":4},{"damage":31,"enemies":"Donu and Deca","floor":50,"turns":5}],"seed_played":"4175590666868182247","potions_obtained":[{"floor":1.0,"key":"BloodPotion"},{"floor":4.0,"key":"AttackPotion"},{"floor":8.0,"key":"Weak Potion"},{"floor":12.0,"key":"Regen Potion"},{"floor":25.0,"key":"Block Potion"},{"floor":30.0,"key":"Dexterity Potion"},{"floor":46,"key":"Block Potion"},{"floor":47,"key":"SteroidPotion"},{"floor":48,"key":"Strength Potion"}],"is_trial":false,"path_per_floor":["M","M","M","M","?","?","R","M","T","$","R","M","R","E","R","B",null,"M","?","$","M","M","R","?","M","T","R","M","M","M","E","R","B",null,"M","$","?","?","M","E","R","M","T","?","R","M","M","M","R","B"],"character_chosen":"IRONCLAD","items_purchased":["Immolate","Shrug It Off"],"campfire_rested":2,"item_purchase_floors":[10,20],"current_hp_per_floor":[74,68,71,69,69,74,74,73,73,73,73,73,73,73,73,52,85,81,81,81,76,76,76,76,64,64,64,54,54,63,63,63,21,85,79,79,79,79,63,48,73,73,73,73,73,54,48,39,64,33],"gold":329,"neow_bonus":"BOSS_RELIC","is_prod":false,"is_daily":false,"chose_seed":false,"campfire_upgraded":8,"win_rate":0,"timestamp":1539016386,"path_taken":["M","?","?","M","?","?","R","?","T","$","R","?","R","E","R","BOSS","M","?","$","M","M","R","?","M","T","R","?","M","?","E","R","BOSS","M","$","?","?","?","E","R","M","T","?","R","M","M","M","R","BOSS"],"build_version":"2018-10-04v2","purchased_purges":3,"victory":true,"max_hp_per_floor":[80,80,80,80,80,85,85,85,85,85,85,85,85,85,85,85,85,85,85,85,85,85,85,85,85,85,85,85,85,85,85,85,85,85,85,85,85,85,85,85,85,85,85,85,85,85,85,85,85,85],"card_choices":[{"not_picked":["Infernal Blade","Wild Strike"],"picked":"Uppercut","floor":1.0},{"not_picked":["Combust","Blood for Blood","Body Slam"],"picked":"SKIP","floor":2.0},{"not_picked":["True Grit","Fire Breathing"],"picked":"Shockwave","floor":3.0},{"not_picked":["Pommel Strike","Warcry","Burning Pact"],"picked":"SKIP","floor":4.0},{"not_picked":["Sword Boomerang","Ghostly Armor","Flex"],"picked":"SKIP","floor":8.0},{"not_picked":["Wild Strike","Body Slam"],"picked":"Evolve","floor":12.0},{"not_picked":["True Grit","Shrug It Off"],"picked":"Juggernaut","floor":14.0},{"not_picked":["Barricade","Berserk"],"picked":"Bludgeon","floor":16.0},{"not_picked":["Bloodletting","Body Slam"],"picked":"Feel No Pain","floor":18.0},{"not_picked":["Perfected Strike+1","Sever Soul","Iron Wave"],"picked":"SKIP","floor":21.0},{"not_picked":["Perfected Strike+1","Iron Wave"],"picked":"Sever Soul","floor":21.0},{"not_picked":["Heavy Blade+1","Clash+1","Corruption"],"picked":"SKIP","floor":22.0},{"not_picked":["Warcry+1","Shrug It Off+1","Searing Blow"],"picked":"SKIP","floor":25.0},{"not_picked":["Body Slam+1","Sword Boomerang","Anger+1"],"picked":"SKIP","floor":28.0},{"not_picked":["Headbutt+1","Twin Strike"],"picked":"Dual Wield+1","floor":29.0},{"not_picked":["Hemokinesis","Havoc","Thunderclap+1"],"picked":"SKIP","floor":30.0},{"not_picked":["Twin Strike","Clothesline","Sentinel"],"picked":"SKIP","floor":31.0},{"not_picked":["Immolate","Juggernaut"],"picked":"Offering","floor":33.0},{"not_picked":["Cleave","Warcry","Shrug It Off+1"],"picked":"SKIP","floor":35.0},{"not_picked":["Heavy Blade","True Grit","Sentinel"],"picked":"SKIP","floor":39.0},{"not_picked":["Uppercut","Body Slam+1","Heavy Blade+1"],"picked":"SKIP","floor":40},{"not_picked":["Perfected Strike","Havoc+1","Warcry"],"picked":"SKIP","floor":42},{"not_picked":["Second Wind+1","Feel No Pain","Rupture+1"],"picked":"SKIP","floor":46},{"not_picked":["Evolve","Warcry+1","Heavy Blade"],"picked":"SKIP","floor":47},{"not_picked":["Havoc","Headbutt","Spot Weakness"],"picked":"SKIP","floor":48}],"player_experience":248985,"relics_obtained":[],"event_choices":[{"event_name":"The Cleric","player_choice":"Card Removal","floor":5.0,"damage_taken":0.0},{"event_name":"Big Fish","player_choice":"Donut","floor":6.0,"damage_taken":0.0},{"event_name":"Purifier","player_choice":"One Purge","floor":19.0,"damage_taken":0.0},{"event_name":"Ghosts","player_choice":"Ignored","floor":24.0,"damage_taken":0.0},{"event_name":"SensoryStone","player_choice":"Memory 1","floor":37.0,"damage_taken":0.0},{"event_name":"Mysterious Sphere","player_choice":"Ignore","floor":38.0,"damage_taken":0.0},{"event_name":"MindBloom","player_choice":"Fight","floor":39.0,"damage_taken":0.0},{"event_name":"Golden Shrine","player_choice":"Pray","floor":44,"damage_taken":0}],"is_beta":false,"boss_relics":[{"not_picked":["Black Star","Busted Crown","Ectoplasm"]},{"not_picked":["Tiny House","Mark of Pain","Coffee Dripper"]}],"items_purged_floors":[10,20,36],"is_endless":false,"potions_floor_spawned":[1,4,8,12,25,29,30,46,47,48],"ascension_level":0}