{"gold_per_floor":[111,135,158,170,197,209,254,266,278,290,16,16,28,63,63,137,137],"floor_reached":17,"playtime":455,"items_purged":[],"score":326,"play_id":"fcf055be-c510-4b2f-bdcb-64b3ad9a0d82","local_time":"20181204231157","is_ascension_mode":true,"campfire_choices":[{"floor":6.0,"key":"RECALL"},{"data":"Predator","floor":8.0,"key":"SMITH"},{"data":"Prepared","floor":12,"key":"SMITH"},{"data":"Deadly Poison","floor":15,"key":"SMITH"}],"neow_cost":"NONE","seed_source_timestamp":18244693912372,"circlet_count":0,"master_deck":["AscendersBane","Defend_G","Defend_G","Defend_G","Defend_G","Defend_G","Strike_G","Strike_G","Survivor","Neutralize","Acrobatics","Predator+1","Reflex","Prepared+1","Deadly Poison+1","Masterful Stab","Adrenaline","Venomology+1","Envenom+1","Setup+1"],"special_seed":0,"relics":["Coffee Dripper","MawBank","Tingsha","Meat on the Bone","Bronze Scales","Astrolabe"],"potions_floor_usage":[14,16],"damage_taken":[{"damage":0.0,"enemies":"Cultist","floor":1.0,"turns":5.0},{"damage":2.0,"enemies":"Small Slimes","floor":3.0,"turns":4.0},{"damage":0.0,"enemies":"Jaw Worm","floor":5.0,"turns":5.0},{"damage":37.0,"enemies":"3 Sentries","floor":7.0,"turns":14.0},{"damage":11,"enemies":"Exordium Thugs","floor":13,"turns":3},{"damage":24,"enemies":"Gremlin Nob","floor":14,"turns":4},{"damage":3,"enemies":"Hexaghost","floor":16,"turns":8}],"seed_played":"-161821934822061427","potions_obtained":[{"floor":1.0,"key":"Block Potion"},{"floor":3.0,"key":"SteroidPotion"}],"is_trial":false,"path_per_floor":["M","T","M","?","M","R","E","R","T","?","$","R","M","E","R","B",null],"character_chosen":"THE_SILENT","items_purchased":["Meat on the Bone"],"campfire_rested":0,"item_purchase_floors":[11],"current_hp_per_floor":[59,59,57,62,62,62,25,25,25,25,25,25,26,14,14,23,23],"gold":137,"neow_bonus":"BOSS_RELIC","is_prod":false,"is_daily":false,"chose_seed":false,"campfire_upgraded":3,"win_rate":0,"timestamp":1543936317,"path_taken":["M","?","M","?","M","R","E","R","T","?","$","R","M","E","R","BOSS"],"build_version":"2018-12-4","purchased_purges":0,"victory":false,"max_hp_per_floor":[66,66,66,71,71,71,71,71,71,71,71,71,71,71,71,71,71],"card_choices":[{"not_picked":["Noxious Fumes","PiercingWail"],"picked":"Acrobatics","floor":1.0},{"not_picked":["Cloak And Dagger","PiercingWail"],"picked":"Predator","floor":3.0},{"not_picked":["Crippling Poison","Infinite Blades"],"picked":"Reflex","floor":5.0},{"not_picked":["Expertise","After Image"],"picked":"Prepared","floor":7.0},{"not_picked":["Endless Agony","Footwork"],"picked":"Deadly Poison","floor":13},{"not_picked":["Leg Sweep","Dodge and Roll"],"picked":"Masterful Stab","floor":14},{"not_picked":["Phantasmal Killer","A Thousand Cuts"],"picked":"Adrenaline","floor":16}],"player_experience":1193759,"relics_obtained":[{"floor":2.0,"key":"MawBank"},{"floor":7.0,"key":"Tingsha"},{"floor":14,"key":"Bronze Scales"}],"event_choices":[{"damage_healed":0.0,"max_hp_gain":5.0,"max_hp_loss":0.0,"gold_gain":0.0,"event_name":"Big Fish","player_choice":"Donut","floor":4.0,"gold_loss":0.0,"damage_taken":0.0},{"damage_healed":0,"gold_gain":0,"player_choice":"Searched \u00270\u0027 times","damage_taken":0,"max_hp_gain":0,"max_hp_loss":0,"event_name":"Dead Adventurer","floor":10,"gold_loss":0}],"is_beta":true,"boss_relics":[{"not_picked":["Velvet Choker","Empty Cage"],"picked":"Astrolabe"}],"items_purged_floors":[],"is_endless":false,"potions_floor_spawned":[1,3,5,13],"ascension_level":20}