{"gold_per_floor":[115,40,55,67,80,80,5,5,5,5,5,54,79,117,129,212,224,255,267,279,96,96,96,115,115,167,197,72,87,121,136,136,210,210,222,322,336,46,46,46,57,57,138,153,153,153,188,201,201,201,201,201,201,6,36,36],"floor_reached":57,"playtime":2743,"items_purged":["Strike_G","Strike_G","Strike_G","Dagger Throw"],"score":3211,"play_id":"6eb3def3-3fe7-4b72-8146-cf724e766549","local_time":"20190514155931","is_ascension_mode":true,"campfire_choices":[{"data":"Acrobatics","floor":6.0,"key":"SMITH"},{"data":"Tactician","floor":8.0,"key":"SMITH"},{"data":"Masterful Stab","floor":11.0,"key":"SMITH"},{"data":"Neutralize","floor":15.0,"key":"SMITH"},{"data":"Acrobatics","floor":23.0,"key":"SMITH"},{"data":"Impatience","floor":25.0,"key":"SMITH"},{"data":"Reflex","floor":32,"key":"SMITH"},{"floor":40,"key":"RECALL"},{"data":"Tools of the Trade","floor":45,"key":"SMITH"},{"data":"Well Laid Plans","floor":49,"key":"SMITH"},{"data":"Survivor","floor":53,"key":"SMITH"}],"neow_cost":"TEN_PERCENT_HP_LOSS","seed_source_timestamp":24496948954720,"circlet_count":0,"master_deck":["AscendersBane","Survivor+1","Neutralize+1","Acrobatics+1","Masterful Stab+1","Tactician+1","Adrenaline","Well Laid Plans+1","Calculated Gamble","Reflex+1","Acrobatics+1","Impatience+1","After Image","Calculated Gamble","Tools of the Trade+1","Grand Finale"],"special_seed":0,"relics":["Ring of the Snake","Sundial","MawBank","Kunai","Nloth\u0027s Gift","Vajra","Pandora\u0027s Box","Mango","Membership Card","Shuriken","Nunchaku","Sling","Orichalcum","Torii"],"potions_floor_usage":[56,56],"damage_taken":[{"damage":6.0,"enemies":"Jaw Worm","floor":1.0,"turns":6.0},{"damage":3.0,"enemies":"Cultist","floor":3.0,"turns":4.0},{"damage":1.0,"enemies":"Small Slimes","floor":4.0,"turns":4.0},{"damage":0.0,"enemies":"3 Louse","floor":5.0,"turns":3.0},{"damage":0.0,"enemies":"Lots of Slimes","floor":13.0,"turns":4.0},{"damage":30.0,"enemies":"3 Sentries","floor":14.0,"turns":8.0},{"damage":14.0,"enemies":"Hexaghost","floor":16.0,"turns":13.0},{"damage":0.0,"enemies":"2 Thieves","floor":18.0,"turns":4.0},{"damage":0.0,"enemies":"Spheric Guardian","floor":24.0,"turns":1.0},{"damage":0.0,"enemies":"Slavers","floor":27.0,"turns":1.0},{"damage":0.0,"enemies":"Cultist and Chosen","floor":29.0,"turns":1.0},{"damage":0,"enemies":"Book of Stabbing","floor":30,"turns":1},{"damage":0,"enemies":"Centurion and Healer","floor":31,"turns":1},{"damage":0,"enemies":"Collector","floor":33,"turns":1},{"damage":0,"enemies":"3 Shapes","floor":35,"turns":1},{"damage":0,"enemies":"Mind Bloom Boss Battle","floor":36,"turns":1},{"damage":0,"enemies":"3 Darklings","floor":37,"turns":1},{"damage":0,"enemies":"Transient","floor":41,"turns":6},{"damage":0,"enemies":"Spire Growth","floor":44,"turns":1},{"damage":0,"enemies":"Reptomancer","floor":47,"turns":1},{"damage":0,"enemies":"Writhing Mass","floor":48,"turns":1},{"damage":0,"enemies":"Time Eater","floor":50,"turns":8},{"damage":0,"enemies":"Donu and Deca","floor":51,"turns":1},{"damage":0,"enemies":"Shield and Spear","floor":55,"turns":1},{"damage":44,"enemies":"The Heart","floor":56,"turns":5}],"seed_played":"2286115172225246010","potions_obtained":[{"floor":3.0,"key":"Dexterity Potion"},{"floor":13.0,"key":"SpeedPotion"},{"floor":14.0,"key":"Block Potion"},{"floor":27.0,"key":"Poison Potion"},{"floor":36,"key":"Ancient Potion"}],"is_trial":false,"path_per_floor":["M","?","M","M","M","R","$","R","T","?","R","T","M","E","R","B",null,"M","?","?","$","?","R","M","R","T","E","$","M","E","M","R","B",null,"M","?","M","$","?","R","M","$","T","M","R","?","E","M","R","B","B",null,"R","$","E","B",null],"character_chosen":"THE_SILENT","items_purchased":["Impatience","Membership Card","Sling","Orichalcum"],"campfire_rested":0,"item_purchase_floors":[21,38,54,54],"current_hp_per_floor":[53,53,50,49,49,49,49,49,49,49,49,49,49,19,19,5,46,46,46,46,46,46,46,46,46,46,46,46,46,46,46,46,46,57,57,71,71,71,70,70,70,70,70,70,70,70,70,70,70,70,70,70,70,70,70,26],"gold":36,"neow_bonus":"REMOVE_TWO","is_prod":false,"is_daily":false,"chose_seed":false,"campfire_upgraded":10,"win_rate":0,"timestamp":1557820771,"path_taken":["M","?","M","M","M","R","$","R","T","?","R","?","M","E","R","BOSS","M","?","?","$","?","R","M","R","T","E","$","?","E","M","R","BOSS","M","?","M","$","?","R","M","?","T","M","R","?","E","M","R","BOSS","BOSS","R","$","E","BOSS"],"build_version":"2019-01-23","purchased_purges":4,"victory":true,"max_hp_per_floor":[60,60,60,60,60,60,60,60,60,60,60,60,60,60,60,60,60,60,60,60,60,60,60,60,60,60,60,60,60,60,60,60,60,60,60,74,74,74,70,70,70,70,70,70,70,70,70,70,70,70,70,70,70,70,70,70],"card_choices":[{"not_picked":["Dodge and Roll","Sucker Punch"],"picked":"Acrobatics","floor":1.0},{"not_picked":["Reflex","Quick Slash"],"picked":"Dagger Throw","floor":3.0},{"not_picked":["Dagger Throw","Backstab"],"picked":"Masterful Stab","floor":4.0},{"not_picked":["Outmaneuver","Choke"],"picked":"Tactician","floor":5.0},{"not_picked":["Dodge and Roll","Underhanded Strike","Cloak And Dagger"],"picked":"SKIP","floor":13.0},{"not_picked":["Dodge and Roll","Dash","Phantasmal Killer"],"picked":"SKIP","floor":14.0},{"not_picked":["Envenom","Venomology"],"picked":"Adrenaline","floor":16.0},{"not_picked":["Expertise","PiercingWail"],"picked":"Well Laid Plans","floor":17.0},{"not_picked":["Flying Knee","Deflect"],"picked":"Calculated Gamble","floor":17.0},{"not_picked":["Sucker Punch","Quick Slash"],"picked":"Reflex","floor":17.0},{"not_picked":["Deflect","Deadly Poison","Cloak And Dagger"],"picked":"SKIP","floor":18.0},{"not_picked":["Sucker Punch","Bane+1","Slice"],"picked":"SKIP","floor":24.0},{"not_picked":["All Out Attack+1","Outmaneuver+1","Poisoned Stab"],"picked":"SKIP","floor":27.0},{"not_picked":["Flying Knee","Deflect+1","Underhanded Strike"],"picked":"SKIP","floor":29.0},{"not_picked":["Dagger Spray","Unload","Acrobatics"],"picked":"SKIP","floor":30},{"not_picked":["Dagger Spray","Unload","Acrobatics"],"picked":"SKIP","floor":30},{"not_picked":["Cloak And Dagger","Concentrate+1","Slice"],"picked":"SKIP","floor":31},{"not_picked":["Poisoned Stab","Prepared","Quick Slash"],"picked":"SKIP","floor":35},{"not_picked":["Deadly Poison","Corpse Explosion","Deflect+1"],"picked":"SKIP","floor":37},{"not_picked":["Outmaneuver","Quick Slash+1","Sucker Punch"],"picked":"SKIP","floor":41},{"not_picked":["Underhanded Strike","Sucker Punch","Prepared"],"picked":"SKIP","floor":44},{"not_picked":["Dagger Spray","Prepared","Dodge and Roll"],"picked":"SKIP","floor":47},{"not_picked":["Storm of Steel","Backflip","Bane"],"picked":"SKIP","floor":48},{"not_picked":["Bullet Time","Flying Knee"],"picked":"Grand Finale","floor":55}],"player_experience":4752893,"relics_obtained":[{"floor":9.0,"key":"Sundial"},{"floor":12.0,"key":"MawBank"},{"floor":14.0,"key":"Kunai"},{"floor":30,"key":"Vajra"},{"floor":36,"key":"Mango"},{"floor":43,"key":"Shuriken"},{"floor":47,"key":"Nunchaku"},{"floor":55,"key":"Torii"}],"event_choices":[{"cards_removed":["Defend_G"],"damage_healed":0.0,"max_hp_gain":0.0,"max_hp_loss":0.0,"gold_gain":0.0,"event_name":"The Cleric","player_choice":"Card Removal","floor":2.0,"gold_loss":75.0,"damage_taken":0.0},{"damage_healed":0.0,"max_hp_gain":0.0,"max_hp_loss":0.0,"gold_gain":0.0,"event_name":"Scrap Ooze","player_choice":"Fled","floor":10.0,"gold_loss":0.0,"damage_taken":0.0},{"cards_removed":["Strike_G"],"damage_healed":0.0,"max_hp_gain":0.0,"max_hp_loss":0.0,"gold_gain":0.0,"event_name":"Back to Basics","player_choice":"Elegance","floor":19.0,"gold_loss":0.0,"damage_taken":0.0},{"damage_healed":0.0,"max_hp_gain":0.0,"max_hp_loss":0.0,"gold_gain":0.0,"event_name":"The Library","player_choice":"Read","floor":20.0,"gold_loss":0.0,"damage_taken":0.0,"cards_obtained":["Acrobatics"]},{"damage_healed":0.0,"max_hp_gain":0.0,"max_hp_loss":0.0,"gold_gain":0.0,"event_name":"N\u0027loth","player_choice":"Traded Relic","floor":22.0,"relics_lost":["Orrery"],"gold_loss":0.0,"damage_taken":0.0,"relics_obtained":["Nloth\u0027s Gift"]},{"damage_healed":0,"gold_gain":0,"player_choice":"Fight","damage_taken":0,"max_hp_gain":0,"max_hp_loss":0,"event_name":"MindBloom","floor":36,"gold_loss":0},{"damage_healed":0,"gold_gain":0,"player_choice":"Max HP","damage_taken":0,"max_hp_gain":0,"max_hp_loss":4,"event_name":"Winding Halls","floor":39,"gold_loss":0},{"damage_healed":0,"gold_gain":0,"player_choice":"Memory 1","damage_taken":0,"max_hp_gain":0,"max_hp_loss":0,"event_name":"SensoryStone","floor":46,"gold_loss":0}],"is_beta":false,"boss_relics":[{"not_picked":["Sozu","Fusion Hammer"],"picked":"Orrery"},{"not_picked":["HoveringKite","Eternal Feather"],"picked":"Pandora\u0027s Box"}],"items_purged_floors":[7,21,28,38],"is_endless":false,"potions_floor_spawned":[3,13,14,16,27,30,31,36,41,44,48],"ascension_level":20}