{"gold_per_floor":[14,14,14,29,44,44,44,44,44,44,108,123,140,152,152,254,254,264,264,363,387,312,312,312,312,362,391,207,217,92,112,112,214,264,284,284,297,313,163,163,177,177,200,234,234,234,269,300,312,324],"floor_reached":51,"playtime":2162,"items_purged":["Strike_G","Defend_G","Defend_G","Defend_G"],"score":873,"play_id":"66a4fcda-059e-43dd-9b6c-fc504b5fd331","local_time":"20190717185700","is_ascension_mode":false,"campfire_choices":[{"data":"Deadly Poison","floor":6,"key":"SMITH"},{"data":"Neutralize","floor":8,"key":"SMITH"},{"data":"Dagger Throw","floor":10,"key":"SMITH"},{"data":"Deadly Poison","floor":15,"key":"SMITH"},{"data":"Grand Finale","floor":23,"key":"SMITH"},{"data":"Survivor","floor":25,"key":"SMITH"},{"data":"Finesse","floor":32,"key":"SMITH"},{"floor":40,"key":"REST"},{"floor":42,"key":"REST"},{"floor":46,"key":"REST"},{"floor":49,"key":"RECALL"}],"neow_cost":"NO_GOLD","seed_source_timestamp":3736936864626,"circlet_count":0,"master_deck":["Defend_G+1","Survivor+1","Neutralize+1","Dagger Throw+1","Deadly Poison+1","Deadly Poison+1","Grand Finale+1","Finesse+1"],"special_seed":0,"relics":["Ring of the Snake","Mango","Tiny Chest","Runic Pyramid","Anchor","Bag of Preparation","Centennial Puzzle","Tiny House","Ancient Tea Set","Vajra","Dead Branch","Toxic Egg 2","MawBank"],"potions_floor_usage":[50],"damage_taken":[{"damage":2.0,"enemies":"Jaw Worm","floor":1.0,"turns":4.0},{"damage":0,"enemies":"2 Louse","floor":4,"turns":3},{"damage":1,"enemies":"Cultist","floor":5,"turns":4},{"damage":14,"enemies":"Gremlin Nob","floor":11,"turns":4},{"damage":0,"enemies":"Looter","floor":12,"turns":3},{"damage":0,"enemies":"Blue Slaver","floor":13,"turns":3},{"damage":5,"enemies":"Large Slime","floor":14,"turns":5},{"damage":13,"enemies":"Hexaghost","floor":16,"turns":7},{"damage":0,"enemies":"Spheric Guardian","floor":18,"turns":3},{"damage":0,"enemies":"Slavers","floor":27,"turns":1},{"damage":0,"enemies":"2 Thieves","floor":29,"turns":1},{"damage":0,"enemies":"Snake Plant","floor":31,"turns":1},{"damage":4,"enemies":"Champ","floor":33,"turns":3},{"damage":0,"enemies":"3 Darklings","floor":35,"turns":1},{"damage":0,"enemies":"Orb Walker","floor":37,"turns":1},{"damage":0,"enemies":"3 Darklings","floor":38,"turns":1},{"damage":0,"enemies":"Spire Growth","floor":41,"turns":2},{"damage":0,"enemies":"Giant Head","floor":44,"turns":4},{"damage":0,"enemies":"Nemesis","floor":47,"turns":1},{"damage":0,"enemies":"Writhing Mass","floor":48,"turns":1},{"damage":0,"enemies":"Time Eater","floor":50,"turns":5}],"seed_played":"-1292198057761268094","potions_obtained":[{"floor":1.0,"key":"Weak Potion"},{"floor":7,"key":"GamblersBrew"},{"floor":7,"key":"Energy Potion"},{"floor":7,"key":"FearPotion"},{"floor":16,"key":"Block Potion"}],"is_trial":false,"path_per_floor":["M","?","?","M","M","R","?","R","T","R","E","M","M","M","R","B",null,"M","?","?","T","$","R","?","R","T","E","$","M","$","M","R","B",null,"M","T","M","M","$","R","M","R","T","E","T","R","E","M","R","B",null],"character_chosen":"THE_SILENT","items_purchased":["Finesse"],"campfire_rested":3,"item_purchase_floors":[28],"current_hp_per_floor":[68,68,73,73,72,72,72,72,86,86,72,72,72,67,67,54,89,89,89,89,89,89,89,89,89,89,89,89,89,89,89,89,85,94,94,94,94,94,94,94,94,94,94,94,94,94,94,94,94,94],"gold":336,"neow_bonus":"REMOVE_TWO","is_prod":false,"is_daily":false,"chose_seed":false,"campfire_upgraded":7,"win_rate":0,"timestamp":1563361020,"path_taken":["M","?","?","M","M","R","?","R","T","R","E","M","?","M","R","BOSS","M","?","?","?","?","R","?","R","T","E","$","?","$","?","R","BOSS","M","?","M","M","$","R","M","R","T","E","?","R","E","M","R","BOSS"],"build_version":"2019-07-05","purchased_purges":4,"victory":true,"max_hp_per_floor":[70,70,75,75,75,75,75,75,89,89,89,89,89,89,89,89,89,89,89,89,89,89,89,89,89,89,89,89,89,89,89,89,89,94,94,94,94,94,94,94,94,94,94,94,94,94,94,94,94,94],"card_choices":[{"not_picked":["Choke","Cloak And Dagger"],"picked":"Dagger Throw","floor":1.0},{"not_picked":["Infinite Blades","Predator"],"picked":"Deadly Poison","floor":4},{"not_picked":["Bane","Dagger Spray","Heel Hook"],"picked":"SKIP","floor":5},{"not_picked":["Reflex","Leg Sweep"],"picked":"Deadly Poison","floor":11},{"not_picked":["Sucker Punch","Deflect","Prepared"],"picked":"SKIP","floor":12},{"not_picked":["Prepared","Finisher","Doppelganger"],"picked":"SKIP","floor":13},{"not_picked":["Heel Hook","Prepared","Blade Dance"],"picked":"SKIP","floor":14},{"not_picked":["After Image","Doppelganger"],"picked":"Grand Finale","floor":16},{"not_picked":["All Out Attack","Eviscerate","Predator"],"picked":"SKIP","floor":18},{"not_picked":["Burst","Poisoned Stab","Endless Agony+1"],"picked":"SKIP","floor":27},{"not_picked":["Choke","Distraction","Blade Dance"],"picked":"SKIP","floor":29},{"not_picked":["Blade Dance+1","Skewer","Bane"],"picked":"SKIP","floor":31},{"not_picked":["Reflex+1","Poisoned Stab","Dagger Throw+1"],"picked":"SKIP","floor":35},{"not_picked":["Prepared+1","Dodge and Roll","Underhanded Strike+1"],"picked":"SKIP","floor":37},{"not_picked":["Reflex+1","Accuracy+1","Skewer"],"picked":"SKIP","floor":38},{"not_picked":["Underhanded Strike","Dagger Spray+1","Reflex"],"picked":"SKIP","floor":41},{"not_picked":["Accuracy","Corpse Explosion","Endless Agony"],"picked":"SKIP","floor":44},{"not_picked":["Well Laid Plans","Blade Dance+1","Quick Slash"],"picked":"SKIP","floor":47},{"not_picked":["Predator","Deadly Poison+1","Dodge and Roll+1"],"picked":"SKIP","floor":48}],"player_experience":5762062,"relics_obtained":[{"floor":9,"key":"Mango"},{"floor":11,"key":"Tiny Chest"},{"floor":21,"key":"Anchor"},{"floor":26,"key":"Bag of Preparation"},{"floor":27,"key":"Centennial Puzzle"},{"floor":36,"key":"Ancient Tea Set"},{"floor":43,"key":"Vajra"},{"floor":44,"key":"Dead Branch"},{"floor":45,"key":"Toxic Egg 2"},{"floor":47,"key":"MawBank"}],"event_choices":[{"cards_removed":["Strike_G"],"damage_healed":0,"gold_gain":0,"player_choice":"Forget","damage_taken":0,"max_hp_gain":0,"max_hp_loss":0,"event_name":"Living Wall","floor":2,"gold_loss":0},{"damage_healed":0,"gold_gain":0,"player_choice":"Donut","damage_taken":0,"max_hp_gain":5,"max_hp_loss":0,"event_name":"Big Fish","floor":3,"gold_loss":0},{"damage_healed":0,"gold_gain":0,"player_choice":"Got Potions","damage_taken":0,"max_hp_gain":0,"max_hp_loss":0,"event_name":"Lab","floor":7,"gold_loss":0},{"cards_removed":["Strike_G"],"damage_healed":0,"gold_gain":0,"player_choice":"Elegance","damage_taken":0,"max_hp_gain":0,"max_hp_loss":0,"event_name":"Back to Basics","floor":19,"gold_loss":0},{"damage_healed":0,"gold_gain":99,"player_choice":"Stole From Cult","damage_taken":0,"max_hp_gain":0,"max_hp_loss":0,"event_name":"Nest","floor":20,"gold_loss":0},{"cards_removed":["Strike_G"],"damage_healed":0,"gold_gain":0,"player_choice":"Offered Basic","damage_taken":0,"max_hp_gain":0,"max_hp_loss":0,"event_name":"Bonfire Elementals","floor":24,"gold_loss":0}],"is_beta":false,"boss_relics":[{"not_picked":["Empty Cage","Cursed Key"],"picked":"Runic Pyramid"},{"not_picked":["Orrery","Calling Bell"],"picked":"Tiny House"}],"items_purged_floors":[22,28,30,39],"is_endless":false,"potions_floor_spawned":[1,11,12,16,18,31,33,35],"ascension_level":0}