{"gold_per_floor":[209,209,87,107,107,107,138,138,161,187,199,222,234,246,258,368,380,406,418,430,194,212,212,237,237,310,324,324,340,340,352,352,454,454,474,492,492,503,221,221,236,236,236,253,266,297,297,312,312,312],"floor_reached":51,"playtime":2074,"items_purged":["Strike_G","Strike_G","Defend_G"],"score":822,"play_id":"00d777d8-72ac-496b-96ac-2df71e498d1a","local_time":"20181101164859","is_ascension_mode":false,"campfire_choices":[{"data":"Deadly Poison","floor":6.0,"key":"SMITH"},{"data":"Well Laid Plans","floor":8.0,"key":"SMITH"},{"data":"Neutralize","floor":11.0,"key":"SMITH"},{"data":"Burst","floor":13.0,"key":"SMITH"},{"data":"Survivor","floor":15.0,"key":"SMITH"},{"data":"Footwork","floor":23.0,"key":"SMITH"},{"data":"Wraith Form v2","floor":25.0,"key":"SMITH"},{"data":"Malaise","floor":28.0,"key":"SMITH"},{"data":"Ghostly","floor":30.0,"key":"SMITH"},{"data":"Ghostly","floor":32.0,"key":"SMITH"},{"data":"Bouncing Flask","floor":40.0,"key":"SMITH"},{"data":"Purity","floor":47,"key":"SMITH"},{"data":"Purity","floor":49,"key":"SMITH"}],"neow_cost":"NONE","seed_source_timestamp":24152238964087,"circlet_count":0,"master_deck":["Defend_G","Defend_G","Defend_G","Strike_G","Strike_G","Strike_G","Survivor+1","Neutralize+1","Poisoned Stab+1","Deadly Poison+1","Well Laid Plans+1","Burst+1","Malaise+1","Footwork+1","Ghostly+1","Ghostly","Ghostly+1","Ghostly","Ghostly","Backflip","Wraith Form v2+1","Bouncing Flask+1","Bouncing Flask+1","Purity+1","Infinite Blades","Deadly Poison+1","Purity+1","Adrenaline"],"special_seed":0,"relics":["Ring of the Snake","Centennial Puzzle","PreservedInsect","MawBank","Coffee Dripper","Boot","Oddly Smooth Stone","Shuriken","Bottled Flame","Runic Pyramid","Meat on the Bone","Orichalcum"],"potions_floor_usage":[44,44,50,50,50],"damage_taken":[{"damage":1.0,"enemies":"Cultist","floor":1.0,"turns":4.0},{"damage":0.0,"enemies":"2 Louse","floor":4.0,"turns":3.0},{"damage":21.0,"enemies":"Gremlin Nob","floor":7.0,"turns":4.0},{"damage":1.0,"enemies":"Jaw Worm","floor":10.0,"turns":3.0},{"damage":0.0,"enemies":"3 Louse","floor":12.0,"turns":3.0},{"damage":35.0,"enemies":"Slime Boss","floor":16.0,"turns":14.0},{"damage":4.0,"enemies":"2 Thieves","floor":18.0,"turns":5.0},{"damage":0.0,"enemies":"Spheric Guardian","floor":22.0,"turns":6.0},{"damage":4.0,"enemies":"Gremlin Leader","floor":24.0,"turns":7.0},{"damage":2.0,"enemies":"Centurion and Healer","floor":27.0,"turns":8.0},{"damage":0.0,"enemies":"Snake Plant","floor":29.0,"turns":6.0},{"damage":1.0,"enemies":"Snecko","floor":31.0,"turns":5.0},{"damage":11.0,"enemies":"Champ","floor":33.0,"turns":10.0},{"damage":0.0,"enemies":"3 Shapes","floor":35.0,"turns":3.0},{"damage":0.0,"enemies":"Orb Walker","floor":36.0,"turns":5.0},{"damage":0.0,"enemies":"Jaw Worm Horde","floor":38.0,"turns":6.0},{"damage":0,"enemies":"Transient","floor":41,"turns":5},{"damage":0,"enemies":"4 Shapes","floor":44,"turns":8},{"damage":2,"enemies":"3 Darklings","floor":45,"turns":6},{"damage":0,"enemies":"Nemesis","floor":46,"turns":7},{"damage":0,"enemies":"Spire Growth","floor":48,"turns":6},{"damage":0,"enemies":"Awakened One","floor":50,"turns":14}],"seed_played":"6826305488110636981","potions_obtained":[{"floor":2.0,"key":"Fire Potion"},{"floor":2.0,"key":"PowerPotion"},{"floor":2.0,"key":"Energy Potion"},{"floor":7.0,"key":"FairyPotion"},{"floor":10.0,"key":"LiquidBronze"},{"floor":16.0,"key":"Swift Potion"},{"floor":18.0,"key":"Fire Potion"},{"floor":22.0,"key":"Block Potion"},{"floor":35.0,"key":"GamblersBrew"},{"floor":44,"key":"SkillPotion"},{"floor":48,"key":"Strength Potion"}],"is_trial":false,"path_per_floor":["M","?","$","M","T","R","E","R","T","M","R","M","R","?","R","B",null,"M","?","?","$","M","R","E","R","T","M","R","M","R","M","R","B",null,"M","M","?","M","$","R","M","?","T","M","M","E","R","M","R","B"],"character_chosen":"THE_SILENT","items_purchased":["Deadly Poison","Oddly Smooth Stone","Purity","Infinite Blades"],"campfire_rested":0,"item_purchase_floors":[3,21,39,39],"current_hp_per_floor":[69,69,69,69,69,69,48,48,48,47,47,47,47,47,47,12,70,66,35,35,35,35,35,31,31,31,29,29,29,29,28,28,17,35,35,35,35,35,35,35,35,35,35,35,33,33,33,33,33,33],"gold":312,"neow_bonus":"HUNDRED_GOLD","is_prod":false,"is_daily":false,"chose_seed":false,"campfire_upgraded":13,"win_rate":0,"timestamp":1541062139,"path_taken":["M","?","?","M","?","R","E","R","T","M","R","M","R","?","R","BOSS","M","?","?","?","?","R","E","R","T","M","R","?","R","M","R","BOSS","M","?","?","M","?","R","M","?","T","M","M","E","R","?","R","BOSS"],"build_version":"2018-10-25v2","purchased_purges":3,"victory":true,"max_hp_per_floor":[70,70,70,70,70,70,70,70,70,70,70,70,70,70,70,70,70,70,35,35,35,35,35,35,35,35,35,35,35,35,35,35,35,35,35,35,35,35,35,35,35,35,35,35,35,35,35,35,35,35],"card_choices":[{"not_picked":["Dodge and Roll","Deflect"],"picked":"Poisoned Stab","floor":1.0},{"not_picked":["Dodge and Roll","Distraction","Underhanded Strike"],"picked":"SKIP","floor":4.0},{"not_picked":["Calculated Gamble","Prepared"],"picked":"Well Laid Plans","floor":7.0},{"not_picked":["Sucker Punch","Blade Dance","Cloak And Dagger"],"picked":"SKIP","floor":10.0},{"not_picked":["Endless Agony","Outmaneuver"],"picked":"Burst","floor":12.0},{"not_picked":["Doppelganger","Adrenaline"],"picked":"Malaise","floor":16.0},{"not_picked":["Acrobatics","Distraction"],"picked":"Footwork","floor":18.0},{"not_picked":["Setup","Flying Knee+1"],"picked":"Backflip","floor":22.0},{"not_picked":["Concentrate","Prepared"],"picked":"Wraith Form v2","floor":24.0},{"not_picked":["Underhanded Strike+1","Terror","Expertise+1"],"picked":"SKIP","floor":27.0},{"not_picked":["Prepared","Dagger Throw"],"picked":"Bouncing Flask+1","floor":29.0},{"not_picked":["Deflect+1","Dagger Spray","Blade Dance"],"picked":"SKIP","floor":31.0},{"not_picked":["Outmaneuver+1","Poisoned Stab+1","Flying Knee"],"picked":"SKIP","floor":35.0},{"not_picked":["Underhanded Strike","Dagger Spray+1","Dash+1"],"picked":"SKIP","floor":36.0},{"not_picked":["Sucker Punch+1","Bane","Blur"],"picked":"SKIP","floor":38.0},{"not_picked":["Acrobatics+1","Distraction+1"],"picked":"Deadly Poison+1","floor":41},{"not_picked":["Swift Strike","Dramatic Entrance"],"picked":"Purity","floor":42},{"not_picked":["Crippling Poison","Accuracy","Dagger Spray+1"],"picked":"SKIP","floor":44},{"not_picked":["Blur","Riddle With Holes","Underhanded Strike"],"picked":"SKIP","floor":45},{"not_picked":["Expertise","Endless Agony"],"picked":"Adrenaline","floor":46},{"not_picked":["Quick Slash","Flying Knee","Tactician+1"],"picked":"SKIP","floor":48}],"player_experience":811254,"relics_obtained":[{"floor":5.0,"key":"Centennial Puzzle"},{"floor":7.0,"key":"PreservedInsect"},{"floor":9.0,"key":"MawBank"},{"floor":24.0,"key":"Shuriken"},{"floor":26.0,"key":"Bottled Flame"},{"floor":43,"key":"Meat on the Bone"},{"floor":46,"key":"Orichalcum"}],"event_choices":[{"damage_healed":0.0,"max_hp_gain":0.0,"max_hp_loss":0.0,"gold_gain":0.0,"event_name":"The Lab","player_choice":"Got Potions","floor":2.0,"gold_loss":0.0,"damage_taken":0.0},{"damage_healed":0.0,"max_hp_gain":0.0,"max_hp_loss":0.0,"gold_gain":0.0,"event_name":"Accursed Blacksmith","player_choice":"Forge","floor":14.0,"gold_loss":0.0,"damage_taken":0.0,"cards_upgraded":["Poisoned Stab"]},{"damage_healed":0.0,"max_hp_gain":0.0,"max_hp_loss":35.0,"gold_gain":0.0,"event_name":"Ghosts","player_choice":"Became a Ghost","floor":19.0,"gold_loss":0.0,"damage_taken":0.0,"cards_obtained":["Ghostly","Ghostly","Ghostly","Ghostly","Ghostly"]},{"damage_healed":0.0,"max_hp_gain":0.0,"max_hp_loss":0.0,"gold_gain":0.0,"event_name":"The Mausoleum","player_choice":"Opened","floor":20.0,"gold_loss":0.0,"damage_taken":0.0,"relics_obtained":["Boot"]},{"damage_healed":0.0,"max_hp_gain":0.0,"max_hp_loss":0.0,"gold_gain":0.0,"cards_transformed":["Defend_G"],"event_name":"Transmorgrifier","player_choice":"Transformed","floor":37.0,"gold_loss":0.0,"damage_taken":0.0,"cards_obtained":["Bouncing Flask"]},{"damage_healed":0,"gold_gain":0,"player_choice":"Memory 1","damage_taken":0,"max_hp_gain":0,"max_hp_loss":0,"event_name":"SensoryStone","floor":42,"gold_loss":0}],"is_beta":false,"boss_relics":[{"not_picked":["Snecko Eye","Ectoplasm"],"picked":"Coffee Dripper"},{"not_picked":["Runic Dome","Busted Crown"],"picked":"Runic Pyramid"}],"items_purged_floors":[3,21,39],"is_endless":false,"potions_floor_spawned":[7,10,16,18,22,35,44,48],"ascension_level":0}