{"gold_per_floor":[111,111,130,147,167,167,167,167,167,167,242,17,42,42,42,140,140,153,53,53,67,67,67,67,67,67,167,179,196,196,216,216,315,315,325,51,51,51,10,10,21,21,97,0,16,16,16,26,26,26],"floor_reached":51,"playtime":1340,"items_purged":["Normality","Strike_B","Defend_B"],"score":643,"play_id":"aaf753bc-a0fa-4c5d-b114-a529f3de8c80","local_time":"20190611112350","is_ascension_mode":false,"campfire_choices":[{"data":"Sunder","floor":6,"key":"SMITH"},{"data":"Dualcast","floor":8,"key":"SMITH"},{"data":"Zap","floor":10,"key":"SMITH"},{"data":"Hologram","floor":15,"key":"SMITH"},{"data":"Hyperbeam","floor":23,"key":"SMITH"},{"data":"Consume","floor":25,"key":"SMITH"},{"data":"Turbo","floor":30,"key":"SMITH"},{"data":"Redo","floor":32,"key":"SMITH"},{"data":"Defragment","floor":40,"key":"SMITH"},{"data":"Coolheaded","floor":47,"key":"SMITH"},{"floor":49,"key":"RECALL"}],"neow_cost":"CURSE","seed_source_timestamp":1776609709558,"circlet_count":0,"master_deck":["Defend_B+1","Defend_B+1","Zap+1","Dualcast+1","Capacitor+1","Hello World+1","Sunder+1","Turbo+1","Hologram+1","Tempest+1","Hyperbeam+1","Redo+1","Consume+1","Undo+1","Creative AI+1","Cold Snap+1","Heatsinks+1","Capacitor+1","Amplify+1","Coolheaded+1","Defragment+1","Coolheaded+1"],"relics":["Cracked Core","Mercury Hourglass","Sundial","Bag of Marbles","Ancient Tea Set","Nuclear Battery","Letter Opener","Cables","Sozu","Membership Card","Mark of the Bloom","Ornamental Fan","Red Mask"],"potions_floor_usage":[42,50,50],"damage_taken":[{"damage":0,"enemies":"Cultist","floor":1,"turns":4},{"damage":6,"enemies":"Small Slimes","floor":3,"turns":4},{"damage":0,"enemies":"2 Louse","floor":4,"turns":2},{"damage":0,"enemies":"Large Slime","floor":5,"turns":4},{"damage":7,"enemies":"3 Sentries","floor":13,"turns":5},{"damage":20,"enemies":"Hexaghost","floor":16,"turns":7},{"damage":0,"enemies":"Spheric Guardian","floor":18,"turns":3},{"damage":0,"enemies":"3 Byrds","floor":21,"turns":2},{"damage":3,"enemies":"Centurion and Healer","floor":28,"turns":4},{"damage":8,"enemies":"Snecko","floor":29,"turns":6},{"damage":0,"enemies":"Sentry and Sphere","floor":31,"turns":4},{"damage":14,"enemies":"Champ","floor":33,"turns":6},{"damage":0,"enemies":"Orb Walker","floor":35,"turns":2},{"damage":0,"enemies":"3 Shapes","floor":41,"turns":2},{"damage":0,"enemies":"Jaw Worm Horde","floor":42,"turns":1},{"damage":0,"enemies":"Writhing Mass","floor":45,"turns":6},{"damage":0,"enemies":"Maw","floor":48,"turns":6},{"damage":1,"enemies":"Time Eater","floor":50,"turns":5}],"seed_played":"4208476962747012252","potions_obtained":[{"floor":3,"key":"SmokeBomb"},{"floor":5,"key":"SpeedPotion"},{"floor":21,"key":"Ancient Potion"}],"is_trial":false,"path_per_floor":["M","?","M","M","M","R","?","R","T","R","?","$","E","?","R","B",null,"M","$","?","M","?","R","?","R","T","?","M","M","R","M","R","B",null,"M","$","?","?","$","R","M","M","T","?","M","?","R","M","R","B",null],"character_chosen":"DEFECT","items_purchased":["Bag of Marbles","Membership Card","Coolheaded","Defragment"],"campfire_rested":0,"item_purchase_floors":[12,36,36,39],"current_hp_per_floor":[75,60,54,54,54,54,54,54,54,54,43,43,36,36,36,16,75,75,75,75,75,75,75,75,75,75,75,72,64,64,64,64,50,75,75,75,71,71,71,71,71,71,71,71,71,71,71,71,71,70],"gold":26,"neow_bonus":"TRANSFORM_TWO_CARDS","is_prod":false,"is_daily":false,"chose_seed":false,"campfire_upgraded":10,"win_rate":0,"timestamp":1560223430,"path_taken":["M","?","M","M","M","R","?","R","T","R","?","$","E","?","R","BOSS","M","$","?","M","?","R","?","R","T","?","?","M","R","M","R","BOSS","M","$","?","?","$","R","M","M","T","?","?","?","R","M","R","BOSS"],"build_version":"2019-01-23","purchased_purges":3,"victory":true,"max_hp_per_floor":[75,75,75,75,75,75,75,75,75,75,75,75,75,75,75,75,75,75,75,75,75,75,75,75,75,75,75,75,75,75,75,75,75,75,75,75,71,71,71,71,71,71,71,71,71,71,71,71,71,71],"card_choices":[{"not_picked":["Gash","Go for the Eyes"],"picked":"Sunder","floor":1},{"not_picked":["Steam","Hello World"],"picked":"Turbo","floor":3},{"not_picked":["Conserve Battery","Go for the Eyes","Barrage"],"picked":"SKIP","floor":4},{"not_picked":["Compile Driver","Multi-Cast"],"picked":"Hologram","floor":5},{"not_picked":["Gash","Redo"],"picked":"Tempest","floor":13},{"not_picked":["Machine Learning","Reboot"],"picked":"Hyperbeam","floor":16},{"not_picked":["Turbo","Hologram","Redo"],"picked":"SKIP","floor":18},{"not_picked":["Turbo","Hologram"],"picked":"Redo","floor":18},{"not_picked":["Lockon+1","Chaos+1"],"picked":"Consume","floor":21},{"not_picked":["Turbo","Conserve Battery+1"],"picked":"Cold Snap+1","floor":28},{"not_picked":["Streamline+1","Coolheaded"],"picked":"Heatsinks+1","floor":29},{"not_picked":["Ball Lightning+1","Steam Power"],"picked":"Capacitor","floor":31},{"not_picked":["Reboot","Hyperbeam"],"picked":"Amplify","floor":33},{"not_picked":["Streamline+1","Rip and Tear","Cold Snap"],"picked":"SKIP","floor":35},{"not_picked":["Turbo","Reprogram+1"],"picked":"Coolheaded","floor":41},{"not_picked":["FTL+1","Beam Cell+1","Rebound+1"],"picked":"SKIP","floor":45},{"not_picked":["Genetic Algorithm+1","Barrage","Steam+1"],"picked":"SKIP","floor":48}],"player_experience":5040001,"relics_obtained":[{"floor":9,"key":"Sundial"},{"floor":13,"key":"Ancient Tea Set"},{"floor":26,"key":"Cables"},{"floor":43,"key":"Ornamental Fan"}],"event_choices":[{"damage_healed":0,"gold_gain":0,"player_choice":"Entered Light","damage_taken":15,"max_hp_gain":0,"max_hp_loss":0,"event_name":"Shining Light","floor":2,"gold_loss":0,"cards_upgraded":["Hello World","Capacitor"]},{"damage_healed":0,"gold_gain":0,"player_choice":"Box","damage_taken":0,"relics_obtained":["Mercury Hourglass"],"max_hp_gain":0,"max_hp_loss":0,"event_name":"Big Fish","floor":7,"gold_loss":0,"cards_obtained":["Regret"]},{"damage_healed":0,"gold_gain":75,"player_choice":"Gather Gold","damage_taken":11,"max_hp_gain":0,"max_hp_loss":0,"event_name":"World of Goop","floor":11,"gold_loss":0},{"cards_removed":["Regret"],"damage_healed":0,"gold_gain":0,"player_choice":"Purged","damage_taken":0,"max_hp_gain":0,"max_hp_loss":0,"event_name":"Purifier","floor":14,"gold_loss":0},{"damage_healed":0,"gold_gain":0,"player_choice":"Opened","damage_taken":0,"relics_obtained":["Letter Opener"],"max_hp_gain":0,"max_hp_loss":0,"event_name":"The Mausoleum","floor":20,"gold_loss":0},{"damage_healed":0,"gold_gain":0,"player_choice":"Ignored","damage_taken":0,"max_hp_gain":0,"max_hp_loss":0,"event_name":"Beggar","floor":22,"gold_loss":0},{"damage_healed":0,"gold_gain":0,"cards_transformed":["Strike_B","Strike_B"],"player_choice":"Became Test Subject","damage_taken":0,"max_hp_gain":0,"max_hp_loss":0,"event_name":"Drug Dealer","floor":24,"gold_loss":0,"cards_obtained":["Undo","Creative AI"]},{"damage_healed":0,"gold_gain":100,"player_choice":"Pray","damage_taken":0,"max_hp_gain":0,"max_hp_loss":0,"event_name":"Golden Shrine","floor":27,"gold_loss":0},{"damage_healed":0,"gold_gain":0,"player_choice":"Max HP","damage_taken":0,"max_hp_gain":0,"max_hp_loss":4,"event_name":"Winding Halls","floor":37,"gold_loss":0},{"damage_healed":0,"gold_gain":0,"player_choice":"Upgrade","damage_taken":0,"relics_obtained":["Mark of the Bloom"],"max_hp_gain":0,"max_hp_loss":0,"event_name":"MindBloom","floor":38,"gold_loss":0,"cards_upgraded":["Defend_B","Defend_B","Tempest","Undo","Creative AI","Capacitor","Amplify","Coolheaded"]},{"damage_healed":0,"gold_gain":0,"player_choice":"Paid","damage_taken":0,"relics_obtained":["Red Mask"],"max_hp_gain":0,"max_hp_loss":0,"event_name":"Tomb of Lord Red Mask","floor":44,"gold_loss":97},{"damage_healed":0,"gold_gain":0,"player_choice":"Ignored","damage_taken":0,"max_hp_gain":0,"max_hp_loss":0,"event_name":"Mysterious Sphere","floor":46,"gold_loss":0}],"is_beta":false,"boss_relics":[{"not_picked":["Tiny House","Fusion Hammer"],"picked":"Nuclear Battery"},{"not_picked":["White Beast Statue","Eternal Feather"],"picked":"Sozu"}],"items_purged_floors":[12,19,36],"is_endless":false,"potions_floor_spawned":[3,5,21,31,33,48],"ascension_level":0}