{"path_per_floor":["M","M","M","?","?","R","E","M","T","?","?","M","M","$","R"],"character_chosen":"THE_SILENT","items_purchased":["Flash of Steel","Well Laid Plans","Dagger Spray"],"gold_per_floor":[112,130,149,149,149,149,179,190,190,190,211,223,235,8,8],"floor_reached":16,"campfire_rested":0,"playtime":1363,"current_hp_per_floor":[70,70,70,70,58,58,19,7,21,52,48,41,35,35,35],"items_purged":[],"gold":8,"score":127,"play_id":"e0fe9dae-82b6-489d-8d01-2b1fa62e1404","is_prod":false,"is_daily":false,"is_ascension_mode":false,"campfire_upgraded":2,"path_taken":["M","M","M","?","?","R","E","M","T","?","?","?","M","$","R","BOSS"],"build_version":"2018-02-22-PROD2","purchased_purges":0,"victory":false,"master_deck":["Defend_G","Defend_G","Defend_G","Defend_G","Defend_G","Strike_G","Strike_G","Strike_G","Strike_G","Survivor","Neutralize","Outmaneuver","Calculated Gamble","Riddle With Holes","A Thousand Cuts+1","Die Die Die+1","Flying Knee","Prepared","Cloak And Dagger","Backflip","Flash of Steel","Well Laid Plans","Dagger Spray"],"max_hp_per_floor":[70,70,70,70,70,70,80,80,94,94,94,94,94,94,94],"relics":["Ring of the Snake","Snake Skull","Pear","Mango","Odd Mushroom"],"card_choices":[{"not_picked":["Quick Slash","Flechettes"],"picked":"Outmaneuver"},{"not_picked":["Acrobatics","Escape Plan"],"picked":"Calculated Gamble"},{"not_picked":["Sucker Punch","Slice"],"picked":"Riddle With Holes"},{"not_picked":["Bane","Slice"],"picked":"Die Die Die"},{"not_picked":["Acrobatics","Footwork"],"picked":"Flying Knee"},{"not_picked":["Catalyst","Predator"],"picked":"Prepared"},{"not_picked":["Underhanded Strike","Deflect"],"picked":"Cloak And Dagger"},{"not_picked":["Deflect","Bane"],"picked":"Backflip"}],"player_experience":38976,"potions_floor_usage":[16,16,16],"damage_taken":[{"damage":0,"enemies":"Jaw Worm","floor":1,"turns":5},{"damage":0,"enemies":"Small Slimes","floor":2,"turns":5},{"damage":0,"enemies":"2 Louse","floor":3,"turns":5},{"damage":49,"enemies":"Gremlin Nob","floor":7,"turns":5},{"damage":12,"enemies":"Large Slime","floor":8,"turns":8},{"damage":4,"enemies":"The Mushroom Lair","floor":11,"turns":2},{"damage":7,"enemies":"Blue Slaver","floor":12,"turns":4},{"damage":6,"enemies":"2 Fungi Beasts","floor":13,"turns":2},{"damage":38,"enemies":"Hexaghost","floor":16,"turns":12}],"event_choices":[{"event_name":"Living Wall","player_choice":"Change","floor":4,"damage_taken":0},{"event_name":"Scrap Ooze","player_choice":"success","floor":5,"damage_taken":12},{"event_name":"Big Fish","player_choice":"Banana","floor":10,"damage_taken":0},{"event_name":"Mushrooms","player_choice":"Fought Mushrooms","floor":11,"damage_taken":0}],"boss_relics":[],"potions_floor_spawned":[3,8,12],"seed_played":"5508885312757228757","killed_by":"Hexaghost","ascension_level":0,"is_trial":false}