{"gold_per_floor":[365,365,365,381,381,397,397,415,415,449,39,70,70,15,15,15],"floor_reached":16,"playtime":528,"items_purged":["Strike_R"],"score":216,"play_id":"0edf5585-e7fc-48ee-80eb-aea11626e6e6","local_time":"20190603150630","is_ascension_mode":true,"campfire_choices":[{"data":"Flex","floor":7,"key":"SMITH"},{"data":"Apotheosis","floor":13,"key":"SMITH"},{"floor":15,"key":"RECALL"}],"neow_cost":"PERCENT_DAMAGE","seed_source_timestamp":166816190095771,"circlet_count":0,"master_deck":["AscendersBane","Strike_R","Strike_R","Strike_R","Strike_R+1","Defend_R","Defend_R","Defend_R","Defend_R+1","Bash","Flex+1","Clash","Double Tap","True Grit","Apotheosis+1","Burning Pact","Body Slam"],"special_seed":0,"relics":["Burning Blood","Matryoshka","Bottled Lightning","Vajra","Ornamental Fan"],"potions_floor_usage":[16,16,16],"damage_taken":[{"damage":4.0,"enemies":"Jaw Worm","floor":1.0,"turns":5.0},{"damage":0.0,"enemies":"2 Louse","floor":4.0,"turns":4.0},{"damage":0,"enemies":"Small Slimes","floor":6,"turns":3},{"damage":5,"enemies":"Gremlin Gang","floor":8,"turns":4},{"damage":10,"enemies":"Gremlin Nob","floor":10,"turns":3},{"damage":25,"enemies":"3 Sentries","floor":12,"turns":11},{"damage":30,"enemies":"Slime Boss","floor":16,"turns":6}],"seed_played":"-8085949996543312892","potions_obtained":[{"floor":6,"key":"Strength Potion"},{"floor":12,"key":"EntropicBrew"}],"is_trial":false,"path_per_floor":["M","?","?","M","?","M","R","M","T","E","$","E","R","$","R","B"],"character_chosen":"IRONCLAD","items_purchased":["Apotheosis","Vajra","Body Slam"],"campfire_rested":0,"item_purchase_floors":[11,11,14],"current_hp_per_floor":[52,52,29,35,35,41,41,42,42,38,38,19,19,19,19,0],"gold":15,"neow_bonus":"TWO_FIFTY_GOLD","is_prod":false,"is_daily":false,"chose_seed":false,"campfire_upgraded":2,"win_rate":0,"timestamp":1559545590,"path_taken":["M","?","?","M","?","?","R","M","T","E","$","E","R","$","R","BOSS"],"build_version":"2019-01-23","purchased_purges":1,"victory":false,"max_hp_per_floor":[75,75,75,75,75,75,75,75,75,75,75,75,75,75,75,75],"card_choices":[{"not_picked":["Headbutt","Havoc"],"picked":"Flex","floor":1.0},{"not_picked":["Reckless Charge","Clash","Flex"],"picked":"SKIP","floor":4.0},{"not_picked":["Reckless Charge","Flex"],"picked":"Clash","floor":4.0},{"not_picked":["Iron Wave","Ghostly Armor"],"picked":"Double Tap","floor":6},{"not_picked":["Twin Strike","Thunderclap","Pommel Strike"],"picked":"SKIP","floor":8},{"not_picked":["Infernal Blade","Cleave"],"picked":"True Grit","floor":10},{"not_picked":["Rampage","Power Through"],"picked":"Burning Pact","floor":12}],"player_experience":5021329,"relics_obtained":[{"floor":9,"key":"Matryoshka"},{"floor":10,"key":"Bottled Lightning"},{"floor":12,"key":"Ornamental Fan"}],"event_choices":[{"damage_healed":0.0,"max_hp_gain":0.0,"max_hp_loss":0.0,"gold_gain":0.0,"event_name":"Liars Game","player_choice":"Ignored","floor":2.0,"gold_loss":0.0,"damage_taken":0.0},{"damage_healed":0.0,"max_hp_gain":0.0,"max_hp_loss":0.0,"gold_gain":0.0,"event_name":"Shining Light","player_choice":"Entered Light","floor":3.0,"gold_loss":0.0,"damage_taken":23.0,"cards_upgraded":["Defend_R","Strike_R"]},{"damage_healed":0,"gold_gain":0,"player_choice":"Fled","damage_taken":0,"max_hp_gain":0,"max_hp_loss":0,"event_name":"Scrap Ooze","floor":5,"gold_loss":0}],"is_beta":false,"boss_relics":[],"items_purged_floors":[11],"is_endless":false,"potions_floor_spawned":[6,12],"killed_by":"Slime Boss","ascension_level":20}