{"gold_per_floor":[112,132,145,162,162,162,162,190,214,214,289,308,308,327,327,327],"floor_reached":16,"playtime":1009,"items_purged":[],"score":173,"play_id":"ebf44503-aae1-4a16-a711-baa2af19c6e0","local_time":"20190803005640","is_ascension_mode":true,"campfire_choices":[{"data":"Body Slam","floor":7,"key":"SMITH"},{"data":"Pommel Strike","floor":10,"key":"SMITH"},{"floor":13,"key":"REST"},{"floor":15,"key":"REST"}],"neow_cost":"NONE","seed_source_timestamp":102755899704103,"circlet_count":0,"master_deck":["AscendersBane","Strike_R","Strike_R","Strike_R","Strike_R","Defend_R","Defend_R","Defend_R","Defend_R","Bash","Pommel Strike+1","Body Slam+1","Sword Boomerang","Battle Trance","Battle Trance","Offering","Dropkick","Heavy Blade"],"relics":["Burning Blood","Lantern","Omamori"],"potions_floor_usage":[4,16],"damage_taken":[{"damage":2,"enemies":"2 Louse","floor":1,"turns":3},{"damage":4,"enemies":"Small Slimes","floor":2,"turns":4},{"damage":1,"enemies":"Cultist","floor":3,"turns":4},{"damage":17,"enemies":"Exordium Wildlife","floor":4,"turns":6},{"damage":40,"enemies":"3 Sentries","floor":8,"turns":9},{"damage":2,"enemies":"3 Louse","floor":12,"turns":3},{"damage":31,"enemies":"Exordium Thugs","floor":14,"turns":4},{"damage":49,"enemies":"Hexaghost","floor":16,"turns":8}],"seed_played":"7390360805228258307","potions_obtained":[{"floor":2,"key":"Weak Potion"},{"floor":3,"key":"PowerPotion"},{"floor":12,"key":"Block Potion"}],"is_trial":false,"path_per_floor":["M","M","M","M","?","?","R","E","T","R","?","M","R","M","R","B"],"character_chosen":"IRONCLAD","items_purchased":[],"campfire_rested":2,"item_purchase_floors":[],"current_hp_per_floor":[79,81,82,71,71,71,71,37,37,37,26,30,54,29,53,4],"gold":327,"neow_bonus":"TEN_PERCENT_HP_BONUS","is_prod":false,"is_daily":false,"chose_seed":false,"campfire_upgraded":2,"win_rate":0,"timestamp":1564811800,"path_taken":["M","M","M","M","?","?","R","E","T","R","?","M","R","M","R","BOSS"],"build_version":"2019-07-17","purchased_purges":0,"victory":false,"max_hp_per_floor":[82,82,82,82,82,82,82,82,82,82,82,82,82,82,82,82],"card_choices":[{"not_picked":["Cleave","Clothesline"],"picked":"Pommel Strike","floor":1},{"not_picked":["Iron Wave","Ghostly Armor"],"picked":"Body Slam","floor":2},{"not_picked":["Warcry","Iron Wave"],"picked":"Sword Boomerang","floor":3},{"not_picked":["Iron Wave","Rupture"],"picked":"Battle Trance","floor":4},{"not_picked":["Rupture","Flame Barrier"],"picked":"Offering","floor":8},{"not_picked":["Clothesline","Rupture"],"picked":"Dropkick","floor":12},{"not_picked":["Seeing Red","Entrench"],"picked":"Heavy Blade","floor":14}],"player_experience":423737,"relics_obtained":[{"floor":8,"key":"Lantern"},{"floor":9,"key":"Omamori"}],"event_choices":[{"damage_healed":0,"gold_gain":0,"cards_transformed":["Strike_R"],"player_choice":"Change","damage_taken":0,"max_hp_gain":0,"max_hp_loss":0,"event_name":"Living Wall","floor":5,"gold_loss":0,"cards_obtained":["Battle Trance"]},{"damage_healed":0,"gold_gain":0,"player_choice":"Ignored","damage_taken":0,"max_hp_gain":0,"max_hp_loss":0,"event_name":"Liars Game","floor":6,"gold_loss":0},{"damage_healed":0,"gold_gain":75,"player_choice":"Gather Gold","damage_taken":11,"max_hp_gain":0,"max_hp_loss":0,"event_name":"World of Goop","floor":11,"gold_loss":0}],"is_beta":false,"boss_relics":[],"items_purged_floors":[],"is_endless":false,"potions_floor_spawned":[2,3,12,14],"killed_by":"Hexaghost","ascension_level":14}