{"gold_per_floor":[117,133,54,65,77,77,103,103,127,127,138,138,203,203,203,307,307,289,18,35,45,64,64,76,93,93,106,124,124,142,158,158,256,256,275,295,308,327,602,630,630,11,11,30,43,54,54,72,72,92],"floor_reached":51,"playtime":7054,"items_purged":[],"score":791,"play_id":"dff4d61e-87b2-4405-a1cf-a150a24bb211","local_time":"20190619114913","is_ascension_mode":false,"campfire_choices":[{"data":"Defragment","floor":6.0,"key":"SMITH"},{"data":"Dualcast","floor":8.0,"key":"SMITH"},{"data":"Machine Learning","floor":10.0,"key":"SMITH"},{"data":"Recycle","floor":12.0,"key":"SMITH"},{"floor":15.0,"key":"REST"},{"data":"Loop","floor":23.0,"key":"SMITH"},{"data":"Creative AI","floor":29,"key":"SMITH"},{"data":"Coolheaded","floor":32,"key":"SMITH"},{"data":"Biased Cognition","floor":41,"key":"SMITH"},{"data":"Storm","floor":47,"key":"SMITH"},{"data":"Blizzard","floor":49,"key":"SMITH"}],"neow_cost":"TEN_PERCENT_HP_LOSS","seed_source_timestamp":171468770147,"circlet_count":0,"master_deck":["Strike_B","Strike_B","Strike_B","Defend_B","Defend_B","Defend_B","Defend_B","Zap","Dualcast+1","Defragment+1","Auto Shields","Stack","Stack","Rainbow","Machine Learning+1","Conserve Battery","Recycle+1","Aggregate","Conserve Battery","Reboot","Double Energy","Stack","Core Surge","Cold Snap+1","Cold Snap","Self Repair","Glacier","Steam","Coolheaded+1","Fusion","Loop+1","Stack","Undo+1","Creative AI+1","Stack","Auto Shields","Coolheaded+1","Coolheaded","Steam","Fusion+1","Blizzard+1","Chaos+1","Turbo+1","Melter+1","Biased Cognition+1","Ball Lightning+1","Stack","Leap","Defragment+1","Conserve Battery+1","White Noise+1","Tempest+1","BootSequence+1","Echo Form","Echo Form","Steam","Compile Driver","Streamline","Enlightenment","Magnetism","Coolheaded","Storm+1","Capacitor+1","Conserve Battery+1","Loop+1","Stack","Stack+1","Rainbow","Force Field"],"special_seed":0,"relics":["Cracked Core","Prayer Wheel","Omamori","Ancient Tea Set","Centennial Puzzle","Coffee Dripper","OrangePellets","Torii","Nuclear Battery","Sundial","Cables"],"potions_floor_usage":[50,50,50],"damage_taken":[{"damage":1.0,"enemies":"Cultist","floor":1.0,"turns":3.0},{"damage":0.0,"enemies":"2 Louse","floor":2.0,"turns":1.0},{"damage":0.0,"enemies":"Small Slimes","floor":4.0,"turns":3.0},{"damage":14.0,"enemies":"Gremlin Gang","floor":5.0,"turns":9.0},{"damage":15.0,"enemies":"3 Sentries","floor":7.0,"turns":12.0},{"damage":8.0,"enemies":"Looter","floor":11.0,"turns":3.0},{"damage":17.0,"enemies":"Gremlin Nob","floor":13.0,"turns":6.0},{"damage":11.0,"enemies":"Slime Boss","floor":16.0,"turns":7.0},{"damage":8.0,"enemies":"2 Thieves","floor":18.0,"turns":5.0},{"damage":8.0,"enemies":"3 Byrds","floor":20.0,"turns":6.0},{"damage":0.0,"enemies":"Snecko","floor":21.0,"turns":7.0},{"damage":12.0,"enemies":"3 Cultists","floor":22.0,"turns":11.0},{"damage":0.0,"enemies":"Snake Plant","floor":24.0,"turns":6.0},{"damage":9,"enemies":"Centurion and Healer","floor":25,"turns":7},{"damage":0,"enemies":"Snecko","floor":27,"turns":8},{"damage":1,"enemies":"3 Cultists","floor":28,"turns":10},{"damage":0,"enemies":"Centurion and Healer","floor":30,"turns":11},{"damage":0,"enemies":"Snecko","floor":31,"turns":7},{"damage":11,"enemies":"Automaton","floor":33,"turns":12},{"damage":2,"enemies":"Orb Walker","floor":35,"turns":4},{"damage":0,"enemies":"3 Darklings","floor":36,"turns":9},{"damage":0,"enemies":"Jaw Worm Horde","floor":37,"turns":5},{"damage":0,"enemies":"Spire Growth","floor":38,"turns":9},{"damage":12,"enemies":"Nemesis","floor":40,"turns":9},{"damage":1,"enemies":"3 Darklings","floor":44,"turns":4},{"damage":1,"enemies":"Writhing Mass","floor":45,"turns":5},{"damage":2,"enemies":"Maw","floor":46,"turns":4},{"damage":0,"enemies":"Sphere and 2 Shapes","floor":48,"turns":5},{"damage":19,"enemies":"Awakened One","floor":50,"turns":11}],"seed_played":"-6078886469635137084","potions_obtained":[{"floor":11.0,"key":"Weak Potion"},{"floor":16.0,"key":"GamblersBrew"},{"floor":18.0,"key":"Dexterity Potion"},{"floor":21.0,"key":"Fruit Juice"},{"floor":27,"key":"Poison Potion"},{"floor":30,"key":"Dexterity Potion"},{"floor":46,"key":"Swift Potion"}],"is_trial":false,"path_per_floor":["M","M","$","M","M","R","E","R","T","R","M","R","?","?","R","B",null,"M","$","M","M","M","R","M","M","T","M","M","R","M","M","R","B",null,"M","M","M","M","?","E","R","$","T","M","M","M","R","M","R","B",null],"character_chosen":"DEFECT","items_purchased":["Rainbow","Self Repair","OrangePellets","Echo Form","Steam","Compile Driver","Streamline","Enlightenment","Magnetism","Coolheaded"],"campfire_rested":1,"item_purchase_floors":[3,19,19,42,42,42,42,42,42,42],"current_hp_per_floor":[67,67,67,67,53,53,38,38,38,38,30,30,13,13,33,22,68,60,60,59,71,66,66,66,64,64,71,73,73,73,73,73,69,73,71,73,73,73,73,61,61,61,61,67,73,73,73,73,73,61],"gold":92,"neow_bonus":"ONE_RARE_RELIC","is_prod":false,"is_daily":false,"chose_seed":false,"campfire_upgraded":10,"win_rate":0,"timestamp":1560916153,"path_taken":["M","M","$","M","M","R","E","R","T","R","?","R","?","?","R","BOSS","M","$","M","M","M","R","M","M","T","M","M","R","M","M","R","BOSS","M","M","?","M","?","E","R","$","T","?","M","M","R","M","R","BOSS"],"build_version":"2019-01-23","purchased_purges":0,"victory":true,"max_hp_per_floor":[68,68,68,68,68,68,68,68,68,68,68,68,68,68,68,68,68,68,68,68,73,73,73,73,73,73,73,73,73,73,73,73,73,73,73,73,73,73,73,73,73,73,73,73,73,73,73,73,73,73],"card_choices":[{"not_picked":["Barrage","Rebound"],"picked":"Defragment","floor":1.0},{"not_picked":["Gash","Hologram"],"picked":"Auto Shields","floor":1.0},{"not_picked":["Sweeping Beam","Reinforced Body"],"picked":"Stack","floor":2.0},{"not_picked":["Heatsinks","Aggregate"],"picked":"Stack","floor":2.0},{"not_picked":["Leap","Ball Lightning"],"picked":"Machine Learning","floor":4.0},{"not_picked":["Force Field","Compile Driver"],"picked":"Conserve Battery","floor":4.0},{"not_picked":["Chaos","Rebound"],"picked":"Recycle","floor":5.0},{"not_picked":["Steam","Chill"],"picked":"Aggregate","floor":5.0},{"not_picked":["Redo","Streamline"],"picked":"Conserve Battery","floor":7.0},{"not_picked":["Beam Cell","Leap"],"picked":"Reboot","floor":11.0},{"not_picked":["Force Field","Rebound"],"picked":"Double Energy","floor":11.0},{"not_picked":["Chaos","Force Field"],"picked":"Stack","floor":13.0},{"not_picked":["Thunder Strike","Buffer"],"picked":"Core Surge","floor":16.0},{"not_picked":["Blizzard","Gash+1"],"picked":"Cold Snap+1","floor":18.0},{"not_picked":["Consume","Conserve Battery"],"picked":"Cold Snap","floor":18.0},{"not_picked":["Cold Snap","Reprogram"],"picked":"Glacier","floor":20.0},{"not_picked":["Barrage","Gash"],"picked":"Steam","floor":20.0},{"not_picked":["Streamline","Ball Lightning"],"picked":"Coolheaded+1","floor":21.0},{"not_picked":["Streamline+1","Turbo"],"picked":"Fusion","floor":21.0},{"not_picked":["Rip and Tear","Barrage"],"picked":"Loop","floor":22.0},{"not_picked":["Compile Driver","Turbo"],"picked":"Stack","floor":22.0},{"not_picked":["Redo","Darkness"],"picked":"Undo+1","floor":24.0},{"not_picked":["Gash+1","Steam"],"picked":"Creative AI","floor":24.0},{"not_picked":["Consume+1","FTL+1"],"picked":"Stack","floor":25},{"not_picked":["Go for the Eyes","Scrape"],"picked":"Auto Shields","floor":25},{"not_picked":["Rebound+1","Turbo"],"picked":"Coolheaded","floor":27},{"not_picked":["Melter","Rebound"],"picked":"Coolheaded","floor":27},{"not_picked":["Barrage","Sweeping Beam"],"picked":"Steam","floor":28},{"not_picked":["Ball Lightning","Genetic Algorithm"],"picked":"Fusion+1","floor":28},{"not_picked":["Lockon","Turbo"],"picked":"Blizzard","floor":30},{"not_picked":["Auto Shields","Cold Snap"],"picked":"Chaos+1","floor":30},{"not_picked":["Barrage","Go for the Eyes"],"picked":"Turbo+1","floor":31},{"not_picked":["Beam Cell","FTL"],"picked":"Melter+1","floor":31},{"not_picked":["Fission","Core Surge"],"picked":"Biased Cognition","floor":33},{"not_picked":["Barrage","Turbo"],"picked":"Ball Lightning+1","floor":35},{"not_picked":["Beam Cell","Sweeping Beam"],"picked":"Stack","floor":35},{"not_picked":["Scrape+1","Rebound"],"picked":"Leap","floor":36},{"not_picked":["Leap","Multi-Cast"],"picked":"Defragment+1","floor":36},{"not_picked":["Beam Cell","Sweeping Beam"],"picked":"Conserve Battery+1","floor":37},{"not_picked":["Sweeping Beam+1","Ball Lightning"],"picked":"White Noise+1","floor":37},{"not_picked":["Go for the Eyes","Sweeping Beam+1"],"picked":"Tempest+1","floor":38},{"not_picked":["Gash","Leap+1"],"picked":"BootSequence+1","floor":38},{"not_picked":["Coolheaded+1","Compile Driver+1"],"picked":"Echo Form","floor":40},{"not_picked":["Rebound","Beam Cell"],"picked":"Storm","floor":44},{"not_picked":["Redo","Skim+1"],"picked":"Capacitor+1","floor":44},{"not_picked":["Rip and Tear","Compile Driver"],"picked":"Conserve Battery+1","floor":45},{"not_picked":["Self Repair+1","Streamline"],"picked":"Loop+1","floor":45},{"not_picked":["Redo+1","Cold Snap"],"picked":"Stack","floor":46},{"not_picked":["Ball Lightning+1","Barrage"],"picked":"Stack+1","floor":46},{"not_picked":["Beam Cell+1","Fusion+1"],"picked":"Rainbow","floor":48},{"not_picked":["Go for the Eyes+1","Leap"],"picked":"Force Field","floor":48}],"player_experience":5436946,"relics_obtained":[{"floor":7.0,"key":"Omamori"},{"floor":9.0,"key":"Ancient Tea Set"},{"floor":13.0,"key":"Centennial Puzzle"},{"floor":26,"key":"Torii"},{"floor":40,"key":"Sundial"},{"floor":43,"key":"Cables"}],"event_choices":[{"damage_healed":0.0,"max_hp_gain":0.0,"max_hp_loss":0.0,"gold_gain":0.0,"event_name":"Dead Adventurer","player_choice":"Searched \u00272\u0027 times","floor":13.0,"gold_loss":0.0,"damage_taken":0.0},{"cards_removed":["Strike_B"],"damage_healed":0.0,"max_hp_gain":0.0,"max_hp_loss":0.0,"gold_gain":0.0,"event_name":"Purifier","player_choice":"Purged","floor":14.0,"gold_loss":0.0,"damage_taken":0.0},{"damage_healed":0,"gold_gain":275,"player_choice":"Desecrate","damage_taken":0,"max_hp_gain":0,"max_hp_loss":0,"event_name":"Golden Shrine","floor":39,"gold_loss":0,"cards_obtained":["Regret"]}],"is_beta":false,"boss_relics":[{"not_picked":["Snecko Eye","Lizard Tail"],"picked":"Coffee Dripper"},{"not_picked":["Tiny House","Empty Cage"],"picked":"Nuclear Battery"}],"items_purged_floors":[],"is_endless":false,"potions_floor_spawned":[11,16,18,21,27,30,31,38,44,46,48],"ascension_level":0}