{"gold_per_floor":[112,122,16,16,33,33,47,47,47,64,64,64,64,96,96,200,200,217,142,160,160,174,174,209,209,232,232,247,258,135,146,146,249,249,260,58,58,72,72,72,83,83,83,83,83,103,129,142,142,142],"floor_reached":51,"playtime":1551,"items_purged":["Strike_B","Defend_B","Rip and Tear+1"],"score":947,"play_id":"dda2745f-79dd-429e-a122-6a25198948a2","local_time":"20190616005117","is_ascension_mode":false,"campfire_choices":[{"data":"Rip and Tear","floor":6.0,"key":"SMITH"},{"data":"Consume","floor":8.0,"key":"SMITH"},{"data":"Dualcast","floor":11.0,"key":"SMITH"},{"data":"Defend_B","floor":13.0,"key":"SMITH"},{"data":"Undo","floor":15.0,"key":"SMITH"},{"data":"Darkness","floor":23,"key":"SMITH"},{"data":"Genetic Algorithm","floor":25,"key":"SMITH"},{"data":"Defend_B","floor":27,"key":"SMITH"},{"data":"Redo","floor":32,"key":"SMITH"},{"floor":42,"key":"REST"},{"floor":44,"key":"REST"},{"floor":49,"key":"REST"}],"neow_cost":"PERCENT_DAMAGE","seed_source_timestamp":20960762834058,"circlet_count":0,"master_deck":["Defend_B+1","Defend_B+1","Zap+1","Dualcast+1","Genetic Algorithm+1","Consume+1","Chill","Undo+1","Buffer+1","Darkness+1","Defragment+1","Redo+1","Coolheaded+1","Loop+1"],"special_seed":0,"relics":["Cracked Core","Singing Bowl","Frozen Egg 2","Ornamental Fan","Empty Cage","Blood Vial","Pen Nib","Vajra","Busted Crown","Question Card","Boot"],"potions_floor_usage":[16,18,24,50,50,50],"damage_taken":[{"damage":0.0,"enemies":"Small Slimes","floor":1.0,"turns":3.0},{"damage":0.0,"enemies":"Jaw Worm","floor":2.0,"turns":3.0},{"damage":1.0,"enemies":"Cultist","floor":5.0,"turns":3.0},{"damage":8.0,"enemies":"Red Slaver","floor":7.0,"turns":3.0},{"damage":1.0,"enemies":"Gremlin Gang","floor":10.0,"turns":3.0},{"damage":5.0,"enemies":"3 Sentries","floor":14.0,"turns":5.0},{"damage":53,"enemies":"Hexaghost","floor":16,"turns":10},{"damage":0,"enemies":"3 Byrds","floor":18,"turns":6},{"damage":0,"enemies":"Chosen","floor":20,"turns":5},{"damage":0,"enemies":"Sentry and Sphere","floor":22,"turns":7},{"damage":0,"enemies":"Gremlin Leader","floor":24,"turns":8},{"damage":0,"enemies":"Centurion and Healer","floor":28,"turns":6},{"damage":15,"enemies":"Snake Plant","floor":29,"turns":5},{"damage":12,"enemies":"Cultist and Chosen","floor":31,"turns":6},{"damage":0,"enemies":"Collector","floor":33,"turns":9},{"damage":35,"enemies":"3 Darklings","floor":35,"turns":4},{"damage":0,"enemies":"3 Shapes","floor":38,"turns":5},{"damage":0,"enemies":"Sphere and 2 Shapes","floor":41,"turns":5},{"damage":0,"enemies":"3 Darklings","floor":46,"turns":6},{"damage":0,"enemies":"Giant Head","floor":47,"turns":7},{"damage":10,"enemies":"4 Shapes","floor":48,"turns":5},{"damage":5,"enemies":"Awakened One","floor":50,"turns":8}],"seed_played":"6452994089029329052","potions_obtained":[{"floor":1.0,"key":"Ancient Potion"},{"floor":7.0,"key":"Regen Potion"},{"floor":10.0,"key":"Explosive Potion"},{"floor":16,"key":"SkillPotion"},{"floor":20,"key":"PowerPotion"},{"floor":33,"key":"SteroidPotion"}],"is_trial":false,"path_per_floor":["M","M","$","?","M","R","M","R","T","M","R","?","R","E","R","B",null,"M","$","M","T","M","R","E","R","T","R","M","M","$","M","R","B",null,"M","$","?","M","?","?","M","R","T","R","$","M","E","M","R","B",null],"character_chosen":"DEFECT","items_purchased":["Rip and Tear","Consume","Redo","Loop+1"],"campfire_rested":3,"item_purchase_floors":[3,3,30,36],"current_hp_per_floor":[54,54,54,51,52,52,44,44,44,45,45,45,45,40,40,2,79,79,79,79,79,79,79,81,81,81,81,83,70,70,62,62,66,89,54,54,54,58,58,54,58,86,86,95,95,97,99,91,101,96],"gold":142,"neow_bonus":"REMOVE_TWO","is_prod":false,"is_daily":false,"chose_seed":false,"campfire_upgraded":9,"win_rate":0,"timestamp":1560617477,"path_taken":["M","M","$","?","M","R","M","R","T","M","R","?","R","E","R","BOSS","M","$","?","?","M","R","E","R","T","R","?","M","$","M","R","BOSS","M","$","?","M","?","?","M","R","T","R","$","M","E","M","R","BOSS"],"build_version":"2019-01-23","purchased_purges":3,"victory":true,"max_hp_per_floor":[75,75,75,75,77,77,77,77,77,79,79,79,79,79,79,79,79,79,79,79,79,79,79,81,81,81,81,83,85,85,87,87,89,89,89,89,85,87,87,93,95,95,95,95,95,97,99,101,101,101],"card_choices":[{"not_picked":["Double Energy","Leap"],"picked":"Genetic Algorithm","floor":1.0},{"not_picked":["Sweeping Beam","Steam","Turbo"],"picked":"SKIP","floor":2.0},{"not_picked":["Go for the Eyes","Steam Power","Reprogram"],"picked":"Singing Bowl","floor":5.0},{"not_picked":["Stack","Static Discharge"],"picked":"Chill","floor":7.0},{"not_picked":["Lockon","Leap","Double Energy"],"picked":"Singing Bowl","floor":10.0},{"not_picked":["Cold Snap","Go for the Eyes"],"picked":"Undo","floor":14.0},{"not_picked":["All For One","Reboot"],"picked":"Buffer+1","floor":16},{"not_picked":["Tempest","Storm+1"],"picked":"Darkness","floor":18},{"not_picked":["Doom and Gloom","Leap"],"picked":"Loop+1","floor":20},{"not_picked":["Leap","Sweeping Beam"],"picked":"Defragment+1","floor":22},{"not_picked":["Sweeping Beam+1","Cold Snap+1","Thunder Strike"],"picked":"Singing Bowl","floor":24},{"not_picked":["Aggregate","Hologram","Leap"],"picked":"Singing Bowl","floor":28},{"not_picked":["Beam Cell","Ball Lightning","Consume"],"picked":"Singing Bowl","floor":29},{"not_picked":["Defragment+1","Reinforced Body+1","Glacier"],"picked":"Singing Bowl","floor":31},{"not_picked":["All For One","Seek","Machine Learning+1"],"picked":"Singing Bowl","floor":33},{"not_picked":[],"picked":"Coolheaded+1","floor":35},{"not_picked":["Sweeping Beam+1"],"picked":"Singing Bowl","floor":38},{"not_picked":["Flash of Steel"],"picked":"Singing Bowl","floor":40},{"not_picked":["Secret Weapon"],"picked":"Singing Bowl","floor":40},{"not_picked":["HandOfGreed"],"picked":"Singing Bowl","floor":40},{"not_picked":["Heatsinks+1"],"picked":"Singing Bowl","floor":41},{"not_picked":["Chaos","Conserve Battery"],"picked":"Singing Bowl","floor":46},{"not_picked":["Streamline+1","Tempest"],"picked":"Singing Bowl","floor":47},{"not_picked":["Steam+1","Sweeping Beam+1"],"picked":"Singing Bowl","floor":48}],"player_experience":5273775,"relics_obtained":[{"floor":9.0,"key":"Frozen Egg 2"},{"floor":14.0,"key":"Ornamental Fan"},{"floor":21,"key":"Blood Vial"},{"floor":24,"key":"Pen Nib"},{"floor":26,"key":"Vajra"},{"floor":43,"key":"Question Card"},{"floor":47,"key":"Boot"}],"event_choices":[{"damage_healed":0.0,"max_hp_gain":0.0,"max_hp_loss":0.0,"gold_gain":0.0,"event_name":"Scrap Ooze","player_choice":"Success","floor":4.0,"gold_loss":0.0,"damage_taken":3.0,"relics_obtained":["Singing Bowl"]},{"damage_healed":0.0,"max_hp_gain":0.0,"max_hp_loss":0.0,"gold_gain":0.0,"event_name":"Upgrade Shrine","player_choice":"Upgraded","floor":12.0,"gold_loss":0.0,"damage_taken":0.0,"cards_upgraded":["Zap"]},{"damage_healed":0,"gold_gain":0,"player_choice":"Max HP","damage_taken":0,"max_hp_gain":0,"max_hp_loss":4,"event_name":"Winding Halls","floor":37,"gold_loss":0},{"cards_removed":["Loop"],"damage_healed":0,"gold_gain":0,"player_choice":"Removed Power","damage_taken":0,"max_hp_gain":0,"max_hp_loss":0,"event_name":"Falling","floor":39,"gold_loss":0},{"damage_healed":0,"gold_gain":0,"player_choice":"Memory 3","damage_taken":10,"max_hp_gain":0,"max_hp_loss":0,"event_name":"SensoryStone","floor":40,"gold_loss":0}],"is_beta":false,"boss_relics":[{"not_picked":["Eternal Feather","Fusion Hammer"],"picked":"Empty Cage"},{"not_picked":["Lizard Tail","Cursed Key"],"picked":"Busted Crown"}],"items_purged_floors":[19,30,36],"is_endless":false,"potions_floor_spawned":[1,7,10,16,20,22,33,41,46,47],"ascension_level":0}