{"gold_per_floor":[118,118,141,153,165,177,221,233,245,287,309,321,353,377,389,496,508,534,546,578,601,172,172,172,186,186,186,205,205,220,238,238,336,336,352,363,382,201,213,242,260,260,260,260,292,292,292,312,312,312],"floor_reached":51,"playtime":1977,"items_purged":["Strike_B","Strike_B"],"score":846,"play_id":"86d04634-e0fc-41f9-8ba3-4853f80ca29f","local_time":"20190722011557","is_ascension_mode":false,"campfire_choices":[{"data":"Sunder","floor":6.0,"key":"SMITH"},{"data":"Creative AI","floor":8.0,"key":"SMITH"},{"data":"Dualcast","floor":12.0,"key":"SMITH"},{"data":"Turbo","floor":15.0,"key":"SMITH"},{"data":"Skim","floor":23.0,"key":"SMITH"},{"data":"Coolheaded","floor":27.0,"key":"SMITH"},{"data":"Redo","floor":29.0,"key":"SMITH"},{"data":"Madness","floor":32.0,"key":"SMITH"},{"data":"Skim","floor":42,"key":"SMITH"},{"data":"Skim","floor":44,"key":"SMITH"},{"data":"Recycle","floor":47,"key":"SMITH"},{"data":"Multi-Cast","floor":49,"key":"SMITH"}],"neow_cost":"NONE","seed_source_timestamp":35199724894044,"circlet_count":0,"master_deck":["Strike_B","Defend_B","Defend_B","Defend_B","Defend_B","Zap","Dualcast+1","Sunder+1","Skim+1","Creative AI+1","Ball Lightning","Coolheaded+1","Turbo+1","Hologram","Core Surge","Meteor Strike","Redo+1","Meteor Strike","Madness+1","Double Energy","BootSequence+1","Defragment","Biased Cognition","Skim+1","Multi-Cast+1","Coolheaded+1","Recycle+1","Echo Form","Skim+1","Reinforced Body+1","Dark Shackles"],"special_seed":0,"relics":["Cracked Core","NeowsBlessing","MawBank","Blue Candle","Prayer Wheel","Omamori","Nuclear Battery","Tiny Chest","Lantern","WarpedTongs","Bronze Scales","Coffee Dripper","Potion Belt","Cables","Dream Catcher"],"potions_floor_usage":[37,41,50,50],"damage_taken":[{"damage":0.0,"enemies":"Jaw Worm","floor":1.0,"turns":1.0},{"damage":0.0,"enemies":"Small Slimes","floor":3.0,"turns":1.0},{"damage":0.0,"enemies":"3 Sentries","floor":7.0,"turns":1.0},{"damage":25.0,"enemies":"Gremlin Nob","floor":10.0,"turns":4.0},{"damage":0.0,"enemies":"Cultist","floor":11.0,"turns":2.0},{"damage":0.0,"enemies":"3 Louse","floor":13.0,"turns":1.0},{"damage":0.0,"enemies":"2 Fungi Beasts","floor":14.0,"turns":1.0},{"damage":33.0,"enemies":"Slime Boss","floor":16.0,"turns":8.0},{"damage":5.0,"enemies":"Shell Parasite","floor":18.0,"turns":3.0},{"damage":3.0,"enemies":"3 Byrds","floor":20.0,"turns":4.0},{"damage":0.0,"enemies":"Snecko","floor":21.0,"turns":2.0},{"damage":5.0,"enemies":"Centurion and Healer","floor":25.0,"turns":4.0},{"damage":8.0,"enemies":"Shelled Parasite and Fungi","floor":28.0,"turns":2.0},{"damage":1.0,"enemies":"Sentry and Sphere","floor":30.0,"turns":3.0},{"damage":8.0,"enemies":"Centurion and Healer","floor":31.0,"turns":5.0},{"damage":16.0,"enemies":"Collector","floor":33.0,"turns":6.0},{"damage":0,"enemies":"3 Shapes","floor":35,"turns":2},{"damage":0,"enemies":"3 Darklings","floor":36,"turns":3},{"damage":0,"enemies":"4 Shapes","floor":37,"turns":4},{"damage":4,"enemies":"Maw","floor":39,"turns":6},{"damage":0,"enemies":"Giant Head","floor":40,"turns":7},{"damage":38,"enemies":"Jaw Worm Horde","floor":41,"turns":4},{"damage":13,"enemies":"Nemesis","floor":45,"turns":4},{"damage":0,"enemies":"Spire Growth","floor":48,"turns":4},{"damage":0,"enemies":"Donu and Deca","floor":50,"turns":7}],"seed_played":"-7787135155885285911","potions_obtained":[{"floor":3.0,"key":"Fire Potion"},{"floor":7.0,"key":"Explosive Potion"},{"floor":16.0,"key":"FocusPotion"},{"floor":20.0,"key":"FearPotion"},{"floor":31.0,"key":"SkillPotion"},{"floor":33.0,"key":"Regen Potion"},{"floor":40,"key":"FearPotion"},{"floor":41,"key":"Weak Potion"},{"floor":45,"key":"PowerPotion"},{"floor":48,"key":"FearPotion"}],"is_trial":false,"path_per_floor":["M","?","M","$","?","R","E","R","T","E","M","R","M","M","R","B",null,"M","?","M","M","$","R","?","M","T","R","M","R","M","M","R","B",null,"M","M","M","$","M","E","M","R","T","R","E","?","R","M","R","B",null],"character_chosen":"DEFECT","items_purchased":["Tiny Chest","Madness","Lantern","Recycle"],"campfire_rested":0,"item_purchase_floors":[22,22,22,38],"current_hp_per_floor":[75,68,68,68,61,61,61,61,61,36,36,36,36,36,36,3,75,70,70,67,67,67,67,67,62,62,62,54,54,53,45,45,29,75,75,75,75,75,71,71,38,38,38,38,25,25,25,25,25,25],"gold":312,"neow_bonus":"THREE_ENEMY_KILL","is_prod":false,"is_daily":false,"chose_seed":false,"campfire_upgraded":12,"win_rate":0,"timestamp":1563729357,"path_taken":["M","?","M","$","?","R","E","R","T","E","M","R","M","M","R","BOSS","M","?","M","M","$","R","?","?","T","R","M","R","M","M","R","BOSS","M","M","M","$","M","E","M","R","T","R","E","?","R","M","R","BOSS"],"build_version":"2019-07-17","purchased_purges":2,"victory":true,"max_hp_per_floor":[75,75,75,75,75,75,75,75,75,75,75,75,75,75,75,75,75,75,75,75,75,75,75,75,75,75,75,75,75,75,75,75,75,75,75,75,75,75,75,75,75,75,75,75,75,75,75,75,75,75],"card_choices":[{"not_picked":["Hologram","Steam"],"picked":"Sunder","floor":1.0},{"not_picked":["Chaos","Redo"],"picked":"Skim","floor":3.0},{"not_picked":["Chill","Genetic Algorithm"],"picked":"Creative AI","floor":7.0},{"not_picked":["Stack","Force Field"],"picked":"Ball Lightning","floor":10.0},{"not_picked":["Steam","Leap"],"picked":"Coolheaded","floor":11.0},{"not_picked":["Go for the Eyes","Redo","Hello World"],"picked":"SKIP","floor":11.0},{"not_picked":["Coolheaded","Beam Cell"],"picked":"Turbo","floor":13.0},{"not_picked":["Gash","Chaos"],"picked":"Hologram","floor":13.0},{"not_picked":["Auto Shields","Rebound"],"picked":"Core Surge","floor":14.0},{"not_picked":["Cold Snap","Redo","Darkness"],"picked":"SKIP","floor":14.0},{"not_picked":["All For One","Buffer"],"picked":"Meteor Strike","floor":16.0},{"not_picked":["Stack","Darkness","Ball Lightning+1"],"picked":"SKIP","floor":18.0},{"not_picked":["Steam","Leap+1","Conserve Battery"],"picked":"SKIP","floor":18.0},{"not_picked":["Compile Driver","Coolheaded"],"picked":"Redo","floor":20.0},{"not_picked":["Stack","Hologram+1","Sunder"],"picked":"SKIP","floor":20.0},{"not_picked":["Tempest","Chill"],"picked":"Meteor Strike","floor":21.0},{"not_picked":["Streamline+1","Turbo","Stack"],"picked":"SKIP","floor":21.0},{"not_picked":["Compile Driver","Steam","Ball Lightning"],"picked":"SKIP","floor":25.0},{"not_picked":["Turbo","Rebound","Thunder Strike"],"picked":"SKIP","floor":25.0},{"not_picked":["Redo","BootSequence+1"],"picked":"Double Energy","floor":28.0},{"not_picked":["Sweeping Beam","Beam Cell"],"picked":"BootSequence+1","floor":28.0},{"not_picked":["BootSequence","Capacitor"],"picked":"Defragment","floor":30.0},{"not_picked":["Conserve Battery+1","Gash","Beam Cell"],"picked":"SKIP","floor":30.0},{"not_picked":["Ball Lightning","Leap","Stack"],"picked":"SKIP","floor":31.0},{"not_picked":["Cold Snap","Chill","Machine Learning"],"picked":"SKIP","floor":31.0},{"not_picked":["Seek","Thunder Strike"],"picked":"Biased Cognition","floor":33.0},{"not_picked":["Compile Driver+1","Capacitor","Double Energy"],"picked":"SKIP","floor":35},{"not_picked":["Leap","Sweeping Beam","Rebound+1"],"picked":"SKIP","floor":35},{"not_picked":["Turbo","Sweeping Beam"],"picked":"Skim","floor":36},{"not_picked":["Turbo+1","Multi-Cast","Barrage"],"picked":"SKIP","floor":36},{"not_picked":["Turbo+1","Barrage"],"picked":"Multi-Cast","floor":36},{"not_picked":["Beam Cell","Barrage+1"],"picked":"Coolheaded+1","floor":37},{"not_picked":["Hologram+1","Coolheaded","Conserve Battery"],"picked":"SKIP","floor":37},{"not_picked":["Multi-Cast","Barrage","Redo+1"],"picked":"SKIP","floor":39},{"not_picked":["Barrage","Scrape","Stack+1"],"picked":"SKIP","floor":39},{"not_picked":["Barrage","Streamline+1"],"picked":"Echo Form","floor":40},{"not_picked":["Go for the Eyes","Beam Cell"],"picked":"Skim","floor":41},{"not_picked":["Ball Lightning+1","Cold Snap+1","Stack"],"picked":"SKIP","floor":41},{"not_picked":["Gash","Go for the Eyes"],"picked":"Reinforced Body+1","floor":45},{"not_picked":["Magnetism","Dramatic Entrance"],"picked":"Dark Shackles","floor":46},{"not_picked":["Barrage","Ball Lightning","Rebound"],"picked":"SKIP","floor":48},{"not_picked":["Hologram+1","Core Surge","Beam Cell+1"],"picked":"SKIP","floor":48}],"player_experience":5822664,"relics_obtained":[{"floor":7.0,"key":"Blue Candle"},{"floor":9.0,"key":"Prayer Wheel"},{"floor":10.0,"key":"Omamori"},{"floor":26.0,"key":"Bronze Scales"},{"floor":40,"key":"Potion Belt"},{"floor":43,"key":"Cables"},{"floor":45,"key":"Dream Catcher"}],"event_choices":[{"damage_healed":0.0,"max_hp_gain":0.0,"max_hp_loss":0.0,"gold_gain":0.0,"event_name":"Scrap Ooze","player_choice":"Success","floor":2.0,"gold_loss":0.0,"damage_taken":7.0,"relics_obtained":["MawBank"]},{"cards_removed":["Strike_B"],"damage_healed":0.0,"max_hp_gain":0.0,"max_hp_loss":0.0,"gold_gain":0.0,"event_name":"Golden Wing","player_choice":"Card Removal","floor":5.0,"gold_loss":0.0,"damage_taken":7.0},{"damage_healed":0.0,"max_hp_gain":0.0,"max_hp_loss":0.0,"gold_gain":0.0,"event_name":"Vampires","player_choice":"Ignored","floor":19.0,"gold_loss":0.0,"damage_taken":0.0},{"damage_healed":0.0,"max_hp_gain":0.0,"max_hp_loss":0.0,"gold_gain":0.0,"event_name":"Accursed Blacksmith","player_choice":"Rummage","floor":24.0,"gold_loss":0.0,"damage_taken":0.0,"relics_obtained":["WarpedTongs"],"cards_obtained":["Pain"]},{"damage_healed":0,"gold_gain":0,"player_choice":"Memory 1","damage_taken":0,"max_hp_gain":0,"max_hp_loss":0,"event_name":"SensoryStone","floor":46,"gold_loss":0}],"is_beta":false,"boss_relics":[{"not_picked":["Velvet Choker","Eternal Feather"],"picked":"Nuclear Battery"},{"not_picked":["Inserter","Cursed Key"],"picked":"Coffee Dripper"}],"items_purged_floors":[22,38],"is_endless":false,"potions_floor_spawned":[3,7,16,20,31,33,40,41,45,48],"ascension_level":0}