{"gold_per_floor":[111,5,5,5,17,17,92,104,152,167,201,50,50,61,61,139,139,155,167,167,82,82,82,94,17,41,41,41,53,53,53],"floor_reached":31,"playtime":647,"items_purged":["Strike_G"],"score":516,"play_id":"72e3d2f8-5a55-4ec6-976d-af1df3b2dde6","local_time":"20190728190709","is_ascension_mode":true,"campfire_choices":[{"data":"Choke","floor":6.0,"key":"SMITH"},{"data":"Blade Dance","floor":15.0,"key":"SMITH"},{"data":"Concentrate","floor":23.0,"key":"SMITH"}],"neow_cost":"NONE","seed_source_timestamp":93697005754400,"circlet_count":0,"master_deck":["AscendersBane","Defend_G","Defend_G","Defend_G","Defend_G","Defend_G","Survivor","Neutralize","Choke+1","Well Laid Plans","Blade Dance+1","Unload","Slice","Accuracy","Acrobatics","After Image","Quick Slash","Finisher"],"special_seed":0,"relics":["Ring of the Snake","Bag of Marbles","Vajra","Philosopher\u0027s Stone","Orichalcum","Ornamental Fan"],"potions_floor_usage":[],"damage_taken":[{"damage":0.0,"enemies":"2 Louse","floor":1.0,"turns":5.0},{"damage":0.0,"enemies":"Small Slimes","floor":5.0,"turns":2.0},{"damage":0.0,"enemies":"Cultist","floor":8.0,"turns":2.0},{"damage":1.0,"enemies":"Exordium Thugs","floor":10.0,"turns":4.0},{"damage":0.0,"enemies":"Gremlin Nob","floor":11.0,"turns":2.0},{"damage":1.0,"enemies":"2 Fungi Beasts","floor":14.0,"turns":3.0},{"damage":16.0,"enemies":"Slime Boss","floor":16.0,"turns":5.0},{"damage":14.0,"enemies":"Shell Parasite","floor":18.0,"turns":4.0},{"damage":7.0,"enemies":"2 Thieves","floor":19.0,"turns":3.0},{"damage":10.0,"enemies":"Cultist and Chosen","floor":24.0,"turns":5.0},{"damage":4.0,"enemies":"Colosseum Slavers","floor":27.0,"turns":4.0},{"damage":4.0,"enemies":"Centurion and Healer","floor":29.0,"turns":4.0},{"damage":23,"enemies":"Shelled Parasite and Fungi","floor":31,"turns":1}],"seed_played":"1492065777593766118","potions_obtained":[{"floor":10.0,"key":"Fire Potion"},{"floor":11.0,"key":"FearPotion"},{"floor":14.0,"key":"Block Potion"},{"floor":19.0,"key":"Poison Potion"},{"floor":24.0,"key":"Block Potion"},{"floor":28.0,"key":"PowerPotion"}],"is_trial":false,"path_per_floor":["M","$","?","?","M","R","?","M","T","M","E","$","?","M","R","B",null,"M","M","$","?","T","R","M","$","T","?","?","M","?","M"],"character_chosen":"THE_SILENT","items_purchased":["Well Laid Plans","Blade Dance","Accuracy","After Image"],"campfire_rested":0,"item_purchase_floors":[2,2,12,25],"current_hp_per_floor":[59,59,59,59,59,59,48,48,48,47,47,47,47,46,46,30,57,43,36,36,36,36,36,26,26,26,22,22,18,18,0],"gold":53,"neow_bonus":"REMOVE_CARD","is_prod":false,"is_daily":false,"chose_seed":false,"campfire_upgraded":3,"win_rate":0,"timestamp":1564312029,"path_taken":["M","$","?","?","M","R","?","M","T","M","E","$","?","M","R","BOSS","M","M","$","?","?","R","M","$","T","?","?","?","?","M"],"build_version":"2019-07-17","purchased_purges":1,"victory":false,"max_hp_per_floor":[66,66,66,66,66,66,66,66,66,66,66,66,66,66,66,66,66,66,66,66,66,66,66,66,66,66,66,66,66,66,66],"card_choices":[{"not_picked":["Bane","Blade Dance"],"picked":"Choke","floor":1.0},{"not_picked":["Quick Slash","Acrobatics","Outmaneuver"],"picked":"SKIP","floor":5.0},{"not_picked":["Dagger Spray","Concentrate","Underhanded Strike"],"picked":"SKIP","floor":8.0},{"not_picked":["Blade Dance","Cloak And Dagger","Acrobatics"],"picked":"SKIP","floor":10.0},{"not_picked":["Slice","Cloak And Dagger","Bouncing Flask"],"picked":"SKIP","floor":11.0},{"not_picked":["Cloak And Dagger","Bouncing Flask"],"picked":"Slice","floor":11.0},{"not_picked":["Flying Knee","Blade Dance","Cloak And Dagger"],"picked":"SKIP","floor":14.0},{"not_picked":["Prepared","Backflip"],"picked":"Acrobatics","floor":18.0},{"not_picked":["Choke","Blade Dance","Concentrate"],"picked":"SKIP","floor":19.0},{"not_picked":["Choke","Blade Dance"],"picked":"Concentrate","floor":19.0},{"not_picked":["Bane","All Out Attack","Cloak And Dagger"],"picked":"SKIP","floor":24.0},{"not_picked":["Acrobatics","Bouncing Flask","Prepared"],"picked":"SKIP","floor":29.0}],"player_experience":692435,"relics_obtained":[{"floor":9.0,"key":"Bag of Marbles"},{"floor":11.0,"key":"Vajra"},{"floor":22.0,"key":"Ornamental Fan"}],"event_choices":[{"damage_healed":0.0,"max_hp_gain":0.0,"max_hp_loss":0.0,"gold_gain":0.0,"event_name":"Liars Game","player_choice":"Ignored","floor":3.0,"gold_loss":0.0,"damage_taken":0.0},{"damage_healed":0.0,"max_hp_gain":0.0,"max_hp_loss":0.0,"gold_gain":0.0,"cards_transformed":["Strike_G"],"event_name":"Living Wall","player_choice":"Change","floor":4.0,"gold_loss":0.0,"damage_taken":0.0,"cards_obtained":["Unload"]},{"damage_healed":0.0,"max_hp_gain":0.0,"max_hp_loss":0.0,"gold_gain":75.0,"event_name":"World of Goop","player_choice":"Gather Gold","floor":7.0,"gold_loss":0.0,"damage_taken":11.0},{"cards_removed":["Strike_G"],"damage_healed":0.0,"max_hp_gain":0.0,"max_hp_loss":0.0,"gold_gain":0.0,"event_name":"Wheel of Change","player_choice":"Card Removal","floor":13.0,"gold_loss":0.0,"damage_taken":0.0},{"damage_healed":0.0,"max_hp_gain":0.0,"max_hp_loss":0.0,"gold_gain":0.0,"event_name":"Addict","player_choice":"Obtained Relic","floor":21.0,"gold_loss":85.0,"damage_taken":0.0,"relics_obtained":["Orichalcum"]},{"damage_healed":0.0,"max_hp_gain":0.0,"max_hp_loss":0.0,"gold_gain":0.0,"event_name":"Colosseum","player_choice":"Fight","floor":27.0,"gold_loss":0.0,"damage_taken":0.0},{"damage_healed":0.0,"max_hp_gain":0.0,"max_hp_loss":0.0,"gold_gain":0.0,"event_name":"Colosseum","player_choice":"Fled From Nobs","floor":27.0,"gold_loss":0.0,"damage_taken":0.0},{"damage_healed":0.0,"max_hp_gain":0.0,"max_hp_loss":0.0,"gold_gain":0.0,"event_name":"Lab","player_choice":"Got Potions","floor":28.0,"gold_loss":0.0,"damage_taken":0.0},{"damage_healed":0,"gold_gain":0,"cards_transformed":["Strike_G","Concentrate"],"player_choice":"Became Test Subject","damage_taken":0,"max_hp_gain":0,"max_hp_loss":0,"event_name":"Drug Dealer","floor":30,"gold_loss":0,"cards_obtained":["Quick Slash","Finisher"]}],"is_beta":false,"boss_relics":[{"not_picked":["Busted Crown","Black Star"],"picked":"Philosopher\u0027s Stone"}],"items_purged_floors":[12],"is_endless":false,"potions_floor_spawned":[10,11,14,19,24,27],"killed_by":"Shelled Parasite and Fungi","ascension_level":20}