{"gold_per_floor":[119,44,57,57,57,57,57,57,57,57,73,117,141,176,176,275,275,300,300,318,338,338,338,338,338,410,142,163,163,188,213,213,304,304,322,346,53,53,53,53,76,92,115,115,135,168,168,188,188,188],"floor_reached":50,"playtime":2345,"items_purged":["Perfected Strike","Dual Wield","Twin Strike+1"],"score":1014,"play_id":"9a5948bf-3eaa-4138-a70e-60774de18b69","local_time":"20181115172155","is_ascension_mode":true,"campfire_choices":[{"data":"True Grit","floor":6.0,"key":"SMITH"},{"data":"Twin Strike","floor":8.0,"key":"SMITH"},{"floor":10.0,"key":"REST"},{"data":"Rampage","floor":15.0,"key":"SMITH"},{"floor":23.0,"key":"REST"},{"floor":29.0,"key":"REST"},{"floor":32.0,"key":"REST"},{"data":"Dark Embrace","floor":40.0,"key":"SMITH"},{"data":"Feel No Pain","floor":44.0,"key":"SMITH"},{"floor":47.0,"key":"REST"},{"floor":49.0,"key":"RECALL"}],"neow_cost":"NONE","seed_source_timestamp":1316885635104730,"circlet_count":0,"master_deck":["AscendersBane","Evolve","Rage+1","Pummel+1","Thunderclap+1","Warcry","Burning Pact","True Grit+1","Rampage+1","Shrug It Off","Juggernaut","Feel No Pain+1","Dropkick+1","Dark Embrace+1","Headbutt+1","Impervious","Metallicize"],"special_seed":0,"relics":["Pandora\u0027s Box","Golden Idol","Shuriken","Anchor","Strawberry","Philosopher\u0027s Stone","Boot","Bottled Flame","Whetstone","Mark of Pain","Bag of Preparation","Omamori"],"potions_floor_usage":[50],"damage_taken":[{"damage":23.0,"enemies":"Jaw Worm","floor":1.0,"turns":4.0},{"damage":6.0,"enemies":"2 Louse","floor":3.0,"turns":3.0},{"damage":1.0,"enemies":"Cultist","floor":11.0,"turns":4.0},{"damage":17.0,"enemies":"3 Sentries","floor":12.0,"turns":6.0},{"damage":0.0,"enemies":"Large Slime","floor":13.0,"turns":4.0},{"damage":22.0,"enemies":"Lagavulin","floor":14.0,"turns":7.0},{"damage":21.0,"enemies":"Hexaghost","floor":16.0,"turns":9.0},{"damage":6.0,"enemies":"3 Byrds","floor":18.0,"turns":3.0},{"damage":21.0,"enemies":"2 Thieves","floor":20.0,"turns":4.0},{"damage":31.0,"enemies":"Cultist and Chosen","floor":21.0,"turns":6.0},{"damage":10.0,"enemies":"Shelled Parasite and Fungi","floor":28.0,"turns":4.0},{"damage":18.0,"enemies":"Snake Plant","floor":30.0,"turns":3.0},{"damage":2.0,"enemies":"Snecko","floor":31.0,"turns":4.0},{"damage":28.0,"enemies":"Collector","floor":33.0,"turns":9.0},{"damage":14.0,"enemies":"3 Shapes","floor":35.0,"turns":3.0},{"damage":8.0,"enemies":"Orb Walker","floor":36.0,"turns":3.0},{"damage":21.0,"enemies":"Writhing Mass","floor":41.0,"turns":5.0},{"damage":0.0,"enemies":"4 Shapes","floor":42.0,"turns":4.0},{"damage":0.0,"enemies":"Transient","floor":45.0,"turns":6.0},{"damage":0.0,"enemies":"Nemesis","floor":46.0,"turns":9.0},{"damage":4.0,"enemies":"Writhing Mass","floor":48.0,"turns":6.0},{"damage":58,"enemies":"Awakened One","floor":50,"turns":9}],"seed_played":"-2809845102919677576","potions_obtained":[{"floor":1.0,"key":"PowerPotion"},{"floor":13.0,"key":"Poison Potion"},{"floor":16.0,"key":"Fruit Juice"},{"floor":21.0,"key":"Ancient Potion"},{"floor":31.0,"key":"Poison Potion"},{"floor":35.0,"key":"Fruit Juice"},{"floor":36.0,"key":"Ancient Potion"},{"floor":46.0,"key":"Poison Potion"}],"is_trial":false,"path_per_floor":["M","$","M","$","?","R","?","R","T","R","M","E","M","E","R","B",null,"M","T","M","M","?","R","?","?","T","$","M","R","M","M","R","B",null,"M","M","$","?","?","R","M","M","T","R","M","E","R","M","R","B"],"character_chosen":"IRONCLAD","items_purchased":["Whetstone","Bag of Preparation"],"campfire_rested":5,"item_purchase_floors":[27,37],"current_hp_per_floor":[45,45,39,39,39,39,39,39,39,59,58,41,41,26,26,10,63,57,57,36,5,5,29,29,29,29,29,19,43,25,23,47,19,65,56,48,48,48,48,48,27,27,27,27,27,27,51,47,47,0],"gold":188,"neow_bonus":"BOSS_RELIC","is_prod":false,"is_daily":false,"chose_seed":false,"campfire_upgraded":5,"win_rate":0,"timestamp":1542273715,"path_taken":["M","$","M","$","?","R","?","R","T","R","M","E","M","E","R","BOSS","M","?","M","M","?","R","?","?","T","$","M","R","M","M","R","BOSS","M","M","$","?","?","R","M","M","T","R","M","E","R","M","R","BOSS"],"build_version":"2018-11-13","purchased_purges":3,"victory":false,"max_hp_per_floor":[75,75,75,75,68,68,68,68,68,68,68,68,68,75,75,80,80,80,80,80,80,80,80,80,80,80,80,80,80,80,80,80,80,80,85,85,85,85,81,81,81,81,81,81,81,81,81,81,81,81],"card_choices":[{"not_picked":["Bloodletting","Body Slam"],"picked":"True Grit","floor":1.0},{"not_picked":["Evolve","Entrench","Iron Wave"],"picked":"SKIP","floor":3.0},{"not_picked":["Intimidate","Warcry"],"picked":"Rampage","floor":11.0},{"not_picked":["Fire Breathing","Sentinel","Armaments"],"picked":"SKIP","floor":12.0},{"not_picked":["Heavy Blade","Warcry"],"picked":"Shrug It Off","floor":13.0},{"not_picked":["Clothesline","Spot Weakness","Heavy Blade"],"picked":"SKIP","floor":14.0},{"not_picked":["Impervious","Exhume"],"picked":"Juggernaut","floor":16.0},{"not_picked":["Warcry","Entrench","Twin Strike"],"picked":"SKIP","floor":18.0},{"not_picked":["Havoc","Armaments","Pommel Strike"],"picked":"SKIP","floor":20.0},{"not_picked":["Sentinel","Shockwave","Thunderclap"],"picked":"SKIP","floor":21.0},{"not_picked":["Rage","Second Wind","Corruption"],"picked":"SKIP","floor":28.0},{"not_picked":["Clash+1","Heavy Blade"],"picked":"Dropkick+1","floor":30.0},{"not_picked":["Dual Wield","Twin Strike","Perfected Strike"],"picked":"SKIP","floor":31.0},{"not_picked":["Limit Break","Demon Form"],"picked":"Dark Embrace","floor":33.0},{"not_picked":["Pommel Strike","Wild Strike"],"picked":"Headbutt+1","floor":35.0},{"not_picked":["Intimidate","Feel No Pain+1","Anger"],"picked":"SKIP","floor":36.0},{"not_picked":["Heavy Blade","Evolve","Havoc"],"picked":"SKIP","floor":41.0},{"not_picked":["Body Slam+1","Clash+1"],"picked":"Impervious","floor":42.0},{"not_picked":["Evolve","Clothesline"],"picked":"Metallicize","floor":45.0},{"not_picked":["True Grit+1","Wild Strike","Shrug It Off+1"],"picked":"SKIP","floor":46.0},{"not_picked":["Blood for Blood+1","Anger","Clash"],"picked":"SKIP","floor":48.0}],"player_experience":487211,"relics_obtained":[{"floor":9.0,"key":"Shuriken"},{"floor":12.0,"key":"Anchor"},{"floor":14.0,"key":"Strawberry"},{"floor":19.0,"key":"Boot"},{"floor":26.0,"key":"Bottled Flame"},{"floor":46.0,"key":"Omamori"}],"event_choices":[{"damage_healed":0.0,"max_hp_gain":0.0,"max_hp_loss":7.0,"gold_gain":0.0,"event_name":"Golden Idol","player_choice":"Lose Max HP","floor":5.0,"gold_loss":0.0,"damage_taken":0.0,"relics_obtained":["Golden Idol"]},{"damage_healed":0.0,"max_hp_gain":0.0,"max_hp_loss":0.0,"gold_gain":0.0,"event_name":"Accursed Blacksmith","player_choice":"Forge","floor":7.0,"gold_loss":0.0,"damage_taken":0.0,"cards_upgraded":["Rage"]},{"cards_removed":["Bash"],"damage_healed":0.0,"max_hp_gain":0.0,"max_hp_loss":0.0,"gold_gain":0.0,"event_name":"Back to Basics","player_choice":"Elegance","floor":22.0,"gold_loss":0.0,"damage_taken":0.0},{"damage_healed":0.0,"max_hp_gain":0.0,"max_hp_loss":0.0,"gold_gain":0.0,"event_name":"The Library","player_choice":"Read","floor":24.0,"gold_loss":0.0,"damage_taken":0.0,"cards_obtained":["Feel No Pain"]},{"damage_healed":0.0,"max_hp_gain":0.0,"max_hp_loss":0.0,"gold_gain":0.0,"event_name":"Cursed Tome","player_choice":"Ignored","floor":25.0,"gold_loss":0.0,"damage_taken":0.0},{"damage_healed":0.0,"max_hp_gain":0.0,"max_hp_loss":0.0,"gold_gain":0.0,"event_name":"Mysterious Sphere","player_choice":"Ignored","floor":38.0,"gold_loss":0.0,"damage_taken":0.0},{"damage_healed":0.0,"max_hp_gain":0.0,"max_hp_loss":4.0,"gold_gain":0.0,"event_name":"Winding Halls","player_choice":"Max HP","floor":39.0,"gold_loss":0.0,"damage_taken":0.0}],"is_beta":true,"boss_relics":[{"not_picked":["Velvet Choker","Orrery"],"picked":"Philosopher\u0027s Stone"},{"not_picked":["Runic Pyramid","White Beast Statue"],"picked":"Mark of Pain"}],"items_purged_floors":[2,27,37],"is_endless":false,"potions_floor_spawned":[1,13,16,21,31,35,36,46],"killed_by":"Awakened One","ascension_level":20}