{"gold_per_floor":[111,125,34,34,60,89,89,101,139,175,199,211,223,265,277,363,375,399,411,423],"floor_reached":20,"playtime":452,"items_purged":[],"score":356,"play_id":"8deae32e-4d4c-400e-89e2-99ca9795d2f8","local_time":"20180924145252","is_ascension_mode":true,"campfire_choices":[{"floor":12,"key":"REST"},{"floor":15,"key":"REST"}],"neow_cost":"NONE","seed_source_timestamp":267663806941031,"circlet_count":0,"master_deck":["Strike_R","Strike_R","Strike_R","Strike_R","Defend_R","Defend_R","Defend_R","Defend_R","Bash","AscendersBane","Cleave","Thunderclap","Corruption","Spot Weakness","Evolve","Exhume","Flex","Warcry+1","Decay"],"relics":["Burning Blood","Bronze Scales","Question Card","Orichalcum","Juzu Bracelet","MawBank","Prayer Wheel","Vajra","Bag of Marbles","Art of War","Cursed Key"],"potions_floor_usage":[],"damage_taken":[{"damage":15,"enemies":"Small Slimes","floor":1,"turns":3},{"damage":7,"enemies":"Jaw Worm","floor":2,"turns":3},{"damage":38,"enemies":"Gremlin Nob","floor":6,"turns":5},{"damage":1,"enemies":"Cultist","floor":11,"turns":3},{"damage":20,"enemies":"Lagavulin","floor":14,"turns":6},{"damage":42,"enemies":"The Guardian","floor":16,"turns":12},{"damage":43,"enemies":"Chosen","floor":18,"turns":4},{"damage":23,"enemies":"Colosseum Slavers","floor":20,"turns":1}],"seed_played":"-4420947203830415542","potions_obtained":[{"floor":2,"key":"Dexterity Potion"},{"floor":16,"key":"Energy Potion"}],"is_trial":false,"path_per_floor":["M","M","$","?","T","E","?","?","T","T","M","R","?","E","R","B",null,"M","?"],"character_chosen":"IRONCLAD","items_purchased":["Corruption"],"campfire_rested":2,"item_purchase_floors":[3],"current_hp_per_floor":[59,58,58,47,47,15,15,15,15,15,20,42,35,21,43,7,58,21,21,0],"gold":423,"neow_bonus":"RANDOM_COMMON_RELIC","is_prod":false,"is_daily":false,"chose_seed":false,"campfire_upgraded":0,"win_rate":0,"timestamp":1537771972,"path_taken":["M","M","$","?","?","E","?","?","T","?","M","R","?","E","R","BOSS","M","?","?"],"build_version":"2018-09-20","purchased_purges":0,"victory":false,"max_hp_per_floor":[75,75,75,75,75,75,75,75,75,75,75,75,75,75,75,75,75,75,75,75],"card_choices":[{"not_picked":["Hemokinesis","Clothesline"],"picked":"Cleave","floor":1},{"not_picked":["Sword Boomerang","Pommel Strike"],"picked":"Thunderclap","floor":2},{"not_picked":["Thunderclap","Sever Soul","Pummel","True Grit"],"picked":"SKIP","floor":6},{"not_picked":["Brutality","Pommel Strike","Searing Blow"],"picked":"Spot Weakness","floor":11},{"not_picked":["Shockwave","Burning Pact","Warcry","Twin Strike"],"picked":"SKIP","floor":11},{"not_picked":["Body Slam","Thunderclap","Corruption"],"picked":"Evolve","floor":14},{"not_picked":["Berserk","Barricade","Bludgeon"],"picked":"Exhume","floor":16},{"not_picked":["Iron Wave+1","Heavy Blade","Wild Strike"],"picked":"Flex","floor":18},{"not_picked":["Cleave","Reckless Charge+1","Perfected Strike"],"picked":"Warcry+1","floor":18}],"player_experience":126387,"relics_obtained":[{"floor":5,"key":"Orichalcum"},{"floor":6,"key":"Juzu Bracelet"},{"floor":9,"key":"Vajra"},{"floor":10,"key":"Bag of Marbles"},{"floor":14,"key":"Art of War"}],"event_choices":[{"event_name":"Scrap Ooze","player_choice":"success","floor":4,"damage_taken":11},{"event_name":"WeMeetAgain","player_choice":"Potion","floor":7,"damage_taken":0},{"event_name":"Dead Adventurer","player_choice":"Searched \u00272\u0027 times","floor":8,"damage_taken":0},{"event_name":"Golden Wing","player_choice":"Card Removal","floor":13,"damage_taken":0},{"event_name":"Forgotten Altar","player_choice":"Smashed Altar","floor":19,"damage_taken":0},{"event_name":"Colosseum","player_choice":"Fight","floor":20,"damage_taken":0}],"is_beta":false,"boss_relics":[{"not_picked":["Tiny House","Sozu"],"picked":"Cursed Key"}],"items_purged_floors":[],"is_endless":false,"potions_floor_spawned":[2,16],"killed_by":"Colosseum Slavers","ascension_level":20}