{"gold_per_floor":[110,110,125,125,135,135,146,146,146,146,162,194,119,119,119,119],"floor_reached":16,"playtime":491,"items_purged":["Strike_G"],"score":200,"play_id":"0d3342da-de49-4e71-b4aa-a4b0a5301b60","local_time":"20190629100815","is_ascension_mode":true,"campfire_choices":[{"data":"Neutralize","floor":6.0,"key":"SMITH"},{"data":"Bane","floor":10.0,"key":"SMITH"},{"data":"Calculated Gamble","floor":15.0,"key":"SMITH"}],"neow_cost":"NONE","seed_source_timestamp":50990130162745,"circlet_count":0,"master_deck":["AscendersBane","Defend_G","Defend_G","Defend_G","Defend_G","Defend_G","Strike_G","Strike_G","Survivor","Neutralize+1","Calculated Gamble+1","Backstab","Bane+1","Acrobatics","Masterful Stab","Reflex"],"special_seed":0,"relics":["Ring of the Snake","Bag of Marbles","Turnip","FossilizedHelix","Golden Idol"],"potions_floor_usage":[16],"damage_taken":[{"damage":0.0,"enemies":"Small Slimes","floor":1.0,"turns":4.0},{"damage":0.0,"enemies":"2 Louse","floor":3.0,"turns":1.0},{"damage":0.0,"enemies":"Cultist","floor":5.0,"turns":3.0},{"damage":0.0,"enemies":"2 Fungi Beasts","floor":7.0,"turns":3.0},{"damage":3.0,"enemies":"Exordium Wildlife","floor":11.0,"turns":6.0},{"damage":10.0,"enemies":"3 Sentries","floor":12.0,"turns":7.0},{"damage":50,"enemies":"Slime Boss","floor":16,"turns":7}],"seed_played":"178163975495265922","potions_obtained":[{"floor":5.0,"key":"Strength Potion"},{"floor":12.0,"key":"Poison Potion"}],"is_trial":false,"path_per_floor":["M","?","M","?","M","R","M","?","T","R","M","E","$","?","R","B"],"character_chosen":"THE_SILENT","items_purchased":[],"campfire_rested":0,"item_purchase_floors":[],"current_hp_per_floor":[59,59,59,59,59,59,59,59,59,59,56,46,46,46,46,0],"gold":119,"neow_bonus":"RANDOM_COMMON_RELIC","is_prod":false,"is_daily":false,"chose_seed":false,"campfire_upgraded":3,"win_rate":0,"timestamp":1561774095,"path_taken":["M","?","M","?","?","R","M","?","T","R","M","E","?","?","R","BOSS"],"build_version":"2019-01-23","purchased_purges":1,"victory":false,"max_hp_per_floor":[66,66,66,66,66,66,66,66,66,66,66,66,66,60,60,60],"card_choices":[{"not_picked":["Cloak And Dagger","Blade Dance"],"picked":"Calculated Gamble","floor":1.0},{"not_picked":["Prepared","Cloak And Dagger"],"picked":"Bane","floor":3.0},{"not_picked":["PiercingWail","Tactician"],"picked":"Acrobatics","floor":5.0},{"not_picked":["Expertise","Dodge and Roll","Sucker Punch"],"picked":"SKIP","floor":7.0},{"not_picked":["Leg Sweep","Deflect"],"picked":"Masterful Stab","floor":11.0},{"not_picked":["PiercingWail","Tactician"],"picked":"Reflex","floor":12.0}],"player_experience":1492132,"relics_obtained":[{"floor":9.0,"key":"Turnip"},{"floor":12.0,"key":"FossilizedHelix"}],"event_choices":[{"damage_healed":0.0,"max_hp_gain":0.0,"max_hp_loss":0.0,"gold_gain":0.0,"cards_transformed":["Strike_G"],"event_name":"Living Wall","player_choice":"Change","floor":2.0,"gold_loss":0.0,"damage_taken":0.0,"cards_obtained":["Backstab"]},{"cards_removed":["Strike_G"],"damage_healed":0.0,"max_hp_gain":0.0,"max_hp_loss":0.0,"gold_gain":0.0,"event_name":"Purifier","player_choice":"Purged","floor":4.0,"gold_loss":0.0,"damage_taken":0.0},{"damage_healed":0.0,"max_hp_gain":0.0,"max_hp_loss":0.0,"gold_gain":0.0,"event_name":"Dead Adventurer","player_choice":"Searched \u00271\u0027 times","floor":8.0,"gold_loss":0.0,"damage_taken":0.0},{"damage_healed":0.0,"max_hp_gain":0.0,"max_hp_loss":6.0,"gold_gain":0.0,"event_name":"Golden Idol","player_choice":"Lose Max HP","floor":14.0,"gold_loss":0.0,"damage_taken":0.0,"relics_obtained":["Golden Idol"]}],"is_beta":false,"boss_relics":[],"items_purged_floors":[13],"is_endless":false,"potions_floor_spawned":[5,12],"killed_by":"Slime Boss","ascension_level":20}