{"gold_per_floor":[365,365,378,391,31,86,86,143,168,201,151,151,176,72,72,144,144,158,199,12,12,12,12,31,56,56,56,73,117,7,23,23,97,147,192,192,210,160,170,170,206,206,206,219,230,16,30,65,65,65,65],"floor_reached":52,"playtime":3100,"items_purged":["Strike_B","Strike_B","Strike_B","Defend_B","Clumsy"],"score":1738,"play_id":"73cb5a0d-4e3c-4ebd-8cb2-3620ae0af665","local_time":"20190202223304","is_ascension_mode":true,"campfire_choices":[{"data":"Zap","floor":7.0,"key":"SMITH"},{"data":"Darkness","floor":12.0,"key":"SMITH"},{"data":"Dualcast","floor":15.0,"key":"SMITH"},{"data":"Coolheaded","floor":23.0,"key":"SMITH"},{"data":"Capacitor","floor":27.0,"key":"SMITH"},{"data":"Double Energy","floor":32.0,"key":"SMITH"},{"data":"Defragment","floor":40.0,"key":"SMITH"},{"data":"Consume","floor":42.0,"key":"SMITH"},{"floor":49.0,"key":"REST"}],"neow_cost":"CURSE","seed_source_timestamp":2633812435696,"circlet_count":0,"master_deck":["AscendersBane","Defend_B+1","Defend_B","Zap+1","Dualcast+1","Conserve Battery","Rebound+1","HandOfGreed+1","Echo Form","Genetic Algorithm+1","Darkness+1","Multi-Cast","Chill","Capacitor+1","Coolheaded+1","Turbo","Self Repair","Rainbow","Double Energy+1","Meteor Strike","Reboot","Consume+1","Defragment+1","Coolheaded","Coolheaded+1"],"special_seed":0,"relics":["Cracked Core","Whetstone","Bronze Scales","Art of War","Smiling Mask","Oddly Smooth Stone","Nuclear Battery","Pear","Letter Opener","Tiny House","Pantograph","Lantern"],"potions_floor_usage":[],"damage_taken":[{"damage":14.0,"enemies":"Jaw Worm","floor":1.0,"turns":4.0},{"damage":0.0,"enemies":"Cultist","floor":3.0,"turns":3.0},{"damage":11.0,"enemies":"Small Slimes","floor":4.0,"turns":4.0},{"damage":16.0,"enemies":"Gremlin Nob","floor":6.0,"turns":3.0},{"damage":13.0,"enemies":"3 Sentries","floor":8.0,"turns":4.0},{"damage":6.0,"enemies":"Lagavulin","floor":10.0,"turns":5.0},{"damage":4.0,"enemies":"Hexaghost","floor":16.0,"turns":7.0},{"damage":1.0,"enemies":"Shell Parasite","floor":18.0,"turns":3.0},{"damage":5.0,"enemies":"3 Byrds","floor":19.0,"turns":3.0},{"damage":6.0,"enemies":"Centurion and Healer","floor":24.0,"turns":7.0},{"damage":19.0,"enemies":"Book of Stabbing","floor":25.0,"turns":5.0},{"damage":0.0,"enemies":"Snake Plant","floor":28.0,"turns":2.0},{"damage":5.0,"enemies":"Cultist and Chosen","floor":29.0,"turns":5.0},{"damage":6.0,"enemies":"Snecko","floor":31.0,"turns":4.0},{"damage":21.0,"enemies":"Champ","floor":33.0,"turns":10.0},{"damage":2.0,"enemies":"Orb Walker","floor":35.0,"turns":3.0},{"damage":0.0,"enemies":"3 Darklings","floor":37.0,"turns":5.0},{"damage":16.0,"enemies":"Maw","floor":39.0,"turns":7.0},{"damage":51.0,"enemies":"Spire Growth","floor":41.0,"turns":5.0},{"damage":23.0,"enemies":"Jaw Worm Horde","floor":44.0,"turns":9.0},{"damage":3.0,"enemies":"Transient","floor":45.0,"turns":6.0},{"damage":12.0,"enemies":"Writhing Mass","floor":47.0,"turns":4.0},{"damage":4.0,"enemies":"Jaw Worm Horde","floor":48.0,"turns":6.0},{"damage":45.0,"enemies":"Donu and Deca","floor":50.0,"turns":7.0},{"damage":19,"enemies":"Awakened One","floor":51,"turns":20}],"seed_played":"4917168203860414643","potions_obtained":[{"floor":3.0,"key":"Energy Potion"},{"floor":4.0,"key":"SkillPotion"},{"floor":10.0,"key":"EssenceOfSteel"},{"floor":16.0,"key":"Swift Potion"},{"floor":24.0,"key":"Dexterity Potion"},{"floor":25.0,"key":"Fire Potion"},{"floor":33.0,"key":"GamblersBrew"},{"floor":34.0,"key":"SkillPotion"},{"floor":39.0,"key":"Poison Potion"},{"floor":41.0,"key":"GamblersBrew"},{"floor":44.0,"key":"Ancient Potion"}],"is_trial":false,"path_per_floor":["M","?","M","M","$","E","R","E","T","E","$","R","T","$","R","B",null,"M","M","$","?","?","R","M","E","T","R","M","M","?","M","R","B",null,"M","?","M","$","M","R","M","R","T","M","M","$","M","M","R","B","B",null],"character_chosen":"DEFECT","items_purchased":["HandOfGreed","Whetstone","SkillPotion","Coolheaded","Ancient Potion","Lantern"],"campfire_rested":1,"item_purchase_floors":[5,5,14,20,20,46],"current_hp_per_floor":[50,71,71,60,60,44,44,31,31,25,25,25,25,25,25,21,59,58,53,53,53,53,53,47,38,38,38,45,47,47,41,41,27,73,71,71,78,78,69,69,25,25,25,16,20,20,15,18,43,23,36],"gold":65,"neow_bonus":"TWO_FIFTY_GOLD","is_prod":false,"is_daily":false,"chose_seed":false,"campfire_upgraded":8,"win_rate":0,"timestamp":1549117984,"path_taken":["M","?","?","M","$","E","R","E","T","E","?","R","?","$","R","BOSS","M","?","$","?","?","R","M","E","T","R","M","M","?","?","R","BOSS","M","?","M","$","?","R","M","R","T","M","M","$","M","M","R","BOSS","BOSS"],"build_version":"2019-01-23","purchased_purges":5,"victory":true,"max_hp_per_floor":[71,71,71,71,71,71,71,71,71,71,71,71,71,71,71,71,71,71,71,71,71,71,71,71,81,81,81,81,81,81,81,81,81,86,86,86,86,86,86,86,86,86,86,86,86,86,86,86,86,86,86],"card_choices":[{"not_picked":["Steam Power","Blizzard"],"picked":"Conserve Battery","floor":1.0},{"not_picked":["Reprogram","Beam Cell","Conserve Battery"],"picked":"SKIP","floor":3.0},{"not_picked":["Redo","Sweeping Beam"],"picked":"Rebound","floor":4.0},{"not_picked":["Lockon","Aggregate"],"picked":"Echo Form","floor":6.0},{"not_picked":["Go for the Eyes","Turbo"],"picked":"Genetic Algorithm","floor":8.0},{"not_picked":["Go for the Eyes","BootSequence"],"picked":"Darkness","floor":10.0},{"not_picked":["Amplify","Creative AI"],"picked":"Multi-Cast","floor":16.0},{"not_picked":["Steam","Conserve Battery"],"picked":"Chill","floor":18.0},{"not_picked":["Self Repair","Leap"],"picked":"Capacitor","floor":19.0},{"not_picked":["Genetic Algorithm","Ball Lightning"],"picked":"Turbo","floor":24.0},{"not_picked":["Cold Snap","Beam Cell"],"picked":"Self Repair","floor":25.0},{"not_picked":["Barrage","Steam","Blizzard+1"],"picked":"SKIP","floor":28.0},{"not_picked":["Tempest","Cold Snap+1"],"picked":"Rainbow","floor":29.0},{"not_picked":["Turbo","Tempest"],"picked":"Double Energy","floor":31.0},{"not_picked":["Amplify","Machine Learning"],"picked":"Meteor Strike","floor":33.0},{"not_picked":["Sunder","Gash","Chill"],"picked":"SKIP","floor":35.0},{"not_picked":["Sweeping Beam","Capacitor"],"picked":"Consume","floor":37.0},{"not_picked":["Sweeping Beam+1","Rebound"],"picked":"Defragment","floor":39.0},{"not_picked":["Steam","Aggregate"],"picked":"Coolheaded","floor":41.0},{"not_picked":["Melter","Stack"],"picked":"Coolheaded+1","floor":44.0},{"not_picked":["Stack","Cold Snap+1","Conserve Battery"],"picked":"SKIP","floor":45.0},{"not_picked":["Darkness+1","Static Discharge","Melter"],"picked":"SKIP","floor":47.0},{"not_picked":["Static Discharge+1","Buffer","Self Repair"],"picked":"SKIP","floor":48.0}],"player_experience":2464479,"relics_obtained":[{"floor":6.0,"key":"Bronze Scales"},{"floor":8.0,"key":"Art of War"},{"floor":10.0,"key":"Smiling Mask"},{"floor":13.0,"key":"Oddly Smooth Stone"},{"floor":25.0,"key":"Pear"},{"floor":26.0,"key":"Letter Opener"},{"floor":43.0,"key":"Pantograph"}],"event_choices":[{"damage_healed":21.0,"max_hp_gain":0.0,"max_hp_loss":0.0,"gold_gain":0.0,"event_name":"Wheel of Change","player_choice":"Full Heal","floor":2.0,"gold_loss":0.0,"damage_taken":0.0},{"damage_healed":0.0,"max_hp_gain":0.0,"max_hp_loss":0.0,"gold_gain":0.0,"event_name":"Cursed Tome","player_choice":"Ignored","floor":21.0,"gold_loss":0.0,"damage_taken":0.0},{"cards_removed":["Strike_B"],"damage_healed":0.0,"max_hp_gain":0.0,"max_hp_loss":0.0,"gold_gain":0.0,"event_name":"Designer","player_choice":"Upgrade and Remove","floor":30.0,"gold_loss":110.0,"damage_taken":0.0,"cards_upgraded":["Defend_B"]},{"damage_healed":0.0,"max_hp_gain":0.0,"max_hp_loss":0.0,"gold_gain":0.0,"cards_transformed":["Defend_B"],"event_name":"Transmorgrifier","player_choice":"Transformed","floor":36.0,"gold_loss":0.0,"damage_taken":0.0,"cards_obtained":["Reboot"]}],"is_beta":false,"boss_relics":[{"not_picked":["White Beast Statue","Black Star"],"picked":"Nuclear Battery"},{"not_picked":["Pandora\u0027s Box","Lizard Tail"],"picked":"Tiny House"}],"items_purged_floors":[11,14,20,38,46],"is_endless":false,"potions_floor_spawned":[3,4,10,16,24,25,33,39,41,44],"ascension_level":20}