{"gold_per_floor":[116,41,41,54,67,67,81,91,138,138,149,149,180,197,197,274,274,289,189,221,234,244,244,260,273,273,273,306,306,317,350,350,422,472,485,1484,965,965,982,1016,1016,1016,1016,309,322,341,357,371,371,371,371,371,371,54,79,79],"floor_reached":57,"playtime":3851,"items_purged":["Strike_G","Strike_G","Strike_G","Strike_G"],"score":3231,"play_id":"8194bc2a-b9ac-4c9e-9035-76197ff89ebf","local_time":"20190124134310","is_ascension_mode":true,"campfire_choices":[{"data":"Neutralize","floor":6.0,"key":"SMITH"},{"data":"Corpse Explosion","floor":10.0,"key":"SMITH"},{"data":"Poisoned Stab","floor":12.0,"key":"SMITH"},{"data":"Cloak And Dagger","floor":15.0,"key":"SMITH"},{"data":"Calculated Gamble","floor":23,"key":"SMITH"},{"data":"Footwork","floor":27,"key":"SMITH"},{"floor":29,"key":"RECALL"},{"data":"Reflex","floor":32,"key":"SMITH"},{"data":"Disarm","floor":41,"key":"SMITH"},{"data":"Night Terror","floor":49,"key":"SMITH"},{"data":"Storm of Steel","floor":53,"key":"SMITH"}],"neow_cost":"TEN_PERCENT_HP_LOSS","seed_source_timestamp":400082736568,"circlet_count":0,"master_deck":["AscendersBane","Defend_G+1","Defend_G","Defend_G","Defend_G+1","Survivor+1","Neutralize+1","After Image","Blur","Poisoned Stab+1","Corpse Explosion+1","Footwork+1","Cloak And Dagger+1","Storm of Steel+1","Escape Plan","Calculated Gamble+1","Setup+1","Heel Hook","Crippling Poison+1","Reflex+1","Night Terror+1","Ghostly Armor+1","Disarm+1","Endless Agony+1","Dark Shackles","Acrobatics"],"special_seed":0,"relics":["Ring of the Snake","Bag of Preparation","Shuriken","Runic Pyramid","Red Mask","Ornamental Fan","Omamori","Bronze Scales","Tiny House","PrismaticShard","War Paint","Dream Catcher","ClockworkSouvenir","Tough Bandages","Kunai","Bag of Marbles"],"potions_floor_usage":[22,22,30,56,56],"damage_taken":[{"damage":3.0,"enemies":"Cultist","floor":1.0,"turns":6.0},{"damage":0.0,"enemies":"Jaw Worm","floor":4.0,"turns":6.0},{"damage":0.0,"enemies":"Small Slimes","floor":5.0,"turns":4.0},{"damage":1.0,"enemies":"Looter","floor":7.0,"turns":4.0},{"damage":0.0,"enemies":"2 Fungi Beasts","floor":8.0,"turns":3.0},{"damage":2.0,"enemies":"Exordium Thugs","floor":11.0,"turns":4.0},{"damage":7.0,"enemies":"Lagavulin","floor":13.0,"turns":7.0},{"damage":5.0,"enemies":"Red Slaver","floor":14.0,"turns":5.0},{"damage":11.0,"enemies":"The Guardian","floor":16.0,"turns":11.0},{"damage":0.0,"enemies":"3 Byrds","floor":18.0,"turns":3.0},{"damage":0.0,"enemies":"Masked Bandits","floor":20.0,"turns":2.0},{"damage":2.0,"enemies":"2 Thieves","floor":21.0,"turns":4.0},{"damage":1,"enemies":"Cultist and Chosen","floor":22,"turns":6},{"damage":0,"enemies":"Centurion and Healer","floor":24,"turns":5},{"damage":3,"enemies":"Snake Plant","floor":25,"turns":6},{"damage":8,"enemies":"Slavers","floor":28,"turns":3},{"damage":0,"enemies":"Chosen and Byrds","floor":30,"turns":3},{"damage":0,"enemies":"Gremlin Leader","floor":31,"turns":6},{"damage":0,"enemies":"Collector","floor":33,"turns":10},{"damage":0,"enemies":"3 Shapes","floor":35,"turns":5},{"damage":0,"enemies":"Orb Walker","floor":39,"turns":4},{"damage":0,"enemies":"Giant Head","floor":40,"turns":9},{"damage":0,"enemies":"Spire Growth","floor":45,"turns":6},{"damage":0,"enemies":"4 Shapes","floor":46,"turns":3},{"damage":0,"enemies":"Maw","floor":47,"turns":7},{"damage":0,"enemies":"Jaw Worm Horde","floor":48,"turns":3},{"damage":0,"enemies":"Time Eater","floor":50,"turns":17},{"damage":0,"enemies":"Awakened One","floor":51,"turns":11},{"damage":3,"enemies":"Shield and Spear","floor":55,"turns":6},{"damage":26,"enemies":"The Heart","floor":56,"turns":10}],"seed_played":"8436687418319267203","potions_obtained":[{"floor":1.0,"key":"Ancient Potion"},{"floor":5.0,"key":"Block Potion"},{"floor":13.0,"key":"Block Potion"},{"floor":20.0,"key":"Swift Potion"},{"floor":24,"key":"Swift Potion"},{"floor":28,"key":"FearPotion"},{"floor":30,"key":"SkillPotion"},{"floor":35,"key":"AttackPotion"},{"floor":46,"key":"SpeedPotion"}],"is_trial":false,"path_per_floor":["M","$","?","M","M","R","M","M","T","R","M","R","E","M","R","B",null,"M","$","?","M","M","R","M","M","T","R","E","R","M","E","R","B",null,"M","?","$","?","M","E","R","?","T","$","M","M","M","M","R","B","B",null,"R","$","E","B",null],"character_chosen":"THE_SILENT","items_purchased":["PrismaticShard","War Paint","ClockworkSouvenir","Tough Bandages","Kunai","Swift Potion"],"campfire_rested":0,"item_purchase_floors":[37,37,44,44,54,54],"current_hp_per_floor":[56,56,56,56,56,56,55,55,55,55,53,53,46,41,41,30,53,53,53,53,51,50,50,50,47,47,47,39,39,39,39,39,39,60,60,60,60,60,60,60,60,60,60,60,60,60,60,60,60,60,60,62,62,62,59,33],"gold":79,"neow_bonus":"THREE_RARE_CARDS","is_prod":false,"is_daily":false,"chose_seed":false,"campfire_upgraded":10,"win_rate":0,"timestamp":1548308590,"path_taken":["M","$","?","?","M","R","M","M","T","R","M","R","E","M","R","BOSS","M","$","?","M","M","R","M","M","T","R","E","R","M","E","R","BOSS","M","?","$","?","M","E","R","?","T","$","M","?","M","M","R","BOSS","BOSS","R","$","E","BOSS"],"build_version":"2019-01-23","purchased_purges":4,"victory":true,"max_hp_per_floor":[60,60,60,60,60,60,60,60,60,60,60,60,60,60,60,60,60,60,60,60,60,60,60,60,60,60,60,60,60,60,60,60,60,65,65,65,65,62,62,62,62,62,62,62,62,62,62,62,62,62,62,62,62,62,62,62],"card_choices":[{"not_picked":["Die Die Die","Adrenaline"],"picked":"After Image","floor":0.0},{"not_picked":["Concentrate","Underhanded Strike"],"picked":"Blur","floor":1.0},{"not_picked":["Outmaneuver","Dodge and Roll"],"picked":"Poisoned Stab","floor":4.0},{"not_picked":["Dodge and Roll","Heel Hook","Reflex"],"picked":"SKIP","floor":5.0},{"not_picked":["Caltrops","Slice"],"picked":"Corpse Explosion","floor":7.0},{"not_picked":["Accuracy","Acrobatics","Skewer"],"picked":"SKIP","floor":8.0},{"not_picked":["Blade Dance","Deadly Poison"],"picked":"Footwork","floor":11.0},{"not_picked":["Predator","Outmaneuver","Accuracy"],"picked":"SKIP","floor":13.0},{"not_picked":["Acrobatics","Accuracy"],"picked":"Cloak And Dagger","floor":14.0},{"not_picked":["A Thousand Cuts","Tools of the Trade"],"picked":"Storm of Steel","floor":16.0},{"not_picked":["PiercingWail","Skewer"],"picked":"Escape Plan","floor":18.0},{"not_picked":["Bane","Flying Knee"],"picked":"Calculated Gamble","floor":20.0},{"not_picked":["Sucker Punch","Dagger Spray"],"picked":"Setup+1","floor":21.0},{"not_picked":["Flying Knee","Blur"],"picked":"Heel Hook","floor":22},{"not_picked":["Eviscerate","Distraction","Choke"],"picked":"SKIP","floor":24},{"not_picked":["Poisoned Stab","All Out Attack","PiercingWail"],"picked":"SKIP","floor":25},{"not_picked":["Backflip","Outmaneuver"],"picked":"Crippling Poison+1","floor":28},{"not_picked":["Dodge and Roll","Eviscerate","PiercingWail"],"picked":"SKIP","floor":30},{"not_picked":["Dodge and Roll","Eviscerate","PiercingWail"],"picked":"SKIP","floor":30},{"not_picked":["Dash","Escape Plan"],"picked":"Reflex","floor":31},{"not_picked":["Malaise","Die Die Die"],"picked":"Night Terror","floor":33},{"not_picked":["Prepared","Poisoned Stab+1","Accuracy+1"],"picked":"SKIP","floor":35},{"not_picked":["Flex","Whirlwind"],"picked":"Ghostly Armor+1","floor":39},{"not_picked":["Wild Strike","Blizzard"],"picked":"Disarm","floor":40},{"not_picked":["Capacitor","Auto Shields","Clash"],"picked":"SKIP","floor":45},{"not_picked":["Madness","Go for the Eyes","Havoc+1"],"picked":"SKIP","floor":46},{"not_picked":["Crippling Poison","Quick Slash"],"picked":"Endless Agony+1","floor":47},{"not_picked":["Turbo","Deflect+1"],"picked":"Dark Shackles","floor":48},{"not_picked":["True Grit","Cold Snap+1"],"picked":"Acrobatics","floor":55}],"player_experience":2189587,"relics_obtained":[{"floor":9.0,"key":"Bag of Preparation"},{"floor":13.0,"key":"Shuriken"},{"floor":20.0,"key":"Red Mask"},{"floor":26,"key":"Ornamental Fan"},{"floor":28,"key":"Omamori"},{"floor":31,"key":"Bronze Scales"},{"floor":40,"key":"Dream Catcher"},{"floor":55,"key":"Bag of Marbles"}],"event_choices":[{"cards_removed":["Defend_G"],"damage_healed":0.0,"max_hp_gain":0.0,"max_hp_loss":0.0,"gold_gain":0.0,"event_name":"Purifier","player_choice":"Purged","floor":3.0,"gold_loss":0.0,"damage_taken":0.0},{"damage_healed":0.0,"max_hp_gain":0.0,"max_hp_loss":0.0,"gold_gain":0.0,"event_name":"Masked Bandits","player_choice":"Fought Bandits","floor":20.0,"gold_loss":0.0,"damage_taken":0.0},{"damage_healed":0,"gold_gain":999,"player_choice":"Gold","damage_taken":0,"max_hp_gain":0,"max_hp_loss":0,"event_name":"MindBloom","floor":36,"gold_loss":0,"cards_obtained":["Normality","Normality"]},{"damage_healed":0,"gold_gain":0,"player_choice":"Max HP","damage_taken":0,"max_hp_gain":0,"max_hp_loss":3,"event_name":"Winding Halls","floor":38,"gold_loss":0},{"cards_removed":["Strike_G"],"damage_healed":0,"gold_gain":0,"player_choice":"Purged","damage_taken":0,"max_hp_gain":0,"max_hp_loss":0,"event_name":"Purifier","floor":42,"gold_loss":0}],"is_beta":false,"boss_relics":[{"not_picked":["Fusion Hammer","Pandora\u0027s Box"],"picked":"Runic Pyramid"},{"not_picked":["WristBlade","White Beast Statue"],"picked":"Tiny House"}],"items_purged_floors":[2,19,37,44],"is_endless":false,"potions_floor_spawned":[1,5,13,14,16,18,20,24,28,30,35,46,48],"ascension_level":20}