{"gold_per_floor":[363,363,211,230,230,230,155,155,233,248,261,261,261,272,272,272],"floor_reached":16,"playtime":353,"items_purged":["Strike_R"],"score":180,"play_id":"d46a4615-5fd5-4994-95d1-ce2e7ff0e15f","local_time":"20190210130151","is_ascension_mode":true,"campfire_choices":[{"data":"Bash","floor":6.0,"key":"SMITH"},{"data":"Feed","floor":8.0,"key":"SMITH"},{"data":"True Grit","floor":15,"key":"SMITH"}],"neow_cost":"TEN_PERCENT_HP_LOSS","seed_source_timestamp":15941135028741,"circlet_count":0,"master_deck":["AscendersBane","Strike_R","Strike_R","Defend_R","Defend_R+1","Defend_R","Defend_R+1","Bash+1","Exhume","Feed+1","Armaments","Disarm","Sword Boomerang","True Grit+1"],"special_seed":0,"relics":["Burning Blood","Mummified Hand","Letter Opener"],"potions_floor_usage":[],"damage_taken":[{"damage":9.0,"enemies":"Jaw Worm","floor":1.0,"turns":4.0},{"damage":7.0,"enemies":"Cultist","floor":4.0,"turns":4.0},{"damage":5,"enemies":"2 Louse","floor":10,"turns":5},{"damage":7,"enemies":"Looter","floor":11,"turns":3},{"damage":31,"enemies":"Large Slime","floor":14,"turns":10},{"damage":0,"enemies":"The Guardian","floor":16,"turns":1}],"seed_played":"-2623583874034788453","potions_obtained":[{"floor":10,"key":"Fire Potion"},{"floor":14,"key":"Poison Potion"}],"is_trial":false,"path_per_floor":["M","?","$","M","?","R","?","R","T","M","M","?","T","M","R","B"],"character_chosen":"IRONCLAD","items_purchased":["Feed"],"campfire_rested":0,"item_purchase_floors":[3],"current_hp_per_floor":[65,65,65,67,60,60,60,60,60,69,72,47,47,30,30,30],"gold":272,"neow_bonus":"TWO_FIFTY_GOLD","is_prod":false,"is_daily":false,"chose_seed":false,"campfire_upgraded":3,"win_rate":0,"timestamp":1549774911,"path_taken":["M","?","$","?","?","R","?","R","T","M","M","?","?","?","R","BOSS"],"build_version":"2019-01-23","purchased_purges":1,"victory":false,"max_hp_per_floor":[68,68,68,71,71,71,71,71,71,79,83,83,83,91,91,91],"card_choices":[{"not_picked":["Twin Strike","Wild Strike","Thunderclap"],"picked":"SKIP","floor":1.0},{"not_picked":["Perfected Strike","Headbutt"],"picked":"Armaments","floor":4.0},{"not_picked":["True Grit","Brutality"],"picked":"Disarm","floor":10},{"not_picked":["Heavy Blade","Armaments"],"picked":"Sword Boomerang","floor":11},{"not_picked":["Sever Soul","Perfected Strike"],"picked":"True Grit","floor":14}],"player_experience":2569263,"relics_obtained":[{"floor":9.0,"key":"Mummified Hand"},{"floor":13,"key":"Letter Opener"}],"event_choices":[{"damage_healed":0.0,"max_hp_gain":0.0,"max_hp_loss":0.0,"gold_gain":0.0,"event_name":"Match and Keep!","player_choice":"1 cards matched","floor":2.0,"gold_loss":0.0,"damage_taken":0.0,"cards_obtained":["Exhume"]},{"cards_removed":["Strike_R"],"damage_healed":0.0,"max_hp_gain":0.0,"max_hp_loss":0.0,"gold_gain":0.0,"event_name":"Golden Wing","player_choice":"Card Removal","floor":5.0,"gold_loss":0.0,"damage_taken":7.0},{"cards_removed":["Strike_R"],"damage_healed":0.0,"max_hp_gain":0.0,"max_hp_loss":0.0,"gold_gain":0.0,"event_name":"The Cleric","player_choice":"Card Removal","floor":7.0,"gold_loss":75.0,"damage_taken":0.0},{"damage_healed":0,"gold_gain":0,"player_choice":"Entered Light","damage_taken":25,"max_hp_gain":0,"max_hp_loss":0,"event_name":"Shining Light","floor":12,"gold_loss":0,"cards_upgraded":["Defend_R","Defend_R"]}],"is_beta":false,"boss_relics":[],"items_purged_floors":[3],"is_endless":false,"potions_floor_spawned":[10,14],"killed_by":"The Guardian","ascension_level":20}