{"gold_per_floor":[210,210,160,17,17,44,44,59,59,59,70,80,96,112,112,208,208,224,244,244,257,257,257,303,313,390,403,403,423,46,56,56,152,152,167,181,181,42,54,54,54,69,69,63,81,81,96,125,125,125],"floor_reached":51,"playtime":2259,"items_purged":["Strike_G","Strike_G","Defend_G"],"score":958,"play_id":"f8ccb7de-5e79-4ead-b593-e2cafd5add6d","local_time":"20181119191137","is_ascension_mode":false,"campfire_choices":[{"data":"Bouncing Flask","floor":7.0,"key":"SMITH"},{"data":"Noxious Fumes","floor":15.0,"key":"SMITH"},{"data":"Calculated Gamble","floor":23.0,"key":"SMITH"},{"data":"Tactician","floor":28.0,"key":"SMITH"},{"data":"Deep Breath","floor":32.0,"key":"SMITH"},{"data":"Well Laid Plans","floor":40,"key":"SMITH"},{"data":"Acrobatics","floor":49,"key":"SMITH"}],"neow_cost":"NONE","seed_source_timestamp":0,"circlet_count":0,"master_deck":["Defend_G","Defend_G","Defend_G","Defend_G","Survivor","Neutralize","Bouncing Flask+1","Well Laid Plans+1","After Image","Exhume+1","Footwork","Tactician+1","Acrobatics+1","Noxious Fumes+1","After Image","Calculated Gamble+1","RitualDagger","Dodge and Roll+1","Deep Breath+1","Footwork+1","Blur","Catalyst+1"],"special_seed":0,"relics":["Ring of the Snake","Mummified Hand","Ornamental Fan","Lizard Tail","Lantern","Meat on the Bone","Membership Card","Omamori","Cursed Key","Snake Skull","MawBank","Orichalcum"],"potions_floor_usage":[50,50],"damage_taken":[{"damage":0.0,"enemies":"Jaw Worm","floor":1.0,"turns":4.0},{"damage":34.0,"enemies":"Gremlin Nob","floor":6.0,"turns":6.0},{"damage":0.0,"enemies":"Cultist","floor":8.0,"turns":3.0},{"damage":0.0,"enemies":"2 Louse","floor":11.0,"turns":2.0},{"damage":0.0,"enemies":"Large Slime","floor":12.0,"turns":7.0},{"damage":0.0,"enemies":"Blue Slaver","floor":13.0,"turns":4.0},{"damage":1.0,"enemies":"Red Slaver","floor":14.0,"turns":4.0},{"damage":0.0,"enemies":"Hexaghost","floor":16.0,"turns":7.0},{"damage":0.0,"enemies":"3 Byrds","floor":18.0,"turns":6.0},{"damage":0.0,"enemies":"Shell Parasite","floor":19.0,"turns":5.0},{"damage":0.0,"enemies":"Snecko","floor":21.0,"turns":6.0},{"damage":10.0,"enemies":"Centurion and Healer","floor":25.0,"turns":7.0},{"damage":5.0,"enemies":"Snake Plant","floor":27.0,"turns":4.0},{"damage":0.0,"enemies":"Snecko","floor":29.0,"turns":7.0},{"damage":31.0,"enemies":"Chosen and Byrds","floor":31.0,"turns":6.0},{"damage":0.0,"enemies":"Champ","floor":33.0,"turns":11.0},{"damage":11.0,"enemies":"3 Darklings","floor":35.0,"turns":6.0},{"damage":0.0,"enemies":"Orb Walker","floor":36.0,"turns":5.0},{"damage":8,"enemies":"4 Shapes","floor":39,"turns":5},{"damage":8,"enemies":"3 Darklings","floor":42,"turns":5},{"damage":0,"enemies":"Jaw Worm Horde","floor":45,"turns":5},{"damage":3,"enemies":"Writhing Mass","floor":47,"turns":3},{"damage":0,"enemies":"Giant Head","floor":48,"turns":5},{"damage":0,"enemies":"Donu and Deca","floor":50,"turns":7}],"seed_played":"-8491586715827669261","potions_obtained":[{"floor":1.0,"key":"Dexterity Potion"},{"floor":12.0,"key":"GhostInAJar"},{"floor":13.0,"key":"LiquidBronze"},{"floor":16.0,"key":"Regen Potion"},{"floor":19.0,"key":"Weak Potion"},{"floor":31.0,"key":"Fire Potion"},{"floor":33.0,"key":"GhostInAJar"}],"is_trial":false,"path_per_floor":["M","$","?","$","?","E","R","M","T","?","M","M","M","M","R","B",null,"M","M","?","M","?","R","T","M","T","M","R","M","$","M","R","B",null,"M","M","?","$","M","R","?","M","T","$","M","?","M","E","R","B",null],"character_chosen":"THE_SILENT","items_purchased":["Well Laid Plans","Membership Card","Omamori","Deep Breath","Snake Skull","Catalyst"],"campfire_rested":0,"item_purchase_floors":[4,30,30,30,38,44],"current_hp_per_floor":[70,70,70,70,70,36,36,36,36,36,36,36,36,35,35,35,70,70,70,57,57,51,51,51,41,41,48,48,48,48,29,29,41,75,64,64,64,64,56,56,56,48,48,48,48,48,45,45,45,45],"gold":125,"neow_bonus":"HUNDRED_GOLD","is_prod":false,"is_daily":false,"chose_seed":false,"campfire_upgraded":7,"win_rate":0,"timestamp":1542625897,"path_taken":["M","$","?","$","?","E","R","?","T","?","M","?","M","M","R","BOSS","M","M","?","M","?","R","?","?","T","M","R","M","$","M","R","BOSS","M","M","?","$","M","R","?","M","T","?","M","?","?","E","R","BOSS"],"build_version":"2018-11-15","purchased_purges":3,"victory":true,"max_hp_per_floor":[70,70,70,70,70,70,70,70,70,70,70,70,70,70,70,70,70,70,70,75,75,75,75,75,75,75,75,75,75,75,75,75,75,75,75,75,75,75,75,75,71,71,71,71,71,71,71,71,71,71],"card_choices":[{"not_picked":["Slice","Bane"],"picked":"Bouncing Flask","floor":1.0},{"not_picked":["Bane","Cloak And Dagger","Caltrops"],"picked":"SKIP","floor":6.0},{"not_picked":["Bane","Cloak And Dagger","Caltrops"],"picked":"SKIP","floor":6.0},{"not_picked":["Bouncing Flask","Sucker Punch","Underhanded Strike"],"picked":"SKIP","floor":8.0},{"not_picked":["Skewer","Predator"],"picked":"Footwork","floor":11.0},{"not_picked":["Quick Slash","Prepared"],"picked":"Tactician","floor":12.0},{"not_picked":["Blade Dance","Underhanded Strike"],"picked":"Acrobatics","floor":13.0},{"not_picked":["Finisher","Underhanded Strike"],"picked":"Noxious Fumes","floor":14.0},{"not_picked":["Envenom","Tools of the Trade"],"picked":"After Image","floor":16.0},{"not_picked":["Blade Dance","Sucker Punch","Deadly Poison"],"picked":"SKIP","floor":18.0},{"not_picked":["Underhanded Strike","Cloak And Dagger"],"picked":"Calculated Gamble","floor":19.0},{"not_picked":["Deadly Poison+1","Concentrate","Setup"],"picked":"SKIP","floor":21.0},{"not_picked":["Dagger Throw","Catalyst","Eviscerate"],"picked":"SKIP","floor":25.0},{"not_picked":["Deadly Poison","Cloak And Dagger","Dodge and Roll"],"picked":"SKIP","floor":27.0},{"not_picked":["Slice","Flying Knee"],"picked":"Dodge and Roll+1","floor":29.0},{"not_picked":["Finisher","Underhanded Strike","Dodge and Roll"],"picked":"SKIP","floor":31.0},{"not_picked":["Sucker Punch","Outmaneuver","Flying Knee+1"],"picked":"SKIP","floor":35.0},{"not_picked":["Dagger Spray","Sucker Punch"],"picked":"Footwork+1","floor":36.0},{"not_picked":["Slice+1","Outmaneuver+1"],"picked":"Blur","floor":39},{"not_picked":["Deflect","Eviscerate+1","Underhanded Strike+1"],"picked":"SKIP","floor":42},{"not_picked":["Dagger Spray","Quick Slash","Sucker Punch"],"picked":"SKIP","floor":45},{"not_picked":["Dodge and Roll","Flying Knee+1","Noxious Fumes+1"],"picked":"SKIP","floor":47},{"not_picked":["Crippling Poison","Poisoned Stab","Dodge and Roll+1"],"picked":"SKIP","floor":48}],"player_experience":1102296,"relics_obtained":[{"floor":6.0,"key":"Mummified Hand"},{"floor":9.0,"key":"Ornamental Fan"},{"floor":24.0,"key":"Lantern"},{"floor":26.0,"key":"Meat on the Bone"},{"floor":43,"key":"MawBank"},{"floor":48,"key":"Orichalcum"}],"event_choices":[{"cards_removed":["Strike_G"],"damage_healed":0.0,"max_hp_gain":0.0,"max_hp_loss":0.0,"gold_gain":0.0,"event_name":"The Cleric","player_choice":"Card Removal","floor":3.0,"gold_loss":50.0,"damage_taken":0.0},{"damage_healed":0.0,"max_hp_gain":0.0,"max_hp_loss":0.0,"gold_gain":0.0,"cards_transformed":["Strike_G"],"event_name":"Transmorgrifier","player_choice":"Transformed","floor":5.0,"gold_loss":0.0,"damage_taken":0.0,"cards_obtained":["After Image"]},{"cards_removed":["Strike_G"],"damage_healed":0.0,"max_hp_gain":0.0,"max_hp_loss":0.0,"gold_gain":0.0,"event_name":"NoteForYourself","player_choice":"Took Card","floor":10.0,"gold_loss":0.0,"damage_taken":0.0,"cards_obtained":["Exhume"]},{"damage_healed":0.0,"max_hp_gain":5.0,"max_hp_loss":0.0,"gold_gain":0.0,"event_name":"Forgotten Altar","player_choice":"Shed Blood","floor":20.0,"gold_loss":0.0,"damage_taken":18.0},{"damage_healed":0.0,"max_hp_gain":0.0,"max_hp_loss":0.0,"gold_gain":0.0,"event_name":"Nest","player_choice":"Joined the Cult","floor":22.0,"gold_loss":0.0,"damage_taken":6.0,"cards_obtained":["RitualDagger"]},{"damage_healed":0,"gold_gain":0,"player_choice":"Ignored","damage_taken":0,"max_hp_gain":0,"max_hp_loss":0,"event_name":"Mysterious Sphere","floor":37,"gold_loss":0},{"damage_healed":0,"gold_gain":0,"player_choice":"Max HP","damage_taken":0,"max_hp_gain":0,"max_hp_loss":4,"event_name":"Winding Halls","floor":41,"gold_loss":0},{"damage_healed":0,"gold_gain":0,"player_choice":"Forge","damage_taken":0,"max_hp_gain":0,"max_hp_loss":0,"event_name":"Accursed Blacksmith","floor":46,"gold_loss":0,"cards_upgraded":["Catalyst"]}],"is_beta":true,"boss_relics":[{"not_picked":["Snecko Eye","Velvet Choker"],"picked":"Lizard Tail"},{"not_picked":["Ring of the Serpent","Pandora\u0027s Box"],"picked":"Cursed Key"}],"items_purged_floors":[4,30,38],"is_endless":false,"potions_floor_spawned":[1,12,13,14,16,19,25,27,31,33,35,39,47],"ascension_level":0}