{"gold_per_floor":[119,32,32,57,81,81,112,112,157,157,82,82,100,100,100,100],"floor_reached":16,"playtime":394,"items_purged":["Strike_G"],"score":181,"play_id":"1f68ac3b-7b34-45d2-8f9f-1f670b8c4af7","local_time":"20181218164323","is_ascension_mode":true,"campfire_choices":[{"data":"Noxious Fumes","floor":6,"key":"SMITH"},{"data":"Well Laid Plans","floor":12,"key":"SMITH"},{"data":"Noxious Fumes","floor":15,"key":"SMITH"}],"neow_cost":"NONE","seed_source_timestamp":17293989796480,"circlet_count":0,"master_deck":["AscendersBane","Defend_G+1","Defend_G","Defend_G","Defend_G","Defend_G","Strike_G","Strike_G","Survivor","Neutralize","Noxious Fumes+1","Noxious Fumes+1","Well Laid Plans+1","Deadly Poison+1"],"relics":["Ring of the Snake","Golden Idol","Dream Catcher","Bronze Scales"],"potions_floor_usage":[4],"damage_taken":[{"damage":7,"enemies":"Jaw Worm","floor":1,"turns":9},{"damage":5,"enemies":"Small Slimes","floor":4,"turns":5},{"damage":0,"enemies":"2 Louse","floor":5,"turns":4},{"damage":11,"enemies":"Lagavulin","floor":7,"turns":8},{"damage":3,"enemies":"Large Slime","floor":13,"turns":7},{"damage":28,"enemies":"The Guardian","floor":16,"turns":2}],"seed_played":"1230716517270950970","potions_obtained":[{"floor":1,"key":"Regen Potion"},{"floor":13,"key":"LiquidBronze"}],"is_trial":false,"path_per_floor":["M","$","?","M","M","R","E","?","T","?","$","R","M","?","R","B"],"character_chosen":"THE_SILENT","items_purchased":["Noxious Fumes"],"campfire_rested":0,"item_purchase_floors":[2],"current_hp_per_floor":[52,52,52,60,60,60,49,42,42,24,24,24,21,21,21,0],"gold":100,"neow_bonus":"REMOVE_CARD","is_prod":false,"is_daily":false,"chose_seed":false,"campfire_upgraded":3,"win_rate":0,"timestamp":1545122603,"path_taken":["M","$","?","M","M","R","E","?","T","?","$","R","M","?","R","BOSS"],"build_version":"2018-12-13","purchased_purges":1,"victory":false,"max_hp_per_floor":[66,66,60,60,60,60,60,60,60,60,60,60,60,60,60,60],"card_choices":[{"not_picked":["Riddle With Holes","Outmaneuver","Blade Dance"],"picked":"SKIP","floor":1},{"not_picked":["Poisoned Stab","Deflect"],"picked":"Noxious Fumes","floor":4},{"not_picked":["Prepared","Die Die Die"],"picked":"Well Laid Plans","floor":5},{"not_picked":["Dodge and Roll","Flechettes"],"picked":"Deadly Poison","floor":7},{"not_picked":["Acrobatics","Quick Slash","Blur"],"picked":"SKIP","floor":13}],"player_experience":1349884,"relics_obtained":[{"floor":7,"key":"Dream Catcher"},{"floor":9,"key":"Bronze Scales"}],"event_choices":[{"damage_healed":0,"gold_gain":0,"player_choice":"Lose Max HP","damage_taken":0,"relics_obtained":["Golden Idol"],"max_hp_gain":0,"max_hp_loss":6,"event_name":"Golden Idol","floor":3,"gold_loss":0},{"cards_removed":["Strike_G"],"damage_healed":0,"gold_gain":0,"player_choice":"Card Removal","damage_taken":7,"max_hp_gain":0,"max_hp_loss":0,"event_name":"Golden Wing","floor":8,"gold_loss":0},{"damage_healed":0,"gold_gain":0,"player_choice":"Entered Light","damage_taken":18,"max_hp_gain":0,"max_hp_loss":0,"event_name":"Shining Light","floor":10,"gold_loss":0,"cards_upgraded":["Defend_G","Deadly Poison"]},{"damage_healed":0,"gold_gain":0,"player_choice":"Ignored","damage_taken":0,"max_hp_gain":0,"max_hp_loss":0,"event_name":"Liars Game","floor":14,"gold_loss":0}],"is_beta":false,"boss_relics":[],"items_purged_floors":[11],"is_endless":false,"potions_floor_spawned":[1,13],"killed_by":"The Guardian","ascension_level":17}