{"gold_per_floor":[119,44,44,56,68,68,85,85,85,115,115,150,166,201,201,273,273,286,299,100,15,15,15,29,40,122,152,152,187,3,3],"floor_reached":31,"playtime":2195,"items_purged":["Strike_G","Strike_G"],"score":621,"play_id":"3ab6934c-f5a6-435c-993d-d9eb3ec7c63c","local_time":"20190213120208","is_ascension_mode":true,"campfire_choices":[{"data":"Noxious Fumes","floor":6.0,"key":"SMITH"},{"data":"Neutralize","floor":8.0,"key":"SMITH"},{"data":"Noxious Fumes","floor":11.0,"key":"SMITH"},{"data":"Noxious Fumes","floor":15.0,"key":"SMITH"},{"data":"Well Laid Plans","floor":23.0,"key":"SMITH"},{"data":"Ghostly","floor":28.0,"key":"SMITH"}],"neow_cost":"NONE","seed_source_timestamp":12277361443486,"circlet_count":0,"master_deck":["AscendersBane","Defend_G+1","Defend_G+1","Defend_G","Defend_G","Defend_G","Strike_G","Strike_G","Survivor","Neutralize+1","Noxious Fumes+1","Dash","Noxious Fumes+1","Noxious Fumes+1","Bouncing Flask","After Image","Noxious Fumes","Well Laid Plans+1","Ghostly","Ghostly","Ghostly+1","Night Terror","Footwork","Catalyst"],"special_seed":0,"relics":["Ring of the Snake","NeowsBlessing","Pantograph","Letter Opener","Bronze Scales","Ninja Scroll","Philosopher\u0027s Stone","War Paint","Red Mask","Bottled Flame"],"potions_floor_usage":[31],"damage_taken":[{"damage":0.0,"enemies":"Jaw Worm","floor":1.0,"turns":1.0},{"damage":0.0,"enemies":"Cultist","floor":4.0,"turns":1.0},{"damage":0.0,"enemies":"Small Slimes","floor":5.0,"turns":2.0},{"damage":1.0,"enemies":"Blue Slaver","floor":7.0,"turns":5.0},{"damage":20.0,"enemies":"Gremlin Nob","floor":10.0,"turns":5.0},{"damage":11.0,"enemies":"Lagavulin","floor":12.0,"turns":7.0},{"damage":0.0,"enemies":"2 Fungi Beasts","floor":13.0,"turns":4.0},{"damage":22.0,"enemies":"Gremlin Nob","floor":14.0,"turns":5.0},{"damage":22.0,"enemies":"The Guardian","floor":16.0,"turns":8.0},{"damage":4.0,"enemies":"3 Byrds","floor":18.0,"turns":4.0},{"damage":17.0,"enemies":"Spheric Guardian","floor":19.0,"turns":4.0},{"damage":6.0,"enemies":"3 Cultists","floor":24.0,"turns":5.0},{"damage":1.0,"enemies":"Centurion and Healer","floor":25.0,"turns":6.0},{"damage":18.0,"enemies":"Masked Bandits","floor":27.0,"turns":5.0},{"damage":0.0,"enemies":"Book of Stabbing","floor":29.0,"turns":5.0},{"damage":7,"enemies":"Cultist and Chosen","floor":31,"turns":3}],"seed_played":"7099442736434355935","potions_obtained":[{"floor":5.0,"key":"GamblersBrew"},{"floor":7.0,"key":"Weak Potion"},{"floor":10.0,"key":"Block Potion"},{"floor":16.0,"key":"FearPotion"},{"floor":24.0,"key":"PowerPotion"},{"floor":27.0,"key":"SteroidPotion"}],"is_trial":false,"path_per_floor":["M","$","?","M","M","R","M","R","T","E","R","E","M","E","R","B",null,"M","M","$","?","?","R","M","M","T","?","R","E","$","M"],"character_chosen":"THE_SILENT","items_purchased":["Well Laid Plans","Block Potion","Footwork","Catalyst","AttackPotion"],"campfire_rested":0,"item_purchase_floors":[20,20,30,30,30],"current_hp_per_floor":[59,59,59,59,59,59,58,58,58,38,38,27,27,5,5,8,52,48,31,31,31,31,31,25,24,24,6,6,6,6,0],"gold":3,"neow_bonus":"THREE_ENEMY_KILL","is_prod":false,"is_daily":false,"chose_seed":false,"campfire_upgraded":6,"win_rate":0,"timestamp":1550030528,"path_taken":["M","$","?","?","?","R","M","R","T","E","R","E","?","E","R","BOSS","M","M","$","?","?","R","M","M","T","?","R","E","$","M"],"build_version":"2019-01-23","purchased_purges":2,"victory":false,"max_hp_per_floor":[66,66,66,66,66,66,66,66,66,66,66,66,66,66,66,66,66,66,66,66,66,33,33,33,33,33,33,33,33,33,33],"card_choices":[{"not_picked":["PiercingWail","Underhanded Strike","Dagger Spray"],"picked":"SKIP","floor":1.0},{"not_picked":["Outmaneuver","Sucker Punch","Skewer"],"picked":"SKIP","floor":4.0},{"not_picked":["Crippling Poison","Sucker Punch","Cloak And Dagger"],"picked":"SKIP","floor":5.0},{"not_picked":["Dagger Spray","Escape Plan"],"picked":"Dash","floor":7.0},{"not_picked":["Infinite Blades","Sucker Punch"],"picked":"Noxious Fumes","floor":10.0},{"not_picked":["Dagger Throw","Cloak And Dagger"],"picked":"Noxious Fumes","floor":12.0},{"not_picked":["Bane","Prepared"],"picked":"Bouncing Flask","floor":13.0},{"not_picked":["Slice","Envenom","Acrobatics"],"picked":"SKIP","floor":14.0},{"not_picked":["Adrenaline","Storm of Steel"],"picked":"After Image","floor":16.0},{"not_picked":["Flechettes+1","Flying Knee","Heel Hook"],"picked":"SKIP","floor":18.0},{"not_picked":["Infinite Blades","Cloak And Dagger"],"picked":"Noxious Fumes","floor":19.0},{"not_picked":["Prepared","Dagger Throw","Acrobatics"],"picked":"SKIP","floor":24.0},{"not_picked":["Bane","Sucker Punch+1","Deflect"],"picked":"SKIP","floor":25.0},{"not_picked":["Crippling Poison","Envenom"],"picked":"Night Terror","floor":29.0}],"player_experience":2678990,"relics_obtained":[{"floor":9.0,"key":"Pantograph"},{"floor":10.0,"key":"Letter Opener"},{"floor":12.0,"key":"Bronze Scales"},{"floor":14.0,"key":"Ninja Scroll"},{"floor":27.0,"key":"Red Mask"},{"floor":29.0,"key":"Bottled Flame"}],"event_choices":[{"damage_healed":0.0,"max_hp_gain":0.0,"max_hp_loss":0.0,"gold_gain":0.0,"cards_transformed":["Strike_G"],"event_name":"Transmorgrifier","player_choice":"Transformed","floor":3.0,"gold_loss":0.0,"damage_taken":0.0,"cards_obtained":["Noxious Fumes"]},{"damage_healed":0.0,"max_hp_gain":0.0,"max_hp_loss":0.0,"gold_gain":0.0,"event_name":"Addict","player_choice":"Obtained Relic","floor":21.0,"gold_loss":85.0,"damage_taken":0.0,"relics_obtained":["War Paint"]},{"damage_healed":0.0,"max_hp_gain":0.0,"max_hp_loss":33.0,"gold_gain":0.0,"event_name":"Ghosts","player_choice":"Became a Ghost","floor":22.0,"gold_loss":0.0,"damage_taken":0.0,"cards_obtained":["Ghostly","Ghostly","Ghostly"]},{"damage_healed":0.0,"max_hp_gain":0.0,"max_hp_loss":0.0,"gold_gain":0.0,"event_name":"Masked Bandits","player_choice":"Fought Bandits","floor":27.0,"gold_loss":0.0,"damage_taken":0.0}],"is_beta":false,"boss_relics":[{"not_picked":["Lizard Tail","Empty Cage"],"picked":"Philosopher\u0027s Stone"}],"items_purged_floors":[2,20],"is_endless":false,"potions_floor_spawned":[5,7,10,16,24,25,27],"killed_by":"Cultist and Chosen","ascension_level":20}