{"gold_per_floor":[109,109,58,75,75,75,87,87,114,133,133,150,185,202,202,306,306,325,182,199,199,199,199,215,228,228,228,138,148,174,194,194,194],"floor_reached":33,"playtime":928,"items_purged":["Strike_B"],"score":294,"play_id":"50218911-ed13-4c68-a0d1-109c3d4c99e9","local_time":"20190805225101","is_ascension_mode":false,"campfire_choices":[{"data":"Dualcast","floor":6,"key":"SMITH"},{"data":"FTL","floor":8,"key":"SMITH"},{"data":"Glacier","floor":11,"key":"SMITH"},{"data":"Doom and Gloom","floor":15,"key":"SMITH"},{"data":"Fission","floor":23,"key":"SMITH"},{"data":"Defragment","floor":27,"key":"SMITH"},{"floor":32,"key":"REST"}],"neow_cost":"NONE","seed_source_timestamp":2430891455726,"circlet_count":0,"master_deck":["Strike_B","Defend_B","Defend_B","Defend_B","Zap+1","Dualcast+1","Glacier+1","Cold Snap","FTL+1","Cold Snap","Doom and Gloom+1","Doom and Gloom","Fission+1","Loop+1","Defragment+1","Fusion","Amplify+1","Rebound+1","Ball Lightning","Cold Snap"],"relics":["Cracked Core","Boot","PreservedInsect","Orichalcum","Cursed Key","Emotion Chip","Art of War"],"potions_floor_usage":[12,29,33,33],"damage_taken":[{"damage":0,"enemies":"Cultist","floor":1,"turns":3},{"damage":0,"enemies":"2 Louse","floor":4,"turns":2},{"damage":0,"enemies":"Small Slimes","floor":7,"turns":3},{"damage":0,"enemies":"2 Fungi Beasts","floor":10,"turns":3},{"damage":0,"enemies":"Large Slime","floor":12,"turns":5},{"damage":0,"enemies":"Gremlin Nob","floor":13,"turns":3},{"damage":0,"enemies":"Lots of Slimes","floor":14,"turns":1},{"damage":11,"enemies":"The Guardian","floor":16,"turns":11},{"damage":3,"enemies":"Chosen","floor":18,"turns":3},{"damage":11,"enemies":"Spheric Guardian","floor":20,"turns":4},{"damage":0,"enemies":"Snecko","floor":24,"turns":3},{"damage":5,"enemies":"Centurion and Healer","floor":25,"turns":3},{"damage":24,"enemies":"Shelled Parasite and Fungi","floor":29,"turns":3},{"damage":17,"enemies":"Gremlin Leader","floor":30,"turns":3},{"damage":0,"enemies":"3 Cultists","floor":31,"turns":3},{"damage":31,"enemies":"Champ","floor":33,"turns":7}],"seed_played":"4868895100678989667","potions_obtained":[{"floor":1,"key":"FearPotion"},{"floor":12,"key":"Weak Potion"},{"floor":16,"key":"Swift Potion"},{"floor":30,"key":"Strength Potion"}],"is_trial":false,"path_per_floor":["M","T","$","M","?","R","M","R","T","M","R","M","E","M","R","B",null,"M","$","M","?","?","R","M","M","T","R","?","M","E","M","R","B"],"character_chosen":"DEFECT","items_purchased":["Cold Snap","Defragment"],"campfire_rested":1,"item_purchase_floors":[3,19],"current_hp_per_floor":[75,75,75,75,75,75,75,75,75,75,75,75,75,75,75,64,75,72,72,61,47,47,47,47,42,42,42,42,18,1,1,25,0],"gold":194,"neow_bonus":"REMOVE_CARD","is_prod":false,"is_daily":false,"chose_seed":false,"campfire_upgraded":6,"win_rate":0,"timestamp":1565067061,"path_taken":["M","?","$","M","?","R","M","R","T","?","R","M","E","M","R","BOSS","M","$","M","?","?","R","M","M","T","R","?","M","E","M","R","BOSS"],"build_version":"2019-07-17","purchased_purges":1,"victory":false,"max_hp_per_floor":[75,75,75,75,75,75,75,75,75,75,75,75,75,75,75,75,75,75,75,75,80,80,80,80,80,80,80,80,80,80,80,80,80],"card_choices":[{"not_picked":["Blizzard","Barrage"],"picked":"Glacier","floor":1},{"not_picked":["Force Field","Turbo","Scrape"],"picked":"SKIP","floor":4},{"not_picked":["Leap","Force Field"],"picked":"FTL","floor":7},{"not_picked":["Stack","Go for the Eyes"],"picked":"Cold Snap","floor":10},{"not_picked":["Coolheaded","Leap"],"picked":"Doom and Gloom","floor":12},{"not_picked":["Redo","Streamline","Reprogram"],"picked":"SKIP","floor":13},{"not_picked":["Reprogram","Seek"],"picked":"Doom and Gloom","floor":14},{"not_picked":["Buffer","All For One"],"picked":"Fission","floor":16},{"not_picked":["Conserve Battery","Steam"],"picked":"Loop+1","floor":18},{"not_picked":["Barrage","Consume","Sweeping Beam"],"picked":"SKIP","floor":20},{"not_picked":["Reprogram+1","Skim","Auto Shields"],"picked":"SKIP","floor":24},{"not_picked":["All For One","White Noise"],"picked":"Rebound+1","floor":25},{"not_picked":["Conserve Battery","Redo"],"picked":"Ball Lightning","floor":29},{"not_picked":["Streamline","FTL"],"picked":"Cold Snap","floor":30},{"not_picked":["Leap","Stack","Barrage+1"],"picked":"SKIP","floor":31}],"player_experience":1628943,"relics_obtained":[{"floor":2,"key":"Boot"},{"floor":9,"key":"PreservedInsect"},{"floor":13,"key":"Orichalcum"},{"floor":26,"key":"Emotion Chip"},{"floor":30,"key":"Art of War"}],"event_choices":[{"damage_healed":0,"gold_gain":0,"player_choice":"Upgraded","damage_taken":0,"max_hp_gain":0,"max_hp_loss":0,"event_name":"Upgrade Shrine","floor":5,"gold_loss":0,"cards_upgraded":["Zap"]},{"damage_healed":0,"gold_gain":0,"player_choice":"Shed Blood","damage_taken":19,"max_hp_gain":5,"max_hp_loss":0,"event_name":"Forgotten Altar","floor":21,"gold_loss":0},{"damage_healed":0,"gold_gain":0,"cards_transformed":["Strike_B","Defend_B"],"player_choice":"Became Test Subject","damage_taken":0,"max_hp_gain":0,"max_hp_loss":0,"event_name":"Drug Dealer","floor":22,"gold_loss":0,"cards_obtained":["Fusion","Amplify"]},{"cards_removed":["Pain"],"damage_healed":0,"gold_gain":0,"player_choice":"Upgrade and Remove","damage_taken":0,"max_hp_gain":0,"max_hp_loss":0,"event_name":"Designer","floor":28,"gold_loss":90,"cards_upgraded":["Amplify"]}],"is_beta":false,"boss_relics":[{"not_picked":["Calling Bell","Coffee Dripper"],"picked":"Cursed Key"}],"items_purged_floors":[19],"is_endless":false,"potions_floor_spawned":[1,12,16,30],"killed_by":"Champ","ascension_level":0}