{"gold_per_floor":[116,116,116,116,137,137,158,83,83,99,99,134,134,134,134,134],"floor_reached":16,"playtime":300,"items_purged":["Strike_B"],"score":196,"play_id":"1710772c-9825-4868-b59a-8c670ddd743d","local_time":"20181120140648","is_ascension_mode":true,"campfire_choices":[{"data":"Streamline","floor":6,"key":"SMITH"},{"floor":11,"key":"REST"},{"data":"Electrodynamics","floor":13,"key":"SMITH"},{"data":"Dualcast","floor":15,"key":"SMITH"}],"neow_cost":"TEN_PERCENT_HP_LOSS","seed_source_timestamp":1739677752094911,"circlet_count":0,"master_deck":["AscendersBane","Strike_B","Defend_B","Defend_B","Defend_B","Zap+1","Dualcast+1","Conserve Battery+1","Streamline+1","Electrodynamics+1"],"relics":["Cracked Core","Golden Idol","The Courier","Happy Flower"],"potions_floor_usage":[],"damage_taken":[{"damage":4,"enemies":"Jaw Worm","floor":1,"turns":4},{"damage":0,"enemies":"2 Louse","floor":5,"turns":3},{"damage":0,"enemies":"Small Slimes","floor":7,"turns":3},{"damage":3,"enemies":"Blue Slaver","floor":10,"turns":4},{"damage":15,"enemies":"Lagavulin","floor":12,"turns":5},{"damage":19,"enemies":"The Guardian","floor":16,"turns":7}],"seed_played":"9056964246202920838","potions_obtained":[{"floor":1,"key":"FocusPotion"},{"floor":10,"key":"Dexterity Potion"}],"is_trial":false,"path_per_floor":["M","?","?","?","M","R","M","$","T","M","R","E","R","?","R","B"],"character_chosen":"DEFECT","items_purchased":[],"campfire_rested":1,"item_purchase_floors":[],"current_hp_per_floor":[60,38,31,12,12,12,12,12,12,9,28,13,13,18,18,0],"gold":134,"neow_bonus":"REMOVE_TWO","is_prod":false,"is_daily":false,"chose_seed":false,"campfire_upgraded":3,"win_rate":0,"timestamp":1542694008,"path_taken":["M","?","?","?","M","R","M","?","T","?","R","E","R","?","R","BOSS"],"build_version":"2018-11-15","purchased_purges":1,"victory":false,"max_hp_per_floor":[64,64,64,64,64,64,64,64,64,64,64,64,64,69,69,69],"card_choices":[{"not_picked":["Reprogram","Go for the Eyes"],"picked":"Conserve Battery","floor":1},{"not_picked":["Sweeping Beam","Coolheaded"],"picked":"Streamline","floor":5},{"not_picked":["Turbo","Steam Power","Conserve Battery"],"picked":"SKIP","floor":7},{"not_picked":["Streamline","Leap","Force Field"],"picked":"SKIP","floor":10},{"not_picked":["Barrage","Cold Snap"],"picked":"Electrodynamics","floor":12}],"player_experience":574597,"relics_obtained":[{"floor":9,"key":"The Courier"},{"floor":12,"key":"Happy Flower"}],"event_choices":[{"damage_healed":0,"gold_gain":0,"player_choice":"Take Damage","damage_taken":22,"relics_obtained":["Golden Idol"],"max_hp_gain":0,"max_hp_loss":0,"event_name":"Golden Idol","floor":2,"gold_loss":0},{"cards_removed":["Strike_B"],"damage_healed":0,"gold_gain":0,"player_choice":"Card Removal","damage_taken":7,"max_hp_gain":0,"max_hp_loss":0,"event_name":"Golden Wing","floor":3,"gold_loss":0},{"damage_healed":0,"gold_gain":0,"player_choice":"Entered Light","damage_taken":19,"max_hp_gain":0,"max_hp_loss":0,"event_name":"Shining Light","floor":4,"gold_loss":0,"cards_upgraded":["Zap","Conserve Battery"]},{"damage_healed":0,"gold_gain":0,"player_choice":"Donut","damage_taken":0,"max_hp_gain":5,"max_hp_loss":0,"event_name":"Big Fish","floor":14,"gold_loss":0}],"is_beta":true,"boss_relics":[],"items_purged_floors":[8],"is_endless":false,"potions_floor_spawned":[1,10,12],"killed_by":"The Guardian","ascension_level":20}