{"gold_per_floor":[118,130,130,55,16,16,47,60,106,139,139,168,168,193,193,272,272,290,290,310,310,324,324,334,334,358,358,156,169,84,84,84,156,156,173,48,63,79,91,124,124,158,158,158,178,193,219,69,69,69,69,69,69,16,51,51],"floor_reached":56,"playtime":3276,"items_purged":["Strike_R","Strike_R","Bash","Defend_R"],"score":1956,"play_id":"46dc9b0f-afa7-4825-a782-96ea1fadb58f","local_time":"20190316203457","is_ascension_mode":true,"campfire_choices":[{"data":"1","floor":6.0,"key":"LIFT"},{"floor":11.0,"key":"REST"},{"data":"2","floor":13.0,"key":"LIFT"},{"data":"3","floor":15.0,"key":"LIFT"},{"data":"Inflame","floor":23.0,"key":"SMITH"},{"data":"Disarm","floor":27.0,"key":"SMITH"},{"data":"Limit Break","floor":32.0,"key":"SMITH"},{"data":"Discovery","floor":41.0,"key":"SMITH"},{"floor":49.0,"key":"RECALL"},{"data":"Shrug It Off","floor":53.0,"key":"SMITH"}],"neow_cost":"TEN_PERCENT_HP_LOSS","seed_source_timestamp":27145402102297,"circlet_count":0,"master_deck":["AscendersBane","Defend_R","Defend_R","Defend_R","Armaments+1","Inflame+1","Clash","Dropkick","Burning Pact+1","Disarm+1","Impervious","Shrug It Off+1","Discovery+1","Limit Break+1","Reaper","Inflame+1","Body Slam+1","Uppercut+1","Impervious","Reaper","Impervious"],"special_seed":0,"relics":["Burning Blood","Girya","Ancient Tea Set","Bag of Preparation","Centennial Puzzle","Odd Mushroom","Runic Dome","Bronze Scales","Nloth\u0027s Gift","Astrolabe","Happy Flower","Blue Candle","Kunai","Lantern"],"potions_floor_usage":[56,56],"damage_taken":[{"damage":3.0,"enemies":"Small Slimes","floor":1.0,"turns":5.0},{"damage":6.0,"enemies":"Cultist","floor":2.0,"turns":3.0},{"damage":56.0,"enemies":"3 Sentries","floor":7.0,"turns":13.0},{"damage":5.0,"enemies":"2 Louse","floor":8.0,"turns":4.0},{"damage":18.0,"enemies":"Gremlin Nob","floor":10.0,"turns":4.0},{"damage":10.0,"enemies":"3 Sentries","floor":12.0,"turns":6.0},{"damage":1.0,"enemies":"The Mushroom Lair","floor":14.0,"turns":3.0},{"damage":15.0,"enemies":"The Guardian","floor":16.0,"turns":12.0},{"damage":2.0,"enemies":"3 Byrds","floor":18.0,"turns":6.0},{"damage":12.0,"enemies":"Shell Parasite","floor":20.0,"turns":5.0},{"damage":5.0,"enemies":"Centurion and Healer","floor":22.0,"turns":7.0},{"damage":21.0,"enemies":"Cultist and Chosen","floor":24.0,"turns":5.0},{"damage":0.0,"enemies":"Snake Plant","floor":29.0,"turns":3.0},{"damage":40.0,"enemies":"Collector","floor":33.0,"turns":6.0},{"damage":21.0,"enemies":"3 Darklings","floor":35.0,"turns":3.0},{"damage":6.0,"enemies":"Orb Walker","floor":37.0,"turns":2.0},{"damage":38.0,"enemies":"Maw","floor":38.0,"turns":6.0},{"damage":13.0,"enemies":"Jaw Worm Horde","floor":39.0,"turns":4.0},{"damage":0.0,"enemies":"Nemesis","floor":40.0,"turns":5.0},{"damage":44.0,"enemies":"Reptomancer","floor":42.0,"turns":4.0},{"damage":40.0,"enemies":"4 Shapes","floor":45.0,"turns":5.0},{"damage":8.0,"enemies":"Maw","floor":46.0,"turns":6.0},{"damage":8.0,"enemies":"Nemesis","floor":47.0,"turns":5.0},{"damage":74.0,"enemies":"Donu and Deca","floor":50.0,"turns":9.0},{"damage":55.0,"enemies":"Awakened One","floor":51.0,"turns":8.0},{"damage":34.0,"enemies":"Shield and Spear","floor":55.0,"turns":5.0},{"damage":138,"enemies":"The Heart","floor":56,"turns":8}],"seed_played":"-2581695834435561238","potions_obtained":[{"floor":7.0,"key":"Weak Potion"},{"floor":10.0,"key":"Weak Potion"},{"floor":12.0,"key":"Energy Potion"},{"floor":14.0,"key":"FearPotion"},{"floor":33.0,"key":"FearPotion"},{"floor":38.0,"key":"AttackPotion"},{"floor":42.0,"key":"AttackPotion"}],"is_trial":false,"path_per_floor":["M","M","?","$","$","R","E","M","T","E","R","E","R","?","R","B",null,"M","?","M","?","M","R","M","?","T","R","$","M","$","?","R","B",null,"M","$","M","M","M","E","R","E","T","?","M","M","E","$","R","B","B",null,"R","$","E","B"],"character_chosen":"IRONCLAD","items_purchased":["Inflame","Discovery","Limit Break","PowerPotion"],"campfire_rested":1,"item_purchase_floors":[5,28,30,54],"current_hp_per_floor":[68,68,68,68,68,68,25,26,26,14,36,32,32,37,37,28,63,67,67,61,61,62,62,47,47,47,47,47,53,53,53,53,19,61,75,75,75,75,70,75,75,63,63,63,75,75,75,75,75,75,59,71,71,71,64,0],"gold":51,"neow_bonus":"ONE_RARE_RELIC","is_prod":false,"is_daily":false,"chose_seed":false,"campfire_upgraded":5,"win_rate":0,"timestamp":1552739697,"path_taken":["M","M","?","?","$","R","E","?","T","E","R","E","R","?","R","BOSS","M","?","M","?","?","R","M","?","T","R","$","M","$","?","R","BOSS","M","$","M","M","?","E","R","E","T","?","M","M","E","?","R","BOSS","BOSS","R","$","E","BOSS"],"build_version":"2019-01-23","purchased_purges":4,"victory":false,"max_hp_per_floor":[68,68,68,68,68,68,75,75,75,75,75,75,75,75,75,75,75,75,75,75,75,75,75,75,75,75,75,75,75,75,75,75,75,75,75,75,75,75,75,75,75,75,75,75,75,75,75,75,75,75,75,75,75,75,75,75],"card_choices":[{"not_picked":["Cleave","Disarm"],"picked":"Armaments","floor":1.0},{"not_picked":["Twin Strike","Sever Soul","Reckless Charge"],"picked":"SKIP","floor":2.0},{"not_picked":["Hemokinesis","Anger"],"picked":"Clash","floor":7.0},{"not_picked":["Seeing Red","Heavy Blade"],"picked":"Dropkick","floor":8.0},{"not_picked":["Spot Weakness","Ghostly Armor"],"picked":"Burning Pact","floor":10.0},{"not_picked":["Combust","Entrench"],"picked":"Disarm","floor":12.0},{"not_picked":["Demon Form","Bludgeon"],"picked":"Impervious","floor":16.0},{"not_picked":["Body Slam","Rampage","Flex"],"picked":"SKIP","floor":18.0},{"not_picked":["Sever Soul","Body Slam","Cleave"],"picked":"SKIP","floor":20.0},{"not_picked":["Reckless Charge+1","Anger","Flame Barrier"],"picked":"SKIP","floor":22.0},{"not_picked":["Seeing Red+1","Rupture","Reckless Charge"],"picked":"SKIP","floor":24.0},{"not_picked":["Seeing Red+1","Rupture","Reckless Charge"],"picked":"SKIP","floor":24.0},{"not_picked":["Cleave","Flame Barrier","Perfected Strike"],"picked":"SKIP","floor":29.0},{"not_picked":["Dark Embrace","Barricade"],"picked":"Reaper","floor":33.0},{"not_picked":["Havoc","Shrug It Off","Pommel Strike"],"picked":"SKIP","floor":35.0},{"not_picked":["Clash","Fire Breathing","Heavy Blade"],"picked":"SKIP","floor":37.0},{"not_picked":["Iron Wave+1","Metallicize","Clash"],"picked":"SKIP","floor":38.0},{"not_picked":["Twin Strike","Heavy Blade","Burning Pact"],"picked":"SKIP","floor":39.0},{"not_picked":["Cleave+1","Perfected Strike+1","Shrug It Off"],"picked":"SKIP","floor":40.0},{"not_picked":["Hemokinesis+1","Perfected Strike"],"picked":"Impervious","floor":42.0},{"not_picked":["Thunderclap+1","Clothesline","Anger"],"picked":"SKIP","floor":45.0},{"not_picked":["Thunderclap","Shockwave","Wild Strike"],"picked":"SKIP","floor":46.0},{"not_picked":["Brutality","Evolve"],"picked":"Impervious","floor":47.0},{"not_picked":["Iron Wave+1","Heavy Blade","Perfected Strike"],"picked":"SKIP","floor":55.0}],"player_experience":3633871,"relics_obtained":[{"floor":7.0,"key":"Strawberry"},{"floor":9.0,"key":"Ancient Tea Set"},{"floor":10.0,"key":"Bag of Preparation"},{"floor":12.0,"key":"Centennial Puzzle"},{"floor":14.0,"key":"Odd Mushroom"},{"floor":26.0,"key":"Bronze Scales"},{"floor":40.0,"key":"Happy Flower"},{"floor":42.0,"key":"Blue Candle"},{"floor":47.0,"key":"Kunai"},{"floor":55.0,"key":"Lantern"}],"event_choices":[{"damage_healed":0.0,"max_hp_gain":0.0,"max_hp_loss":0.0,"gold_gain":0.0,"event_name":"Upgrade Shrine","player_choice":"Upgraded","floor":3.0,"gold_loss":0.0,"damage_taken":0.0,"cards_upgraded":["Armaments"]},{"damage_healed":0.0,"max_hp_gain":0.0,"max_hp_loss":0.0,"gold_gain":0.0,"event_name":"Mushrooms","player_choice":"Fought Mushrooms","floor":14.0,"gold_loss":0.0,"damage_taken":0.0},{"damage_healed":0.0,"max_hp_gain":0.0,"max_hp_loss":0.0,"gold_gain":0.0,"event_name":"The Mausoleum","player_choice":"Ignored","floor":19.0,"gold_loss":0.0,"damage_taken":0.0},{"damage_healed":0.0,"max_hp_gain":0.0,"max_hp_loss":0.0,"gold_gain":0.0,"event_name":"Upgrade Shrine","player_choice":"Upgraded","floor":21.0,"gold_loss":0.0,"damage_taken":0.0,"cards_upgraded":["Burning Pact"]},{"damage_healed":0.0,"max_hp_gain":0.0,"max_hp_loss":0.0,"gold_gain":0.0,"event_name":"The Library","player_choice":"Read","floor":25.0,"gold_loss":0.0,"damage_taken":0.0,"cards_obtained":["Shrug It Off"]},{"damage_healed":0.0,"max_hp_gain":0.0,"max_hp_loss":0.0,"gold_gain":0.0,"event_name":"N\u0027loth","player_choice":"Traded Relic","floor":31.0,"relics_lost":["Strawberry"],"gold_loss":0.0,"damage_taken":0.0,"relics_obtained":["Nloth\u0027s Gift"]},{"damage_healed":0.0,"max_hp_gain":0.0,"max_hp_loss":0.0,"gold_gain":0.0,"event_name":"Duplicator","player_choice":"Copied","floor":44.0,"gold_loss":0.0,"damage_taken":0.0,"cards_obtained":["Reaper"]}],"is_beta":false,"boss_relics":[{"not_picked":["Black Star","Eternal Feather"],"picked":"Runic Dome"},{"not_picked":["Runic Cube","Lizard Tail"],"picked":"Astrolabe"}],"items_purged_floors":[4,28,36,48],"is_endless":false,"potions_floor_spawned":[7,10,12,14,24,29,33,38,39,42],"killed_by":"The Heart","ascension_level":20}