{"gold_per_floor":[110,35,35,35,35,66,66,97,97,97,125,143,170,195,195,266,266,276,290,340,154,154,184,184,210,210,210,228,248,248,262,262,338,338,348,348,348,6,6,6,51,76,76,76,91,117,117,136,136,136,136,136,136,32,58,58],"floor_reached":57,"playtime":2213,"items_purged":["Strike_G","Strike_G","Defend_G","Defend_G"],"score":3240,"play_id":"e7de9397-fae8-497b-a516-c50d3466b025","local_time":"20190215125737","is_ascension_mode":true,"campfire_choices":[{"data":"Bouncing Flask","floor":7.0,"key":"SMITH"},{"data":"Neutralize","floor":10.0,"key":"SMITH"},{"data":"Catalyst","floor":15.0,"key":"SMITH"},{"data":"Calculated Gamble","floor":24.0,"key":"SMITH"},{"data":"Burst","floor":27.0,"key":"SMITH"},{"data":"Wraith Form v2","floor":32.0,"key":"SMITH"},{"data":"Well Laid Plans","floor":40,"key":"SMITH"},{"data":"Acrobatics","floor":47,"key":"SMITH"},{"floor":49,"key":"RECALL"},{"data":"Grand Finale","floor":53,"key":"SMITH"}],"neow_cost":"NONE","seed_source_timestamp":16141770679521,"circlet_count":0,"master_deck":["AscendersBane","Survivor","Neutralize+1","Bouncing Flask+1","Backflip","Blur","Catalyst+1","Wraith Form v2+1","Burst+1","Calculated Gamble+1","Leg Sweep","Grand Finale+1","Storm of Steel+1","Wraith Form v2+1","Acrobatics+1","Well Laid Plans+1","Acrobatics+1"],"special_seed":0,"relics":["Ring of the Snake","WarpedTongs","Singing Bowl","Mummified Hand","Tough Bandages","Torii","Ancient Tea Set","Coffee Dripper","Smiling Mask","Pantograph","Pen Nib","Astrolabe","Medical Kit","Bag of Marbles","PreservedInsect","Toxic Egg 2","Unceasing Top","Bronze Scales"],"potions_floor_usage":[],"damage_taken":[{"damage":0.0,"enemies":"2 Louse","floor":1.0,"turns":3.0},{"damage":11.0,"enemies":"Lagavulin","floor":6.0,"turns":9.0},{"damage":30.0,"enemies":"Gremlin Nob","floor":8.0,"turns":4.0},{"damage":17.0,"enemies":"3 Sentries","floor":11.0,"turns":12.0},{"damage":0.0,"enemies":"Cultist","floor":12.0,"turns":3.0},{"damage":0.0,"enemies":"Lagavulin","floor":13.0,"turns":4.0},{"damage":1.0,"enemies":"Hexaghost","floor":16.0,"turns":6.0},{"damage":0.0,"enemies":"Chosen","floor":18.0,"turns":2.0},{"damage":1.0,"enemies":"2 Thieves","floor":19.0,"turns":4.0},{"damage":15.0,"enemies":"Slavers","floor":23.0,"turns":7.0},{"damage":0.0,"enemies":"Book of Stabbing","floor":25.0,"turns":5.0},{"damage":0.0,"enemies":"Snake Plant","floor":28.0,"turns":1.0},{"damage":0.0,"enemies":"3 Cultists","floor":29.0,"turns":6.0},{"damage":0.0,"enemies":"Snecko","floor":31.0,"turns":6.0},{"damage":0.0,"enemies":"Champ","floor":33.0,"turns":3.0},{"damage":0.0,"enemies":"3 Shapes","floor":35.0,"turns":4.0},{"damage":0,"enemies":"Reptomancer","floor":42,"turns":5},{"damage":0,"enemies":"3 Darklings","floor":45,"turns":2},{"damage":0,"enemies":"Giant Head","floor":46,"turns":5},{"damage":0,"enemies":"Transient","floor":48,"turns":6},{"damage":2,"enemies":"Donu and Deca","floor":50,"turns":7},{"damage":0,"enemies":"Awakened One","floor":51,"turns":10},{"damage":0,"enemies":"Shield and Spear","floor":55,"turns":3},{"damage":41,"enemies":"The Heart","floor":56,"turns":7}],"seed_played":"-2660402534018475500","potions_obtained":[{"floor":1.0,"key":"Regen Potion"},{"floor":8.0,"key":"Ancient Potion"},{"floor":12.0,"key":"Energy Potion"},{"floor":23.0,"key":"Fire Potion"},{"floor":42,"key":"GamblersBrew"},{"floor":46,"key":"GamblersBrew"}],"is_trial":false,"path_per_floor":["M","$","?","$","?","E","R","E","T","R","E","M","E","T","R","B",null,"M","M","?","$","?","E","R","E","T","R","M","M","?","M","R","B",null,"M","?","?","$","?","R","T","E","T","?","M","E","R","M","R","B","B",null,"R","$","E","B",null],"character_chosen":"THE_SILENT","items_purchased":["GamblersBrew","Well Laid Plans","Medical Kit","Acrobatics+1"],"campfire_rested":0,"item_purchase_floors":[21,38,38,54],"current_hp_per_floor":[59,59,59,59,59,50,50,36,36,36,19,19,19,19,19,18,57,57,58,58,58,58,45,45,47,47,47,49,51,51,53,53,78,81,81,81,81,81,81,81,81,83,83,83,85,87,87,89,89,88,90,90,90,90,92,51],"gold":58,"neow_bonus":"TRANSFORM_CARD","is_prod":false,"is_daily":false,"chose_seed":false,"campfire_upgraded":9,"win_rate":0,"timestamp":1550206657,"path_taken":["M","$","?","?","?","E","R","E","T","R","E","?","E","?","R","BOSS","M","M","?","$","?","E","R","E","T","R","?","M","?","M","R","BOSS","M","?","?","$","?","R","?","E","T","?","M","E","R","?","R","BOSS","BOSS","R","$","E","BOSS"],"build_version":"2019-01-23","purchased_purges":4,"victory":true,"max_hp_per_floor":[66,66,66,66,66,68,68,70,70,70,70,70,70,70,70,70,70,70,72,72,72,72,74,74,76,76,76,78,80,80,82,82,82,82,82,82,82,82,82,82,82,84,84,84,86,88,88,90,90,90,90,90,90,90,92,92],"card_choices":[{"not_picked":["Heel Hook","PiercingWail"],"picked":"Backflip","floor":1.0},{"not_picked":["Terror","Bane","Cloak And Dagger"],"picked":"Singing Bowl","floor":6.0},{"not_picked":["Dagger Throw","Poisoned Stab","Slice"],"picked":"Singing Bowl","floor":8.0},{"not_picked":["Outmaneuver","Slice"],"picked":"Blur","floor":11.0},{"not_picked":["PiercingWail","Expertise"],"picked":"Catalyst","floor":12.0},{"not_picked":["All Out Attack","Predator"],"picked":"Wraith Form v2","floor":13.0},{"not_picked":["Bullet Time","Corpse Explosion"],"picked":"Burst","floor":16.0},{"not_picked":["Accuracy","Dagger Spray"],"picked":"Calculated Gamble","floor":18.0},{"not_picked":["Outmaneuver","Masterful Stab","Dodge and Roll"],"picked":"Singing Bowl","floor":19.0},{"not_picked":["Backstab+1","Leg Sweep","Crippling Poison"],"picked":"Singing Bowl","floor":23.0},{"not_picked":["Noxious Fumes","Expertise","Terror"],"picked":"Singing Bowl","floor":25.0},{"not_picked":["Poisoned Stab","Eviscerate+1","Outmaneuver"],"picked":"Singing Bowl","floor":28.0},{"not_picked":["Backstab+1","Noxious Fumes","Burst"],"picked":"Singing Bowl","floor":29.0},{"not_picked":["Bane","Deflect","Cloak And Dagger"],"picked":"Singing Bowl","floor":31.0},{"not_picked":["Burst","Wraith Form v2"],"picked":"Grand Finale","floor":33.0},{"not_picked":["Infinite Blades","Cloak And Dagger+1"],"picked":"Acrobatics","floor":35.0},{"not_picked":["Heel Hook+1","Quick Slash","Backflip"],"picked":"Singing Bowl","floor":42},{"not_picked":["Eviscerate","Blur+1","Crippling Poison+1"],"picked":"Singing Bowl","floor":45},{"not_picked":["Noxious Fumes","Outmaneuver+1","Dodge and Roll+1"],"picked":"Singing Bowl","floor":46},{"not_picked":["Leg Sweep+1","Flechettes","Poisoned Stab+1"],"picked":"Singing Bowl","floor":48},{"not_picked":["Blade Dance+1","Poisoned Stab+1","Dodge and Roll+1"],"picked":"Singing Bowl","floor":55}],"player_experience":2767738,"relics_obtained":[{"floor":6.0,"key":"Singing Bowl"},{"floor":8.0,"key":"Mummified Hand"},{"floor":9.0,"key":"Tough Bandages"},{"floor":11.0,"key":"Torii"},{"floor":13.0,"key":"Ancient Tea Set"},{"floor":23.0,"key":"Smiling Mask"},{"floor":25.0,"key":"Pantograph"},{"floor":26.0,"key":"Pen Nib"},{"floor":41,"key":"Bag of Marbles"},{"floor":42,"key":"PreservedInsect"},{"floor":43,"key":"Toxic Egg 2"},{"floor":46,"key":"Unceasing Top"},{"floor":55,"key":"Bronze Scales"}],"event_choices":[{"damage_healed":0.0,"max_hp_gain":0.0,"max_hp_loss":0.0,"gold_gain":0.0,"event_name":"Accursed Blacksmith","player_choice":"Rummage","floor":3.0,"gold_loss":0.0,"damage_taken":0.0,"relics_obtained":["WarpedTongs"],"cards_obtained":["Pain"]},{"cards_removed":["Pain"],"damage_healed":0.0,"max_hp_gain":0.0,"max_hp_loss":0.0,"gold_gain":0.0,"event_name":"Purifier","player_choice":"Purged","floor":5.0,"gold_loss":0.0,"damage_taken":0.0},{"damage_healed":0.0,"max_hp_gain":0.0,"max_hp_loss":0.0,"gold_gain":50.0,"event_name":"Nest","player_choice":"Stole From Cult","floor":20.0,"gold_loss":0.0,"damage_taken":0.0},{"damage_healed":0.0,"max_hp_gain":0.0,"max_hp_loss":0.0,"gold_gain":0.0,"event_name":"N\u0027loth","player_choice":"Ignored","floor":22.0,"gold_loss":0.0,"damage_taken":0.0},{"damage_healed":0.0,"max_hp_gain":0.0,"max_hp_loss":0.0,"gold_gain":0.0,"cards_transformed":["Strike_G","Strike_G"],"event_name":"Drug Dealer","player_choice":"Became Test Subject","floor":30.0,"gold_loss":0.0,"damage_taken":0.0,"cards_obtained":["Flechettes","Leg Sweep"]},{"damage_healed":0,"gold_gain":0,"player_choice":"Ignored","damage_taken":0,"max_hp_gain":0,"max_hp_loss":0,"event_name":"Mysterious Sphere","floor":36,"gold_loss":0},{"damage_healed":0,"gold_gain":0,"player_choice":"Ignored","damage_taken":0,"max_hp_gain":0,"max_hp_loss":0,"event_name":"Tomb of Lord Red Mask","floor":37,"gold_loss":0},{"cards_removed":["Blur"],"damage_healed":0,"gold_gain":0,"player_choice":"Removed Skill","damage_taken":0,"max_hp_gain":0,"max_hp_loss":0,"event_name":"Falling","floor":39,"gold_loss":0},{"cards_removed":["Defend_G"],"damage_healed":0,"gold_gain":0,"player_choice":"Offered Basic","damage_taken":0,"max_hp_gain":0,"max_hp_loss":0,"event_name":"Bonfire Elementals","floor":44,"gold_loss":0}],"is_beta":false,"boss_relics":[{"not_picked":["Eternal Feather","Snecko Eye"],"picked":"Coffee Dripper"},{"not_picked":["HoveringKite","Fusion Hammer"],"picked":"Astrolabe"}],"items_purged_floors":[2,21,38,54],"is_endless":false,"potions_floor_spawned":[1,8,12,16,23,31,33,42,46],"ascension_level":20}