{"gold_per_floor":[112,129,129,129,152,152,152,77,130,30,30,46,46,60,60,183,183,207,207,207,227,26,26,50,50,50,50,69,69,69,84,84,215,215,240,240,90,105,126,126,126,145,171,171,202,202,202,221,221,221],"floor_reached":51,"playtime":1155,"items_purged":["Strike_R","Strike_R","Defend_R","Defend_R"],"score":840,"play_id":"8af5b114-914f-401e-8bde-76c8d1a24a78","local_time":"20181123204402","is_ascension_mode":false,"campfire_choices":[{"data":"Inflame","floor":6,"key":"SMITH"},{"data":"Bash","floor":11,"key":"SMITH"},{"data":"Rampage","floor":13,"key":"SMITH"},{"data":"Second Wind","floor":15,"key":"SMITH"},{"data":"RitualDagger","floor":23,"key":"SMITH"},{"data":"Power Through","floor":25,"key":"SMITH"},{"floor":29,"key":"REST"},{"floor":32,"key":"REST"},{"floor":40,"key":"REST"},{"data":"Clash","floor":47,"key":"SMITH"},{"floor":49,"key":"REST"}],"neow_cost":"NONE","seed_source_timestamp":15959228838200,"circlet_count":0,"master_deck":["Defend_R","Bash+1","Second Wind+1","Rampage+1","RitualDagger+1","Power Through+1","Clash+1"],"relics":["Busted Crown","Golden Idol","Boot","Empty Cage","Enchiridion","Dodecahedron","Bronze Scales","Eternal Feather","Regal Pillow","Art of War"],"potions_floor_usage":[18,18,33,33,50],"damage_taken":[{"damage":0,"enemies":"Small Slimes","floor":1,"turns":3},{"damage":2,"enemies":"Jaw Worm","floor":2,"turns":3},{"damage":0,"enemies":"Cultist","floor":5,"turns":2},{"damage":2,"enemies":"3 Louse","floor":12,"turns":4},{"damage":2,"enemies":"Blue Slaver","floor":14,"turns":3},{"damage":19,"enemies":"The Guardian","floor":16,"turns":6},{"damage":6,"enemies":"2 Thieves","floor":18,"turns":3},{"damage":19,"enemies":"3 Byrds","floor":21,"turns":5},{"damage":0,"enemies":"Sentry and Sphere","floor":24,"turns":5},{"damage":7,"enemies":"Snake Plant","floor":28,"turns":3},{"damage":0,"enemies":"Shelled Parasite and Fungi","floor":31,"turns":5},{"damage":64,"enemies":"Automaton","floor":33,"turns":9},{"damage":0,"enemies":"3 Shapes","floor":35,"turns":4},{"damage":0,"enemies":"Orb Walker","floor":38,"turns":3},{"damage":45,"enemies":"Maw","floor":39,"turns":8},{"damage":0,"enemies":"Transient","floor":42,"turns":5},{"damage":1,"enemies":"Giant Head","floor":45,"turns":7},{"damage":0,"enemies":"Spire Growth","floor":48,"turns":4},{"damage":50,"enemies":"Time Eater","floor":50,"turns":9}],"seed_played":"-4846646315609316637","potions_obtained":[{"floor":5,"key":"Poison Potion"},{"floor":14,"key":"SteroidPotion"},{"floor":18,"key":"PowerPotion"},{"floor":21,"key":"SpeedPotion"},{"floor":31,"key":"Dexterity Potion"},{"floor":33,"key":"FearPotion"},{"floor":42,"key":"Poison Potion"}],"is_trial":false,"path_per_floor":["M","M","?","?","M","R","?","$","T","$","R","M","R","M","R","B",null,"M","?","?","M","$","R","M","R","T","$","M","R","?","M","R","B",null,"M","?","$","M","M","R","$","M","T","$","E","?","R","M","R","B",null],"character_chosen":"IRONCLAD","items_purchased":["Power Through"],"campfire_rested":4,"item_purchase_floors":[22],"current_hp_per_floor":[80,78,78,74,74,74,79,79,79,79,79,77,77,75,75,56,79,73,67,51,32,32,32,32,32,32,32,25,48,48,48,71,7,79,79,79,79,79,34,60,60,60,60,60,59,59,62,62,79,29],"gold":221,"neow_bonus":"BOSS_RELIC","is_prod":false,"is_daily":false,"chose_seed":false,"campfire_upgraded":7,"win_rate":0,"timestamp":1542977042,"path_taken":["M","M","?","?","M","R","?","?","T","$","R","M","R","?","R","BOSS","M","?","?","M","$","R","M","R","T","?","M","R","?","M","R","BOSS","M","?","$","M","M","R","?","?","T","?","E","?","R","M","R","BOSS"],"build_version":"2018-11-15","purchased_purges":4,"victory":true,"max_hp_per_floor":[80,80,80,74,74,74,79,79,79,79,79,79,79,79,79,79,79,79,79,79,79,79,79,79,79,79,79,79,79,79,79,79,79,79,79,79,79,79,79,79,79,79,79,79,79,79,79,79,79,79],"card_choices":[{"not_picked":["Warcry"],"picked":"SKIP","floor":1},{"not_picked":["Twin Strike"],"picked":"SKIP","floor":2},{"not_picked":[],"picked":"Second Wind","floor":5},{"not_picked":[],"picked":"Rampage","floor":12},{"not_picked":["Flex"],"picked":"SKIP","floor":14},{"not_picked":["Perfected Strike"],"picked":"SKIP","floor":18},{"not_picked":["Twin Strike+1"],"picked":"SKIP","floor":21},{"not_picked":["Rupture+1"],"picked":"SKIP","floor":24},{"not_picked":["Combust+1"],"picked":"SKIP","floor":28},{"not_picked":["Clothesline"],"picked":"SKIP","floor":31},{"not_picked":["Clash+1"],"picked":"SKIP","floor":35},{"not_picked":["Sword Boomerang"],"picked":"SKIP","floor":38},{"not_picked":["Clothesline+1"],"picked":"SKIP","floor":39},{"not_picked":["Carnage"],"picked":"SKIP","floor":42},{"not_picked":["Heavy Blade"],"picked":"SKIP","floor":45},{"not_picked":["Intimidate"],"picked":"SKIP","floor":48}],"player_experience":1121062,"relics_obtained":[{"floor":9,"key":"Boot"},{"floor":20,"key":"Enchiridion"},{"floor":26,"key":"Dodecahedron"},{"floor":43,"key":"Regal Pillow"},{"floor":45,"key":"Art of War"}],"event_choices":[{"damage_healed":0,"gold_gain":0,"cards_transformed":["Strike_R"],"player_choice":"Change","damage_taken":0,"max_hp_gain":0,"max_hp_loss":0,"event_name":"Living Wall","floor":3,"gold_loss":0,"cards_obtained":["Inflame"]},{"damage_healed":0,"gold_gain":0,"player_choice":"Lose Max HP","damage_taken":0,"relics_obtained":["Golden Idol"],"max_hp_gain":0,"max_hp_loss":6,"event_name":"Golden Idol","floor":4,"gold_loss":0},{"damage_healed":0,"gold_gain":0,"player_choice":"Donut","damage_taken":0,"max_hp_gain":5,"max_hp_loss":0,"event_name":"Big Fish","floor":7,"gold_loss":0},{"damage_healed":0,"gold_gain":0,"player_choice":"Joined the Cult","damage_taken":6,"max_hp_gain":0,"max_hp_loss":0,"event_name":"Nest","floor":19,"gold_loss":0,"cards_obtained":["RitualDagger"]},{"damage_healed":0,"gold_gain":0,"player_choice":"Obtained Book","damage_taken":16,"max_hp_gain":0,"max_hp_loss":0,"event_name":"Cursed Tome","floor":20,"gold_loss":0},{"damage_healed":0,"gold_gain":0,"player_choice":"Opened","damage_taken":0,"relics_obtained":["Bronze Scales"],"max_hp_gain":0,"max_hp_loss":0,"event_name":"The Mausoleum","floor":30,"gold_loss":0},{"damage_healed":0,"gold_gain":0,"cards_transformed":["Defend_R"],"player_choice":"Transformed","damage_taken":0,"max_hp_gain":0,"max_hp_loss":0,"event_name":"Transmorgrifier","floor":36,"gold_loss":0,"cards_obtained":["Clash"]},{"cards_removed":["Inflame"],"damage_healed":0,"gold_gain":0,"player_choice":"Removed Power","damage_taken":0,"max_hp_gain":0,"max_hp_loss":0,"event_name":"Falling","floor":46,"gold_loss":0}],"is_beta":false,"boss_relics":[{"not_picked":["Black Star","Mark of Pain"],"picked":"Empty Cage"},{"not_picked":["Cursed Key","Calling Bell"],"picked":"Eternal Feather"}],"items_purged_floors":[8,10,22,37],"is_endless":false,"potions_floor_spawned":[5,14,18,21,31,33,42,48],"ascension_level":0}