{"gold_per_floor":[115,128,128,128,53,83,111,123,162,209,221,246,51,66,66,167,167,177,177,177,197,16,16,34,34,34,47,14,113,113,131,131,235,235,251,59,70,70,82,82,111,111,111,111,125,125,125,125,125,125,125,125,0,32,32],"floor_reached":56,"playtime":2017,"items_purged":["Defend_G","Strike_G","Outmaneuver+1"],"score":1513,"play_id":"37fd91af-0ceb-4dfa-b919-14f88507b634","local_time":"20181206152552","is_ascension_mode":false,"campfire_choices":[{"data":"Crippling Poison","floor":8.0,"key":"SMITH"},{"data":"Deadly Poison","floor":15.0,"key":"SMITH"},{"data":"Neutralize","floor":23.0,"key":"SMITH"},{"data":"Footwork","floor":25.0,"key":"SMITH"},{"data":"Well Laid Plans","floor":30.0,"key":"SMITH"},{"data":"Burst","floor":32.0,"key":"SMITH"},{"data":"Footwork","floor":40,"key":"SMITH"},{"floor":42,"key":"RECALL"},{"data":"Panacea","floor":46,"key":"SMITH"},{"floor":49,"key":"REST"},{"floor":52,"key":"REST"}],"neow_cost":"NONE","seed_source_timestamp":21484155541400,"circlet_count":0,"master_deck":["Survivor+1","Neutralize+1","Leg Sweep+1","Crippling Poison+1","Deadly Poison+1","Burst+1","Phantasmal Killer+1","Escape Plan+1","Footwork+1","Adrenaline+1","Well Laid Plans+1","Footwork+1","Outmaneuver+1","PiercingWail+1","Dodge and Roll+1","Backflip+1","Backflip+1","Dodge and Roll+1","Panacea+1","Backflip+1"],"special_seed":0,"relics":["Ring of the Snake","NeowsBlessing","Thread and Needle","MawBank","War Paint","TwistedFunnel","Sozu","Gremlin Horn","Pandora\u0027s Box","Medical Kit","Vajra","Matryoshka","Mark of the Bloom","Smiling Mask"],"potions_floor_usage":[55],"damage_taken":[{"damage":0.0,"enemies":"Jaw Worm","floor":1.0,"turns":1.0},{"damage":0.0,"enemies":"2 Louse","floor":2.0,"turns":1.0},{"damage":0.0,"enemies":"Gremlin Nob","floor":6.0,"turns":1.0},{"damage":0.0,"enemies":"Cultist","floor":7.0,"turns":4.0},{"damage":0.0,"enemies":"Lagavulin","floor":10.0,"turns":12.0},{"damage":0.0,"enemies":"Blue Slaver","floor":12.0,"turns":4.0},{"damage":0.0,"enemies":"2 Fungi Beasts","floor":14.0,"turns":2.0},{"damage":0.0,"enemies":"The Guardian","floor":16.0,"turns":10.0},{"damage":0.0,"enemies":"Chosen","floor":18.0,"turns":4.0},{"damage":0.0,"enemies":"Spheric Guardian","floor":21.0,"turns":3.0},{"damage":0.0,"enemies":"Snecko","floor":24.0,"turns":5.0},{"damage":0.0,"enemies":"Centurion and Healer","floor":27.0,"turns":8.0},{"damage":0.0,"enemies":"3 Cultists","floor":31.0,"turns":4.0},{"damage":0.0,"enemies":"Automaton","floor":33.0,"turns":10.0},{"damage":0.0,"enemies":"3 Shapes","floor":35.0,"turns":5.0},{"damage":0,"enemies":"Orb Walker","floor":37,"turns":4},{"damage":0,"enemies":"Writhing Mass","floor":39,"turns":5},{"damage":13,"enemies":"Reptomancer","floor":41,"turns":7},{"damage":0,"enemies":"Maw","floor":45,"turns":9},{"damage":0,"enemies":"Awakened One","floor":50,"turns":19},{"damage":0,"enemies":"Shield and Spear","floor":54,"turns":8},{"damage":0,"enemies":"The Heart","floor":55,"turns":13}],"seed_played":"-2049537686067266557","potions_obtained":[{"floor":1.0,"key":"LiquidBronze"},{"floor":10.0,"key":"GamblersBrew"},{"floor":16.0,"key":"Energy Potion"}],"is_trial":false,"path_per_floor":["M","M","?","T","$","E","M","R","T","E","$","M","$","M","R","B",null,"M","?","?","M","$","R","M","R","T","M","$","?","R","M","R","B",null,"M","$","M","$","M","R","E","R","T","?","M","R","?","?","R","B",null,"R","$","E","B",null],"character_chosen":"THE_SILENT","items_purchased":["TwistedFunnel","Footwork","Well Laid Plans","Medical Kit"],"campfire_rested":2,"item_purchase_floors":[13,22,28,36],"current_hp_per_floor":[70,70,63,63,63,63,63,63,63,63,63,63,63,63,63,63,70,70,70,70,70,70,70,70,70,70,70,70,70,70,70,70,70,70,70,70,70,70,70,70,57,57,57,47,47,47,47,47,47,47,47,47,47,47,47],"gold":32,"neow_bonus":"THREE_ENEMY_KILL","is_prod":false,"is_daily":false,"chose_seed":false,"campfire_upgraded":8,"win_rate":0,"timestamp":1544081152,"path_taken":["M","M","?","?","$","E","M","R","T","E","$","M","$","M","R","BOSS","M","?","?","M","$","R","M","R","T","?","$","?","R","M","R","BOSS","M","$","M","$","M","R","E","R","T","?","M","R","?","?","R","BOSS","R","$","E","BOSS"],"build_version":"2018-11-15","purchased_purges":3,"victory":true,"max_hp_per_floor":[70,70,70,70,70,70,70,70,70,70,70,70,70,70,70,70,70,70,70,70,70,70,70,70,70,70,70,70,70,70,70,70,70,70,70,70,70,70,70,70,70,70,70,70,70,70,70,70,70,70,70,70,70,70,70],"card_choices":[{"not_picked":["Concentrate","Dagger Spray","Accuracy"],"picked":"SKIP","floor":1.0},{"not_picked":["Blade Dance","Skewer","Dagger Throw"],"picked":"SKIP","floor":2.0},{"not_picked":["Expertise","Predator"],"picked":"Leg Sweep","floor":6.0},{"not_picked":["All Out Attack","PiercingWail"],"picked":"Crippling Poison","floor":7.0},{"not_picked":["Slice","Reflex","Dagger Spray"],"picked":"SKIP","floor":10.0},{"not_picked":["Bane","Dagger Spray"],"picked":"Deadly Poison","floor":12.0},{"not_picked":["Terror","Backflip","Flying Knee"],"picked":"SKIP","floor":14.0},{"not_picked":["A Thousand Cuts","Doppelganger"],"picked":"Burst","floor":16.0},{"not_picked":["Backstab","Slice","Deadly Poison"],"picked":"SKIP","floor":18.0},{"not_picked":["Flying Knee","Sucker Punch","Dagger Throw"],"picked":"SKIP","floor":21.0},{"not_picked":["Underhanded Strike","Dagger Throw"],"picked":"Adrenaline","floor":24.0},{"not_picked":["Distraction","Dash+1","PiercingWail"],"picked":"SKIP","floor":27.0},{"not_picked":["Leg Sweep","PiercingWail","Skewer+1"],"picked":"SKIP","floor":31.0},{"not_picked":["Dagger Spray","Flying Knee+1"],"picked":"Backflip","floor":35.0},{"not_picked":["Dagger Spray+1","Infinite Blades+1","Acrobatics"],"picked":"SKIP","floor":37},{"not_picked":["Choke+1","Dagger Spray"],"picked":"Backflip","floor":39},{"not_picked":["Bane+1","Tools of the Trade"],"picked":"Dodge and Roll+1","floor":41},{"not_picked":["Good Instincts","PanicButton"],"picked":"Panacea","floor":44},{"not_picked":["Deflect+1","Blade Dance","Poisoned Stab+1"],"picked":"SKIP","floor":45},{"not_picked":["Underhanded Strike","Acrobatics"],"picked":"Backflip+1","floor":54}],"player_experience":1164977,"relics_obtained":[{"floor":4.0,"key":"Thread and Needle"},{"floor":6.0,"key":"MawBank"},{"floor":10.0,"key":"War Paint"},{"floor":26.0,"key":"Gremlin Horn"},{"floor":41,"key":"Vajra"},{"floor":43,"key":"Matryoshka"},{"floor":54,"key":"Smiling Mask"}],"event_choices":[{"cards_removed":["Strike_G"],"damage_healed":0.0,"max_hp_gain":0.0,"max_hp_loss":0.0,"gold_gain":0.0,"event_name":"Golden Wing","player_choice":"Card Removal","floor":3.0,"gold_loss":0.0,"damage_taken":7.0},{"damage_healed":0.0,"max_hp_gain":0.0,"max_hp_loss":0.0,"gold_gain":0.0,"cards_transformed":["Strike_G","Strike_G"],"event_name":"Drug Dealer","player_choice":"Became Test Subject","floor":19.0,"gold_loss":0.0,"damage_taken":0.0,"cards_obtained":["Phantasmal Killer","Escape Plan"]},{"damage_healed":0.0,"max_hp_gain":0.0,"max_hp_loss":0.0,"gold_gain":0.0,"event_name":"N\u0027loth","player_choice":"Ignored","floor":20.0,"gold_loss":0.0,"damage_taken":0.0},{"damage_healed":0.0,"max_hp_gain":0.0,"max_hp_loss":0.0,"gold_gain":99.0,"event_name":"Nest","player_choice":"Stole From Cult","floor":29.0,"gold_loss":0.0,"damage_taken":0.0},{"damage_healed":0,"gold_gain":0,"player_choice":"Memory 3","damage_taken":10,"max_hp_gain":0,"max_hp_loss":0,"event_name":"SensoryStone","floor":44,"gold_loss":0},{"damage_healed":0,"gold_gain":0,"player_choice":"Ignored","damage_taken":0,"max_hp_gain":0,"max_hp_loss":0,"event_name":"Tomb of Lord Red Mask","floor":47,"gold_loss":0},{"damage_healed":0,"gold_gain":0,"player_choice":"Upgrade","damage_taken":0,"relics_obtained":["Mark of the Bloom"],"max_hp_gain":0,"max_hp_loss":0,"event_name":"MindBloom","floor":48,"gold_loss":0,"cards_upgraded":["Survivor","Phantasmal Killer","Escape Plan","Adrenaline","Outmaneuver","Outmaneuver","PiercingWail","Dodge and Roll","Backflip","Backflip"]}],"is_beta":false,"boss_relics":[{"not_picked":["Tiny House","Astrolabe"],"picked":"Sozu"},{"not_picked":["Black Star","Eternal Feather"],"picked":"Pandora\u0027s Box"}],"items_purged_floors":[5,22,53],"is_endless":false,"potions_floor_spawned":[1,10,16,24,27,35,39,54],"ascension_level":0}