{"gold_per_floor":[109,109,34,47,59,59,93,93,93,93,67,77,77,89,89,89],"floor_reached":16,"playtime":373,"items_purged":["Defend_B"],"score":204,"play_id":"d21768ab-9b2e-4855-8cc7-74cdbac75414","local_time":"20190505165311","is_ascension_mode":true,"campfire_choices":[{"data":"Dualcast","floor":6.0,"key":"SMITH"},{"data":"Recycle","floor":8.0,"key":"SMITH"},{"data":"Zap","floor":13,"key":"SMITH"},{"data":"Turbo","floor":15,"key":"SMITH"}],"neow_cost":"TEN_PERCENT_HP_LOSS","seed_source_timestamp":26067937091981,"circlet_count":0,"master_deck":["AscendersBane","Strike_B","Strike_B","Strike_B","Defend_B","Defend_B","Defend_B","Zap+1","Dualcast+1","Core Surge","Recycle+1","Scrape","Echo Form","Reinforced Body","Turbo+1","Double Energy"],"special_seed":0,"relics":["Cracked Core","Art of War"],"potions_floor_usage":[10,12],"damage_taken":[{"damage":0.0,"enemies":"Small Slimes","floor":1.0,"turns":2.0},{"damage":7.0,"enemies":"Jaw Worm","floor":4.0,"turns":2.0},{"damage":0.0,"enemies":"Cultist","floor":5.0,"turns":3.0},{"damage":30.0,"enemies":"3 Sentries","floor":7.0,"turns":7.0},{"damage":0,"enemies":"Large Slime","floor":10,"turns":1},{"damage":8,"enemies":"Exordium Wildlife","floor":12,"turns":6},{"damage":11,"enemies":"Looter","floor":14,"turns":4},{"damage":0,"enemies":"Slime Boss","floor":16,"turns":3}],"seed_played":"7178667597693534562","potions_obtained":[{"floor":4.0,"key":"SmokeBomb"},{"floor":7.0,"key":"SkillPotion"},{"floor":14,"key":"FearPotion"}],"is_trial":false,"path_per_floor":["M","?","$","M","M","R","E","R","T","M","$","M","R","M","R","B"],"character_chosen":"DEFECT","items_purchased":["Turbo"],"campfire_rested":0,"item_purchase_floors":[11],"current_hp_per_floor":[64,57,57,50,50,50,20,20,20,20,20,12,12,1,1,1],"gold":89,"neow_bonus":"THREE_RARE_CARDS","is_prod":false,"is_daily":false,"chose_seed":false,"campfire_upgraded":4,"win_rate":0,"timestamp":1557046391,"path_taken":["M","?","?","?","M","R","E","R","T","M","$","M","R","M","R","BOSS"],"build_version":"2019-01-23","purchased_purges":1,"victory":false,"max_hp_per_floor":[64,64,64,64,64,64,64,64,64,64,64,64,64,64,64,64],"card_choices":[{"not_picked":["Seek","Reboot"],"picked":"Core Surge","floor":0.0},{"not_picked":["Streamline","Chill"],"picked":"Recycle","floor":1.0},{"not_picked":["Go for the Eyes","Beam Cell"],"picked":"Scrape","floor":4.0},{"not_picked":["Go for the Eyes","Barrage"],"picked":"Echo Form","floor":5.0},{"not_picked":["Recycle","Sweeping Beam"],"picked":"Reinforced Body","floor":7.0},{"not_picked":["Chaos","Static Discharge"],"picked":"Double Energy","floor":12},{"not_picked":["Steam Power","Static Discharge","Barrage"],"picked":"SKIP","floor":14}],"player_experience":4600701,"relics_obtained":[{"floor":9.0,"key":"Art of War"}],"event_choices":[{"cards_removed":["Strike_B"],"damage_healed":0.0,"max_hp_gain":0.0,"max_hp_loss":0.0,"gold_gain":0.0,"event_name":"Golden Wing","player_choice":"Card Removal","floor":2.0,"gold_loss":0.0,"damage_taken":7.0}],"is_beta":false,"boss_relics":[],"items_purged_floors":[3],"is_endless":false,"potions_floor_spawned":[4,7,14],"killed_by":"Slime Boss","ascension_level":20}