{"gold_per_floor":[114,114,127,127,277,277,311,311,337,357,385,385,34,34,34,105,105,117,17,17,17,17,17,31,31,56,74,108,383,383,383],"floor_reached":31,"playtime":825,"items_purged":["Pain","Doubt"],"score":664,"play_id":"01bf9f7c-1d7a-418f-bdbb-efba8a990960","local_time":"20190417071235","is_ascension_mode":true,"campfire_choices":[{"data":"Zap","floor":6.0,"key":"SMITH"},{"data":"Consume","floor":12.0,"key":"SMITH"},{"data":"Coolheaded","floor":15,"key":"SMITH"},{"data":"Recycle","floor":23,"key":"SMITH"},{"data":"Coolheaded","floor":25,"key":"SMITH"},{"data":"Coolheaded","floor":30,"key":"SMITH"}],"neow_cost":"NONE","seed_source_timestamp":93776783389466,"circlet_count":0,"master_deck":["AscendersBane","Strike_B","Strike_B","Strike_B","Strike_B","Defend_B","Defend_B","Defend_B","Defend_B","Zap+1","Dualcast","Undo","Consume+1","Recycle+1","Self Repair","Coolheaded+1","Parasite","Fission","Ghostly","Ghostly","Ghostly","Decay","Coolheaded+1","Shame","Glacier","Coolheaded+1","Regret"],"special_seed":0,"relics":["Cracked Core","NeowsBlessing","Kunai","Pear","WarpedTongs","PreservedInsect","Boot","Runic Capacitor","Cursed Key","Letter Opener","Blue Candle"],"potions_floor_usage":[],"damage_taken":[{"damage":0.0,"enemies":"2 Louse","floor":1.0,"turns":1.0},{"damage":0.0,"enemies":"Small Slimes","floor":3.0,"turns":1.0},{"damage":0.0,"enemies":"3 Sentries","floor":7.0,"turns":1.0},{"damage":7.0,"enemies":"Cultist","floor":10.0,"turns":5.0},{"damage":32.0,"enemies":"Gremlin Nob","floor":11.0,"turns":4.0},{"damage":10,"enemies":"Hexaghost","floor":16,"turns":13},{"damage":24,"enemies":"3 Byrds","floor":18,"turns":6},{"damage":34,"enemies":"Colosseum Slavers","floor":20,"turns":8},{"damage":6,"enemies":"Shell Parasite","floor":24,"turns":7},{"damage":2,"enemies":"Centurion and Healer","floor":27,"turns":9},{"damage":23,"enemies":"Slavers","floor":28,"turns":5},{"damage":15,"enemies":"Snake Plant","floor":31,"turns":4}],"seed_played":"-956032473886135207","potions_obtained":[{"floor":3.0,"key":"Weak Potion"},{"floor":7.0,"key":"Regen Potion"},{"floor":10.0,"key":"AttackPotion"},{"floor":27,"key":"Poison Potion"},{"floor":28,"key":"Poison Potion"}],"is_trial":false,"path_per_floor":["M","?","M","?","?","R","E","?","T","M","E","R","$","?","R","B",null,"M","$","?","?","T","R","M","R","T","M","E","?","R","M"],"character_chosen":"DEFECT","items_purchased":["Runic Capacitor","Coolheaded"],"campfire_rested":0,"item_purchase_floors":[13,13],"current_hp_per_floor":[64,19,19,19,19,19,29,29,29,22,2,2,2,22,22,19,66,49,49,25,25,25,25,26,26,26,31,8,8,8,0],"gold":383,"neow_bonus":"THREE_ENEMY_KILL","is_prod":false,"is_daily":false,"chose_seed":false,"campfire_upgraded":6,"win_rate":0,"timestamp":1555456355,"path_taken":["M","?","M","?","?","R","E","?","T","?","E","R","$","?","R","BOSS","M","$","?","?","?","R","M","R","T","M","E","?","R","M"],"build_version":"2019-01-23","purchased_purges":2,"victory":false,"max_hp_per_floor":[71,71,71,71,71,71,81,81,81,81,81,81,81,81,81,81,81,81,81,81,40,40,40,40,40,40,40,40,40,40,40],"card_choices":[{"not_picked":["Leap","Hello World"],"picked":"Undo","floor":1.0},{"not_picked":["Beam Cell","BootSequence","Reprogram"],"picked":"SKIP","floor":3.0},{"not_picked":["Double Energy","Hologram"],"picked":"Consume","floor":7.0},{"not_picked":["Reprogram","Beam Cell"],"picked":"Recycle","floor":10.0},{"not_picked":["Go for the Eyes","Recycle"],"picked":"Self Repair","floor":11.0},{"not_picked":["Hyperbeam","Seek"],"picked":"Fission","floor":16},{"not_picked":["Stack","Beam Cell","Undo"],"picked":"SKIP","floor":18},{"not_picked":["Blizzard","Go for the Eyes"],"picked":"Coolheaded","floor":24},{"not_picked":["Steam Power","Coolheaded"],"picked":"Glacier","floor":27},{"not_picked":["Sweeping Beam","Stack+1"],"picked":"Coolheaded","floor":28}],"player_experience":4351993,"relics_obtained":[{"floor":7.0,"key":"Pear"},{"floor":9.0,"key":"PreservedInsect"},{"floor":11.0,"key":"Boot"},{"floor":22,"key":"Letter Opener"},{"floor":28,"key":"Blue Candle"}],"event_choices":[{"damage_healed":0.0,"max_hp_gain":0.0,"max_hp_loss":0.0,"gold_gain":0.0,"event_name":"Scrap Ooze","player_choice":"Success","floor":2.0,"gold_loss":0.0,"damage_taken":45.0,"relics_obtained":["Kunai"]},{"damage_healed":0.0,"max_hp_gain":0.0,"max_hp_loss":0.0,"gold_gain":0.0,"event_name":"Shining Light","player_choice":"Ignored","floor":4.0,"gold_loss":0.0,"damage_taken":0.0},{"damage_healed":0.0,"max_hp_gain":0.0,"max_hp_loss":0.0,"gold_gain":150.0,"event_name":"Liars Game","player_choice":"AGREE","floor":5.0,"gold_loss":0.0,"damage_taken":0.0,"cards_obtained":["Doubt"]},{"damage_healed":0.0,"max_hp_gain":0.0,"max_hp_loss":0.0,"gold_gain":0.0,"event_name":"Accursed Blacksmith","player_choice":"Rummage","floor":8.0,"gold_loss":0.0,"damage_taken":0.0,"relics_obtained":["WarpedTongs"],"cards_obtained":["Pain"]},{"damage_healed":20,"gold_gain":0,"player_choice":"Healed and dodged fight","damage_taken":0,"max_hp_gain":0,"max_hp_loss":0,"event_name":"Mushrooms","floor":14,"gold_loss":0,"cards_obtained":["Parasite"]},{"damage_healed":0,"gold_gain":0,"player_choice":"Fight","damage_taken":0,"max_hp_gain":0,"max_hp_loss":0,"event_name":"Colosseum","floor":20,"gold_loss":0},{"damage_healed":0,"gold_gain":0,"player_choice":"Fled From Nobs","damage_taken":0,"max_hp_gain":0,"max_hp_loss":0,"event_name":"Colosseum","floor":20,"gold_loss":0},{"damage_healed":0,"gold_gain":0,"player_choice":"Became a Ghost","damage_taken":0,"max_hp_gain":0,"max_hp_loss":41,"event_name":"Ghosts","floor":21,"gold_loss":0,"cards_obtained":["Ghostly","Ghostly","Ghostly"]},{"damage_healed":0,"gold_gain":275,"player_choice":"Desecrate","damage_taken":0,"max_hp_gain":0,"max_hp_loss":0,"event_name":"Golden Shrine","floor":29,"gold_loss":0,"cards_obtained":["Regret"]}],"is_beta":false,"boss_relics":[{"not_picked":["Fusion Hammer","Ectoplasm"],"picked":"Cursed Key"}],"items_purged_floors":[13,19],"is_endless":false,"potions_floor_spawned":[3,7,10,20,27,28],"killed_by":"Snake Plant","ascension_level":20}