{"gold_per_floor":[112,112,112,130,55,70,70,89,165,165,165,165,165,175,175,251,251,265,18,35,48,67,67,102,102,129,129,129,66,66,21,21,96,96,110,120,131,131,68,68,80,80,380,380,396,430,443,474,474,474,474,474,474,24,59,59],"floor_reached":57,"playtime":2637,"items_purged":["Strike_G","Strike_G","Defend_G","Defend_G"],"score":3240,"play_id":"0ed78f95-0391-46c2-89df-ca87f07ebb77","local_time":"20190203193636","is_ascension_mode":true,"campfire_choices":[{"data":"Catalyst","floor":7.0,"key":"SMITH"},{"data":"Deadly Poison","floor":10.0,"key":"SMITH"},{"data":"Neutralize","floor":13.0,"key":"SMITH"},{"data":"Escape Plan","floor":15.0,"key":"SMITH"},{"data":"Expertise","floor":23.0,"key":"SMITH"},{"data":"Acrobatics","floor":25.0,"key":"SMITH"},{"data":"Acrobatics","floor":30.0,"key":"SMITH"},{"data":"Tactician","floor":32.0,"key":"SMITH"},{"data":"Grand Finale","floor":40,"key":"SMITH"},{"floor":44,"key":"RECALL"},{"data":"Adrenaline","floor":49,"key":"SMITH"},{"data":"Backflip","floor":53,"key":"SMITH"}],"neow_cost":"PERCENT_DAMAGE","seed_source_timestamp":28518349507376,"circlet_count":0,"master_deck":["AscendersBane","Defend_G+1","Defend_G+1","Survivor","Neutralize+1","Deadly Poison+1","Catalyst+1","Backflip+1","Escape Plan+1","Grand Finale+1","Expertise+1","Acrobatics+1","Acrobatics+1","Tactician+1","Adrenaline+1","Well Laid Plans","Prepared+1"],"special_seed":0,"relics":["Ring of the Snake","Bottled Lightning","Centennial Puzzle","Coffee Dripper","Membership Card","Pantograph","Runic Pyramid","Old Coin","Kunai","PreservedInsect","Mummified Hand","Pear","Toy Ornithopter","Snake Skull"],"potions_floor_usage":[55,56,56],"damage_taken":[{"damage":35.0,"enemies":"Jaw Worm","floor":1.0,"turns":11.0},{"damage":0.0,"enemies":"2 Louse","floor":4.0,"turns":3.0},{"damage":0.0,"enemies":"Cultist","floor":6.0,"turns":4.0},{"damage":0.0,"enemies":"Lots of Slimes","floor":8.0,"turns":4.0},{"damage":1.0,"enemies":"Exordium Wildlife","floor":14.0,"turns":3.0},{"damage":3.0,"enemies":"Hexaghost","floor":16.0,"turns":8.0},{"damage":0.0,"enemies":"Chosen","floor":18.0,"turns":2.0},{"damage":4.0,"enemies":"Shell Parasite","floor":20.0,"turns":3.0},{"damage":0.0,"enemies":"Cultist and Chosen","floor":21.0,"turns":2.0},{"damage":1.0,"enemies":"Centurion and Healer","floor":22.0,"turns":5.0},{"damage":5.0,"enemies":"Gremlin Leader","floor":24.0,"turns":6.0},{"damage":0.0,"enemies":"Automaton","floor":33.0,"turns":6.0},{"damage":0.0,"enemies":"Orb Walker","floor":35.0,"turns":2.0},{"damage":0.0,"enemies":"3 Darklings","floor":36.0,"turns":1.0},{"damage":0.0,"enemies":"Sphere and 2 Shapes","floor":37.0,"turns":2.0},{"damage":0,"enemies":"4 Shapes","floor":41,"turns":1},{"damage":0,"enemies":"Transient","floor":45,"turns":5},{"damage":0,"enemies":"Giant Head","floor":46,"turns":2},{"damage":0,"enemies":"Spire Growth","floor":47,"turns":2},{"damage":0,"enemies":"Nemesis","floor":48,"turns":3},{"damage":0,"enemies":"Donu and Deca","floor":50,"turns":2},{"damage":0,"enemies":"Time Eater","floor":51,"turns":5},{"damage":0,"enemies":"Shield and Spear","floor":55,"turns":1},{"damage":37,"enemies":"The Heart","floor":56,"turns":6}],"seed_played":"1646967924790256144","potions_obtained":[{"floor":1.0,"key":"FairyPotion"},{"floor":4.0,"key":"AttackPotion"},{"floor":16.0,"key":"Explosive Potion"},{"floor":18.0,"key":"SpeedPotion"},{"floor":24.0,"key":"GhostInAJar"},{"floor":47,"key":"GamblersBrew"},{"floor":55,"key":"Poison Potion"}],"is_trial":false,"path_per_floor":["M","?","?","M","$","M","R","M","T","R","?","?","R","M","R","B",null,"M","$","M","M","M","R","E","R","T","?","?","$","R","$","R","B",null,"M","M","M","?","$","R","M","?","T","R","M","E","M","E","R","B","B",null,"R","$","E","B",null],"character_chosen":"THE_SILENT","items_purchased":["Membership Card","Expertise","Acrobatics","Tactician","Mummified Hand","Pear","Toy Ornithopter"],"campfire_rested":0,"item_purchase_floors":[19,19,29,31,54,54,54],"current_hp_per_floor":[9,2,6,6,6,6,6,6,6,6,1,6,6,5,5,2,54,54,54,50,50,49,49,44,44,44,24,24,24,24,24,24,49,69,69,69,69,69,69,69,69,69,69,69,69,69,69,69,69,72,72,72,72,82,82,45],"gold":59,"neow_bonus":"REMOVE_TWO","is_prod":false,"is_daily":false,"chose_seed":false,"campfire_upgraded":11,"win_rate":0,"timestamp":1549193796,"path_taken":["M","?","?","M","?","?","R","?","T","R","?","?","R","M","R","BOSS","M","$","M","M","M","R","E","R","T","?","?","?","R","$","R","BOSS","M","M","M","?","$","R","?","?","T","R","M","E","M","E","R","BOSS","BOSS","R","$","E","BOSS"],"build_version":"2019-01-23","purchased_purges":4,"victory":true,"max_hp_per_floor":[66,66,66,66,66,66,66,66,66,66,66,71,71,71,71,71,71,71,71,71,71,71,71,71,71,71,76,76,76,76,76,76,76,76,76,76,76,76,76,76,76,72,72,72,72,72,72,72,72,72,72,72,72,82,82,82],"card_choices":[{"not_picked":["Slice","Endless Agony","Quick Slash"],"picked":"SKIP","floor":1.0},{"not_picked":["Sucker Punch","Finisher"],"picked":"Deadly Poison","floor":4.0},{"not_picked":["Bane","Accuracy"],"picked":"Catalyst","floor":6.0},{"not_picked":["Quick Slash","Terror"],"picked":"Backflip","floor":8.0},{"not_picked":["Reflex","Acrobatics"],"picked":"Escape Plan","floor":14.0},{"not_picked":["Envenom","Night Terror"],"picked":"Grand Finale","floor":16.0},{"not_picked":["PiercingWail","Sucker Punch+1","Poisoned Stab"],"picked":"SKIP","floor":18.0},{"not_picked":["Underhanded Strike","Blur","Blade Dance"],"picked":"SKIP","floor":20.0},{"not_picked":["Noxious Fumes","Bane+1","Backflip"],"picked":"SKIP","floor":21.0},{"not_picked":["Dodge and Roll+1","Backflip","Underhanded Strike"],"picked":"SKIP","floor":22.0},{"not_picked":["Quick Slash+1","Catalyst"],"picked":"Acrobatics","floor":24.0},{"not_picked":["Glass Knife","Bullet Time"],"picked":"Adrenaline","floor":33.0},{"not_picked":["Heel Hook","Reflex","Backflip+1"],"picked":"SKIP","floor":35.0},{"not_picked":["Deadly Poison+1","Dagger Spray","Predator"],"picked":"SKIP","floor":36.0},{"not_picked":["Sucker Punch","Bane","Deflect+1"],"picked":"SKIP","floor":37.0},{"not_picked":["Backflip","Sucker Punch+1","Bane"],"picked":"SKIP","floor":41},{"not_picked":["Quick Slash","Crippling Poison","Flechettes"],"picked":"SKIP","floor":45},{"not_picked":["Quick Slash+1","Night Terror","Setup"],"picked":"SKIP","floor":46},{"not_picked":["Poisoned Stab+1","PiercingWail+1","Prepared+1"],"picked":"SKIP","floor":47},{"not_picked":["Dagger Throw","Corpse Explosion","Deflect"],"picked":"SKIP","floor":48},{"not_picked":["Riddle With Holes+1","Reflex"],"picked":"Prepared+1","floor":55}],"player_experience":2484640,"relics_obtained":[{"floor":9.0,"key":"Bottled Lightning"},{"floor":24.0,"key":"Pantograph"},{"floor":43,"key":"Old Coin"},{"floor":46,"key":"Kunai"},{"floor":48,"key":"PreservedInsect"},{"floor":55,"key":"Snake Skull"}],"event_choices":[{"cards_removed":["Strike_G"],"damage_healed":0.0,"max_hp_gain":0.0,"max_hp_loss":0.0,"gold_gain":0.0,"event_name":"Golden Wing","player_choice":"Card Removal","floor":2.0,"gold_loss":0.0,"damage_taken":7.0},{"damage_healed":0.0,"max_hp_gain":0.0,"max_hp_loss":0.0,"gold_gain":0.0,"event_name":"Shining Light","player_choice":"Entered Light","floor":3.0,"gold_loss":0.0,"damage_taken":20.0,"cards_upgraded":["Defend_G","Defend_G"]},{"damage_healed":0.0,"max_hp_gain":0.0,"max_hp_loss":0.0,"gold_gain":0.0,"event_name":"Scrap Ooze","player_choice":"Success","floor":11.0,"gold_loss":0.0,"damage_taken":5.0,"relics_obtained":["Centennial Puzzle"]},{"damage_healed":0.0,"max_hp_gain":5.0,"max_hp_loss":0.0,"gold_gain":0.0,"event_name":"Big Fish","player_choice":"Donut","floor":12.0,"gold_loss":0.0,"damage_taken":0.0},{"damage_healed":0.0,"max_hp_gain":5.0,"max_hp_loss":0.0,"gold_gain":0.0,"event_name":"Forgotten Altar","player_choice":"Shed Blood","floor":27.0,"gold_loss":0.0,"damage_taken":25.0},{"damage_healed":0.0,"max_hp_gain":0.0,"max_hp_loss":0.0,"gold_gain":0.0,"event_name":"Cursed Tome","player_choice":"Ignored","floor":28.0,"gold_loss":0.0,"damage_taken":0.0},{"damage_healed":0,"gold_gain":0,"cards_transformed":["Strike_G"],"player_choice":"Transformed","damage_taken":0,"max_hp_gain":0,"max_hp_loss":0,"event_name":"Transmorgrifier","floor":38,"gold_loss":0,"cards_obtained":["Well Laid Plans"]},{"damage_healed":0,"gold_gain":0,"player_choice":"Max HP","damage_taken":0,"max_hp_gain":0,"max_hp_loss":4,"event_name":"Winding Halls","floor":42,"gold_loss":0}],"is_beta":false,"boss_relics":[{"not_picked":["Orrery","Ectoplasm"],"picked":"Coffee Dripper"},{"not_picked":["Astrolabe","Busted Crown"],"picked":"Runic Pyramid"}],"items_purged_floors":[5,29,39,54],"is_endless":false,"potions_floor_spawned":[1,4,16,18,21,24,37,45,47,55],"ascension_level":20}