{"gold_per_floor":[111,261,336,354,354,354,366,366,366,366,384,384,265,290,290,367,367,379,190,201,76,107,107,31,31,31,31,57,88,88,100,100,177,177,196,213,227,241,33,33],"floor_reached":40,"playtime":2807,"items_purged":["Strike_G","Strike_G","Strike_G","Strike_G"],"score":854,"play_id":"1b1a619b-3e5b-4118-926e-5d505733ab68","local_time":"20181230165231","is_ascension_mode":true,"campfire_choices":[{"data":"Neutralize","floor":6.0,"key":"SMITH"},{"data":"Leg Sweep","floor":8.0,"key":"SMITH"},{"data":"All Out Attack","floor":10.0,"key":"SMITH"},{"data":"Bouncing Flask","floor":15.0,"key":"SMITH"},{"data":"Well Laid Plans","floor":23.0,"key":"SMITH"},{"data":"Noxious Fumes","floor":25.0,"key":"SMITH"},{"data":"Footwork","floor":30.0,"key":"SMITH"},{"floor":32.0,"key":"RECALL"}],"neow_cost":"NONE","seed_source_timestamp":14870924938566,"circlet_count":0,"master_deck":["AscendersBane","Defend_G","Defend_G","Defend_G","Defend_G","Defend_G","Strike_G","Survivor","Neutralize+1","All Out Attack+1","Leg Sweep+1","PiercingWail","Bouncing Flask+1","Well Laid Plans+1","Corpse Explosion+1","Footwork+1","Leg Sweep+1","Noxious Fumes+1","Malaise","Dodge and Roll+1","Backflip"],"special_seed":0,"relics":["Eternal Feather","Mercury Hourglass","Ancient Tea Set","Blood Vial","Coffee Dripper","Red Mask","Meat on the Bone","Anchor","War Paint","Busted Crown"],"potions_floor_usage":[33,40],"damage_taken":[{"damage":15.0,"enemies":"Cultist","floor":1.0,"turns":5.0},{"damage":5.0,"enemies":"Small Slimes","floor":4.0,"turns":4.0},{"damage":0.0,"enemies":"2 Louse","floor":7.0,"turns":2.0},{"damage":0.0,"enemies":"Exordium Thugs","floor":11.0,"turns":5.0},{"damage":1.0,"enemies":"Lagavulin","floor":14.0,"turns":7.0},{"damage":9.0,"enemies":"The Guardian","floor":16.0,"turns":11.0},{"damage":0.0,"enemies":"3 Byrds","floor":18.0,"turns":2.0},{"damage":0.0,"enemies":"Shell Parasite","floor":20.0,"turns":8.0},{"damage":0.0,"enemies":"Masked Bandits","floor":22.0,"turns":2.0},{"damage":8.0,"enemies":"Colosseum Slavers","floor":27.0,"turns":3.0},{"damage":20.0,"enemies":"Slavers","floor":29.0,"turns":4.0},{"damage":7.0,"enemies":"Centurion and Healer","floor":31.0,"turns":7.0},{"damage":53,"enemies":"Champ","floor":33,"turns":17},{"damage":0,"enemies":"3 Shapes","floor":35,"turns":4},{"damage":6,"enemies":"Orb Walker","floor":36,"turns":5},{"damage":39,"enemies":"Jaw Worm Horde","floor":37,"turns":4},{"damage":11,"enemies":"Writhing Mass","floor":38,"turns":9},{"damage":36,"enemies":"Reptomancer","floor":40,"turns":2}],"seed_played":"2011286115016334804","potions_obtained":[{"floor":7.0,"key":"Energy Potion"},{"floor":11.0,"key":"Dexterity Potion"},{"floor":14.0,"key":"GamblersBrew"},{"floor":33,"key":"Dexterity Potion"},{"floor":37,"key":"Fire Potion"}],"is_trial":false,"path_per_floor":["M","?","?","M","?","R","M","R","T","R","M","?","$","E","R","B",null,"M","$","M","$","?","R","$","R","T","?","T","E","R","M","R","B",null,"M","M","M","M","$","E"],"character_chosen":"THE_SILENT","items_purchased":["Well Laid Plans","Footwork","Noxious Fumes","Backflip"],"campfire_rested":0,"item_purchase_floors":[13,19,24,39],"current_hp_per_floor":[44,44,33,28,28,37,37,46,46,55,55,29,29,28,37,30,57,59,59,61,61,63,66,66,66,66,58,58,40,49,44,53,14,53,55,51,26,29,29,0],"gold":33,"neow_bonus":"BOSS_RELIC","is_prod":false,"is_daily":false,"chose_seed":false,"campfire_upgraded":7,"win_rate":0,"timestamp":1546159951,"path_taken":["M","?","?","M","?","R","M","R","T","R","?","?","$","E","R","BOSS","M","$","M","$","?","R","?","R","T","?","?","E","R","M","R","BOSS","M","M","?","M","$","E"],"build_version":"2018-12-20","purchased_purges":4,"victory":false,"max_hp_per_floor":[66,66,66,66,66,66,66,66,66,66,66,66,66,66,66,66,66,66,66,66,66,66,66,66,66,66,66,66,66,66,66,66,66,66,66,66,66,66,66,66],"card_choices":[{"not_picked":["Slice","Dodge and Roll"],"picked":"All Out Attack","floor":1.0},{"not_picked":["Slice","Caltrops"],"picked":"Leg Sweep","floor":4.0},{"not_picked":["Bane","Deflect"],"picked":"PiercingWail","floor":7.0},{"not_picked":["Choke","Slice"],"picked":"Bouncing Flask","floor":11.0},{"not_picked":["Cloak And Dagger","Flechettes","Deflect"],"picked":"SKIP","floor":14.0},{"not_picked":["Phantasmal Killer","Burst"],"picked":"Corpse Explosion","floor":16.0},{"not_picked":["Blade Dance","PiercingWail","Deadly Poison"],"picked":"SKIP","floor":18.0},{"not_picked":["Outmaneuver","All Out Attack","Underhanded Strike"],"picked":"SKIP","floor":20.0},{"not_picked":["Quick Slash","Poisoned Stab+1"],"picked":"Leg Sweep","floor":22.0},{"not_picked":["Finisher","Dagger Spray+1","Bane"],"picked":"SKIP","floor":29.0},{"not_picked":["Deadly Poison","Flying Knee+1","Dagger Spray"],"picked":"SKIP","floor":31.0},{"not_picked":["Glass Knife","Grand Finale"],"picked":"Malaise","floor":33},{"not_picked":["Deadly Poison"],"picked":"SKIP","floor":35},{"not_picked":[],"picked":"Dodge and Roll+1","floor":36},{"not_picked":["Slice+1"],"picked":"SKIP","floor":37},{"not_picked":["Flying Knee"],"picked":"SKIP","floor":38}],"player_experience":1596152,"relics_obtained":[{"floor":9.0,"key":"Mercury Hourglass"},{"floor":14.0,"key":"Blood Vial"},{"floor":22.0,"key":"Red Mask"},{"floor":26.0,"key":"Meat on the Bone"},{"floor":28.0,"key":"Anchor"},{"floor":29.0,"key":"War Paint"}],"event_choices":[{"damage_healed":0.0,"max_hp_gain":0.0,"max_hp_loss":0.0,"gold_gain":150.0,"event_name":"Liars Game","player_choice":"AGREE","floor":2.0,"gold_loss":0.0,"damage_taken":0.0,"cards_obtained":["Doubt"]},{"damage_healed":0.0,"max_hp_gain":0.0,"max_hp_loss":0.0,"gold_gain":75.0,"event_name":"World of Goop","player_choice":"Gather Gold","floor":3.0,"gold_loss":0.0,"damage_taken":11.0},{"cards_removed":["Doubt"],"damage_healed":0.0,"max_hp_gain":0.0,"max_hp_loss":0.0,"gold_gain":0.0,"event_name":"Purifier","player_choice":"Purged","floor":5.0,"gold_loss":0.0,"damage_taken":0.0},{"damage_healed":0.0,"max_hp_gain":0.0,"max_hp_loss":0.0,"gold_gain":0.0,"event_name":"Scrap Ooze","player_choice":"Success","floor":12.0,"gold_loss":0.0,"damage_taken":26.0,"relics_obtained":["Ancient Tea Set"]},{"damage_healed":0.0,"max_hp_gain":0.0,"max_hp_loss":0.0,"gold_gain":0.0,"event_name":"Masked Bandits","player_choice":"Fought Bandits","floor":22.0,"gold_loss":0.0,"damage_taken":0.0},{"damage_healed":0.0,"max_hp_gain":0.0,"max_hp_loss":0.0,"gold_gain":0.0,"event_name":"Colosseum","player_choice":"Fight","floor":27.0,"gold_loss":0.0,"damage_taken":0.0},{"damage_healed":0.0,"max_hp_gain":0.0,"max_hp_loss":0.0,"gold_gain":0.0,"event_name":"Colosseum","player_choice":"Fled From Nobs","floor":27.0,"gold_loss":0.0,"damage_taken":0.0}],"is_beta":false,"boss_relics":[{"not_picked":["Astrolabe","Cursed Key"],"picked":"Coffee Dripper"},{"not_picked":["Tiny House","Empty Cage"],"picked":"Busted Crown"}],"items_purged_floors":[13,19,21,39],"is_endless":false,"potions_floor_spawned":[7,11,14,20,27,33,37,38],"killed_by":"Reptomancer","ascension_level":20}