{"gold_per_floor":[118,118,118,40,58,58,90,90,138,165,186,221,241,258,258,334,334,347,347,367,25,37,37,37],"floor_reached":24,"playtime":1493,"items_purged":["Defend_B"],"score":478,"play_id":"5e5346c8-829b-488d-bcdf-f29aea87d2cb","local_time":"20190806200312","is_ascension_mode":true,"campfire_choices":[{"data":"Hyperbeam","floor":6.0,"key":"SMITH"},{"data":"Zap","floor":8.0,"key":"SMITH"},{"data":"Genetic Algorithm","floor":15.0,"key":"SMITH"},{"floor":23,"key":"REST"}],"neow_cost":"NONE","seed_source_timestamp":34512299392168,"circlet_count":0,"master_deck":["AscendersBane","Defend_B","Defend_B","Defend_B","Zap+1","Dualcast","Coolheaded","Hyperbeam+1","Undo","Cold Snap","Coolheaded","Genetic Algorithm+1","Cold Snap","Leap","Echo Form","Hologram+1","Genetic Algorithm+1","Fission+1","Rip and Tear","BootSequence","Undo","Conserve Battery","FTL","Blizzard"],"special_seed":0,"relics":["Cracked Core","NeowsBlessing","Calipers","Pen Nib","Omamori","Odd Mushroom","PreservedInsect","Astrolabe","OrangePellets"],"potions_floor_usage":[18,18],"damage_taken":[{"damage":0.0,"enemies":"Cultist","floor":1.0,"turns":1.0},{"damage":0.0,"enemies":"2 Louse","floor":5.0,"turns":1.0},{"damage":0.0,"enemies":"Gremlin Nob","floor":7.0,"turns":1.0},{"damage":17.0,"enemies":"Lagavulin","floor":10.0,"turns":6.0},{"damage":5.0,"enemies":"The Mushroom Lair","floor":11.0,"turns":3.0},{"damage":27.0,"enemies":"Gremlin Nob","floor":12.0,"turns":4.0},{"damage":0.0,"enemies":"Small Slimes","floor":13.0,"turns":2.0},{"damage":0.0,"enemies":"2 Fungi Beasts","floor":14.0,"turns":1.0},{"damage":17.0,"enemies":"The Guardian","floor":16.0,"turns":18.0},{"damage":9,"enemies":"Shell Parasite","floor":18,"turns":3},{"damage":0,"enemies":"2 Thieves","floor":20,"turns":3},{"damage":24,"enemies":"Chosen and Byrds","floor":22,"turns":9},{"damage":60,"enemies":"Book of Stabbing","floor":24,"turns":7}],"seed_played":"3844005106924244332","potions_obtained":[{"floor":3.0,"key":"Ancient Potion"},{"floor":3.0,"key":"Regen Potion"},{"floor":12.0,"key":"SteroidPotion"},{"floor":13.0,"key":"Block Potion"},{"floor":16.0,"key":"Regen Potion"},{"floor":22,"key":"FairyPotion"}],"is_trial":false,"path_per_floor":["M","?","?","$","M","R","E","R","T","E","?","E","M","M","R","B",null,"M","?","M","$","M","R","E"],"character_chosen":"DEFECT","items_purchased":["Hyperbeam","OrangePellets","FTL"],"campfire_rested":1,"item_purchase_floors":[4,21,21],"current_hp_per_floor":[64,64,64,64,64,64,64,64,64,59,54,27,27,27,27,10,56,56,56,56,56,32,53,0],"gold":37,"neow_bonus":"THREE_ENEMY_KILL","is_prod":false,"is_daily":false,"chose_seed":false,"campfire_upgraded":3,"win_rate":0,"timestamp":1565114592,"path_taken":["M","?","?","$","?","R","E","R","T","E","?","E","M","M","R","BOSS","M","?","M","$","M","R","E"],"build_version":"2019-07-17","purchased_purges":1,"victory":false,"max_hp_per_floor":[71,71,71,71,71,71,71,71,71,71,71,71,71,71,71,71,71,71,71,71,71,71,71,71],"card_choices":[{"not_picked":["Rebound","Genetic Algorithm"],"picked":"Coolheaded","floor":1.0},{"not_picked":["Skim","Steam"],"picked":"Sweeping Beam","floor":5.0},{"not_picked":["Steam","Barrage"],"picked":"Undo","floor":7.0},{"not_picked":["Compile Driver","Force Field"],"picked":"Cold Snap","floor":10.0},{"not_picked":["Go for the Eyes","Turbo"],"picked":"Coolheaded","floor":11.0},{"not_picked":["Streamline","Turbo"],"picked":"Genetic Algorithm","floor":12.0},{"not_picked":["Compile Driver","Meteor Strike"],"picked":"Cold Snap","floor":13.0},{"not_picked":["Sweeping Beam","Beam Cell"],"picked":"Leap","floor":14.0},{"not_picked":["Core Surge","Multi-Cast"],"picked":"Echo Form","floor":16.0},{"not_picked":["Auto Shields","Barrage"],"picked":"Rip and Tear","floor":18},{"not_picked":["White Noise","Barrage"],"picked":"Conserve Battery","floor":20},{"not_picked":["Rebound","Coolheaded"],"picked":"Blizzard","floor":22}],"player_experience":815272,"relics_obtained":[{"floor":7.0,"key":"Calipers"},{"floor":9.0,"key":"Pen Nib"},{"floor":10.0,"key":"Omamori"},{"floor":11.0,"key":"Odd Mushroom"},{"floor":12.0,"key":"PreservedInsect"}],"event_choices":[{"damage_healed":0.0,"max_hp_gain":0.0,"max_hp_loss":0.0,"gold_gain":0.0,"event_name":"Living Wall","player_choice":"Grow","floor":2.0,"gold_loss":0.0,"damage_taken":0.0,"cards_upgraded":["Strike_B"]},{"damage_healed":0.0,"max_hp_gain":0.0,"max_hp_loss":0.0,"gold_gain":0.0,"event_name":"Lab","player_choice":"Got Potions","floor":3.0,"gold_loss":0.0,"damage_taken":0.0},{"damage_healed":0.0,"max_hp_gain":0.0,"max_hp_loss":0.0,"gold_gain":0.0,"event_name":"Mushrooms","player_choice":"Fought Mushrooms","floor":11.0,"gold_loss":0.0,"damage_taken":0.0},{"damage_healed":0,"gold_gain":0,"cards_transformed":["Strike_B","Sweeping Beam"],"player_choice":"Became Test Subject","damage_taken":0,"max_hp_gain":0,"max_hp_loss":0,"event_name":"Drug Dealer","floor":19,"gold_loss":0,"cards_obtained":["BootSequence","Undo"]}],"is_beta":false,"boss_relics":[{"not_picked":["Tiny House","Empty Cage"],"picked":"Astrolabe"}],"items_purged_floors":[21],"is_endless":false,"potions_floor_spawned":[7,12,13,14,16,22],"killed_by":"Book of Stabbing","ascension_level":20}