{"gold_per_floor":[12,31,42,42,42,42,60,60,83,15,15,30,54,73,73,204,204,227,240,165,180,204,243,243,263,287,187,187,200,200,221,221,342,342,360,235,568,568,418,418,433,433,459,459,284,284,317,334,334,334,334,334,134,162,162],"floor_reached":56,"playtime":1660,"items_purged":["Strike_G","Strike_G","Strike_G","Defend_G","Defend_G","Defend_G+1"],"score":1494,"play_id":"7a917a9f-c397-4836-9611-f936e8fcdff5","local_time":"20181206201906","is_ascension_mode":false,"campfire_choices":[{"data":"Well Laid Plans","floor":6.0,"key":"SMITH"},{"data":"Neutralize","floor":8.0,"key":"SMITH"},{"data":"Noxious Fumes","floor":11.0,"key":"SMITH"},{"data":"Catalyst","floor":15.0,"key":"SMITH"},{"data":"Night Terror","floor":24.0,"key":"SMITH"},{"floor":30.0,"key":"RECALL"},{"data":"Grand Finale","floor":32.0,"key":"SMITH"},{"data":"Backflip","floor":40.0,"key":"SMITH"},{"data":"Survivor","floor":44.0,"key":"SMITH"},{"data":"Defend_G","floor":46.0,"key":"SMITH"},{"data":"Defend_G","floor":49.0,"key":"SMITH"},{"floor":52,"key":"REST"}],"neow_cost":"NO_GOLD","seed_source_timestamp":39531792663613,"circlet_count":0,"master_deck":["Defend_G+1","Survivor+1","Neutralize+1","Well Laid Plans+1","Noxious Fumes+1","Catalyst+1","Backflip+1","Night Terror+1","Grand Finale+1"],"special_seed":0,"relics":["Ring of the Snake","Runic Pyramid","Bag of Preparation","Orichalcum","White Beast Statue","Centennial Puzzle","Ice Cream","Happy Flower"],"potions_floor_usage":[55],"damage_taken":[{"damage":0.0,"enemies":"Jaw Worm","floor":1.0,"turns":7.0},{"damage":0.0,"enemies":"2 Louse","floor":2.0,"turns":4.0},{"damage":0.0,"enemies":"Cultist","floor":3.0,"turns":4.0},{"damage":8.0,"enemies":"Lots of Slimes","floor":7.0,"turns":5.0},{"damage":0.0,"enemies":"2 Fungi Beasts","floor":12.0,"turns":4.0},{"damage":0.0,"enemies":"Red Slaver","floor":13.0,"turns":4.0},{"damage":12.0,"enemies":"Gremlin Gang","floor":14.0,"turns":7.0},{"damage":17.0,"enemies":"Slime Boss","floor":16.0,"turns":10.0},{"damage":3.0,"enemies":"Spheric Guardian","floor":18.0,"turns":5.0},{"damage":0.0,"enemies":"Shell Parasite","floor":19.0,"turns":6.0},{"damage":2.0,"enemies":"Centurion and Healer","floor":21.0,"turns":8.0},{"damage":13.0,"enemies":"Snecko","floor":22.0,"turns":5.0},{"damage":4.0,"enemies":"Book of Stabbing","floor":23.0,"turns":8.0},{"damage":6.0,"enemies":"Snake Plant","floor":25.0,"turns":5.0},{"damage":24.0,"enemies":"3 Cultists","floor":29.0,"turns":6.0},{"damage":5.0,"enemies":"Centurion and Healer","floor":31.0,"turns":8.0},{"damage":0.0,"enemies":"Automaton","floor":33.0,"turns":4.0},{"damage":0.0,"enemies":"Orb Walker","floor":35.0,"turns":3.0},{"damage":0.0,"enemies":"3 Darklings","floor":41.0,"turns":1.0},{"damage":0.0,"enemies":"Giant Head","floor":47.0,"turns":3.0},{"damage":0.0,"enemies":"4 Shapes","floor":48.0,"turns":1.0},{"damage":0,"enemies":"Donu and Deca","floor":50,"turns":5},{"damage":0,"enemies":"Shield and Spear","floor":54,"turns":2},{"damage":52,"enemies":"The Heart","floor":55,"turns":7}],"seed_played":"-4813498367878747182","potions_obtained":[{"floor":1.0,"key":"Weak Potion"},{"floor":2.0,"key":"SpeedPotion"},{"floor":7.0,"key":"LiquidBronze"},{"floor":19.0,"key":"SpeedPotion"},{"floor":22.0,"key":"Weak Potion"},{"floor":23.0,"key":"Weak Potion"},{"floor":35.0,"key":"SpeedPotion"},{"floor":41.0,"key":"Poison Potion"},{"floor":47.0,"key":"GhostInAJar"}],"is_trial":false,"path_per_floor":["M","M","M","?","?","R","M","R","T","$","R","M","M","M","R","B",null,"M","M","$","M","M","E","R","M","T","$","?","M","R","M","R","B",null,"M","$","?","?","$","R","M","?","T","R","$","R","E","M","R","B",null,"R","$","E","B",null],"character_chosen":"THE_SILENT","items_purchased":["Noxious Fumes"],"campfire_rested":1,"item_purchase_floors":[10],"current_hp_per_floor":[70,70,70,65,65,65,57,57,57,57,57,57,57,45,45,28,65,62,62,62,60,47,43,43,37,37,37,37,13,13,8,8,8,65,65,65,65,65,65,65,65,65,65,65,65,65,65,65,65,65,65,65,65,65,13],"gold":162,"neow_bonus":"REMOVE_TWO","is_prod":false,"is_daily":false,"chose_seed":false,"campfire_upgraded":10,"win_rate":0,"timestamp":1544098746,"path_taken":["M","M","M","?","?","R","?","R","T","$","R","M","?","M","R","BOSS","M","?","$","M","M","E","R","M","T","$","?","?","R","?","R","BOSS","M","$","?","?","$","R","M","?","T","R","$","R","E","?","R","BOSS","R","$","E","BOSS"],"build_version":"2018-11-15","purchased_purges":6,"victory":true,"max_hp_per_floor":[70,70,70,65,65,65,65,65,65,65,65,65,65,65,65,65,65,65,65,65,65,65,65,65,65,65,65,65,65,65,65,65,65,65,65,65,65,65,65,65,65,65,65,65,65,65,65,65,65,65,65,65,65,65,65],"card_choices":[{"not_picked":["Endless Agony","Quick Slash","Expertise"],"picked":"SKIP","floor":1.0},{"not_picked":["Outmaneuver","Bane","Caltrops"],"picked":"SKIP","floor":2.0},{"not_picked":["Dash","Dagger Spray"],"picked":"Well Laid Plans","floor":3.0},{"not_picked":["Underhanded Strike","Cloak And Dagger","Prepared"],"picked":"SKIP","floor":7.0},{"not_picked":["Finisher","Cloak And Dagger","Poisoned Stab"],"picked":"SKIP","floor":12.0},{"not_picked":["Blade Dance","Night Terror"],"picked":"Catalyst","floor":13.0},{"not_picked":["Predator","Underhanded Strike"],"picked":"Backflip","floor":14.0},{"not_picked":["Tools of the Trade","Venomology"],"picked":"Night Terror","floor":16.0},{"not_picked":["Flechettes","Slice","Flying Knee"],"picked":"SKIP","floor":18.0},{"not_picked":["Flechettes+1","Dodge and Roll+1","Bouncing Flask"],"picked":"SKIP","floor":19.0},{"not_picked":["Poisoned Stab","Slice+1","Bane+1"],"picked":"SKIP","floor":21.0},{"not_picked":["Prepared","Backflip","Well Laid Plans"],"picked":"SKIP","floor":22.0},{"not_picked":["Dodge and Roll","Poisoned Stab","Backflip"],"picked":"SKIP","floor":23.0},{"not_picked":["Slice+1","Cloak And Dagger+1","A Thousand Cuts"],"picked":"SKIP","floor":25.0},{"not_picked":["Underhanded Strike+1","Deflect","Flying Knee"],"picked":"SKIP","floor":29.0},{"not_picked":["Concentrate+1","Eviscerate"],"picked":"Grand Finale","floor":31.0},{"not_picked":["Choke","Dagger Throw+1","PiercingWail"],"picked":"SKIP","floor":35.0},{"not_picked":["Riddle With Holes+1","Poisoned Stab+1","Flechettes+1"],"picked":"SKIP","floor":41.0},{"not_picked":["Bouncing Flask+1","All Out Attack","Dagger Spray"],"picked":"SKIP","floor":47.0},{"not_picked":["Outmaneuver+1","Backflip+1","Dodge and Roll+1"],"picked":"SKIP","floor":48.0},{"not_picked":["Underhanded Strike","Sucker Punch+1","Quick Slash+1"],"picked":"SKIP","floor":54}],"player_experience":1168852,"relics_obtained":[{"floor":23.0,"key":"Bag of Preparation"},{"floor":26.0,"key":"Orichalcum"},{"floor":43.0,"key":"Centennial Puzzle"},{"floor":47.0,"key":"Ice Cream"},{"floor":54,"key":"Happy Flower"}],"event_choices":[{"damage_healed":0.0,"max_hp_gain":0.0,"max_hp_loss":5.0,"gold_gain":0.0,"event_name":"Golden Idol","player_choice":"Lose Max HP","floor":4.0,"gold_loss":0.0,"damage_taken":0.0,"relics_obtained":["Golden Idol"]},{"damage_healed":0.0,"max_hp_gain":0.0,"max_hp_loss":0.0,"gold_gain":0.0,"event_name":"Match and Keep!","player_choice":"0 cards matched","floor":5.0,"gold_loss":0.0,"damage_taken":0.0,"cards_obtained":[]},{"damage_healed":0.0,"max_hp_gain":0.0,"max_hp_loss":0.0,"gold_gain":0.0,"event_name":"Match and Keep!","player_choice":"0 cards matched","floor":28.0,"gold_loss":0.0,"damage_taken":0.0,"cards_obtained":[]},{"damage_healed":0.0,"max_hp_gain":0.0,"max_hp_loss":0.0,"gold_gain":333.0,"event_name":"The Moai Head","player_choice":"Gave Idol","floor":37.0,"relics_lost":["Golden Idol"],"gold_loss":0.0,"damage_taken":0.0},{"cards_removed":["Strike_G"],"damage_healed":0.0,"max_hp_gain":0.0,"max_hp_loss":0.0,"gold_gain":0.0,"event_name":"Falling","player_choice":"Removed Attack","floor":38.0,"gold_loss":0.0,"damage_taken":0.0},{"damage_healed":0.0,"max_hp_gain":0.0,"max_hp_loss":0.0,"gold_gain":0.0,"event_name":"Tomb of Lord Red Mask","player_choice":"Ignored","floor":42.0,"gold_loss":0.0,"damage_taken":0.0}],"is_beta":false,"boss_relics":[{"not_picked":["Ectoplasm","Eternal Feather"],"picked":"Runic Pyramid"},{"not_picked":["WristBlade","Calling Bell"],"picked":"White Beast Statue"}],"items_purged_floors":[20,27,36,39,45,53],"is_endless":false,"potions_floor_spawned":[1,2,7,14,16,19,22,23,25,35,41,47,48,54],"ascension_level":0}