{"gold_per_floor":[216,216,228,228,111,128,146,146,170,187,187,213,213,228,228,302,302,302],"floor_reached":18,"playtime":1507,"items_purged":["Pain"],"score":324,"play_id":"bd0fb9cd-a52b-40a9-b809-d3920de351d6","local_time":"20181230171913","is_ascension_mode":true,"campfire_choices":[{"data":"Noxious Fumes","floor":8.0,"key":"SMITH"},{"floor":11.0,"key":"REST"},{"data":"Footwork","floor":13.0,"key":"SMITH"},{"floor":15.0,"key":"REST"}],"neow_cost":"NONE","seed_source_timestamp":18018202085794,"circlet_count":0,"master_deck":["AscendersBane","Defend_G","Defend_G","Defend_G","Defend_G","Defend_G+1","Strike_G","Strike_G","Strike_G","Strike_G","Survivor","Neutralize","Calculated Gamble+1","Bouncing Flask","Noxious Fumes+1","Leg Sweep","Footwork+1","Burst"],"special_seed":0,"relics":["Ring of the Snake","WarpedTongs","War Paint","Happy Flower","Ectoplasm"],"potions_floor_usage":[],"damage_taken":[{"damage":11.0,"enemies":"Cultist","floor":1.0,"turns":6.0},{"damage":4.0,"enemies":"Small Slimes","floor":3.0,"turns":5.0},{"damage":0.0,"enemies":"2 Louse","floor":6.0,"turns":3.0},{"damage":12.0,"enemies":"Exordium Thugs","floor":7.0,"turns":9.0},{"damage":2.0,"enemies":"Exordium Wildlife","floor":10.0,"turns":5.0},{"damage":11.0,"enemies":"3 Sentries","floor":12.0,"turns":8.0},{"damage":0.0,"enemies":"2 Fungi Beasts","floor":14.0,"turns":4.0},{"damage":48.0,"enemies":"Slime Boss","floor":16.0,"turns":11.0},{"damage":0,"enemies":"Chosen","floor":18,"turns":3}],"seed_played":"931712773029973586","potions_obtained":[{"floor":6.0,"key":"FearPotion"},{"floor":10.0,"key":"Weak Potion"},{"floor":16.0,"key":"Explosive Potion"}],"is_trial":false,"path_per_floor":["M","?","M","?","$","M","M","R","T","M","R","E","R","M","R","B",null,"M"],"character_chosen":"THE_SILENT","items_purchased":["Noxious Fumes"],"campfire_rested":2,"item_purchase_floors":[5],"current_hp_per_floor":[48,48,44,44,44,44,32,32,32,30,49,38,38,38,57,9,52,52],"gold":302,"neow_bonus":"HUNDRED_GOLD","is_prod":false,"is_daily":false,"chose_seed":false,"campfire_upgraded":2,"win_rate":0,"timestamp":1546161553,"path_taken":["M","?","?","?","$","M","?","R","T","M","R","E","R","M","R","BOSS","M"],"build_version":"2018-12-20","purchased_purges":1,"victory":false,"max_hp_per_floor":[66,66,66,66,66,66,66,66,66,66,66,66,66,66,66,66,66,66],"card_choices":[{"not_picked":["Poisoned Stab","Acrobatics"],"picked":"Calculated Gamble","floor":1.0},{"not_picked":["Dagger Spray","Flying Knee"],"picked":"Bouncing Flask","floor":3.0},{"not_picked":["Prepared","Sucker Punch","Die Die Die"],"picked":"SKIP","floor":6.0},{"not_picked":["Infinite Blades","Dagger Throw","Prepared"],"picked":"SKIP","floor":7.0},{"not_picked":["Dodge and Roll","Dagger Throw"],"picked":"Leg Sweep","floor":10.0},{"not_picked":["Prepared","PiercingWail"],"picked":"Footwork","floor":12.0},{"not_picked":["Blade Dance","Quick Slash","Deadly Poison"],"picked":"SKIP","floor":14.0},{"not_picked":["Envenom","A Thousand Cuts"],"picked":"Burst","floor":16.0}],"player_experience":1598959,"relics_obtained":[{"floor":9.0,"key":"War Paint"},{"floor":12.0,"key":"Happy Flower"}],"event_choices":[{"cards_removed":["Strike_G"],"damage_healed":0.0,"max_hp_gain":0.0,"max_hp_loss":0.0,"gold_gain":0.0,"event_name":"Purifier","player_choice":"Purged","floor":2.0,"gold_loss":0.0,"damage_taken":0.0},{"damage_healed":0.0,"max_hp_gain":0.0,"max_hp_loss":0.0,"gold_gain":0.0,"event_name":"Accursed Blacksmith","player_choice":"Rummage","floor":4.0,"gold_loss":0.0,"damage_taken":0.0,"relics_obtained":["WarpedTongs"],"cards_obtained":["Pain"]}],"is_beta":false,"boss_relics":[{"not_picked":["HoveringKite","Pandora\u0027s Box"],"picked":"Ectoplasm"}],"items_purged_floors":[5],"is_endless":false,"potions_floor_spawned":[6,10,14,16],"killed_by":"Chosen","ascension_level":20}