{"gold_per_floor":[116,191,191,191,171,200,200,226,252,252,272,272,300,300],"floor_reached":14,"playtime":249,"items_purged":[],"score":358,"play_id":"fc2004b2-9d02-42ad-8137-03e1990724b3","local_time":"20181116194028","is_ascension_mode":true,"campfire_choices":[{"data":"Neutralize","floor":7.0,"key":"SMITH"},{"data":"Choke","floor":10.0,"key":"SMITH"},{"data":"Survivor","floor":12.0,"key":"SMITH"}],"neow_cost":"NONE","seed_source_timestamp":1414104520505545,"circlet_count":0,"master_deck":["AscendersBane","Defend_G","Defend_G","Defend_G","Defend_G","Defend_G","Strike_G","Strike_G","Strike_G","Strike_G","Survivor+1","Neutralize+1","Choke+1","Grand Finale"],"special_seed":0,"relics":["Ring of the Snake","NeowsBlessing","WingedGreaves","Gremlin Horn","Smiling Mask","Happy Flower"],"potions_floor_usage":[13,14],"damage_taken":[{"damage":0.0,"enemies":"2 Louse","floor":1.0,"turns":2.0},{"damage":0.0,"enemies":"Gremlin Nob","floor":6.0,"turns":1.0},{"damage":0.0,"enemies":"3 Sentries","floor":8.0,"turns":1.0},{"damage":1.0,"enemies":"Jaw Worm","floor":11.0,"turns":3.0},{"damage":0,"enemies":"Gremlin Nob","floor":13,"turns":3},{"damage":43,"enemies":"Lagavulin","floor":14,"turns":11}],"seed_played":"-5118986782982322630","potions_obtained":[{"floor":5.0,"key":"GhostInAJar"},{"floor":8.0,"key":"SkillPotion"}],"is_trial":false,"path_per_floor":["M","?","?","?","?","E","R","E","T","R","M","R","E","E"],"character_chosen":"THE_SILENT","items_purchased":[],"campfire_rested":0,"item_purchase_floors":[],"current_hp_per_floor":[59,48,41,41,41,41,41,41,41,41,40,40,40,0],"gold":300,"neow_bonus":"THREE_ENEMY_KILL","is_prod":false,"is_daily":false,"chose_seed":false,"campfire_upgraded":3,"win_rate":0,"timestamp":1542368428,"path_taken":["M","?","?","?","?","E","R","E","T","R","M","R","E","E"],"build_version":"2018-11-14","purchased_purges":0,"victory":false,"max_hp_per_floor":[66,66,66,66,66,66,66,66,66,66,66,66,66,66],"card_choices":[{"not_picked":["Deadly Poison","Dagger Spray","Finisher"],"picked":"SKIP","floor":1.0},{"not_picked":["Slice","Predator","Riddle With Holes"],"picked":"SKIP","floor":6.0},{"not_picked":["Dodge and Roll","Underhanded Strike"],"picked":"Choke","floor":8.0},{"not_picked":["Outmaneuver","Dagger Throw","Cloak And Dagger"],"picked":"SKIP","floor":11.0},{"not_picked":["Bouncing Flask","Dodge and Roll"],"picked":"Grand Finale","floor":13}],"player_experience":499434,"relics_obtained":[{"floor":6.0,"key":"WingedGreaves"},{"floor":8.0,"key":"Gremlin Horn"},{"floor":9.0,"key":"Smiling Mask"},{"floor":13,"key":"Happy Flower"}],"event_choices":[{"damage_healed":0.0,"max_hp_gain":0.0,"max_hp_loss":0.0,"gold_gain":75.0,"event_name":"World of Goop","player_choice":"Gather Gold","floor":2.0,"gold_loss":0.0,"damage_taken":11.0},{"cards_removed":["Strike_G"],"damage_healed":0.0,"max_hp_gain":0.0,"max_hp_loss":0.0,"gold_gain":0.0,"event_name":"Golden Wing","player_choice":"Card Removal","floor":3.0,"gold_loss":0.0,"damage_taken":7.0},{"damage_healed":0.0,"max_hp_gain":0.0,"max_hp_loss":0.0,"gold_gain":0.0,"event_name":"Liars Game","player_choice":"Ignored","floor":4.0,"gold_loss":0.0,"damage_taken":0.0},{"damage_healed":0.0,"max_hp_gain":0.0,"max_hp_loss":0.0,"gold_gain":0.0,"event_name":"The Woman in Blue","player_choice":"Bought 1 Potion","floor":5.0,"gold_loss":0.0,"damage_taken":0.0}],"is_beta":true,"boss_relics":[],"items_purged_floors":[],"is_endless":false,"potions_floor_spawned":[8,11],"killed_by":"Lagavulin","ascension_level":20}