{"path_per_floor":["M","M","?","M","?","R","E","M","T","M","R","M","M","M","R","B",null,"M","M","?"],"character_chosen":"IRONCLAD","items_purchased":[],"gold_per_floor":[118,133,83,96,271,271,300,310,310,325,325,335,348,361,361,463,463,479,498,498],"floor_reached":21,"campfire_rested":0,"playtime":866,"current_hp_per_floor":[79,80,80,80,80,80,68,62,62,62,62,68,61,67,67,31,80,52,38,23],"items_purged":[],"gold":498,"score":185,"play_id":"e78b1325-0130-4890-8bd8-452b4da721b2","local_time":"20180315212150","is_prod":false,"is_daily":false,"is_ascension_mode":false,"campfire_upgraded":3,"timestamp":1521145310,"path_taken":["M","M","?","M","?","R","E","M","T","M","R","M","M","M","R","BOSS","M","M","?","?"],"build_version":"2018-03-09","purchased_purges":0,"victory":false,"master_deck":["Strike_R","Strike_R","Strike_R","Strike_R","Strike_R","Defend_R+1","Defend_R+1","Bash","Rampage","Perfected Strike+1","Inflame","Headbutt","Doubt","Spot Weakness","Anger","Seeing Red+1","Seeing Red","Infernal Blade+1","Limit Break","Warcry+1"],"max_hp_per_floor":[80,80,80,80,80,80,80,80,80,80,80,80,80,80,80,80,80,80,80,85],"relics":["Burning Blood","War Paint","Oddly Smooth Stone","Black Star"],"card_choices":[{"not_picked":["Sever Soul","Armaments"],"picked":"Inflame"},{"not_picked":["Shockwave","Intimidate"],"picked":"Headbutt"},{"not_picked":["True Grit","Corruption"],"picked":"Spot Weakness"},{"not_picked":["Reckless Charge","Cleave"],"picked":"Anger"},{"not_picked":["Warcry","Intimidate"],"picked":"Seeing Red"},{"not_picked":["Warcry","Heavy Blade"],"picked":"Seeing Red"},{"not_picked":["Shrug It Off","Dark Embrace"],"picked":"Infernal Blade"},{"not_picked":["Fiend Fire","Impervious"],"picked":"Limit Break"},{"not_picked":["Metallicize","Headbutt"],"picked":"Warcry"}],"player_experience":145932,"potions_floor_usage":[16,19,21,21],"damage_taken":[{"damage":7,"enemies":"2 Louse","floor":1,"turns":2},{"damage":3,"enemies":"Small Slimes","floor":2,"turns":2},{"damage":6,"enemies":"Jaw Worm","floor":4,"turns":3},{"damage":18,"enemies":"Lagavulin","floor":7,"turns":5},{"damage":12,"enemies":"Looter","floor":8,"turns":3},{"damage":6,"enemies":"Exordium Wildlife","floor":10,"turns":4},{"damage":0,"enemies":"Gremlin Gang","floor":12,"turns":4},{"damage":13,"enemies":"Red Slaver","floor":13,"turns":3},{"damage":0,"enemies":"Large Slime","floor":14,"turns":4},{"damage":42,"enemies":"Hexaghost","floor":16,"turns":6},{"damage":34,"enemies":"Chosen","floor":18,"turns":5},{"damage":24,"enemies":"3 Byrds","floor":19,"turns":4},{"damage":32,"enemies":"Centurion and Healer","floor":21,"turns":3}],"event_choices":[{"event_name":"The Cleric","player_choice":"Card Removal","floor":3,"damage_taken":0},{"event_name":"Liars Game","player_choice":"agreed","floor":5,"damage_taken":0},{"event_name":"Forgotten Altar","player_choice":"Shed Blood","floor":20,"damage_taken":0}],"boss_relics":[{"not_picked":["Question Card","Eternal Feather"],"picked":"Black Star"}],"potions_floor_spawned":[1,2,7,12,16],"seed_played":"3944745469114532679","killed_by":"Centurion and Healer","ascension_level":0,"is_trial":false}