{"gold_per_floor":[112,112,24,99,109,109,140,140,166,166,180,180,150,170,170,170],"floor_reached":16,"playtime":406,"items_purged":[],"score":196,"play_id":"d7ee6a16-0f72-45d8-a086-141435397a2d","local_time":"20190116202232","is_ascension_mode":true,"campfire_choices":[{"data":"Coolheaded","floor":6,"key":"SMITH"},{"data":"Coolheaded","floor":8,"key":"SMITH"},{"data":"Skim","floor":10,"key":"SMITH"},{"data":"Hologram","floor":12,"key":"SMITH"},{"data":"Gash","floor":15,"key":"SMITH"}],"neow_cost":"NONE","seed_source_timestamp":33847474194881,"circlet_count":0,"master_deck":["AscendersBane","Strike_B","Strike_B","Strike_B","Strike_B","Defend_B","Defend_B","Defend_B","Defend_B","Zap","Dualcast","All For One","Coolheaded+1","Gash+1","Coolheaded+1","Skim+1","Hologram+1","Go for the Eyes"],"relics":["Cracked Core","Vajra","Boot"],"potions_floor_usage":[16],"damage_taken":[{"damage":0,"enemies":"Small Slimes","floor":1,"turns":2},{"damage":2,"enemies":"Cultist","floor":5,"turns":4},{"damage":32,"enemies":"Lagavulin","floor":7,"turns":10},{"damage":1,"enemies":"2 Louse","floor":11,"turns":2},{"damage":5,"enemies":"2 Fungi Beasts","floor":14,"turns":5},{"damage":29,"enemies":"Hexaghost","floor":16,"turns":9}],"seed_played":"1724943083683113202","potions_obtained":[{"floor":13,"key":"Swift Potion"},{"floor":13,"key":"FairyPotion"}],"is_trial":false,"path_per_floor":["M","?","$","?","M","R","E","R","T","R","M","R","?","M","R","B"],"character_chosen":"DEFECT","items_purchased":["Gash","Coolheaded"],"campfire_rested":0,"item_purchase_floors":[3,3],"current_hp_per_floor":[64,64,64,53,51,51,19,19,19,19,18,18,18,13,13,0],"gold":170,"neow_bonus":"ONE_RANDOM_RARE_CARD","is_prod":false,"is_daily":false,"chose_seed":false,"campfire_upgraded":5,"win_rate":0,"timestamp":1547641352,"path_taken":["M","?","?","?","M","R","E","R","T","R","M","R","?","M","R","BOSS"],"build_version":"2019-01-10","purchased_purges":0,"victory":false,"max_hp_per_floor":[71,71,71,71,71,71,71,71,71,71,71,71,71,71,71,71],"card_choices":[{"not_picked":["Compile Driver","Chaos"],"picked":"Coolheaded","floor":1},{"not_picked":["Streamline","Heatsinks"],"picked":"Skim","floor":5},{"not_picked":["Lockon","BootSequence","Streamline"],"picked":"SKIP","floor":7},{"not_picked":["Stack","Rebound"],"picked":"Hologram","floor":11},{"not_picked":["Cold Snap","Leap"],"picked":"Go for the Eyes","floor":14}],"player_experience":1957427,"relics_obtained":[{"floor":7,"key":"Vajra"},{"floor":9,"key":"Boot"}],"event_choices":[{"damage_healed":0,"gold_gain":0,"player_choice":"0 cards matched","damage_taken":0,"max_hp_gain":0,"max_hp_loss":0,"event_name":"Match and Keep!","floor":2,"gold_loss":0,"cards_obtained":[]},{"damage_healed":0,"gold_gain":75,"player_choice":"Gather Gold","damage_taken":11,"max_hp_gain":0,"max_hp_loss":0,"event_name":"World of Goop","floor":4,"gold_loss":0},{"damage_healed":0,"gold_gain":0,"player_choice":"Bought 2 Potions","damage_taken":0,"max_hp_gain":0,"max_hp_loss":0,"event_name":"The Woman in Blue","floor":13,"gold_loss":0}],"is_beta":false,"boss_relics":[],"items_purged_floors":[],"is_endless":false,"potions_floor_spawned":[],"killed_by":"Hexaghost","ascension_level":20}