{"gold_per_floor":[115,169,64,64,64,96,114,114,114,114,124,124,157,157,157,236,236,250,250,150,164,184,184,109,109,134,153,171,183,194,208,208,287,287,301,401,425,443,453,108,108,108,108,120,145,145,161,86,86,86,86,86,86,2,31,31],"floor_reached":57,"playtime":3571,"items_purged":["Strike_B","Strike_B","Decay","Defend_B"],"score":3109,"play_id":"d883a7f1-9f4d-4168-9401-eb0d16e106d4","local_time":"20190121234901","is_ascension_mode":true,"campfire_choices":[{"data":"Consume","floor":8.0,"key":"SMITH"},{"data":"Coolheaded","floor":12.0,"key":"SMITH"},{"data":"Dualcast","floor":15.0,"key":"SMITH"},{"data":"Defragment","floor":23.0,"key":"SMITH"},{"data":"Recycle","floor":25.0,"key":"SMITH"},{"data":"Defragment","floor":32.0,"key":"SMITH"},{"data":"Biased Cognition","floor":41.0,"key":"SMITH"},{"data":"Zap","floor":46,"key":"SMITH"},{"floor":49,"key":"RECALL"},{"data":"Madness","floor":53,"key":"SMITH"}],"neow_cost":"NONE","seed_source_timestamp":43283805626769,"circlet_count":0,"master_deck":["AscendersBane","Defend_B","Defend_B","Defend_B","Zap+1","Dualcast+1","Consume+1","Coolheaded+1","Recycle+1","Cold Snap+1","Defragment+1","Coolheaded+1","Rainbow","Defragment+1","Biased Cognition+1","Glacier","Coolheaded+1","Finesse","Madness","Madness+1"],"special_seed":0,"relics":["Cracked Core","NeowsBlessing","Vajra","Cables","FossilizedHelix","Pocketwatch","Inserter","DataDisk","Cursed Key","Calipers","Membership Card","Mercury Hourglass","Oddly Smooth Stone","Symbiotic Virus"],"potions_floor_usage":[45,47,56,56],"damage_taken":[{"damage":0.0,"enemies":"Cultist","floor":1.0,"turns":1.0},{"damage":0.0,"enemies":"3 Sentries","floor":6.0,"turns":2.0},{"damage":0.0,"enemies":"Small Slimes","floor":7.0,"turns":1.0},{"damage":0.0,"enemies":"Jaw Worm","floor":11.0,"turns":3.0},{"damage":0.0,"enemies":"Gremlin Nob","floor":13.0,"turns":4.0},{"damage":12.0,"enemies":"Slime Boss","floor":16.0,"turns":7.0},{"damage":0.0,"enemies":"Shell Parasite","floor":18.0,"turns":11.0},{"damage":0.0,"enemies":"Spheric Guardian","floor":21.0,"turns":4.0},{"damage":0.0,"enemies":"3 Cultists","floor":22.0,"turns":7.0},{"damage":9.0,"enemies":"Centurion and Healer","floor":27.0,"turns":6.0},{"damage":0.0,"enemies":"Snake Plant","floor":28.0,"turns":5.0},{"damage":0.0,"enemies":"Sentry and Sphere","floor":29.0,"turns":8.0},{"damage":0.0,"enemies":"Snecko","floor":30.0,"turns":5.0},{"damage":8.0,"enemies":"Snake Plant","floor":31.0,"turns":7.0},{"damage":0.0,"enemies":"Automaton","floor":33.0,"turns":9.0},{"damage":0.0,"enemies":"Orb Walker","floor":35.0,"turns":4.0},{"damage":0.0,"enemies":"Mind Bloom Boss Battle","floor":36.0,"turns":4.0},{"damage":0.0,"enemies":"3 Darklings","floor":38.0,"turns":7.0},{"damage":0.0,"enemies":"Jaw Worm Horde","floor":39.0,"turns":6.0},{"damage":0,"enemies":"4 Shapes","floor":44,"turns":7},{"damage":0,"enemies":"Nemesis","floor":45,"turns":6},{"damage":0,"enemies":"Sphere and 2 Shapes","floor":47,"turns":7},{"damage":0,"enemies":"Awakened One","floor":50,"turns":5},{"damage":0,"enemies":"Time Eater","floor":51,"turns":18},{"damage":20,"enemies":"Shield and Spear","floor":55,"turns":10},{"damage":0,"enemies":"The Heart","floor":56,"turns":9}],"seed_played":"6856791902816036339","potions_obtained":[{"floor":7.0,"key":"Swift Potion"},{"floor":11.0,"key":"Weak Potion"},{"floor":16.0,"key":"GamblersBrew"},{"floor":21.0,"key":"Fruit Juice"},{"floor":27.0,"key":"AttackPotion"},{"floor":33.0,"key":"SkillPotion"},{"floor":39.0,"key":"Strength Potion"},{"floor":45,"key":"Regen Potion"},{"floor":55,"key":"Weak Potion"}],"is_trial":false,"path_per_floor":["M","T","$","?","$","E","M","R","T","?","M","R","E","?","R","B",null,"M","?","$","M","M","R","?","R","T","M","M","M","M","M","R","B",null,"M","?","T","M","M","$","R","?","T","M","E","R","M","$","R","B","B",null,"R","$","E","B",null],"character_chosen":"DEFECT","items_purchased":["Coolheaded","Membership Card","Finesse","Oddly Smooth Stone"],"campfire_rested":0,"item_purchase_floors":[3,40,40,54],"current_hp_per_floor":[64,64,64,64,64,64,64,64,64,64,64,64,64,69,69,57,71,71,71,71,71,76,76,76,76,76,67,67,67,67,59,59,59,76,76,76,76,76,76,76,76,61,61,61,61,61,76,76,76,76,76,80,80,80,60,60],"gold":31,"neow_bonus":"THREE_ENEMY_KILL","is_prod":false,"is_daily":false,"chose_seed":false,"campfire_upgraded":9,"win_rate":0,"timestamp":1548085741,"path_taken":["M","?","$","?","$","E","M","R","T","?","M","R","E","?","R","BOSS","M","?","$","M","M","R","?","R","T","M","M","M","M","M","R","BOSS","M","?","?","M","M","$","R","?","T","M","E","R","M","?","R","BOSS","BOSS","R","$","E","BOSS"],"build_version":"2019-01-17v2","purchased_purges":4,"victory":true,"max_hp_per_floor":[71,71,71,71,71,71,71,71,71,71,71,71,71,76,76,76,76,76,76,76,76,81,81,81,81,81,81,81,81,81,81,81,81,81,81,81,81,81,81,81,81,81,81,81,81,81,81,81,81,81,81,81,81,81,81,81],"card_choices":[{"not_picked":["Coolheaded","Go for the Eyes"],"picked":"Consume","floor":1.0},{"not_picked":["Reprogram","Doom and Gloom","Fusion"],"picked":"SKIP","floor":6.0},{"not_picked":["Coolheaded","Gash"],"picked":"Recycle","floor":7.0},{"not_picked":["Scrape","Barrage","Rebound"],"picked":"SKIP","floor":11.0},{"not_picked":["Force Field","Fusion","Rebound"],"picked":"SKIP","floor":13.0},{"not_picked":["Reprogram","Streamline+1"],"picked":"Cold Snap+1","floor":18.0},{"not_picked":["Beam Cell+1","Melter+1","Turbo"],"picked":"SKIP","floor":21.0},{"not_picked":["Hologram","Gash+1"],"picked":"Coolheaded+1","floor":22.0},{"not_picked":["Static Discharge","Sunder+1","Cold Snap"],"picked":"SKIP","floor":27.0},{"not_picked":["Storm","Rip and Tear","Cold Snap"],"picked":"SKIP","floor":28.0},{"not_picked":["Ball Lightning","Hologram"],"picked":"Rainbow","floor":29.0},{"not_picked":["Hologram+1","Streamline","Sweeping Beam+1"],"picked":"SKIP","floor":30.0},{"not_picked":["Stack","Rebound"],"picked":"Defragment","floor":31.0},{"not_picked":["Thunder Strike","Electrodynamics"],"picked":"Biased Cognition","floor":33.0},{"not_picked":["Gash","Ball Lightning","Stack"],"picked":"SKIP","floor":35.0},{"not_picked":["Coolheaded+1","Chill"],"picked":"Glacier","floor":36.0},{"not_picked":["Redo+1","Rebound"],"picked":"Coolheaded+1","floor":38.0},{"not_picked":["Go for the Eyes","Redo","Hyperbeam"],"picked":"SKIP","floor":39.0},{"not_picked":["Leap","FTL+1","Darkness"],"picked":"SKIP","floor":44},{"not_picked":["Loop","BootSequence","Beam Cell+1"],"picked":"SKIP","floor":45},{"not_picked":["Doom and Gloom+1","Ball Lightning","Turbo"],"picked":"SKIP","floor":47},{"not_picked":["Barrage","Stack+1","Electrodynamics"],"picked":"SKIP","floor":55}],"player_experience":2120670,"relics_obtained":[{"floor":2.0,"key":"Vajra"},{"floor":6.0,"key":"Cables"},{"floor":9.0,"key":"FossilizedHelix"},{"floor":13.0,"key":"Pocketwatch"},{"floor":26.0,"key":"DataDisk"},{"floor":36.0,"key":"Calipers"},{"floor":45,"key":"Mercury Hourglass"},{"floor":55,"key":"Symbiotic Virus"}],"event_choices":[{"cards_removed":["Strike_B"],"damage_healed":0.0,"max_hp_gain":0.0,"max_hp_loss":0.0,"gold_gain":0.0,"event_name":"Living Wall","player_choice":"Forget","floor":4.0,"gold_loss":0.0,"damage_taken":0.0},{"damage_healed":0.0,"max_hp_gain":0.0,"max_hp_loss":0.0,"gold_gain":0.0,"event_name":"Liars Game","player_choice":"Ignored","floor":10.0,"gold_loss":0.0,"damage_taken":0.0},{"damage_healed":0.0,"max_hp_gain":5.0,"max_hp_loss":0.0,"gold_gain":0.0,"event_name":"Big Fish","player_choice":"Donut","floor":14.0,"gold_loss":0.0,"damage_taken":0.0},{"damage_healed":0.0,"max_hp_gain":0.0,"max_hp_loss":0.0,"gold_gain":0.0,"event_name":"The Library","player_choice":"Read","floor":19.0,"gold_loss":0.0,"damage_taken":0.0,"cards_obtained":["Defragment"]},{"cards_removed":["Strike_B"],"damage_healed":0.0,"max_hp_gain":0.0,"max_hp_loss":0.0,"gold_gain":0.0,"event_name":"Beggar","player_choice":"Gave Gold","floor":24.0,"gold_loss":75.0,"damage_taken":0.0},{"damage_healed":0.0,"max_hp_gain":0.0,"max_hp_loss":0.0,"gold_gain":0.0,"event_name":"MindBloom","player_choice":"Fight","floor":36.0,"gold_loss":0.0,"damage_taken":0.0},{"damage_healed":0.0,"max_hp_gain":0.0,"max_hp_loss":0.0,"gold_gain":0.0,"event_name":"Winding Halls","player_choice":"Embrace Madness","floor":42.0,"gold_loss":0.0,"damage_taken":15.0,"cards_obtained":["Madness","Madness"]}],"is_beta":false,"boss_relics":[{"not_picked":["Sozu","Runic Dome"],"picked":"Inserter"},{"not_picked":["Orrery","Empty Cage"],"picked":"Cursed Key"}],"items_purged_floors":[3,20,40,48],"is_endless":false,"potions_floor_spawned":[7,11,16,21,27,29,31,33,36,39,44,45,55],"ascension_level":20}