{"gold_per_floor":[118,43,61,113,113,148,166,5,5,24,24,51,64,81,81,152,152,166,166,180,180,180,180,212,212,212,212,222,222,222,322,322,399,399,413,383,283,298,54,87,106,106,106,138,138,138,155,5,5,5,5,5,5,5,38,38],"floor_reached":57,"playtime":5355,"items_purged":["Strike_B","Strike_B"],"score":2947,"play_id":"e73dc94b-1f63-4283-b7de-745637a582a3","local_time":"20190426025659","is_ascension_mode":true,"campfire_choices":[{"data":"Consume","floor":11.0,"key":"SMITH"},{"data":"Chaos","floor":15.0,"key":"SMITH"},{"data":"Dualcast","floor":23.0,"key":"SMITH"},{"data":"Capacitor","floor":25.0,"key":"SMITH"},{"data":"Heatsinks","floor":27.0,"key":"SMITH"},{"data":"Hologram","floor":29.0,"key":"SMITH"},{"data":"Double Energy","floor":32.0,"key":"SMITH"},{"data":"Turbo","floor":42.0,"key":"SMITH"},{"floor":45.0,"key":"RECALL"},{"data":"Transmutation","floor":49,"key":"SMITH"},{"data":"Machine Learning","floor":53,"key":"SMITH"}],"neow_cost":"NONE","seed_source_timestamp":46615206113776,"circlet_count":0,"master_deck":["AscendersBane","Strike_B","Defend_B","Defend_B","Defend_B","Zap","Dualcast+1","White Noise","Consume+1","Double Energy+1","Machine Learning+1","Genetic Algorithm","Cold Snap","Chaos+1","Rainbow","Core Surge","Heatsinks+1","Ghostly","Ghostly","Ghostly","Capacitor+1","Self Repair","Lockon","Chill","Storm","Clumsy","Hologram+1","Biased Cognition+1","Decay","Shame","Clumsy","Capacitor+1","AscendersBane","Turbo+1","Normality","Machine Learning+1","Master of Strategy","Magnetism+1","Transmutation+1","Parasite","Machine Learning+1","Thunder Strike"],"special_seed":0,"relics":["Cracked Core","NeowsBlessing","FaceOfCleric","Bird Faced Urn","Orichalcum","Ornamental Fan","Anchor","Cursed Key","Dead Branch","Singing Bowl","Enchiridion","Incense Burner","Frozen Egg 2","Calling Bell","Potion Belt","Shuriken","Peace Pipe","DollysMirror","Cables","Bottled Lightning","Symbiotic Virus","Oddly Smooth Stone"],"potions_floor_usage":[56],"damage_taken":[{"damage":0.0,"enemies":"Cultist","floor":1.0,"turns":1.0},{"damage":0.0,"enemies":"Small Slimes","floor":3.0,"turns":1.0},{"damage":0.0,"enemies":"Gremlin Nob","floor":6.0,"turns":1.0},{"damage":0.0,"enemies":"2 Louse","floor":7.0,"turns":2.0},{"damage":14.0,"enemies":"Large Slime","floor":10.0,"turns":5.0},{"damage":23.0,"enemies":"Lagavulin","floor":12.0,"turns":6.0},{"damage":9.0,"enemies":"2 Fungi Beasts","floor":13.0,"turns":4.0},{"damage":10.0,"enemies":"Exordium Wildlife","floor":14.0,"turns":4.0},{"damage":32.0,"enemies":"Hexaghost","floor":16.0,"turns":11.0},{"damage":9.0,"enemies":"Chosen","floor":18.0,"turns":5.0},{"damage":7.0,"enemies":"Shell Parasite","floor":20.0,"turns":8.0},{"damage":22.0,"enemies":"Gremlin Leader","floor":24.0,"turns":9.0},{"damage":6.0,"enemies":"Snake Plant","floor":28.0,"turns":4.0},{"damage":0.0,"enemies":"Colosseum Slavers","floor":31.0,"turns":3.0},{"damage":13.0,"enemies":"Colosseum Nobs","floor":31.0,"turns":5.0},{"damage":0.0,"enemies":"Collector","floor":33.0,"turns":7.0},{"damage":4.0,"enemies":"3 Darklings","floor":35.0,"turns":4.0},{"damage":5.0,"enemies":"Orb Walker","floor":38.0,"turns":3.0},{"damage":0.0,"enemies":"Giant Head","floor":40.0,"turns":6.0},{"damage":15.0,"enemies":"Spire Growth","floor":41.0,"turns":5.0},{"damage":5.0,"enemies":"Nemesis","floor":44.0,"turns":5.0},{"damage":6,"enemies":"Writhing Mass","floor":47,"turns":5},{"damage":33,"enemies":"Time Eater","floor":50,"turns":9},{"damage":6,"enemies":"Donu and Deca","floor":51,"turns":9},{"damage":24,"enemies":"Shield and Spear","floor":55,"turns":7},{"damage":71,"enemies":"The Heart","floor":56,"turns":12}],"seed_played":"-8663078445810809206","potions_obtained":[{"floor":6.0,"key":"SkillPotion"},{"floor":13.0,"key":"AttackPotion"},{"floor":16.0,"key":"GamblersBrew"},{"floor":24.0,"key":"Swift Potion"},{"floor":31.0,"key":"GamblersBrew"},{"floor":36.0,"key":"SkillPotion"},{"floor":36.0,"key":"GamblersBrew"}],"is_trial":false,"path_per_floor":["M","$","M","T","?","E","M","$","T","M","R","E","M","M","R","B",null,"M","?","M","?","?","R","E","R","T","R","M","R","?","?","R","B",null,"M","?","$","M","$","E","M","R","T","E","R","?","M","$","R","B","B",null,"R","$","E","B",null],"character_chosen":"DEFECT","items_purchased":["Orichalcum","DollysMirror","Turbo","Machine Learning+1"],"campfire_rested":0,"item_purchase_floors":[8,39,39,48],"current_hp_per_floor":[64,64,64,64,64,65,68,68,68,59,59,41,37,32,32,5,60,58,39,37,37,37,37,28,28,28,28,35,35,14,46,46,47,47,48,48,48,51,51,54,57,57,57,58,58,48,61,61,61,55,63,63,63,63,53,65],"gold":38,"neow_bonus":"THREE_ENEMY_KILL","is_prod":false,"is_daily":false,"chose_seed":false,"campfire_upgraded":10,"win_rate":0,"timestamp":1556218619,"path_taken":["M","$","?","?","?","E","M","$","T","?","R","E","M","M","R","BOSS","M","?","M","?","?","R","E","R","T","R","?","R","?","?","R","BOSS","M","?","$","M","?","E","?","R","T","E","R","?","M","$","R","BOSS","BOSS","R","$","E","BOSS"],"build_version":"2019-01-23","purchased_purges":2,"victory":true,"max_hp_per_floor":[71,71,71,71,71,72,73,73,73,74,74,75,76,77,77,78,78,79,39,40,40,40,40,41,41,41,41,42,42,42,46,46,47,47,48,48,48,51,51,54,57,57,57,58,58,58,61,61,61,62,63,63,63,63,64,65],"card_choices":[{"not_picked":["Gash","Redo"],"picked":"White Noise","floor":1.0},{"not_picked":["Fusion","Redo"],"picked":"Consume","floor":3.0},{"not_picked":["Auto Shields","Redo"],"picked":"Double Energy","floor":6.0},{"not_picked":["Go for the Eyes","Barrage"],"picked":"Machine Learning","floor":7.0},{"not_picked":["Steam","Conserve Battery"],"picked":"Genetic Algorithm","floor":10.0},{"not_picked":["Rebound","Turbo"],"picked":"Cold Snap","floor":12.0},{"not_picked":["Blizzard","Beam Cell"],"picked":"Chaos","floor":13.0},{"not_picked":["Redo","Ball Lightning"],"picked":"Rainbow","floor":14.0},{"not_picked":["Seek","Buffer"],"picked":"Core Surge","floor":16.0},{"not_picked":["Redo","Hologram"],"picked":"Heatsinks","floor":18.0},{"not_picked":["Leap","Ball Lightning"],"picked":"Capacitor","floor":20.0},{"not_picked":["Stack","Tempest"],"picked":"Storm","floor":24.0},{"not_picked":["Doom and Gloom","Hello World"],"picked":"Hologram","floor":28.0},{"not_picked":["Sweeping Beam","Beam Cell","Gash"],"picked":"Singing Bowl","floor":31.0},{"not_picked":["Seek","Fission"],"picked":"Biased Cognition+1","floor":33.0},{"not_picked":["Conserve Battery","FTL"],"picked":"Capacitor+1","floor":35.0},{"not_picked":["Steam","Scrape","Barrage+1"],"picked":"Singing Bowl","floor":38.0},{"not_picked":["Auto Shields","Streamline","Hello World+1"],"picked":"Singing Bowl","floor":40.0},{"not_picked":["Reprogram","Cold Snap","Barrage"],"picked":"Singing Bowl","floor":41.0},{"not_picked":["Beam Cell","Rip and Tear+1"],"picked":"Machine Learning+1","floor":44.0},{"not_picked":["Finesse","Enlightenment"],"picked":"Master of Strategy","floor":46.0},{"not_picked":["Jack Of All Trades","Panacea"],"picked":"Magnetism+1","floor":46.0},{"not_picked":["PanicButton","Chrysalis"],"picked":"Transmutation","floor":46.0},{"not_picked":["Cold Snap","Doom and Gloom","Consume"],"picked":"Singing Bowl","floor":47},{"not_picked":["Barrage","Consume+1"],"picked":"Thunder Strike","floor":55}],"player_experience":4519238,"relics_obtained":[{"floor":6.0,"key":"Bird Faced Urn"},{"floor":9.0,"key":"Ornamental Fan"},{"floor":12.0,"key":"Anchor"},{"floor":24.0,"key":"Dead Branch"},{"floor":26.0,"key":"Singing Bowl"},{"floor":30.0,"key":"Enchiridion"},{"floor":31.0,"key":"Incense Burner"},{"floor":31.0,"key":"Frozen Egg 2"},{"floor":34.0,"key":"Potion Belt"},{"floor":34.0,"key":"Shuriken"},{"floor":34.0,"key":"Peace Pipe"},{"floor":40.0,"key":"Cables"},{"floor":43.0,"key":"Bottled Lightning"},{"floor":44.0,"key":"Symbiotic Virus"},{"floor":55,"key":"Oddly Smooth Stone"}],"event_choices":[{"damage_healed":0.0,"max_hp_gain":0.0,"max_hp_loss":0.0,"gold_gain":0.0,"event_name":"FaceTrader","player_choice":"Trade","floor":5.0,"gold_loss":0.0,"damage_taken":0.0,"relics_obtained":["FaceOfCleric"]},{"damage_healed":0.0,"max_hp_gain":0.0,"max_hp_loss":40.0,"gold_gain":0.0,"event_name":"Ghosts","player_choice":"Became a Ghost","floor":19.0,"gold_loss":0.0,"damage_taken":0.0,"cards_obtained":["Ghostly","Ghostly","Ghostly"]},{"damage_healed":0.0,"max_hp_gain":0.0,"max_hp_loss":0.0,"gold_gain":0.0,"event_name":"The Library","player_choice":"Read","floor":21.0,"gold_loss":0.0,"damage_taken":0.0,"cards_obtained":["Self Repair"]},{"damage_healed":0.0,"max_hp_gain":0.0,"max_hp_loss":0.0,"gold_gain":0.0,"cards_transformed":["Strike_B","Defend_B"],"event_name":"Drug Dealer","player_choice":"Became Test Subject","floor":22.0,"gold_loss":0.0,"damage_taken":0.0,"cards_obtained":["Lockon","Chill"]},{"damage_healed":0.0,"max_hp_gain":0.0,"max_hp_loss":0.0,"gold_gain":0.0,"event_name":"Cursed Tome","player_choice":"Obtained Book","floor":30.0,"gold_loss":0.0,"damage_taken":21.0},{"damage_healed":0.0,"max_hp_gain":0.0,"max_hp_loss":0.0,"gold_gain":0.0,"event_name":"Colosseum","player_choice":"Fight","floor":31.0,"gold_loss":0.0,"damage_taken":0.0},{"damage_healed":0.0,"max_hp_gain":0.0,"max_hp_loss":0.0,"gold_gain":0.0,"event_name":"Colosseum","player_choice":"Fought Nobs","floor":31.0,"gold_loss":0.0,"damage_taken":0.0},{"damage_healed":0.0,"max_hp_gain":0.0,"max_hp_loss":0.0,"gold_gain":0.0,"event_name":"The Woman in Blue","player_choice":"Bought 2 Potions","floor":36.0,"gold_loss":0.0,"damage_taken":0.0},{"damage_healed":0.0,"max_hp_gain":0.0,"max_hp_loss":0.0,"gold_gain":0.0,"event_name":"SensoryStone","player_choice":"Memory 3","floor":46.0,"gold_loss":0.0,"damage_taken":10.0}],"is_beta":false,"boss_relics":[{"not_picked":["Fusion Hammer","Snecko Eye"],"picked":"Cursed Key"},{"not_picked":["Philosopher\u0027s Stone","Tiny House"],"picked":"Calling Bell"}],"items_purged_floors":[2,37],"is_endless":false,"potions_floor_spawned":[6,13,14,16,24,28,31,40,41,47],"ascension_level":20}