{"gold_per_floor":[116,116,41,51,201,201,1,1,25,58,76,76,76,92,92,171,171,190,200,18,18,37,37,37,63,63,63,88,88,88,104,104,181,181,196,23,42,62,62,62,101,101],"floor_reached":42,"playtime":2019,"items_purged":["Strike_R"],"score":968,"play_id":"d656104c-baa6-49bd-8bcc-9e3f776516aa","local_time":"20190413220616","is_ascension_mode":true,"campfire_choices":[{"data":"Dark Embrace","floor":6.0,"key":"SMITH"},{"data":"Transmutation","floor":8.0,"key":"SMITH"},{"data":"Bash","floor":13.0,"key":"SMITH"},{"data":"Evolve","floor":15.0,"key":"SMITH"},{"data":"Transmutation","floor":23.0,"key":"SMITH"},{"floor":27.0,"key":"REST"},{"floor":30,"key":"REST"},{"floor":32,"key":"REST"},{"data":"Armaments","floor":40,"key":"SMITH"}],"neow_cost":"NONE","seed_source_timestamp":35200958282792,"circlet_count":0,"master_deck":["AscendersBane","Bash+1","Clash+1","Dark Embrace+1","Transmutation+1","Evolve+1","Dual Wield+1","Feel No Pain+1","Transmutation+1","Transmutation+1","Fiend Fire","Power Through","Impervious","Wild Strike","Brutality","Armaments+1","Power Through","Dropkick","Flame Barrier","Corruption","Battle Trance+1","Burning Pact"],"special_seed":0,"relics":["Burning Blood","NeowsBlessing","Boot","StoneCalendar","Runic Pyramid","Self Forming Clay","Ornamental Fan","Pandora\u0027s Box","Bag of Preparation"],"potions_floor_usage":[28],"damage_taken":[{"damage":0.0,"enemies":"Small Slimes","floor":1.0,"turns":1.0},{"damage":0.0,"enemies":"2 Louse","floor":4.0,"turns":1.0},{"damage":0.0,"enemies":"Lagavulin","floor":10.0,"turns":1.0},{"damage":1.0,"enemies":"Cultist","floor":11.0,"turns":4.0},{"damage":10.0,"enemies":"2 Fungi Beasts","floor":14.0,"turns":5.0},{"damage":51.0,"enemies":"Slime Boss","floor":16.0,"turns":7.0},{"damage":16.0,"enemies":"3 Byrds","floor":18.0,"turns":7.0},{"damage":23.0,"enemies":"Chosen","floor":19.0,"turns":4.0},{"damage":4.0,"enemies":"Centurion and Healer","floor":22.0,"turns":5.0},{"damage":23.0,"enemies":"Gremlin Leader","floor":25.0,"turns":7.0},{"damage":28,"enemies":"Book of Stabbing","floor":28,"turns":4},{"damage":26,"enemies":"Sentry and Sphere","floor":31,"turns":7},{"damage":33,"enemies":"Champ","floor":33,"turns":12},{"damage":10,"enemies":"3 Darklings","floor":35,"turns":4},{"damage":11,"enemies":"Orb Walker","floor":37,"turns":7},{"damage":3,"enemies":"3 Darklings","floor":38,"turns":5},{"damage":24,"enemies":"Sphere and 2 Shapes","floor":41,"turns":8},{"damage":47,"enemies":"4 Shapes","floor":42,"turns":7}],"seed_played":"7474274410171675413","potions_obtained":[{"floor":4.0,"key":"Dexterity Potion"},{"floor":10.0,"key":"SkillPotion"},{"floor":16.0,"key":"SteroidPotion"},{"floor":33,"key":"Weak Potion"}],"is_trial":false,"path_per_floor":["M","?","$","M","?","R","$","R","T","E","M","?","R","M","R","B",null,"M","M","$","?","M","R","$","E","T","R","E","?","R","M","R","B",null,"M","$","M","M","?","R","M","M"],"character_chosen":"IRONCLAD","items_purchased":["Transmutation","Transmutation","Bag of Preparation"],"campfire_rested":3,"item_purchase_floors":[7,20,36],"current_hp_per_floor":[74,51,51,57,57,57,57,57,57,63,68,68,68,64,64,19,61,51,34,34,34,36,36,36,19,19,41,19,19,41,21,43,16,60,56,56,51,54,54,54,36,0],"gold":101,"neow_bonus":"THREE_ENEMY_KILL","is_prod":false,"is_daily":false,"chose_seed":false,"campfire_upgraded":6,"win_rate":0,"timestamp":1555164376,"path_taken":["M","?","$","M","?","R","$","R","T","E","M","?","R","M","R","BOSS","M","M","$","?","M","R","?","E","T","R","E","?","R","M","R","BOSS","M","$","M","M","?","R","M","M"],"build_version":"2019-01-23","purchased_purges":1,"victory":false,"max_hp_per_floor":[75,75,75,75,75,75,75,75,75,75,75,75,75,75,75,75,75,75,75,75,75,75,75,75,75,75,75,75,75,75,75,75,75,75,75,75,75,75,75,75,75,75],"card_choices":[{"not_picked":["Body Slam","Twin Strike"],"picked":"Clash","floor":1.0},{"not_picked":["Sword Boomerang","Armaments"],"picked":"Dark Embrace","floor":4.0},{"not_picked":["Anger","Intimidate","Wild Strike"],"picked":"SKIP","floor":10.0},{"not_picked":["Pommel Strike","Clothesline","Heavy Blade"],"picked":"SKIP","floor":11.0},{"not_picked":["Intimidate","Headbutt"],"picked":"Evolve","floor":14.0},{"not_picked":["Dark Embrace","Demon Form"],"picked":"Fiend Fire","floor":16.0},{"not_picked":["Sentinel","True Grit"],"picked":"Dual Wield+1","floor":18.0},{"not_picked":["Clothesline","Warcry"],"picked":"Feel No Pain+1","floor":19.0},{"not_picked":["Hemokinesis","Carnage+1","Thunderclap"],"picked":"SKIP","floor":22.0},{"not_picked":["Corruption","Body Slam","Sword Boomerang"],"picked":"SKIP","floor":25.0},{"not_picked":["Dual Wield+1","Havoc","Clash"],"picked":"SKIP","floor":28},{"not_picked":["Iron Wave","Havoc+1","Flex"],"picked":"SKIP","floor":31},{"not_picked":["Bludgeon","Feed"],"picked":"Fiend Fire","floor":33},{"not_picked":["Flex","Shockwave"],"picked":"Corruption","floor":35},{"not_picked":["Infernal Blade","Cleave+1"],"picked":"Battle Trance+1","floor":37},{"not_picked":["Inflame","Thunderclap","Carnage"],"picked":"SKIP","floor":38},{"not_picked":["Uppercut","Feel No Pain"],"picked":"Burning Pact","floor":41}],"player_experience":4258576,"relics_obtained":[{"floor":9.0,"key":"Boot"},{"floor":10.0,"key":"StoneCalendar"},{"floor":25.0,"key":"Self Forming Clay"},{"floor":28,"key":"Ornamental Fan"}],"event_choices":[{"damage_healed":0.0,"max_hp_gain":0.0,"max_hp_loss":0.0,"gold_gain":0.0,"event_name":"Shining Light","player_choice":"Entered Light","floor":2.0,"gold_loss":0.0,"damage_taken":23.0,"cards_upgraded":["Strike_R","Clash"]},{"damage_healed":0.0,"max_hp_gain":0.0,"max_hp_loss":0.0,"gold_gain":150.0,"event_name":"Liars Game","player_choice":"AGREE","floor":5.0,"gold_loss":0.0,"damage_taken":0.0,"cards_obtained":["Doubt"]},{"cards_removed":["Doubt"],"damage_healed":0.0,"max_hp_gain":0.0,"max_hp_loss":0.0,"gold_gain":0.0,"event_name":"Living Wall","player_choice":"Forget","floor":12.0,"gold_loss":0.0,"damage_taken":0.0},{"damage_healed":0.0,"max_hp_gain":0.0,"max_hp_loss":0.0,"gold_gain":0.0,"event_name":"Duplicator","player_choice":"Copied","floor":21.0,"gold_loss":0.0,"damage_taken":0.0,"cards_obtained":["Transmutation"]},{"damage_healed":0,"gold_gain":0,"player_choice":"Ignored","damage_taken":0,"max_hp_gain":0,"max_hp_loss":0,"event_name":"Cursed Tome","floor":29,"gold_loss":0},{"cards_removed":["Fiend Fire"],"damage_healed":0,"gold_gain":0,"player_choice":"Removed Attack","damage_taken":0,"max_hp_gain":0,"max_hp_loss":0,"event_name":"Falling","floor":39,"gold_loss":0}],"is_beta":false,"boss_relics":[{"not_picked":["Fusion Hammer","Sozu"],"picked":"Runic Pyramid"},{"not_picked":["Coffee Dripper","Cursed Key"],"picked":"Pandora\u0027s Box"}],"items_purged_floors":[3],"is_endless":false,"potions_floor_spawned":[4,10,11,16,18,25,33,35,41],"killed_by":"4 Shapes","ascension_level":20}