{"path_per_floor":["M","?","M","?","?","E","R","?","T","$","M","$","R","T","R","B",null,"M","?","M","$","M","R","M","R","T","M","R","M","R","E","R"],"character_chosen":"DEFECT","items_purchased":["Bottled Lightning"],"gold_per_floor":[10,10,26,201,276,311,311,311,311,236,253,153,153,180,180,276,276,293,293,308,60,75,75,89,89,89,109,109,119,119,144,144,144],"floor_reached":33,"campfire_rested":4,"playtime":1429,"current_hp_per_floor":[89,89,88,88,77,56,56,56,56,56,49,49,49,56,56,29,96,69,69,44,44,35,63,53,53,53,23,51,26,54,18,46,0],"items_purged":["Doubt","Strike_B"],"gold":144,"score":288,"play_id":"e0deacb2-ebbe-4840-acd2-25f250b74364","local_time":"20180501231203","is_prod":false,"is_daily":false,"chose_seed":false,"is_ascension_mode":false,"campfire_upgraded":4,"timestamp":1525209123,"path_taken":["M","?","?","?","?","E","R","?","T","$","M","$","R","?","R","BOSS","M","?","M","$","M","R","M","R","T","M","R","M","R","E","R","BOSS"],"build_version":"2018-04-30","seed_source_timestamp":19058159952157,"purchased_purges":2,"victory":false,"master_deck":["Strike_B","Strike_B","Strike_B","Defend_B","Defend_B","Defend_B","Zap+1","Dualcast+1","Tempest+1","Sweeping Beam","Double Energy+1","Capacitor+1","Thunder Strike+1","Streamline","Normality","Barrage","Conserve Battery+1","Defragment+1","Self Repair+1"],"max_hp_per_floor":[89,89,89,89,89,89,89,89,89,89,89,89,89,96,96,96,96,96,96,96,96,96,96,96,96,96,96,96,96,96,96,96,96],"relics":["Cracked Core","Frozen Egg 2","Bottled Flame","Strawberry","Snecko Eye","Juzu Bracelet","Bottled Lightning","Meat on the Bone","Bronze Scales"],"card_choices":[{"not_picked":["Barrage","Sweeping Beam"],"picked":"Tempest","floor":1},{"not_picked":["Buffer","Chill"],"picked":"Double Energy","floor":3},{"not_picked":["Skim","Scrape"],"picked":"Capacitor","floor":11},{"not_picked":["Seek","Echo Form"],"picked":"Thunder Strike","floor":16},{"not_picked":["Sweeping Beam","Skim"],"picked":"Streamline","floor":18},{"not_picked":["Ball Lightning","Streamline"],"picked":"Barrage","floor":22},{"not_picked":["Axe Kick","White Noise"],"picked":"Conserve Battery","floor":27},{"not_picked":["All For One","Auto Shields"],"picked":"Defragment","floor":29},{"not_picked":["Capacitor","Tempest"],"picked":"Self Repair","floor":31}],"player_experience":44255,"potions_floor_usage":[16,33],"damage_taken":[{"damage":0,"enemies":"2 Louse","floor":1,"turns":2},{"damage":1,"enemies":"Jaw Worm","floor":3,"turns":3},{"damage":21,"enemies":"Lagavulin","floor":6,"turns":6},{"damage":7,"enemies":"Small Slimes","floor":11,"turns":3},{"damage":27,"enemies":"Slime Boss","floor":16,"turns":7},{"damage":27,"enemies":"3 Byrds","floor":18,"turns":4},{"damage":25,"enemies":"2 Thieves","floor":20,"turns":3},{"damage":9,"enemies":"Centurion and Healer","floor":22,"turns":3},{"damage":10,"enemies":"Sentry and Sphere","floor":24,"turns":3},{"damage":42,"enemies":"Snake Plant","floor":27,"turns":3},{"damage":37,"enemies":"Centurion and Healer","floor":29,"turns":6},{"damage":48,"enemies":"Slavers","floor":31,"turns":4},{"damage":56,"enemies":"Collector","floor":33,"turns":6}],"event_choices":[{"event_name":"Living Wall","player_choice":"Change","floor":2,"damage_taken":0},{"event_name":"Liars Game","player_choice":"agreed","floor":4,"damage_taken":0},{"event_name":"World of Goop","player_choice":"Gather Gold","floor":5,"damage_taken":0},{"event_name":"Upgrade Shrine","player_choice":"Upgraded","floor":8,"damage_taken":0},{"event_name":"Accursed Blacksmith","player_choice":"Rummage","floor":19,"damage_taken":0}],"boss_relics":[{"not_picked":["Velvet Choker","Tiny House"],"picked":"Snecko Eye"}],"potions_floor_spawned":[6,11,18],"seed_played":"8534728709034852155","killed_by":"Collector","ascension_level":0,"is_trial":false}