{"path_per_floor":["M","$","?","M","M","R","T","E","T","$","M","R","?","M","R","B",null,"M","$","M","?","?","M","M","R","T","?","?","M","R","$","R","B",null,"M","$","M","?","?","R","E","R","T","M","M","M","?","$","R","B"],"character_chosen":"IRONCLAD","items_purchased":["Battle Trance","Flex","Flash of Steel","Clash"],"gold_per_floor":[117,7,182,194,208,208,208,242,242,118,135,135,135,148,148,252,252,270,49,67,67,67,85,105,105,158,158,158,177,177,27,27,126,126,144,118,135,135,135,135,161,161,161,179,191,211,211,211,211,211],"floor_reached":51,"campfire_rested":3,"playtime":1570,"current_hp_per_floor":[80,80,80,75,66,66,66,24,24,24,14,38,38,44,44,9,80,80,80,74,74,74,60,49,73,73,73,73,57,80,80,80,61,80,80,80,80,80,70,70,71,71,71,76,72,71,71,71,71,41],"items_purged":["Defend_R","Defend_R","Doubt","Strike_R"],"gold":211,"score":725,"play_id":"6b84a339-f888-4a0a-969b-9b3350e046a4","local_time":"20180316222157","is_prod":false,"is_daily":false,"is_ascension_mode":false,"campfire_upgraded":5,"timestamp":1521235317,"path_taken":["M","$","?","M","?","R","?","E","T","?","M","R","?","M","R","BOSS","M","$","M","?","?","M","M","R","T","?","?","M","R","$","R","BOSS","M","$","M","?","?","R","E","R","T","M","M","M","?","$","R","BOSS"],"build_version":"2018-03-15v2","purchased_purges":5,"victory":true,"master_deck":["Strike_R","Strike_R","Strike_R+1","Bash+1","Battle Trance+1","Clash","Flex+1","Clash","Flex+1","Flash of Steel","Clash","Madness+1","Madness","Flex+1"],"max_hp_per_floor":[80,80,80,80,80,80,80,80,80,80,80,80,80,80,80,80,80,80,80,80,80,80,80,80,80,80,80,80,80,80,80,80,80,80,80,80,80,80,80,80,80,80,80,80,80,80,80,80,80,80],"relics":["Black Blood","Frozen Eye","Whetstone","Unceasing Top","Orichalcum","Magic Flower","Runic Cube","Torii","Shovel","Vajra"],"card_choices":[{"not_picked":["Carnage","Heavy Blade"],"picked":"Inflame"},{"not_picked":["True Grit","Twin Strike"],"picked":"Clash"},{"not_picked":["Entrench","Rage"],"picked":"Clash"},{"not_picked":["Combust","Uppercut"],"picked":"Flex"},{"not_picked":["Armaments","Shockwave"],"picked":"Flex"}],"player_experience":161513,"potions_floor_usage":[8,16,20,23,24,37,37],"damage_taken":[{"damage":0,"enemies":"Small Slimes","floor":1,"turns":3},{"damage":11,"enemies":"Jaw Worm","floor":4,"turns":2},{"damage":15,"enemies":"Cultist","floor":5,"turns":4},{"damage":48,"enemies":"3 Sentries","floor":8,"turns":8},{"damage":16,"enemies":"Exordium Thugs","floor":11,"turns":3},{"damage":0,"enemies":"Exordium Wildlife","floor":14,"turns":1},{"damage":41,"enemies":"Hexaghost","floor":16,"turns":6},{"damage":5,"enemies":"Chosen","floor":18,"turns":3},{"damage":16,"enemies":"3 Byrds","floor":20,"turns":4},{"damage":24,"enemies":"Centurion and Healer","floor":23,"turns":3},{"damage":21,"enemies":"Chosen and Byrds","floor":24,"turns":4},{"damage":31,"enemies":"Slaver and Parasite","floor":29,"turns":3},{"damage":34,"enemies":"Collector","floor":33,"turns":4},{"damage":4,"enemies":"Orb Walker","floor":35,"turns":2},{"damage":5,"enemies":"3 Shapes","floor":37,"turns":5},{"damage":14,"enemies":"Nemesis","floor":41,"turns":3},{"damage":10,"enemies":"Sphere and 2 Shapes","floor":44,"turns":2},{"damage":19,"enemies":"Maw","floor":45,"turns":3},{"damage":16,"enemies":"4 Shapes","floor":46,"turns":4},{"damage":45,"enemies":"Time Eater","floor":50,"turns":3}],"event_choices":[{"event_name":"Liars Game","player_choice":"agreed","floor":3,"damage_taken":0},{"event_name":"Living Wall","player_choice":"Forget","floor":13,"damage_taken":0},{"event_name":"Purifier","player_choice":"One Purge","floor":21,"damage_taken":0},{"event_name":"Addict","player_choice":"Ignored","floor":22,"damage_taken":0},{"event_name":"The Mausoleum","player_choice":"Yes","floor":27,"damage_taken":0},{"event_name":"Back to Basics","player_choice":"Elegance","floor":28,"damage_taken":0},{"event_name":"Winding Halls","player_choice":"Embrace Madness","floor":39,"damage_taken":0},{"event_name":"Tomb of Lord Red Mask","player_choice":"Ignored","floor":47,"damage_taken":0}],"boss_relics":[{"not_picked":["Snecko Eye","Black Star"],"picked":"Black Blood"},{"not_picked":["Question Card","Astrolabe"],"picked":"Runic Cube"}],"potions_floor_spawned":[5,14,16,20,23,29,33,35],"seed_played":"-4967653246195911084","ascension_level":0,"is_trial":false}