{"gold_per_floor":[14,14,26,38,56,56,72,21,21,51,51,51,51,95,95,191,191,212,231,231,231,281,321,321,337,386,50,64,64,64,64,64,160,160,180,305,305,321,47,47],"floor_reached":40,"playtime":2401,"items_purged":["Strike_B"],"score":824,"play_id":"824132f5-8b86-4eb1-9122-4a24a3322eb5","local_time":"20190807193111","is_ascension_mode":true,"campfire_choices":[{"floor":6,"key":"REST"},{"data":"Fission","floor":13,"key":"SMITH"},{"data":"Sunder","floor":15,"key":"SMITH"},{"floor":24,"key":"REST"},{"data":"Creative AI","floor":30,"key":"SMITH"},{"floor":32,"key":"REST"}],"neow_cost":"NO_GOLD","seed_source_timestamp":27059851457303,"circlet_count":0,"master_deck":["AscendersBane","Strike_B","Defend_B","Defend_B","Defend_B+1","Defend_B","Zap","Dualcast","Redo+1","Chill","Sunder+1","Glacier","Barrage","Biased Cognition","Conserve Battery","Fission+1","Undo","Creative AI+1","Reinforced Body+1","Double Energy","Conserve Battery","Capacitor","Glacier","Cold Snap+1","Darkness","Meteor Strike","Turbo+1","Finesse","Bandage Up","Biased Cognition","Self Repair"],"relics":["FrozenCore","Nunchaku","War Paint","Juzu Bracelet","Golden Idol","Bottled Flame","Runic Pyramid","Enchiridion","Bottled Lightning","Orichalcum","Lantern","OrangePellets","Pocketwatch","DollysMirror"],"potions_floor_usage":[14,16],"damage_taken":[{"damage":6,"enemies":"Jaw Worm","floor":1,"turns":5},{"damage":1,"enemies":"Cultist","floor":3,"turns":3},{"damage":0,"enemies":"Small Slimes","floor":4,"turns":3},{"damage":3,"enemies":"2 Fungi Beasts","floor":5,"turns":2},{"damage":1,"enemies":"Exordium Wildlife","floor":7,"turns":3},{"damage":7,"enemies":"3 Sentries","floor":10,"turns":9},{"damage":15,"enemies":"Lagavulin","floor":14,"turns":6},{"damage":39,"enemies":"Slime Boss","floor":16,"turns":16},{"damage":0,"enemies":"Chosen","floor":18,"turns":5},{"damage":2,"enemies":"Shell Parasite","floor":19,"turns":7},{"damage":8,"enemies":"Slavers","floor":23,"turns":7},{"damage":7,"enemies":"Shelled Parasite and Fungi","floor":25,"turns":9},{"damage":0,"enemies":"Snecko","floor":28,"turns":5},{"damage":13,"enemies":"Collector","floor":33,"turns":12},{"damage":15,"enemies":"3 Shapes","floor":35,"turns":4},{"damage":0,"enemies":"Mind Bloom Boss Battle","floor":36,"turns":6},{"damage":0,"enemies":"Orb Walker","floor":38,"turns":3},{"damage":36,"enemies":"Giant Head","floor":40,"turns":6}],"seed_played":"8316304555010351468","potions_obtained":[{"floor":1,"key":"Energy Potion"},{"floor":3,"key":"SkillPotion"},{"floor":10,"key":"Weak Potion"},{"floor":28,"key":"Energy Potion"},{"floor":38,"key":"SneckoOil"}],"is_trial":false,"path_per_floor":["M","?","M","M","M","R","M","$","T","E","?","?","R","E","R","B",null,"M","M","?","T","?","E","R","M","T","$","M","?","R","?","R","B",null,"M","?","?","M","$","E"],"character_chosen":"DEFECT","items_purchased":["Conserve Battery","OrangePellets","Glacier","DollysMirror","Self Repair"],"campfire_rested":3,"item_purchase_floors":[8,27,27,39,39],"current_hp_per_floor":[58,58,57,57,54,71,70,70,70,63,63,56,56,41,41,2,49,49,47,26,26,26,18,37,30,30,30,30,30,30,30,49,36,57,42,42,32,32,32,0],"gold":47,"neow_bonus":"ONE_RARE_RELIC","is_prod":false,"is_daily":false,"chose_seed":false,"campfire_upgraded":3,"win_rate":0,"timestamp":1565199071,"path_taken":["M","?","?","M","M","R","M","?","T","E","?","?","R","E","R","BOSS","M","M","?","?","?","E","R","M","T","$","M","?","R","?","R","BOSS","M","?","?","M","$","E"],"build_version":"2019-07-17","purchased_purges":1,"victory":false,"max_hp_per_floor":[71,71,71,71,71,71,71,71,71,71,64,64,64,64,64,64,64,64,64,64,64,64,64,64,64,64,64,64,64,64,64,64,64,64,64,64,64,64,64,64],"card_choices":[{"not_picked":["Steam Power","Hologram"],"picked":"Redo","floor":1},{"not_picked":["Rebound","Recycle"],"picked":"Sunder","floor":3},{"not_picked":["Rip and Tear","Storm"],"picked":"Glacier","floor":4},{"not_picked":["Beam Cell","Streamline"],"picked":"Barrage","floor":5},{"not_picked":["Streamline","Hologram"],"picked":"Biased Cognition","floor":7},{"not_picked":["Defragment","Aggregate"],"picked":"Fission","floor":10},{"not_picked":["Reprogram","Recycle"],"picked":"Undo","floor":14},{"not_picked":["Multi-Cast","All For One"],"picked":"Creative AI","floor":16},{"not_picked":["Stack","Streamline"],"picked":"Reinforced Body+1","floor":18},{"not_picked":["Cold Snap","Steam"],"picked":"Double Energy","floor":19},{"not_picked":["Hologram","Gash"],"picked":"Conserve Battery","floor":23},{"not_picked":["Storm","Steam Power"],"picked":"Capacitor","floor":25},{"not_picked":["Reinforced Body","Melter"],"picked":"Cold Snap+1","floor":28},{"not_picked":["Rainbow","Electrodynamics"],"picked":"Meteor Strike","floor":33},{"not_picked":["Cold Snap","Ball Lightning"],"picked":"Turbo+1","floor":35},{"not_picked":["Forethought","Bandage Up"],"picked":"Finesse","floor":37},{"not_picked":["Swift Strike","Impatience"],"picked":"Bandage Up","floor":37},{"not_picked":["Steam+1","Go for the Eyes+1","Chaos"],"picked":"SKIP","floor":38}],"player_experience":827038,"relics_obtained":[{"floor":9,"key":"War Paint"},{"floor":10,"key":"Juzu Bracelet"},{"floor":14,"key":"Bottled Flame"},{"floor":20,"key":"Enchiridion"},{"floor":21,"key":"Bottled Lightning"},{"floor":23,"key":"Orichalcum"},{"floor":26,"key":"Lantern"},{"floor":36,"key":"Pocketwatch"}],"event_choices":[{"damage_healed":0,"gold_gain":0,"cards_transformed":["Strike_B"],"player_choice":"Transformed","damage_taken":0,"max_hp_gain":0,"max_hp_loss":0,"event_name":"Transmorgrifier","floor":2,"gold_loss":0,"cards_obtained":["Chill"]},{"damage_healed":0,"gold_gain":0,"player_choice":"Lose Max HP","damage_taken":0,"relics_obtained":["Golden Idol"],"max_hp_gain":0,"max_hp_loss":7,"event_name":"Golden Idol","floor":11,"gold_loss":0},{"cards_removed":["Strike_B"],"damage_healed":0,"gold_gain":0,"player_choice":"Card Removal","damage_taken":7,"max_hp_gain":0,"max_hp_loss":0,"event_name":"Golden Wing","floor":12,"gold_loss":0},{"damage_healed":0,"gold_gain":0,"player_choice":"Obtained Book","damage_taken":21,"max_hp_gain":0,"max_hp_loss":0,"event_name":"Cursed Tome","floor":20,"gold_loss":0},{"damage_healed":0,"gold_gain":50,"player_choice":"Stole From Cult","damage_taken":0,"max_hp_gain":0,"max_hp_loss":0,"event_name":"Nest","floor":22,"gold_loss":0},{"damage_healed":0,"gold_gain":0,"player_choice":"Ignored","damage_taken":0,"max_hp_gain":0,"max_hp_loss":0,"event_name":"Vampires","floor":29,"gold_loss":0},{"damage_healed":0,"gold_gain":0,"player_choice":"1 cards matched","damage_taken":0,"max_hp_gain":0,"max_hp_loss":0,"event_name":"Match and Keep!","floor":31,"gold_loss":0,"cards_obtained":["Darkness"]},{"damage_healed":0,"gold_gain":0,"player_choice":"Fight","damage_taken":0,"max_hp_gain":0,"max_hp_loss":0,"event_name":"MindBloom","floor":36,"gold_loss":0},{"damage_healed":0,"gold_gain":0,"player_choice":"Memory 3","damage_taken":10,"max_hp_gain":0,"max_hp_loss":0,"event_name":"SensoryStone","floor":37,"gold_loss":0}],"is_beta":false,"boss_relics":[{"not_picked":["Orrery","Busted Crown"],"picked":"Runic Pyramid"},{"not_picked":["Tiny House","Black Star"],"picked":"FrozenCore"}],"items_purged_floors":[27],"is_endless":false,"potions_floor_spawned":[1,3,10,28,38],"killed_by":"Giant Head","ascension_level":20}