{"gold_per_floor":[109,109,130,148,22,56,56,56,56,56,70,70,110,130,130,219,219,242,242,261,261,201,201,244,268,268,268,293,293],"floor_reached":29,"playtime":1018,"items_purged":["Strike_B"],"score":506,"play_id":"43e47f71-f1f3-4d69-a604-c0fbed04e705","local_time":"20190123161835","is_ascension_mode":true,"campfire_choices":[{"data":"Defragment","floor":7.0,"key":"SMITH"},{"data":"Loop","floor":10.0,"key":"SMITH"},{"data":"Streamline","floor":12.0,"key":"SMITH"},{"data":"Consume","floor":15.0,"key":"SMITH"},{"floor":23.0,"key":"REST"},{"floor":27.0,"key":"REST"}],"neow_cost":"NONE","seed_source_timestamp":9935094583570,"circlet_count":0,"master_deck":["AscendersBane","Strike_B","Strike_B","Strike_B","Defend_B","Defend_B","Defend_B","Defend_B","Zap","Dualcast","Loop+1","Coolheaded","Defragment+1","Streamline+1","Consume+1","Darkness","Core Surge","Defragment+1","Redo","Biased Cognition"],"special_seed":0,"relics":["Cracked Core","Anchor","Golden Idol","Juzu Bracelet","Symbiotic Virus","The Courier","Fusion Hammer","Shuriken"],"potions_floor_usage":[29,29],"damage_taken":[{"damage":1.0,"enemies":"Cultist","floor":1.0,"turns":3.0},{"damage":9.0,"enemies":"Jaw Worm","floor":3.0,"turns":4.0},{"damage":4.0,"enemies":"Small Slimes","floor":4.0,"turns":3.0},{"damage":26.0,"enemies":"3 Sentries","floor":6.0,"turns":9.0},{"damage":5.0,"enemies":"3 Louse","floor":11.0,"turns":6.0},{"damage":4.0,"enemies":"Lagavulin","floor":13.0,"turns":5.0},{"damage":0.0,"enemies":"Looter","floor":14.0,"turns":2.0},{"damage":21.0,"enemies":"The Guardian","floor":16.0,"turns":8.0},{"damage":14.0,"enemies":"2 Thieves","floor":18.0,"turns":3.0},{"damage":0.0,"enemies":"Chosen","floor":20.0,"turns":3.0},{"damage":30.0,"enemies":"Book of Stabbing","floor":24.0,"turns":5.0},{"damage":13.0,"enemies":"Centurion and Healer","floor":25.0,"turns":6.0},{"damage":11.0,"enemies":"Cultist and Chosen","floor":28.0,"turns":4.0},{"damage":17,"enemies":"Gremlin Leader","floor":29,"turns":4}],"seed_played":"-165395841750895236","potions_obtained":[{"floor":3.0,"key":"Weak Potion"},{"floor":6.0,"key":"Regen Potion"},{"floor":14.0,"key":"SkillPotion"},{"floor":18.0,"key":"Explosive Potion"},{"floor":25.0,"key":"AttackPotion"},{"floor":28.0,"key":"EssenceOfSteel"}],"is_trial":false,"path_per_floor":["M","?","M","M","$","E","R","$","T","R","M","R","E","M","R","B",null,"M","?","M","?","$","R","E","M","T","R","M","E"],"character_chosen":"DEFECT","items_purchased":["Defragment","Streamline"],"campfire_rested":2,"item_purchase_floors":[5,5],"current_hp_per_floor":[63,63,54,50,50,24,24,24,24,24,34,34,30,30,30,9,50,36,36,36,36,36,55,25,12,12,31,20,3],"gold":293,"neow_bonus":"RANDOM_COMMON_RELIC","is_prod":false,"is_daily":false,"chose_seed":false,"campfire_upgraded":4,"win_rate":0,"timestamp":1548231515,"path_taken":["M","?","M","M","$","E","R","$","T","R","M","R","E","M","R","BOSS","M","?","M","?","$","R","E","M","T","R","M","E"],"build_version":"2019-01-17v2","purchased_purges":1,"victory":false,"max_hp_per_floor":[71,64,64,64,64,64,64,64,64,64,64,64,64,64,64,64,64,64,64,64,64,64,64,64,64,64,64,64,64],"card_choices":[{"not_picked":["Turbo","Coolheaded"],"picked":"Loop","floor":1.0},{"not_picked":["Doom and Gloom","Heatsinks","Scrape"],"picked":"SKIP","floor":3.0},{"not_picked":["Conserve Battery","Aggregate"],"picked":"Coolheaded","floor":4.0},{"not_picked":["Sweeping Beam","Conserve Battery"],"picked":"Consume","floor":6.0},{"not_picked":["Gash","Beam Cell","Aggregate"],"picked":"SKIP","floor":11.0},{"not_picked":["Gash","Conserve Battery","Redo"],"picked":"SKIP","floor":13.0},{"not_picked":["Cold Snap","Hello World"],"picked":"Darkness","floor":14.0},{"not_picked":["Electrodynamics","Machine Learning"],"picked":"Core Surge","floor":16.0},{"not_picked":["Leap","Beam Cell","Steam+1"],"picked":"SKIP","floor":18.0},{"not_picked":["Hologram","Blizzard+1","Doom and Gloom"],"picked":"SKIP","floor":20.0},{"not_picked":["Sweeping Beam","Rip and Tear"],"picked":"Biased Cognition","floor":24.0},{"not_picked":["Rebound+1","Consume","Conserve Battery"],"picked":"SKIP","floor":25.0},{"not_picked":["Gash","Leap","Skim"],"picked":"SKIP","floor":28.0}],"player_experience":2164257,"relics_obtained":[{"floor":6.0,"key":"Juzu Bracelet"},{"floor":9.0,"key":"Symbiotic Virus"},{"floor":13.0,"key":"The Courier"},{"floor":24.0,"key":"Shuriken"}],"event_choices":[{"damage_healed":0.0,"max_hp_gain":0.0,"max_hp_loss":7.0,"gold_gain":0.0,"event_name":"Golden Idol","player_choice":"Lose Max HP","floor":2.0,"gold_loss":0.0,"damage_taken":0.0,"relics_obtained":["Golden Idol"]},{"damage_healed":0.0,"max_hp_gain":0.0,"max_hp_loss":0.0,"gold_gain":0.0,"event_name":"Duplicator","player_choice":"Copied","floor":19.0,"gold_loss":0.0,"damage_taken":0.0,"cards_obtained":["Defragment"]},{"damage_healed":0.0,"max_hp_gain":0.0,"max_hp_loss":0.0,"gold_gain":0.0,"event_name":"Match and Keep!","player_choice":"1 cards matched","floor":21.0,"gold_loss":0.0,"damage_taken":0.0,"cards_obtained":["Redo"]}],"is_beta":false,"boss_relics":[{"not_picked":["Calling Bell","Ectoplasm"],"picked":"Fusion Hammer"}],"items_purged_floors":[22],"is_endless":false,"potions_floor_spawned":[3,6,14,18,25,28],"killed_by":"Gremlin Leader","ascension_level":20}