{"gold_per_floor":[210,210,485,501,296,296,47,47,47,72,72,85,34,59,59,158,158,174,174,192,212,44,44,44,76,76,101,16,16,16,30,30,130,130,146,0,0,12,29,29,0,0,0,0,18,18,32,49,49,49],"floor_reached":51,"playtime":15076,"items_purged":["Regret","Strike_B"],"score":716,"play_id":"1a34d02b-8512-46a0-9250-d9c4ce2b50c8","local_time":"20190616193130","is_ascension_mode":false,"campfire_choices":[{"data":"Coolheaded","floor":6.0,"key":"SMITH"},{"data":"Apotheosis","floor":8.0,"key":"SMITH"},{"floor":11.0,"key":"REST"},{"data":"Storm","floor":15.0,"key":"SMITH"},{"floor":23.0,"key":"REST"},{"floor":29.0,"key":"REST"},{"floor":32.0,"key":"DIG"},{"floor":40.0,"key":"DIG"},{"floor":42.0,"key":"DIG"},{"floor":46.0,"key":"DIG"},{"floor":49.0,"key":"DIG"}],"neow_cost":"NONE","seed_source_timestamp":27961213130661,"circlet_count":0,"master_deck":["Defend_B","Defend_B","Defend_B","Defend_B","Zap","Dualcast","White Noise","Gash","Defragment","Coolheaded+1","Hologram","Apotheosis+1","Blizzard","FTL","Storm+1","Gash","Seek+1","Tempest","Scrape","Self Repair","Heatsinks","Loop","Recycle","Turbo","All For One","Consume","Coolheaded+1"],"special_seed":0,"relics":["Cracked Core","Mango","Regal Pillow","Blue Candle","Ginger","Nuclear Battery","Ornamental Fan","Shovel","Gremlin Horn","Potion Belt","Shuriken","Dream Catcher","Inserter","Anchor","Singing Bowl","Red Mask","Nunchaku","Dodecahedron","Mercury Hourglass","DataDisk"],"potions_floor_usage":[50,50,50,50,50],"damage_taken":[{"damage":1.0,"enemies":"Cultist","floor":1.0,"turns":3.0},{"damage":6.0,"enemies":"2 Louse","floor":4.0,"turns":2.0},{"damage":32.0,"enemies":"Gremlin Nob","floor":10.0,"turns":4.0},{"damage":6.0,"enemies":"Jaw Worm","floor":12.0,"turns":2.0},{"damage":0.0,"enemies":"Lagavulin","floor":14.0,"turns":6.0},{"damage":41.0,"enemies":"The Guardian","floor":16.0,"turns":7.0},{"damage":12.0,"enemies":"Chosen","floor":18.0,"turns":4.0},{"damage":11.0,"enemies":"Shell Parasite","floor":20.0,"turns":3.0},{"damage":28.0,"enemies":"Centurion and Healer","floor":21.0,"turns":5.0},{"damage":30.0,"enemies":"Gremlin Leader","floor":25.0,"turns":5.0},{"damage":49.0,"enemies":"Slavers","floor":27.0,"turns":3.0},{"damage":0.0,"enemies":"3 Cultists","floor":31.0,"turns":3.0},{"damage":5.0,"enemies":"Automaton","floor":33.0,"turns":6.0},{"damage":29.0,"enemies":"3 Darklings","floor":35.0,"turns":2.0},{"damage":7.0,"enemies":"Orb Walker","floor":38.0,"turns":3.0},{"damage":11.0,"enemies":"Spire Growth","floor":39.0,"turns":3.0},{"damage":0.0,"enemies":"3 Darklings","floor":45.0,"turns":4.0},{"damage":0.0,"enemies":"Transient","floor":47.0,"turns":5.0},{"damage":0.0,"enemies":"Sphere and 2 Shapes","floor":48.0,"turns":2.0},{"damage":8,"enemies":"Awakened One","floor":50,"turns":7}],"seed_played":"8533226194794204151","potions_obtained":[{"floor":12.0,"key":"LiquidBronze"},{"floor":18.0,"key":"GamblersBrew"},{"floor":20.0,"key":"PowerPotion"},{"floor":31.0,"key":"Ancient Potion"},{"floor":39.0,"key":"PowerPotion"},{"floor":47.0,"key":"Regen Potion"},{"floor":48.0,"key":"Poison Potion"}],"is_trial":false,"path_per_floor":["M","?","?","M","$","R","$","R","T","E","R","M","$","E","R","B",null,"M","?","M","M","$","R","T","E","T","E","?","R","$","M","R","B",null,"M","$","?","M","M","R","?","R","T","?","M","R","M","M","R","B",null],"character_chosen":"DEFECT","items_purchased":["Defragment","Coolheaded","Hologram","Apotheosis","Blizzard","Gash","Loop","Anchor"],"campfire_rested":3,"item_purchase_floors":[5,5,5,7,7,13,22,36],"current_hp_per_floor":[74,85,85,79,79,79,79,79,79,47,88,82,82,82,82,41,89,77,77,66,48,48,89,89,69,69,30,30,71,71,78,78,80,89,70,70,70,73,72,72,72,72,72,72,82,82,91,93,93,93],"gold":49,"neow_bonus":"HUNDRED_GOLD","is_prod":false,"is_daily":false,"chose_seed":false,"campfire_upgraded":3,"win_rate":0,"timestamp":1560684690,"path_taken":["M","?","?","?","$","R","$","R","T","E","R","M","?","E","R","BOSS","M","?","M","M","$","R","?","E","T","E","?","R","$","M","R","BOSS","M","$","?","M","?","R","?","R","T","?","?","R","M","M","R","BOSS"],"build_version":"2019-01-23","purchased_purges":2,"victory":true,"max_hp_per_floor":[75,89,89,89,89,89,89,89,89,89,89,89,89,89,89,89,89,89,89,89,89,89,89,89,89,89,89,89,89,89,89,89,89,89,89,89,89,89,89,89,89,89,89,89,89,89,91,93,93,93],"card_choices":[{"not_picked":["Rebound","Chill"],"picked":"White Noise","floor":1.0},{"not_picked":["Heatsinks","Turbo"],"picked":"Gash","floor":4.0},{"not_picked":["Force Field","Stack"],"picked":"FTL","floor":10.0},{"not_picked":["Loop","Double Energy"],"picked":"Storm","floor":12.0},{"not_picked":["Force Field","Barrage","Streamline"],"picked":"SKIP","floor":14.0},{"not_picked":["Echo Form","Meteor Strike"],"picked":"Seek","floor":16.0},{"not_picked":["Tempest","Cold Snap","Steam"],"picked":"SKIP","floor":18.0},{"not_picked":["Leap","Streamline"],"picked":"Self Repair","floor":20.0},{"not_picked":["Conserve Battery","Streamline"],"picked":"Heatsinks","floor":21.0},{"not_picked":["Hologram","Conserve Battery"],"picked":"Recycle","floor":25.0},{"not_picked":["Conserve Battery","Leap+1"],"picked":"Turbo","floor":27.0},{"not_picked":["Melter","Rebound+1","Leap"],"picked":"SKIP","floor":31.0},{"not_picked":["Biased Cognition","Meteor Strike"],"picked":"All For One","floor":33.0},{"not_picked":["Go for the Eyes+1","Streamline+1","Rebound"],"picked":"SKIP","floor":35.0},{"not_picked":["Fusion+1","Redo+1","Conserve Battery"],"picked":"SKIP","floor":38.0},{"not_picked":["Sweeping Beam+1","Conserve Battery"],"picked":"Consume","floor":39.0},{"not_picked":["Defragment","White Noise"],"picked":"Coolheaded+1","floor":45.0},{"not_picked":["Barrage","Aggregate","Multi-Cast"],"picked":"Singing Bowl","floor":47.0},{"not_picked":["Redo+1","Barrage","Auto Shields+1"],"picked":"Singing Bowl","floor":48.0}],"player_experience":5306976,"relics_obtained":[{"floor":9.0,"key":"Regal Pillow"},{"floor":10.0,"key":"Blue Candle"},{"floor":14.0,"key":"Ginger"},{"floor":24.0,"key":"Ornamental Fan"},{"floor":25.0,"key":"Shovel"},{"floor":26.0,"key":"Gremlin Horn"},{"floor":27.0,"key":"Potion Belt"},{"floor":32.0,"key":"Dream Catcher"},{"floor":40.0,"key":"Singing Bowl"},{"floor":42.0,"key":"Nunchaku"},{"floor":43.0,"key":"Dodecahedron"},{"floor":46.0,"key":"Mercury Hourglass"},{"floor":49.0,"key":"DataDisk"}],"event_choices":[{"damage_healed":0.0,"max_hp_gain":0.0,"max_hp_loss":0.0,"gold_gain":0.0,"event_name":"Scrap Ooze","player_choice":"Success","floor":2.0,"gold_loss":0.0,"damage_taken":3.0,"relics_obtained":["Mango"]},{"damage_healed":0.0,"max_hp_gain":0.0,"max_hp_loss":0.0,"gold_gain":275.0,"event_name":"Golden Shrine","player_choice":"Desecrate","floor":3.0,"gold_loss":0.0,"damage_taken":0.0,"cards_obtained":["Regret"]},{"damage_healed":0.0,"max_hp_gain":0.0,"max_hp_loss":0.0,"gold_gain":0.0,"cards_transformed":["Strike_B","Strike_B"],"event_name":"Drug Dealer","player_choice":"Became Test Subject","floor":19.0,"gold_loss":0.0,"damage_taken":0.0,"cards_obtained":["Tempest","Scrape"]},{"damage_healed":0.0,"max_hp_gain":0.0,"max_hp_loss":0.0,"gold_gain":0.0,"event_name":"Addict","player_choice":"Obtained Relic","floor":28.0,"gold_loss":85.0,"damage_taken":0.0,"relics_obtained":["Shuriken"]},{"cards_removed":["Strike_B"],"damage_healed":0.0,"max_hp_gain":0.0,"max_hp_loss":0.0,"gold_gain":0.0,"event_name":"Bonfire Elementals","player_choice":"Offered Basic","floor":37.0,"gold_loss":0.0,"damage_taken":0.0},{"damage_healed":0.0,"max_hp_gain":0.0,"max_hp_loss":0.0,"gold_gain":0.0,"event_name":"Tomb of Lord Red Mask","player_choice":"Paid","floor":41.0,"gold_loss":29.0,"damage_taken":0.0,"relics_obtained":["Red Mask"]},{"damage_healed":0.0,"max_hp_gain":0.0,"max_hp_loss":0.0,"gold_gain":0.0,"event_name":"Accursed Blacksmith","player_choice":"Forge","floor":44.0,"gold_loss":0.0,"damage_taken":0.0,"cards_upgraded":["Seek"]}],"is_beta":false,"boss_relics":[{"not_picked":["Cursed Key","Lizard Tail"],"picked":"Nuclear Battery"},{"not_picked":["Philosopher\u0027s Stone","Snecko Eye"],"picked":"Inserter"}],"items_purged_floors":[5,22],"is_endless":false,"potions_floor_spawned":[12,18,20,25,31,39,47,48],"ascension_level":0}