{"gold_per_floor":[109,129,204,32,42,70,70,70,70,70,88,88,88,115,115,187,187,197,197,122,122,172,24,24],"floor_reached":24,"playtime":717,"items_purged":["Strike_B"],"score":481,"play_id":"f7cb924c-661f-4faa-9a72-83b4e01a21b4","local_time":"20190304093107","is_ascension_mode":true,"campfire_choices":[{"data":"Sunder","floor":7,"key":"SMITH"},{"data":"Consume","floor":10,"key":"SMITH"},{"data":"Buffer","floor":13,"key":"SMITH"},{"data":"Capacitor","floor":15,"key":"SMITH"}],"neow_cost":"NONE","seed_source_timestamp":768871395763,"circlet_count":0,"master_deck":["AscendersBane","Strike_B","Strike_B","Strike_B","Defend_B+1","Defend_B","Defend_B+1","Defend_B","Zap","Dualcast","Buffer+1","Sunder+1","Cold Snap","Consume+1","Capacitor+1","Glacier","Echo Form","Reinforced Body+1","Recycle"],"relics":["Cracked Core","War Paint","Shovel","Gambling Chip","Bag of Marbles","Black Star"],"potions_floor_usage":[6,6,16],"damage_taken":[{"damage":0,"enemies":"Small Slimes","floor":1,"turns":4},{"damage":2,"enemies":"Jaw Worm","floor":2,"turns":3},{"damage":0,"enemies":"2 Louse","floor":5,"turns":2},{"damage":24,"enemies":"3 Sentries","floor":6,"turns":18},{"damage":1,"enemies":"Looter","floor":11,"turns":4},{"damage":0,"enemies":"Gremlin Nob","floor":14,"turns":4},{"damage":0,"enemies":"Slime Boss","floor":16,"turns":9},{"damage":1,"enemies":"Chosen","floor":18,"turns":8},{"damage":19,"enemies":"2 Thieves","floor":20,"turns":5},{"damage":22,"enemies":"Gremlin Leader","floor":24,"turns":6}],"seed_played":"-927679228409299804","potions_obtained":[{"floor":1,"key":"SneckoOil"},{"floor":5,"key":"Block Potion"},{"floor":6,"key":"Fire Potion"}],"is_trial":false,"path_per_floor":["M","M","?","$","M","E","R","$","T","R","M","?","R","E","R","B",null,"M","?","M","?","?","$","E"],"character_chosen":"DEFECT","items_purchased":["War Paint","Cold Snap","Recycle"],"campfire_rested":0,"item_purchase_floors":[4,4,23],"current_hp_per_floor":[64,62,51,51,51,27,27,27,27,27,26,26,26,26,26,26,60,59,59,40,20,20,20,0],"gold":24,"neow_bonus":"ONE_RANDOM_RARE_CARD","is_prod":false,"is_daily":false,"chose_seed":false,"campfire_upgraded":4,"win_rate":0,"timestamp":1551663067,"path_taken":["M","M","?","$","M","E","R","$","T","R","M","?","R","E","R","BOSS","M","?","M","?","?","$","E"],"build_version":"2019-01-23","purchased_purges":1,"victory":false,"max_hp_per_floor":[71,71,71,71,71,71,71,71,71,71,71,71,71,71,71,71,71,71,71,71,76,76,76,76],"card_choices":[{"not_picked":["Static Discharge","Stack"],"picked":"Sunder","floor":1},{"not_picked":["Gash","Rebound","Streamline"],"picked":"SKIP","floor":2},{"not_picked":["Compile Driver","Beam Cell"],"picked":"Consume","floor":5},{"not_picked":["Gash","Rebound","Stack"],"picked":"SKIP","floor":6},{"not_picked":["Fusion","Barrage"],"picked":"Capacitor","floor":11},{"not_picked":["Redo","Conserve Battery"],"picked":"Glacier","floor":14},{"not_picked":["Multi-Cast","Thunder Strike"],"picked":"Echo Form","floor":16},{"not_picked":["Rebound","Skim","Stack"],"picked":"SKIP","floor":18},{"not_picked":["Steam","Conserve Battery"],"picked":"Reinforced Body+1","floor":20}],"player_experience":3294377,"relics_obtained":[{"floor":6,"key":"Shovel"},{"floor":9,"key":"Gambling Chip"},{"floor":14,"key":"Bag of Marbles"}],"event_choices":[{"damage_healed":0,"gold_gain":75,"player_choice":"Gather Gold","damage_taken":11,"max_hp_gain":0,"max_hp_loss":0,"event_name":"World of Goop","floor":3,"gold_loss":0},{"damage_healed":0,"gold_gain":0,"player_choice":"Fled","damage_taken":0,"max_hp_gain":0,"max_hp_loss":0,"event_name":"Scrap Ooze","floor":12,"gold_loss":0},{"damage_healed":0,"gold_gain":0,"player_choice":"Ignored","damage_taken":0,"max_hp_gain":0,"max_hp_loss":0,"event_name":"Vampires","floor":19,"gold_loss":0},{"damage_healed":0,"gold_gain":0,"player_choice":"Shed Blood","damage_taken":25,"max_hp_gain":5,"max_hp_loss":0,"event_name":"Forgotten Altar","floor":21,"gold_loss":0},{"damage_healed":0,"gold_gain":50,"player_choice":"Stole From Cult","damage_taken":0,"max_hp_gain":0,"max_hp_loss":0,"event_name":"Nest","floor":22,"gold_loss":0}],"is_beta":false,"boss_relics":[{"not_picked":["Calling Bell","Orrery"],"picked":"Black Star"}],"items_purged_floors":[23],"is_endless":false,"potions_floor_spawned":[1,5,6],"killed_by":"Gremlin Leader","ascension_level":15}