{"gold_per_floor":[111,121,121,121,121,154,167,197,220,255,255,266,266,266],"floor_reached":14,"playtime":301,"items_purged":[],"score":266,"play_id":"57deb772-5559-42f4-87e3-781f8c88a9b9","local_time":"20181120105934","is_ascension_mode":true,"campfire_choices":[{"data":"Well Laid Plans","floor":11,"key":"SMITH"},{"data":"Footwork","floor":13,"key":"SMITH"}],"neow_cost":"NONE","seed_source_timestamp":4295381867567,"circlet_count":0,"master_deck":["AscendersBane","Defend_G","Defend_G","Defend_G","Defend_G","Defend_G+1","Strike_G+1","Strike_G","Strike_G","Strike_G","Survivor","Neutralize+1","Masterful Stab+1","Well Laid Plans+1","Footwork+1"],"relics":["Ring of the Snake","NeowsBlessing","Vajra","Whetstone","Pantograph","Snake Skull","Letter Opener"],"potions_floor_usage":[8],"damage_taken":[{"damage":0,"enemies":"Cultist","floor":1,"turns":1},{"damage":0,"enemies":"Small Slimes","floor":2,"turns":1},{"damage":0,"enemies":"Gremlin Nob","floor":6,"turns":1},{"damage":0,"enemies":"2 Louse","floor":7,"turns":2},{"damage":15,"enemies":"3 Sentries","floor":8,"turns":8},{"damage":30,"enemies":"Gremlin Nob","floor":10,"turns":4},{"damage":4,"enemies":"Lots of Slimes","floor":12,"turns":6},{"damage":3,"enemies":"3 Louse","floor":14,"turns":2}],"seed_played":"1483744772865994558","potions_obtained":[{"floor":2,"key":"GamblersBrew"},{"floor":6,"key":"Strength Potion"},{"floor":7,"key":"FairyPotion"}],"is_trial":false,"path_per_floor":["M","M","?","?","?","E","M","E","T","E","R","M","R","M"],"character_chosen":"THE_SILENT","items_purchased":[],"campfire_rested":0,"item_purchase_floors":[],"current_hp_per_floor":[59,59,39,28,28,28,28,13,13,6,6,2,2,0],"gold":266,"neow_bonus":"THREE_ENEMY_KILL","is_prod":false,"is_daily":false,"chose_seed":false,"campfire_upgraded":2,"win_rate":0,"timestamp":1542682774,"path_taken":["M","?","?","?","?","E","M","E","T","E","R","?","R","M"],"build_version":"2018-11-15","purchased_purges":0,"victory":false,"max_hp_per_floor":[66,66,66,66,66,66,66,66,66,66,66,66,66,66],"card_choices":[{"not_picked":["Quick Slash","Outmaneuver","Flying Knee"],"picked":"SKIP","floor":1},{"not_picked":["Expertise","Flechettes"],"picked":"Masterful Stab","floor":2},{"not_picked":["Blade Dance","Prepared"],"picked":"Well Laid Plans","floor":6},{"not_picked":["Bane","Bullet Time","Dash"],"picked":"SKIP","floor":7},{"not_picked":["Dodge and Roll","Leg Sweep","Quick Slash"],"picked":"SKIP","floor":8},{"not_picked":["Dagger Spray","Escape Plan"],"picked":"Footwork","floor":10},{"not_picked":["Dagger Throw","Catalyst","Underhanded Strike"],"picked":"SKIP","floor":12}],"player_experience":1113953,"relics_obtained":[{"floor":6,"key":"Whetstone"},{"floor":8,"key":"Pantograph"},{"floor":9,"key":"Snake Skull"},{"floor":10,"key":"Letter Opener"}],"event_choices":[{"damage_healed":0,"gold_gain":0,"player_choice":"Entered Light","damage_taken":20,"max_hp_gain":0,"max_hp_loss":0,"event_name":"Shining Light","floor":3,"gold_loss":0,"cards_upgraded":["Defend_G","Neutralize"]},{"damage_healed":0,"gold_gain":0,"player_choice":"Success","damage_taken":11,"relics_obtained":["Vajra"],"max_hp_gain":0,"max_hp_loss":0,"event_name":"Scrap Ooze","floor":4,"gold_loss":0},{"cards_removed":["Strike_G"],"damage_healed":0,"gold_gain":0,"player_choice":"Offered Basic","damage_taken":0,"max_hp_gain":0,"max_hp_loss":0,"event_name":"Bonfire Elementals","floor":5,"gold_loss":0}],"is_beta":true,"boss_relics":[],"items_purged_floors":[],"is_endless":false,"potions_floor_spawned":[2,6,7],"killed_by":"3 Louse","ascension_level":20}