{"path_per_floor":["M","?","M","M","$","E","R","M","T","E","?","?","M","M","R","B",null,"M","M","M","$","M","R"],"character_chosen":"THE_SILENT","items_purchased":["Dagger Throw","Bag of Preparation"],"gold_per_floor":[110,110,125,138,92,133,133,156,156,197,147,147,160,185,185,306,306,329,353,371,218,239,239,239],"floor_reached":24,"campfire_rested":0,"playtime":886,"item_purchase_floors":[5,21],"current_hp_per_floor":[63,63,62,60,60,57,57,57,57,14,14,14,26,38,38,28,60,42,39,39,39,14,14,0],"items_purged":[],"gold":239,"score":294,"play_id":"ca7fc5b0-03dd-477f-a6fc-1be73bf5d5c6","local_time":"20180601130511","is_prod":false,"is_daily":false,"chose_seed":false,"is_ascension_mode":true,"campfire_upgraded":3,"win_rate":0,"timestamp":1527829511,"campfire_choices":[{"data":"Neutralize","floor":7,"key":"SMITH"},{"data":"Calculated Gamble","floor":15,"key":"SMITH"},{"data":"Prepared","floor":23,"key":"SMITH"}],"path_taken":["M","?","M","M","$","E","R","M","T","E","?","?","M","M","R","BOSS","M","?","?","$","M","R","E"],"build_version":"2018-05-30v2","seed_source_timestamp":11511543166517,"purchased_purges":0,"victory":false,"master_deck":["Defend_G","Defend_G","Defend_G","Defend_G","Strike_G","Strike_G","Strike_G","Strike_G","Strike_G","Survivor","Neutralize+1","Calculated Gamble+1","Injury","Backstab","Backflip","Dagger Throw","Concentrate","Glass Knife","Neutralize","Venomology","Unload","Adrenaline","Quick Slash+1","Slice+1","Prepared+1","Tools of the Trade"],"max_hp_per_floor":[70,70,70,70,70,70,70,70,70,70,70,70,70,70,70,70,70,70,70,70,70,70,70,70],"relics":["Ring of the Snake","Golden Idol","Lantern","Meat on the Bone","Ice Cream","Cursed Key","Bag of Preparation"],"card_choices":[{"not_picked":["Infinite Blades","Bouncing Flask"],"picked":"Calculated Gamble","floor":1},{"not_picked":["Slice","Dodge and Roll"],"picked":"Backstab","floor":3},{"not_picked":["Quick Slash","Outmaneuver"],"picked":"Backflip","floor":4},{"not_picked":["Bane","Quick Slash"],"picked":"Concentrate","floor":6},{"not_picked":["Poisoned Stab","Sucker Punch","Crippling Poison"],"picked":"SKIP","floor":8},{"not_picked":["Well Laid Plans","Underhanded Strike"],"picked":"Glass Knife","floor":10},{"not_picked":["Poisoned Stab","Deadly Poison","Cloak And Dagger"],"picked":"SKIP","floor":13},{"not_picked":["Dodge and Roll","Backflip"],"picked":"Unload","floor":14},{"not_picked":["Phantasmal Killer","Grand Finale"],"picked":"Adrenaline","floor":16},{"not_picked":["Dodge and Roll+1","Caltrops+1"],"picked":"Quick Slash+1","floor":18},{"not_picked":["Deflect","Sucker Punch"],"picked":"Slice+1","floor":19},{"not_picked":["Backflip","Dodge and Roll"],"picked":"Prepared","floor":20},{"not_picked":["Setup","Bane+1"],"picked":"Tools of the Trade","floor":22}],"player_experience":519565,"potions_floor_usage":[6,6,16,16,19,20,22,22,24],"damage_taken":[{"damage":0,"enemies":"Cultist","floor":1,"turns":5},{"damage":1,"enemies":"Small Slimes","floor":3,"turns":4},{"damage":2,"enemies":"Jaw Worm","floor":4,"turns":5},{"damage":3,"enemies":"Gremlin Nob","floor":6,"turns":5},{"damage":0,"enemies":"3 Louse","floor":8,"turns":5},{"damage":55,"enemies":"Lagavulin","floor":10,"turns":9},{"damage":0,"enemies":"Blue Slaver","floor":13,"turns":3},{"damage":0,"enemies":"Looter","floor":14,"turns":2},{"damage":22,"enemies":"Slime Boss","floor":16,"turns":9},{"damage":18,"enemies":"3 Byrds","floor":18,"turns":6},{"damage":15,"enemies":"Chosen","floor":19,"turns":3},{"damage":12,"enemies":"3 Cultists","floor":20,"turns":5},{"damage":37,"enemies":"Chosen and Byrds","floor":22,"turns":6},{"damage":15,"enemies":"Book of Stabbing","floor":24,"turns":3}],"relics_obtained":[{"floor":6,"key":"Lantern"},{"floor":9,"key":"Meat on the Bone"},{"floor":10,"key":"Ice Cream"}],"event_choices":[{"event_name":"Golden Idol","player_choice":"Take Wound","floor":2,"damage_taken":0},{"event_name":"The Cleric","player_choice":"Card Removal","floor":11,"damage_taken":0},{"event_name":"Match and Keep!","player_choice":"2 cards matched","floor":12,"damage_taken":0}],"boss_relics":[{"not_picked":["Sozu","White Beast Statue"],"picked":"Cursed Key"}],"items_purged_floors":[],"potions_floor_spawned":[1,3,16],"seed_played":"998533861279992020","killed_by":"Book of Stabbing","ascension_level":8,"potions_obtained":[{"floor":1,"key":"GhostInAJar"},{"floor":16,"key":"FearPotion"}],"is_trial":false}