{"gold_per_floor":[109,126,136,156,167,167,180,180,207,233,233,246,278,288,288,288],"floor_reached":16,"playtime":427,"items_purged":[],"score":220,"play_id":"139567c2-7671-4503-a379-9a19feba40bd","local_time":"20181114220248","is_ascension_mode":true,"campfire_choices":[{"data":"Deadly Poison","floor":6,"key":"SMITH"},{"data":"Noxious Fumes","floor":8,"key":"SMITH"},{"floor":11,"key":"REST"},{"data":"Deadly Poison","floor":15,"key":"SMITH"}],"neow_cost":"NONE","seed_source_timestamp":12423822615847,"circlet_count":0,"master_deck":["AscendersBane","Defend_G","Defend_G","Defend_G","Defend_G","Defend_G","Strike_G","Strike_G","Strike_G","Strike_G","Strike_G","Survivor","Neutralize","Noxious Fumes+1","Deadly Poison+1","Deadly Poison+1","Well Laid Plans","Backflip"],"relics":["Ring of the Snake","NeowsBlessing","Vajra","Centennial Puzzle","Blood Vial"],"potions_floor_usage":[5,14,14,16],"damage_taken":[{"damage":0,"enemies":"Cultist","floor":1,"turns":1},{"damage":0,"enemies":"Small Slimes","floor":2,"turns":1},{"damage":0,"enemies":"2 Louse","floor":3,"turns":1},{"damage":3,"enemies":"Looter","floor":4,"turns":4},{"damage":16,"enemies":"Exordium Thugs","floor":5,"turns":5},{"damage":0,"enemies":"Exordium Wildlife","floor":7,"turns":4},{"damage":34,"enemies":"3 Sentries","floor":10,"turns":9},{"damage":1,"enemies":"Blue Slaver","floor":12,"turns":4},{"damage":22,"enemies":"Gremlin Nob","floor":13,"turns":4},{"damage":0,"enemies":"Lots of Slimes","floor":14,"turns":6},{"damage":0,"enemies":"Slime Boss","floor":16,"turns":3}],"seed_played":"3799159540493474774","potions_obtained":[{"floor":1,"key":"GamblersBrew"},{"floor":3,"key":"Fire Potion"},{"floor":5,"key":"EssenceOfSteel"},{"floor":14,"key":"Dexterity Potion"}],"is_trial":false,"path_per_floor":["M","M","M","M","M","R","M","R","T","E","R","M","E","M","R","B"],"character_chosen":"THE_SILENT","items_purchased":[],"campfire_rested":1,"item_purchase_floors":[],"current_hp_per_floor":[59,59,59,56,40,40,40,40,40,6,25,24,2,4,4,6],"gold":288,"neow_bonus":"THREE_ENEMY_KILL","is_prod":false,"is_daily":false,"chose_seed":false,"campfire_upgraded":3,"win_rate":0,"timestamp":1542204168,"path_taken":["M","M","M","M","M","R","M","R","T","E","R","?","E","M","R","BOSS"],"build_version":"2018-11-13","purchased_purges":0,"victory":false,"max_hp_per_floor":[66,66,66,66,66,66,66,66,66,66,66,66,66,66,66,66],"card_choices":[{"not_picked":["Flying Knee","Sucker Punch"],"picked":"Noxious Fumes","floor":1},{"not_picked":["Bane","Choke"],"picked":"Deadly Poison","floor":2},{"not_picked":["Caltrops","Dagger Spray","Sucker Punch"],"picked":"SKIP","floor":3},{"not_picked":["Flying Knee","Dagger Spray","Reflex"],"picked":"SKIP","floor":4},{"not_picked":["Blur","Sucker Punch"],"picked":"Deadly Poison","floor":5},{"not_picked":["Flying Knee","Finisher","Blade Dance"],"picked":"SKIP","floor":7},{"not_picked":["Envenom","Prepared","Dagger Spray"],"picked":"SKIP","floor":10},{"not_picked":["Riddle With Holes","Poisoned Stab","Outmaneuver"],"picked":"SKIP","floor":12},{"not_picked":["Dodge and Roll","Acrobatics"],"picked":"Well Laid Plans","floor":13},{"not_picked":["Well Laid Plans","Blade Dance"],"picked":"Backflip","floor":14}],"player_experience":1058581,"relics_obtained":[{"floor":9,"key":"Vajra"},{"floor":10,"key":"Centennial Puzzle"},{"floor":13,"key":"Blood Vial"}],"event_choices":[],"is_beta":true,"boss_relics":[],"items_purged_floors":[],"is_endless":false,"potions_floor_spawned":[1,3,5,7,13,14],"killed_by":"Slime Boss","ascension_level":18}