{"gold_per_floor":[109,125,125,4,15,44,44,76,76,95,114,139,155,210,210,311,311,327,145,160,176,97,97,112,112,112,112,146,157,172,172,172,172],"floor_reached":33,"playtime":1451,"items_purged":["Strike_G","Strike_G"],"score":390,"play_id":"e338298f-c3d4-42b2-83cc-9711a2d45b42","local_time":"20180925205924","is_ascension_mode":true,"campfire_choices":[{"data":"Terror","floor":7.0,"key":"SMITH"},{"floor":15.0,"key":"REST"},{"data":"Footwork","floor":23.0,"key":"SMITH"},{"data":"Noxious Fumes","floor":25.0,"key":"SMITH"},{"floor":32,"key":"REST"}],"neow_cost":"NONE","seed_source_timestamp":374970510975471,"circlet_count":0,"master_deck":["Defend_G","Defend_G","Defend_G","Defend_G","Defend_G","Strike_G","Strike_G","Survivor","Neutralize","Backflip","Choke","Prepared","Cloak And Dagger","Terror+1","Backstab","Deflect","Footwork+1","Corpse Explosion","Dagger Throw+1","Infinite Blades","Acrobatics+1","Noxious Fumes+1","Sucker Punch+1","Regret","Writhe","Adrenaline","Underhanded Strike+1"],"special_seed":0,"relics":["Ring of the Snake","Blood Vial","Ancient Tea Set","Du-Vu Doll","Matryoshka","Shovel","Tiny Chest","Cursed Key","Oddly Smooth Stone","Frozen Egg 2","Ginger","Smiling Mask"],"potions_floor_usage":[],"damage_taken":[{"damage":2.0,"enemies":"Jaw Worm","floor":1.0,"turns":6.0},{"damage":0.0,"enemies":"Cultist","floor":2.0,"turns":5.0},{"damage":0.0,"enemies":"2 Louse","floor":5.0,"turns":2.0},{"damage":20.0,"enemies":"Gremlin Nob","floor":6.0,"turns":4.0},{"damage":31.0,"enemies":"Lagavulin","floor":8.0,"turns":8.0},{"damage":1.0,"enemies":"Looter","floor":10.0,"turns":5.0},{"damage":0.0,"enemies":"3 Louse","floor":11.0,"turns":3.0},{"damage":7.0,"enemies":"Lagavulin Event","floor":12.0,"turns":5.0},{"damage":4.0,"enemies":"Lots of Slimes","floor":13.0,"turns":6.0},{"damage":15.0,"enemies":"Gremlin Nob","floor":14.0,"turns":4.0},{"damage":18.0,"enemies":"The Guardian","floor":16.0,"turns":13.0},{"damage":6.0,"enemies":"2 Thieves","floor":18.0,"turns":5.0},{"damage":9.0,"enemies":"Spheric Guardian","floor":20.0,"turns":5.0},{"damage":10.0,"enemies":"Snake Plant","floor":21.0,"turns":5.0},{"damage":9.0,"enemies":"Snecko","floor":24.0,"turns":4.0},{"damage":8.0,"enemies":"Book of Stabbing","floor":28.0,"turns":5.0},{"damage":6.0,"enemies":"Chosen and Byrds","floor":29.0,"turns":7.0},{"damage":9.0,"enemies":"Sentry and Sphere","floor":30.0,"turns":6.0},{"damage":40,"enemies":"Automaton","floor":33,"turns":6}],"seed_played":"1538542901381473030","potions_obtained":[{"floor":1.0,"key":"Poison Potion"},{"floor":2.0,"key":"SpeedPotion"},{"floor":8.0,"key":"AttackPotion"},{"floor":13.0,"key":"LiquidBronze"},{"floor":14.0,"key":"PowerPotion"},{"floor":29.0,"key":"Poison Potion"}],"is_trial":false,"path_per_floor":["M","M","?","$","M","E","R","E","T","M","M","?","M","E","R","B",null,"M","$","M","M","$","R","M","R","T","?","E","M","M","T","R"],"character_chosen":"THE_SILENT","items_purchased":["Prepared","Infinite Blades","Noxious Fumes"],"campfire_rested":2,"item_purchase_floors":[4,19,22],"current_hp_per_floor":[63,65,65,65,67,49,49,20,20,21,23,18,16,3,24,8,55,51,51,44,36,36,36,29,29,29,29,23,19,12,12,33,0],"gold":172,"neow_bonus":"RANDOM_COMMON_RELIC","is_prod":false,"is_daily":false,"chose_seed":false,"campfire_upgraded":3,"win_rate":0,"timestamp":1537880364,"path_taken":["M","M","?","$","M","E","R","E","T","?","M","?","M","E","R","BOSS","M","$","?","M","$","R","M","R","T","?","E","M","M","?","R","BOSS"],"build_version":"2018-09-20","purchased_purges":2,"victory":false,"max_hp_per_floor":[70,70,70,70,70,70,70,70,70,70,70,70,70,70,70,70,70,70,70,70,70,70,70,70,70,70,70,70,70,70,70,70,70],"card_choices":[{"not_picked":["Heel Hook","Well Laid Plans"],"picked":"Backflip","floor":1.0},{"not_picked":["Skewer","Expertise"],"picked":"Choke","floor":2.0},{"not_picked":["Dodge and Roll","Acrobatics"],"picked":"Cloak And Dagger","floor":5.0},{"not_picked":["Choke","Acrobatics"],"picked":"Terror","floor":6.0},{"not_picked":["Deadly Poison","Underhanded Strike","Dagger Throw"],"picked":"SKIP","floor":8.0},{"not_picked":["Deadly Poison","Deflect"],"picked":"Backstab","floor":10.0},{"not_picked":["Poisoned Stab","Quick Slash","Deflect"],"picked":"SKIP","floor":11.0},{"not_picked":["Poisoned Stab","Quick Slash"],"picked":"Deflect","floor":11.0},{"not_picked":["Heel Hook","All Out Attack"],"picked":"Footwork","floor":12.0},{"not_picked":["Outmaneuver","Dagger Spray","Setup"],"picked":"SKIP","floor":13.0},{"not_picked":["Skewer","Venomology","Masterful Stab"],"picked":"SKIP","floor":14.0},{"not_picked":["Glass Knife","Wraith Form v2"],"picked":"Corpse Explosion","floor":16.0},{"not_picked":["Cloak And Dagger","Prepared"],"picked":"Dagger Throw+1","floor":18.0},{"not_picked":["Skewer+1","Prepared","Bane+1"],"picked":"SKIP","floor":20.0},{"not_picked":["Endless Agony+1","Backstab"],"picked":"Acrobatics+1","floor":21.0},{"not_picked":["Quick Slash","Deflect"],"picked":"Sucker Punch+1","floor":24.0},{"not_picked":["Poisoned Stab","Calculated Gamble+1","Sucker Punch"],"picked":"SKIP","floor":28.0},{"not_picked":["Dagger Spray","Poisoned Stab"],"picked":"Adrenaline","floor":29.0},{"not_picked":["Prepared","Dodge and Roll"],"picked":"Underhanded Strike+1","floor":30.0}],"player_experience":142542,"relics_obtained":[{"floor":6.0,"key":"Ancient Tea Set"},{"floor":8.0,"key":"Du-Vu Doll"},{"floor":9.0,"key":"Matryoshka"},{"floor":12.0,"key":"Shovel"},{"floor":14.0,"key":"Tiny Chest"},{"floor":26.0,"key":"Oddly Smooth Stone"},{"floor":26.0,"key":"Frozen Egg 2"},{"floor":28.0,"key":"Smiling Mask"}],"event_choices":[{"event_name":"Living Wall","player_choice":"Forget","floor":3.0,"damage_taken":0.0},{"event_name":"Dead Adventurer","player_choice":"Searched \u00272\u0027 times","floor":12.0,"damage_taken":0.0},{"event_name":"The Mausoleum","player_choice":"Yes","floor":27.0,"damage_taken":0.0}],"is_beta":false,"boss_relics":[{"not_picked":["Coffee Dripper","Orrery"],"picked":"Cursed Key"}],"items_purged_floors":[4,19],"is_endless":false,"potions_floor_spawned":[1,2,8,13,14,29],"killed_by":"Automaton","ascension_level":7}