{"gold_per_floor":[109,34,45,45,62,62,62,62,86,106,123,99,99,118,118,191,191,191],"floor_reached":18,"playtime":992,"items_purged":["Strike_G"],"score":308,"play_id":"9057ec38-7d3b-4a35-beaf-03c26cec9d77","local_time":"20190211204021","is_ascension_mode":true,"campfire_choices":[{"data":"Tactician","floor":6.0,"key":"SMITH"},{"data":"Survivor","floor":8.0,"key":"SMITH"},{"data":"Accuracy","floor":13.0,"key":"SMITH"},{"data":"Accuracy","floor":15.0,"key":"SMITH"}],"neow_cost":"TEN_PERCENT_HP_LOSS","seed_source_timestamp":28894080134346,"circlet_count":0,"master_deck":["AscendersBane","Defend_G","Defend_G","Defend_G","Defend_G","Defend_G","Strike_G","Strike_G","Strike_G","Strike_G","Survivor+1","Neutralize+1","Backstab","Tactician+1","Accuracy+1","Accuracy+1","Infinite Blades"],"special_seed":0,"relics":["Ring of the Snake","Turnip","Orichalcum","Eternal Feather"],"potions_floor_usage":[],"damage_taken":[{"damage":6.0,"enemies":"Cultist","floor":1.0,"turns":6.0},{"damage":4.0,"enemies":"Jaw Worm","floor":3.0,"turns":8.0},{"damage":0.0,"enemies":"Small Slimes","floor":5.0,"turns":3.0},{"damage":0.0,"enemies":"Looter","floor":10.0,"turns":5.0},{"damage":7.0,"enemies":"Large Slime","floor":11.0,"turns":11.0},{"damage":1.0,"enemies":"Exordium Thugs","floor":12.0,"turns":4.0},{"damage":11.0,"enemies":"3 Louse","floor":14.0,"turns":4.0},{"damage":20.0,"enemies":"Slime Boss","floor":16.0,"turns":12.0},{"damage":7,"enemies":"3 Byrds","floor":18,"turns":3}],"seed_played":"2616098243633835293","potions_obtained":[{"floor":1.0,"key":"GhostInAJar"},{"floor":10.0,"key":"Poison Potion"},{"floor":14.0,"key":"Fruit Juice"}],"is_trial":false,"path_per_floor":["M","$","M","?","M","R","$","R","T","M","M","M","R","M","R","B",null,"M"],"character_chosen":"THE_SILENT","items_purchased":[],"campfire_rested":0,"item_purchase_floors":[],"current_hp_per_floor":[53,53,49,49,49,49,49,49,49,49,42,41,41,30,30,15,53,46],"gold":191,"neow_bonus":"ONE_RARE_RELIC","is_prod":false,"is_daily":false,"chose_seed":false,"campfire_upgraded":4,"win_rate":0,"timestamp":1549888821,"path_taken":["M","$","?","?","M","R","$","R","T","M","M","M","R","M","R","BOSS","M"],"build_version":"2019-01-23","purchased_purges":1,"victory":false,"max_hp_per_floor":[60,60,60,60,60,60,60,60,60,60,60,60,60,60,60,65,65,65],"card_choices":[{"not_picked":["Expertise","Deflect"],"picked":"Backstab","floor":1.0},{"not_picked":["Quick Slash","Dagger Spray","PiercingWail"],"picked":"SKIP","floor":3.0},{"not_picked":["Outmaneuver","Heel Hook"],"picked":"Tactician","floor":5.0},{"not_picked":["Cloak And Dagger","Flying Knee"],"picked":"Accuracy","floor":10.0},{"not_picked":["Outmaneuver","Poisoned Stab"],"picked":"Accuracy","floor":11.0},{"not_picked":["Burst","Blade Dance"],"picked":"Infinite Blades","floor":12.0},{"not_picked":["Flechettes","Skewer","Prepared"],"picked":"SKIP","floor":14.0}],"player_experience":2616590,"relics_obtained":[{"floor":9.0,"key":"Orichalcum"}],"event_choices":[{"damage_healed":0.0,"max_hp_gain":0.0,"max_hp_loss":0.0,"gold_gain":0.0,"event_name":"Upgrade Shrine","player_choice":"Upgraded","floor":4.0,"gold_loss":0.0,"damage_taken":0.0,"cards_upgraded":["Neutralize"]}],"is_beta":false,"boss_relics":[{"not_picked":["Calling Bell","White Beast Statue"],"picked":"Eternal Feather"}],"items_purged_floors":[2],"is_endless":false,"potions_floor_spawned":[1,10,14],"killed_by":"3 Byrds","ascension_level":20}