{"gold_per_floor":[118,118,118,135,135,170,182,193,242,255,267,277,277,291,291,362,362,362],"floor_reached":18,"playtime":546,"items_purged":[],"score":382,"play_id":"758d6123-6f6d-44f7-a8e8-0d01cb0911ef","local_time":"20190118122958","is_ascension_mode":true,"campfire_choices":[{"data":"Chaos","floor":13.0,"key":"SMITH"},{"data":"Hologram","floor":15.0,"key":"SMITH"}],"neow_cost":"NONE","seed_source_timestamp":1877570876735,"circlet_count":0,"master_deck":["AscendersBane","Strike_B","Strike_B","Defend_B","Defend_B","Defend_B","Zap","Dualcast","Chaos+1","Gash","Core Surge","Gash","Reboot","Coolheaded","Hologram+1","Echo Form"],"special_seed":0,"relics":["Cracked Core","NeowsBlessing","Letter Opener","Smiling Mask","Snecko Eye"],"potions_floor_usage":[],"damage_taken":[{"damage":0.0,"enemies":"Small Slimes","floor":1.0,"turns":1.0},{"damage":0.0,"enemies":"Jaw Worm","floor":4.0,"turns":1.0},{"damage":0.0,"enemies":"Gremlin Nob","floor":6.0,"turns":1.0},{"damage":1.0,"enemies":"Cultist","floor":7.0,"turns":3.0},{"damage":2.0,"enemies":"2 Fungi Beasts","floor":8.0,"turns":3.0},{"damage":8.0,"enemies":"Red Slaver","floor":10.0,"turns":3.0},{"damage":7.0,"enemies":"Looter","floor":11.0,"turns":3.0},{"damage":0.0,"enemies":"Exordium Wildlife","floor":12.0,"turns":2.0},{"damage":3.0,"enemies":"2 Fungi Beasts","floor":14.0,"turns":3.0},{"damage":31.0,"enemies":"The Guardian","floor":16.0,"turns":11.0},{"damage":0,"enemies":"Spheric Guardian","floor":18,"turns":2}],"seed_played":"6766600384252906766","potions_obtained":[{"floor":4.0,"key":"LiquidBronze"},{"floor":7.0,"key":"Explosive Potion"},{"floor":12.0,"key":"Energy Potion"},{"floor":16.0,"key":"Energy Potion"}],"is_trial":false,"path_per_floor":["M","?","?","M","?","E","M","M","T","M","M","M","R","M","R","B",null,"M"],"character_chosen":"DEFECT","items_purchased":[],"campfire_rested":0,"item_purchase_floors":[],"current_hp_per_floor":[64,64,57,57,57,57,56,54,54,46,39,39,39,36,36,5,55,55],"gold":362,"neow_bonus":"THREE_ENEMY_KILL","is_prod":false,"is_daily":false,"chose_seed":false,"campfire_upgraded":2,"win_rate":0,"timestamp":1547785798,"path_taken":["M","?","?","M","?","E","M","M","T","M","M","?","R","M","R","BOSS","M"],"build_version":"2019-01-17","purchased_purges":0,"victory":false,"max_hp_per_floor":[71,71,71,71,71,71,71,71,71,71,71,71,71,71,71,71,71,71],"card_choices":[{"not_picked":["Steam","Sweeping Beam"],"picked":"Chaos","floor":1.0},{"not_picked":["Rebound","Auto Shields"],"picked":"Gash","floor":4.0},{"not_picked":["Storm","Force Field","Stack"],"picked":"SKIP","floor":6.0},{"not_picked":["Coolheaded","Sweeping Beam"],"picked":"Gash","floor":7.0},{"not_picked":["Reprogram","Rip and Tear"],"picked":"Reboot","floor":8.0},{"not_picked":["Chill","Melter","Doom and Gloom"],"picked":"SKIP","floor":10.0},{"not_picked":["Chill","Melter","Doom and Gloom"],"picked":"SKIP","floor":10.0},{"not_picked":["Beam Cell","Hello World"],"picked":"Coolheaded","floor":11.0},{"not_picked":["Barrage","Lockon","Steam"],"picked":"SKIP","floor":12.0},{"not_picked":["Loop","Go for the Eyes"],"picked":"Hologram","floor":14.0},{"not_picked":["All For One","Reboot"],"picked":"Echo Form","floor":16.0}],"player_experience":1992496,"relics_obtained":[{"floor":6.0,"key":"Letter Opener"},{"floor":9.0,"key":"Smiling Mask"}],"event_choices":[{"cards_removed":["Strike_B"],"damage_healed":0.0,"max_hp_gain":0.0,"max_hp_loss":0.0,"gold_gain":0.0,"event_name":"Living Wall","player_choice":"Forget","floor":2.0,"gold_loss":0.0,"damage_taken":0.0},{"cards_removed":["Strike_B"],"damage_healed":0.0,"max_hp_gain":0.0,"max_hp_loss":0.0,"gold_gain":0.0,"event_name":"Golden Wing","player_choice":"Card Removal","floor":3.0,"gold_loss":0.0,"damage_taken":7.0},{"damage_healed":0.0,"max_hp_gain":0.0,"max_hp_loss":0.0,"gold_gain":0.0,"cards_transformed":["Defend_B"],"event_name":"Transmorgrifier","player_choice":"Transformed","floor":5.0,"gold_loss":0.0,"damage_taken":0.0,"cards_obtained":["Core Surge"]}],"is_beta":false,"boss_relics":[{"not_picked":["Philosopher\u0027s Stone","Ectoplasm"],"picked":"Snecko Eye"}],"items_purged_floors":[],"is_endless":false,"potions_floor_spawned":[4,7,10,12,16],"killed_by":"Spheric Guardian","ascension_level":20}