{"gold_per_floor":[112,125,145,162,162,162,181,15,66,66,66,66,76,104,104,181,181,199,199,13,13,13,13,13,13,68,68,88,105,105,125,125,201,201,216,231,331,331,402,402,421,449,501,501,519,550,561,577,577,577,577,577,577,110,137,137],"floor_reached":57,"playtime":4871,"items_purged":["Strike_B"],"score":2674,"play_id":"223f8518-ec7a-4acf-9d56-fc7e138f5389","local_time":"20190105145356","is_ascension_mode":true,"campfire_choices":[{"data":"Turbo","floor":6.0,"key":"SMITH"},{"data":"Defragment","floor":10.0,"key":"SMITH"},{"data":"Fission","floor":12.0,"key":"SMITH"},{"data":"Creative AI","floor":15.0,"key":"SMITH"},{"floor":23.0,"key":"REST"},{"floor":27.0,"key":"REST"},{"floor":32.0,"key":"REST"},{"floor":40.0,"key":"REST"},{"floor":44.0,"key":"RECALL"},{"floor":49.0,"key":"REST"},{"floor":53.0,"key":"REST"}],"neow_cost":"PERCENT_DAMAGE","seed_source_timestamp":4143220211597,"circlet_count":0,"master_deck":["AscendersBane","Defend_B+1","Defend_B+1","Defend_B","Zap","Dualcast","Creative AI+1","Amplify","Coolheaded","Coolheaded","Turbo+1","Meteor Strike+1","Streamline","Defragment+1","Fission+1","Parasite","Sunder","Meteor Strike","Creative AI","Heatsinks","Reinforced Body","Apotheosis","Melter","Recycle","Meteor Strike+1","Creative AI","Undo","Coolheaded"],"special_seed":0,"relics":["Cracked Core","Centennial Puzzle","Matryoshka","Snecko Eye","Ornamental Fan","Tiny Chest","Meat on the Bone","Fusion Hammer","Ginger","Whetstone","The Courier","Singing Bowl","War Paint","Orichalcum","Calipers","Boot"],"potions_floor_usage":[56,56],"damage_taken":[{"damage":7.0,"enemies":"Cultist","floor":1.0,"turns":3.0},{"damage":0.0,"enemies":"Small Slimes","floor":2.0,"turns":3.0},{"damage":5.0,"enemies":"Jaw Worm","floor":3.0,"turns":6.0},{"damage":5.0,"enemies":"Exordium Wildlife","floor":4.0,"turns":5.0},{"damage":14.0,"enemies":"3 Louse","floor":7.0,"turns":3.0},{"damage":6.0,"enemies":"Looter","floor":13.0,"turns":2.0},{"damage":0.0,"enemies":"Lagavulin","floor":14.0,"turns":6.0},{"damage":33.0,"enemies":"Slime Boss","floor":16.0,"turns":8.0},{"damage":11.0,"enemies":"Shell Parasite","floor":18.0,"turns":3.0},{"damage":19.0,"enemies":"Colosseum Slavers","floor":22.0,"turns":2.0},{"damage":22.0,"enemies":"2 Thieves","floor":28.0,"turns":2.0},{"damage":0.0,"enemies":"Centurion and Healer","floor":29.0,"turns":4.0},{"damage":4.0,"enemies":"Snecko","floor":31.0,"turns":4.0},{"damage":27.0,"enemies":"Collector","floor":33.0,"turns":6.0},{"damage":20.0,"enemies":"3 Darklings","floor":35.0,"turns":3.0},{"damage":3.0,"enemies":"Orb Walker","floor":36.0,"turns":3.0},{"damage":0.0,"enemies":"Mind Bloom Boss Battle","floor":37.0,"turns":4.0},{"damage":15.0,"enemies":"Spire Growth","floor":41.0,"turns":3.0},{"damage":0.0,"enemies":"Giant Head","floor":42.0,"turns":4.0},{"damage":7.0,"enemies":"Sphere and 2 Shapes","floor":45.0,"turns":3.0},{"damage":6.0,"enemies":"Reptomancer","floor":46.0,"turns":4.0},{"damage":5.0,"enemies":"Writhing Mass","floor":47.0,"turns":3.0},{"damage":9.0,"enemies":"Transient","floor":48.0,"turns":6.0},{"damage":18.0,"enemies":"Donu and Deca","floor":50.0,"turns":5.0},{"damage":42.0,"enemies":"Awakened One","floor":51.0,"turns":15.0},{"damage":17,"enemies":"Shield and Spear","floor":55,"turns":3},{"damage":33,"enemies":"The Heart","floor":56,"turns":8}],"seed_played":"-6505755297573787374","potions_obtained":[{"floor":4.0,"key":"AttackPotion"},{"floor":7.0,"key":"Block Potion"},{"floor":13.0,"key":"Swift Potion"},{"floor":16.0,"key":"Energy Potion"},{"floor":18.0,"key":"SpeedPotion"},{"floor":35.0,"key":"SteroidPotion"},{"floor":36.0,"key":"PowerPotion"},{"floor":37.0,"key":"PowerPotion"}],"is_trial":false,"path_per_floor":["M","M","M","M","?","R","M","$","T","R","?","R","M","E","R","B",null,"M","?","$","?","?","R","?","$","T","R","M","M","?","M","R","B",null,"M","M","?","?","T","R","M","E","T","R","M","E","M","M","R","B","B",null,"R","$","E","B",null],"character_chosen":"DEFECT","items_purchased":["Defragment","Fission","Apotheosis","Coolheaded","Orichalcum","Calipers"],"campfire_rested":6,"item_purchase_floors":[8,8,20,54,54,54],"current_hp_per_floor":[39,39,34,29,52,52,38,38,38,38,55,55,49,49,49,16,57,46,46,46,46,27,48,48,48,48,69,47,47,47,43,64,37,63,43,40,40,40,40,61,46,48,48,48,41,49,46,51,74,56,26,66,79,79,64,43],"gold":137,"neow_bonus":"TRANSFORM_TWO_CARDS","is_prod":false,"is_daily":false,"chose_seed":false,"campfire_upgraded":4,"win_rate":0,"timestamp":1546671236,"path_taken":["M","?","M","M","?","R","M","$","T","R","?","R","M","E","R","BOSS","M","?","$","?","?","R","?","?","T","R","?","M","?","M","R","BOSS","M","?","?","?","?","R","M","E","T","R","M","E","M","M","R","BOSS","BOSS","R","$","E","BOSS"],"build_version":"2019-01-03v4","purchased_purges":1,"victory":true,"max_hp_per_floor":[71,71,71,71,71,71,71,71,71,71,71,71,71,71,71,71,71,71,71,71,71,71,71,71,71,71,71,71,71,71,71,71,71,71,71,71,71,71,71,71,71,73,73,73,73,75,77,79,79,79,79,79,79,79,81,81],"card_choices":[{"not_picked":["Conserve Battery","Steam"],"picked":"Coolheaded","floor":1.0},{"not_picked":["Storm","Auto Shields"],"picked":"Coolheaded","floor":2.0},{"not_picked":["Redo","Static Discharge"],"picked":"Turbo","floor":3.0},{"not_picked":["Compile Driver","Conserve Battery"],"picked":"Meteor Strike","floor":4.0},{"not_picked":["Redo","Ball Lightning"],"picked":"Streamline","floor":7.0},{"not_picked":["Force Field","Auto Shields"],"picked":"Sunder","floor":13.0},{"not_picked":["Gash","Redo"],"picked":"Meteor Strike","floor":14.0},{"not_picked":["Rainbow","Thunder Strike"],"picked":"Creative AI","floor":16.0},{"not_picked":["Stack","Gash"],"picked":"Heatsinks","floor":18.0},{"not_picked":["Redo","Ball Lightning"],"picked":"Recycle","floor":28.0},{"not_picked":["Stack","Rebound","Ball Lightning"],"picked":"SKIP","floor":29.0},{"not_picked":["Heatsinks","Steam","Redo"],"picked":"SKIP","floor":31.0},{"not_picked":["Thunder Strike","Core Surge"],"picked":"Meteor Strike","floor":33.0},{"not_picked":["Stack+1","Double Energy","Leap"],"picked":"SKIP","floor":35.0},{"not_picked":["Streamline+1","Stack","Rebound"],"picked":"SKIP","floor":36.0},{"not_picked":["Hologram","Compile Driver+1"],"picked":"Creative AI","floor":37.0},{"not_picked":["Cold Snap","Sweeping Beam","Sunder"],"picked":"SKIP","floor":41.0},{"not_picked":["Steam","BootSequence+1","Melter"],"picked":"Singing Bowl","floor":42.0},{"not_picked":["Tempest","Beam Cell"],"picked":"Undo","floor":45.0},{"not_picked":["Go for the Eyes","Stack","Gash"],"picked":"Singing Bowl","floor":46.0},{"not_picked":["Leap","Redo+1","Tempest"],"picked":"Singing Bowl","floor":47.0},{"not_picked":["Rebound","Stack","Streamline"],"picked":"Singing Bowl","floor":48.0},{"not_picked":["Sunder+1","Cold Snap+1","Melter+1"],"picked":"Singing Bowl","floor":55}],"player_experience":1741669,"relics_obtained":[{"floor":9.0,"key":"Centennial Puzzle"},{"floor":14.0,"key":"Matryoshka"},{"floor":26.0,"key":"Ornamental Fan"},{"floor":26.0,"key":"Tiny Chest"},{"floor":37.0,"key":"Ginger"},{"floor":39.0,"key":"Whetstone"},{"floor":39.0,"key":"The Courier"},{"floor":42.0,"key":"Singing Bowl"},{"floor":46.0,"key":"War Paint"},{"floor":55,"key":"Boot"}],"event_choices":[{"damage_healed":23.0,"max_hp_gain":0.0,"max_hp_loss":0.0,"gold_gain":0.0,"event_name":"Big Fish","player_choice":"Banana","floor":5.0,"gold_loss":0.0,"damage_taken":0.0},{"damage_healed":17.0,"max_hp_gain":0.0,"max_hp_loss":0.0,"gold_gain":0.0,"event_name":"Mushrooms","player_choice":"Healed and dodged fight","floor":11.0,"gold_loss":0.0,"damage_taken":0.0,"cards_obtained":["Parasite"]},{"damage_healed":0.0,"max_hp_gain":0.0,"max_hp_loss":0.0,"gold_gain":0.0,"event_name":"The Library","player_choice":"Read","floor":19.0,"gold_loss":0.0,"damage_taken":0.0,"cards_obtained":["Reinforced Body"]},{"damage_healed":0.0,"max_hp_gain":0.0,"max_hp_loss":0.0,"gold_gain":0.0,"event_name":"Beggar","player_choice":"Ignored","floor":21.0,"gold_loss":0.0,"damage_taken":0.0},{"damage_healed":0.0,"max_hp_gain":0.0,"max_hp_loss":0.0,"gold_gain":0.0,"event_name":"Colosseum","player_choice":"Fight","floor":22.0,"gold_loss":0.0,"damage_taken":0.0},{"damage_healed":0.0,"max_hp_gain":0.0,"max_hp_loss":0.0,"gold_gain":0.0,"event_name":"Colosseum","player_choice":"Fled From Nobs","floor":22.0,"gold_loss":0.0,"damage_taken":0.0},{"damage_healed":0.0,"max_hp_gain":0.0,"max_hp_loss":0.0,"gold_gain":0.0,"cards_transformed":["Strike_B","Strike_B"],"event_name":"Drug Dealer","player_choice":"Became Test Subject","floor":24.0,"gold_loss":0.0,"damage_taken":0.0,"cards_obtained":["Aggregate","Melter"]},{"cards_removed":["Aggregate"],"damage_healed":0.0,"max_hp_gain":0.0,"max_hp_loss":0.0,"gold_gain":0.0,"event_name":"WeMeetAgain","player_choice":"Gave Card","floor":30.0,"gold_loss":0.0,"damage_taken":0.0,"relics_obtained":["Meat on the Bone"]},{"damage_healed":0.0,"max_hp_gain":0.0,"max_hp_loss":0.0,"gold_gain":0.0,"event_name":"MindBloom","player_choice":"Fight","floor":37.0,"gold_loss":0.0,"damage_taken":0.0},{"damage_healed":0.0,"max_hp_gain":0.0,"max_hp_loss":0.0,"gold_gain":0.0,"event_name":"Tomb of Lord Red Mask","player_choice":"Ignored","floor":38.0,"gold_loss":0.0,"damage_taken":0.0}],"is_beta":false,"boss_relics":[{"not_picked":["Sozu","Tiny House"],"picked":"Snecko Eye"},{"not_picked":["Eternal Feather","Calling Bell"],"picked":"Fusion Hammer"}],"items_purged_floors":[54],"is_endless":false,"potions_floor_spawned":[4,7,13,14,16,18,29,33,35,36,37,47,48],"ascension_level":20}