{"gold_per_floor":[409,409,421,47,58,90,104,104,104,123,123,142,160,110,110,187,187,201,11,11,27,47,47,62,62,62,12,12,23,0,18,18,93,93,109,128,128,24,24,24,24,24],"floor_reached":42,"playtime":1181,"items_purged":["Strike_B","Defend_B","Strike_B"],"score":660,"play_id":"668fce07-d9b5-428a-a1ad-8431257efcd8","local_time":"20181012122926","is_ascension_mode":true,"campfire_choices":[{"data":"Dualcast","floor":8,"key":"SMITH"},{"data":"1","floor":11,"key":"LIFT"},{"data":"2","floor":15,"key":"LIFT"},{"data":"Defragment","floor":23,"key":"SMITH"},{"floor":25,"key":"REST"},{"floor":32,"key":"REST"},{"data":"3","floor":40,"key":"LIFT"}],"neow_cost":"PERCENT_DAMAGE","seed_source_timestamp":7317239436711,"circlet_count":0,"master_deck":["Strike_B","Strike_B","Defend_B","Defend_B","Zap+1","Dualcast+1","AscendersBane","Leap","Ball Lightning","White Noise","Self Repair","Hologram","Tempest","Multi-Cast","Core Surge","Auto Shields","Recycle","Echo Form","Melter","Defragment+1","Stack","Core Surge","Loop+1","White Noise","Hologram","Hologram+1","Tempest","Buffer+1","Capacitor+1","Loop+1","Coolheaded"],"relics":["Cracked Core","Old Coin","Bird Faced Urn","Matryoshka","Smiling Mask","Girya","Orrery","Frozen Egg 2","Pear","Runic Dome"],"potions_floor_usage":[6,7,13,16,24,29,42],"damage_taken":[{"damage":9,"enemies":"Jaw Worm","floor":1,"turns":4},{"damage":1,"enemies":"2 Louse","floor":3,"turns":2},{"damage":0,"enemies":"Cultist","floor":5,"turns":3},{"damage":10,"enemies":"Gremlin Nob","floor":6,"turns":4},{"damage":10,"enemies":"Gremlin Gang","floor":7,"turns":5},{"damage":2,"enemies":"2 Fungi Beasts","floor":10,"turns":3},{"damage":11,"enemies":"Looter","floor":12,"turns":2},{"damage":9,"enemies":"3 Louse","floor":13,"turns":2},{"damage":35,"enemies":"The Guardian","floor":16,"turns":10},{"damage":37,"enemies":"Shell Parasite","floor":18,"turns":6},{"damage":1,"enemies":"Chosen","floor":21,"turns":3},{"damage":24,"enemies":"Snake Plant","floor":22,"turns":3},{"damage":49,"enemies":"Centurion and Healer","floor":24,"turns":6},{"damage":17,"enemies":"Snecko","floor":29,"turns":5},{"damage":15,"enemies":"Snake Plant","floor":31,"turns":3},{"damage":61,"enemies":"Champ","floor":33,"turns":9},{"damage":46,"enemies":"3 Darklings","floor":35,"turns":6},{"damage":11,"enemies":"3 Shapes","floor":36,"turns":5},{"damage":81,"enemies":"3 Darklings","floor":42,"turns":3}],"seed_played":"-7018356357393639150","potions_obtained":[{"floor":3,"key":"Energy Potion"},{"floor":6,"key":"GamblersBrew"},{"floor":7,"key":"Explosive Potion"},{"floor":13,"key":"FairyPotion"},{"floor":21,"key":"Dexterity Potion"},{"floor":24,"key":"Fire Potion"},{"floor":31,"key":"Regen Potion"},{"floor":35,"key":"SteroidPotion"}],"is_trial":false,"path_per_floor":["M","?","M","$","M","E","M","R","T","M","R","M","M","$","R","B",null,"M","$","$","M","M","R","M","R","T","$","?","M","?","M","R","B",null,"M","M","?","$","?","R","$"],"character_chosen":"DEFECT","items_purchased":["Bird Faced Urn","Regen Potion","Core Surge","Loop+1","Coolheaded"],"campfire_rested":2,"item_purchase_floors":[4,4,19,38,38],"current_hp_per_floor":[41,41,40,40,40,41,42,42,42,51,51,51,42,42,42,18,61,41,41,41,42,28,28,14,36,46,46,46,55,55,42,67,51,77,67,60,60,60,60,60,60,0],"gold":24,"neow_bonus":"ONE_RARE_RELIC","is_prod":false,"is_daily":false,"chose_seed":false,"campfire_upgraded":2,"win_rate":0,"timestamp":1539318566,"path_taken":["M","?","M","$","M","E","M","R","T","M","R","M","M","$","R","BOSS","M","?","$","M","?","R","M","R","T","$","?","M","?","?","R","BOSS","M","M","?","$","?","R","$","M"],"build_version":"2018-10-11","purchased_purges":3,"victory":false,"max_hp_per_floor":[75,75,75,75,75,75,75,75,75,75,75,75,75,75,75,75,75,75,75,75,75,75,75,75,75,85,85,85,85,85,85,85,85,85,85,85,85,85,81,81,81,81],"card_choices":[{"not_picked":["Steam","Rebound"],"picked":"Leap","floor":1},{"not_picked":["Rebound","Conserve Battery"],"picked":"Ball Lightning","floor":3},{"not_picked":["Doom and Gloom","Lockon"],"picked":"White Noise","floor":5},{"not_picked":["Lockon","Skim"],"picked":"Self Repair","floor":6},{"not_picked":["Gash","BootSequence"],"picked":"Ball Lightning","floor":7},{"not_picked":["Lockon","Rebound"],"picked":"Hologram","floor":10},{"not_picked":["Streamline","Barrage"],"picked":"Tempest","floor":12},{"not_picked":["Cold Snap","Barrage"],"picked":"Multi-Cast","floor":13},{"not_picked":["Biased Cognition","Buffer"],"picked":"Core Surge","floor":16},{"not_picked":["Gash","Static Discharge"],"picked":"Auto Shields","floor":17},{"not_picked":["Sweeping Beam","Redo"],"picked":"Recycle","floor":17},{"not_picked":["Ball Lightning","Fusion"],"picked":"Echo Form","floor":17},{"not_picked":["Sweeping Beam","Stack"],"picked":"Melter","floor":17},{"not_picked":["FTL","Hello World"],"picked":"Defragment","floor":17},{"not_picked":["Hologram","Compile Driver"],"picked":"Stack","floor":18},{"not_picked":["Multi-Cast","Scrape"],"picked":"Loop+1","floor":21},{"not_picked":["Rip and Tear","Undo"],"picked":"White Noise","floor":22},{"not_picked":["Streamline","Rebound"],"picked":"Hologram","floor":24},{"not_picked":["Beam Cell","Genetic Algorithm"],"picked":"Hologram+1","floor":29},{"not_picked":["Genetic Algorithm","Fusion+1"],"picked":"Tempest","floor":31},{"not_picked":["Seek","Machine Learning+1"],"picked":"Buffer+1","floor":33},{"not_picked":["Cold Snap+1","Redo"],"picked":"Capacitor+1","floor":35},{"not_picked":["Go for the Eyes","Barrage","Rip and Tear"],"picked":"SKIP","floor":36}],"player_experience":123107,"relics_obtained":[{"floor":6,"key":"Matryoshka"},{"floor":9,"key":"Smiling Mask"},{"floor":9,"key":"Girya"},{"floor":26,"key":"Frozen Egg 2"},{"floor":26,"key":"Pear"}],"event_choices":[{"event_name":"Living Wall","player_choice":"Grow","floor":2,"damage_taken":0},{"event_name":"Back to Basics","player_choice":"Elegance","floor":28,"damage_taken":0},{"event_name":"Masked Bandits","player_choice":"Paid Fearfully","floor":30,"damage_taken":0},{"event_name":"Falling","player_choice":"Removed Attack","floor":37,"damage_taken":0},{"event_name":"Winding Halls","player_choice":"Max HP","floor":39,"damage_taken":0}],"is_beta":false,"boss_relics":[{"not_picked":["Calling Bell","Empty Cage"],"picked":"Orrery"},{"not_picked":["White Beast Statue","Tiny House"],"picked":"Runic Dome"}],"items_purged_floors":[14,19,27],"is_endless":false,"potions_floor_spawned":[3,6,7,10,12,13,21,24,31,35],"killed_by":"3 Darklings","ascension_level":13}