{"gold_per_floor":[110,120,45,45,45,70,70,100,153,168,185,218,248,248,248,352,352,364,384,484,484,217,217,231,244,244,254,129,228,242,342,342,437,437,449,466,483,333,343,343,168,168,168,188,188,222,242,42,42,42],"floor_reached":51,"playtime":2198,"items_purged":["Strike_G","Strike_G","Defend_G","Defend_G","Defend_G","Defend_G"],"score":897,"play_id":"614e9538-351d-47f8-a208-d78a5bce1a40","local_time":"20181115103652","is_ascension_mode":false,"campfire_choices":[{"data":"Footwork","floor":7,"key":"SMITH"},{"data":"Noxious Fumes","floor":15,"key":"SMITH"},{"data":"Apotheosis","floor":23,"key":"SMITH"},{"data":"Night Terror","floor":32,"key":"SMITH"},{"data":"Night Terror","floor":40,"key":"SMITH"},{"data":"Bouncing Flask","floor":42,"key":"SMITH"},{"data":"Venomology","floor":49,"key":"SMITH"}],"neow_cost":"NONE","seed_source_timestamp":590785083138,"circlet_count":0,"master_deck":["Defend_G","Strike_G+1","Strike_G","Strike_G","Survivor","Neutralize+1","Cloak And Dagger","Footwork+1","Infinite Blades","Deadly Poison","Leg Sweep","Noxious Fumes+1","Bouncing Flask+1","Night Terror+1","Backflip+1","Ghostly","Ghostly","Ghostly","Ghostly","Ghostly","Apotheosis+1","Well Laid Plans+1","After Image+1","Night Terror+1","Catalyst+1","Venomology+1"],"relics":["Ring of the Snake","NeowsBlessing","Ancient Tea Set","Whetstone","Dodecahedron","Happy Flower","Centennial Puzzle","Odd Mushroom","Frozen Egg 2","Cursed Key","Bird Faced Urn","Question Card","Lizard Tail","Blood Vial"],"potions_floor_usage":[18,20,25,47,50],"damage_taken":[{"damage":0,"enemies":"Jaw Worm","floor":1,"turns":1},{"damage":0,"enemies":"2 Louse","floor":2,"turns":1},{"damage":0,"enemies":"Gremlin Nob","floor":6,"turns":1},{"damage":1,"enemies":"Lagavulin","floor":8,"turns":11},{"damage":0,"enemies":"Small Slimes","floor":10,"turns":3},{"damage":2,"enemies":"3 Louse","floor":11,"turns":5},{"damage":13,"enemies":"Gremlin Nob","floor":12,"turns":5},{"damage":5,"enemies":"The Mushroom Lair","floor":13,"turns":5},{"damage":3,"enemies":"The Guardian","floor":16,"turns":9},{"damage":10,"enemies":"2 Thieves","floor":18,"turns":4},{"damage":0,"enemies":"Chosen","floor":19,"turns":5},{"damage":5,"enemies":"Colosseum Slavers","floor":20,"turns":6},{"damage":25,"enemies":"Colosseum Nobs","floor":20,"turns":5},{"damage":0,"enemies":"3 Cultists","floor":24,"turns":5},{"damage":0,"enemies":"Snake Plant","floor":25,"turns":6},{"damage":2,"enemies":"Centurion and Healer","floor":27,"turns":6},{"damage":1,"enemies":"Shelled Parasite and Fungi","floor":30,"turns":7},{"damage":0,"enemies":"Automaton","floor":33,"turns":11},{"damage":0,"enemies":"3 Darklings","floor":35,"turns":6},{"damage":0,"enemies":"Orb Walker","floor":36,"turns":5},{"damage":0,"enemies":"3 Darklings","floor":37,"turns":8},{"damage":1,"enemies":"Sphere and 2 Shapes","floor":39,"turns":6},{"damage":0,"enemies":"Transient","floor":44,"turns":5},{"damage":0,"enemies":"Giant Head","floor":46,"turns":4},{"damage":0,"enemies":"3 Darklings","floor":47,"turns":7},{"damage":0,"enemies":"Time Eater","floor":50,"turns":3}],"seed_played":"1246435325211224786","potions_obtained":[{"floor":6,"key":"Energy Potion"},{"floor":8,"key":"FearPotion"},{"floor":13,"key":"Fire Potion"},{"floor":16,"key":"Fruit Juice"},{"floor":18,"key":"SteroidPotion"},{"floor":24,"key":"Weak Potion"},{"floor":25,"key":"Block Potion"},{"floor":27,"key":"GhostInAJar"},{"floor":46,"key":"Fire Potion"}],"is_trial":false,"path_per_floor":["M","M","$","?","?","E","R","E","T","M","M","E","?","T","R","B",null,"M","M","?","?","$","R","M","M","T","M","$","?","M","?","R","B",null,"M","M","M","$","M","R","$","R","T","M","$","E","M","$","R","B",null],"character_chosen":"THE_SILENT","items_purchased":["Apotheosis"],"campfire_rested":0,"item_purchase_floors":[22],"current_hp_per_floor":[70,70,70,70,58,58,58,57,57,57,55,42,37,37,37,34,70,60,60,30,30,30,30,35,40,40,40,40,40,40,40,40,40,40,40,40,40,40,40,40,40,40,40,40,40,40,40,40,40,40],"gold":42,"neow_bonus":"THREE_ENEMY_KILL","is_prod":false,"is_daily":false,"chose_seed":false,"campfire_upgraded":7,"win_rate":0,"timestamp":1542249412,"path_taken":["M","M","$","?","?","E","R","E","T","M","M","E","?","?","R","BOSS","M","M","?","?","$","R","M","M","T","M","$","?","M","?","R","BOSS","M","?","M","$","M","R","$","R","T","M","?","E","M","$","R","BOSS"],"build_version":"2018-11-08","purchased_purges":6,"victory":true,"max_hp_per_floor":[70,70,70,70,70,70,70,70,70,70,70,70,70,70,70,70,70,70,70,70,35,35,35,35,40,40,40,40,40,40,40,40,40,40,40,40,40,40,40,40,40,40,40,40,40,40,40,40,40,40],"card_choices":[{"not_picked":["Slice","PiercingWail"],"picked":"Cloak And Dagger","floor":1},{"not_picked":["Deadly Poison","Flechettes"],"picked":"Footwork","floor":2},{"not_picked":["Blade Dance","Outmaneuver"],"picked":"Infinite Blades","floor":6},{"not_picked":["Distraction","Storm of Steel"],"picked":"Deadly Poison","floor":8},{"not_picked":["Cloak And Dagger","Backstab"],"picked":"Leg Sweep","floor":10},{"not_picked":["Sucker Punch","Quick Slash"],"picked":"Noxious Fumes","floor":11},{"not_picked":["Sucker Punch","Reflex"],"picked":"Bouncing Flask","floor":12},{"not_picked":["Adrenaline","Glass Knife"],"picked":"Night Terror","floor":16},{"not_picked":["Flying Knee","Cloak And Dagger","Poisoned Stab"],"picked":"SKIP","floor":18},{"not_picked":["Blade Dance+1","Tactician+1"],"picked":"Backflip+1","floor":19},{"not_picked":["Cloak And Dagger","Endless Agony","Poisoned Stab"],"picked":"Well Laid Plans+1","floor":24},{"not_picked":["Outmaneuver","Quick Slash","Calculated Gamble","Dagger Spray"],"picked":"SKIP","floor":25},{"not_picked":["Quick Slash","Bane","Riddle With Holes+1","Dagger Throw+1"],"picked":"SKIP","floor":27},{"not_picked":["Leg Sweep+1","Sucker Punch","Predator"],"picked":"After Image+1","floor":30},{"not_picked":["Bullet Time","Storm of Steel","Doppelganger"],"picked":"Night Terror","floor":33},{"not_picked":["Blur","Dagger Spray","Sucker Punch","Dagger Throw+1"],"picked":"SKIP","floor":35},{"not_picked":["Flying Knee+1","Dagger Throw+1","Cloak And Dagger+1","Escape Plan"],"picked":"SKIP","floor":36},{"not_picked":["Blade Dance+1","Dagger Spray+1","Deflect+1"],"picked":"Catalyst+1","floor":37},{"not_picked":["Blade Dance","Deadly Poison","Escape Plan+1","PiercingWail"],"picked":"SKIP","floor":39},{"not_picked":["Prepared","Dagger Throw","Sucker Punch+1","Crippling Poison+1"],"picked":"SKIP","floor":44},{"not_picked":["Setup+1","Riddle With Holes","Masterful Stab+1"],"picked":"Venomology","floor":46},{"not_picked":["Sucker Punch","Expertise+1","Caltrops+1","Deadly Poison"],"picked":"SKIP","floor":47}],"player_experience":1010384,"relics_obtained":[{"floor":6,"key":"Whetstone"},{"floor":8,"key":"Dodecahedron"},{"floor":9,"key":"Happy Flower"},{"floor":12,"key":"Centennial Puzzle"},{"floor":13,"key":"Odd Mushroom"},{"floor":14,"key":"Frozen Egg 2"},{"floor":20,"key":"Bird Faced Urn"},{"floor":20,"key":"Question Card"},{"floor":46,"key":"Blood Vial"}],"event_choices":[{"damage_healed":0,"gold_gain":0,"player_choice":"Ignored","damage_taken":0,"max_hp_gain":0,"max_hp_loss":0,"event_name":"Liars Game","floor":4,"gold_loss":0},{"damage_healed":0,"gold_gain":0,"player_choice":"Success","damage_taken":12,"relics_obtained":["Ancient Tea Set"],"max_hp_gain":0,"max_hp_loss":0,"event_name":"Scrap Ooze","floor":5,"gold_loss":0},{"damage_healed":0,"gold_gain":0,"player_choice":"Fought Mushrooms","damage_taken":0,"max_hp_gain":0,"max_hp_loss":0,"event_name":"Mushrooms","floor":13,"gold_loss":0},{"damage_healed":0,"gold_gain":0,"player_choice":"Fight","damage_taken":0,"max_hp_gain":0,"max_hp_loss":0,"event_name":"Colosseum","floor":20,"gold_loss":0},{"damage_healed":0,"gold_gain":0,"player_choice":"Fought Nobs","damage_taken":0,"max_hp_gain":0,"max_hp_loss":0,"event_name":"Colosseum","floor":20,"gold_loss":0},{"damage_healed":0,"gold_gain":0,"player_choice":"Became a Ghost","damage_taken":0,"max_hp_gain":0,"max_hp_loss":35,"event_name":"Ghosts","floor":21,"gold_loss":0,"cards_obtained":["Ghostly","Ghostly","Ghostly","Ghostly","Ghostly"]},{"damage_healed":0,"gold_gain":99,"player_choice":"Stole From Cult","damage_taken":0,"max_hp_gain":0,"max_hp_loss":0,"event_name":"Nest","floor":29,"gold_loss":0},{"damage_healed":0,"gold_gain":100,"player_choice":"Pray","damage_taken":0,"max_hp_gain":0,"max_hp_loss":0,"event_name":"Golden Shrine","floor":31,"gold_loss":0}],"is_beta":false,"boss_relics":[{"not_picked":["Ring of the Serpent","Eternal Feather"],"picked":"Cursed Key"},{"not_picked":["HoveringKite","Velvet Choker"],"picked":"Lizard Tail"}],"items_purged_floors":[3,22,28,38,41,48],"is_endless":false,"potions_floor_spawned":[6,8,13,16,18,20,24,25,27,36,44,46],"ascension_level":0}