{"gold_per_floor":[114,64,76,76,90,90,15,29,52,52,52,72,72,83,83,187,187,168,68,88,9,0,0,20,33,33,33,33,33,52,71,71,170,170,186,199,74,90,108,108,108,0,0,0,0,0,0,12,12,12],"floor_reached":51,"playtime":1835,"items_purged":["Defend_G","Defend_G","Strike_G"],"score":739,"play_id":"b67ad8dd-a3d1-4aa2-8194-bd8b9380b684","local_time":"20181020192012","is_ascension_mode":false,"campfire_choices":[{"data":"Neutralize","floor":6,"key":"SMITH"},{"data":"Defend_G","floor":10,"key":"SMITH"},{"data":"Defend_G","floor":13,"key":"SMITH"},{"data":"Noxious Fumes","floor":15,"key":"SMITH"},{"data":"Noxious Fumes","floor":23,"key":"SMITH"},{"data":"Deadly Poison","floor":29,"key":"SMITH"},{"data":"Backflip","floor":32,"key":"SMITH"},{"floor":40,"key":"REST"},{"floor":46,"key":"REST"},{"floor":49,"key":"REST"}],"neow_cost":"NONE","seed_source_timestamp":31215307748051,"circlet_count":0,"master_deck":["Defend_G+1","Defend_G+1","Neutralize+1","Noxious Fumes+1","Die Die Die","Noxious Fumes+1","Poisoned Stab+1","Deadly Poison+1","Backflip+1","Venomology","Backflip","Well Laid Plans","Madness","Madness","Venomology","Purity","Panacea","Finesse"],"relics":["Ring of the Snake","Dream Catcher","Empty Cage","Sundial","Fusion Hammer","Red Mask","Regal Pillow"],"potions_floor_usage":[18,35,35,38,39,48,50,50,50,50],"damage_taken":[{"damage":0,"enemies":"2 Louse","floor":1,"turns":4},{"damage":0,"enemies":"Small Slimes","floor":3,"turns":4},{"damage":0,"enemies":"Jaw Worm","floor":5,"turns":7},{"damage":1,"enemies":"3 Louse","floor":8,"turns":4},{"damage":0,"enemies":"Looter","floor":12,"turns":4},{"damage":2,"enemies":"Large Slime","floor":14,"turns":12},{"damage":52,"enemies":"Slime Boss","floor":16,"turns":14},{"damage":4,"enemies":"2 Thieves","floor":18,"turns":5},{"damage":0,"enemies":"Shell Parasite","floor":20,"turns":8},{"damage":9,"enemies":"Snake Plant","floor":24,"turns":6},{"damage":7,"enemies":"3 Cultists","floor":25,"turns":5},{"damage":4,"enemies":"Centurion and Healer","floor":30,"turns":6},{"damage":1,"enemies":"Snecko","floor":31,"turns":4},{"damage":37,"enemies":"Collector","floor":33,"turns":8},{"damage":0,"enemies":"3 Darklings","floor":35,"turns":4},{"damage":0,"enemies":"Orb Walker","floor":36,"turns":4},{"damage":0,"enemies":"Sphere and 2 Shapes","floor":38,"turns":4},{"damage":0,"enemies":"Jaw Worm Horde","floor":39,"turns":5},{"damage":0,"enemies":"Spire Growth","floor":48,"turns":3},{"damage":0,"enemies":"Time Eater","floor":50,"turns":7}],"seed_played":"-7356860228475273400","potions_obtained":[{"floor":8,"key":"Energy Potion"},{"floor":12,"key":"Dexterity Potion"},{"floor":14,"key":"SneckoOil"},{"floor":20,"key":"FearPotion"},{"floor":25,"key":"Block Potion"},{"floor":31,"key":"SkillPotion"}],"is_trial":false,"path_per_floor":["M","?","M","?","M","R","$","M","T","R","?","M","R","M","R","B",null,"M","$","M","$","?","R","M","M","T","$","?","R","M","M","R","B",null,"M","M","$","M","M","R","$","?","T","?","?","R","?","M","R","B"],"character_chosen":"THE_SILENT","items_purchased":["Noxious Fumes"],"campfire_rested":3,"item_purchase_floors":[21],"current_hp_per_floor":[70,70,70,75,75,75,75,74,74,74,74,74,74,72,72,20,75,71,71,71,71,71,71,62,55,55,55,55,55,51,50,50,13,75,75,75,75,75,75,75,75,75,75,75,66,75,65,65,75,75],"gold":12,"neow_bonus":"REMOVE_CARD","is_prod":false,"is_daily":false,"chose_seed":false,"campfire_upgraded":7,"win_rate":0,"timestamp":1540034412,"path_taken":["M","?","M","?","M","R","$","?","T","R","?","M","R","M","R","BOSS","M","$","M","$","?","R","M","M","T","$","?","R","?","M","R","BOSS","M","M","$","M","M","R","$","?","T","?","?","R","?","M","R","BOSS"],"build_version":"2018-10-18","purchased_purges":3,"victory":true,"max_hp_per_floor":[70,70,70,75,75,75,75,75,75,75,75,75,75,75,75,75,75,75,75,75,75,75,75,75,75,75,75,75,75,75,75,75,75,75,75,75,75,75,75,75,75,75,75,75,75,75,75,75,75,75],"card_choices":[{"not_picked":["Bane","Slice","Prepared"],"picked":"SKIP","floor":1},{"not_picked":["Dagger Throw","Prepared","Expertise"],"picked":"SKIP","floor":3},{"not_picked":["Accuracy","Acrobatics","Deflect"],"picked":"SKIP","floor":5},{"not_picked":["Prepared","Underhanded Strike","Flying Knee"],"picked":"SKIP","floor":8},{"not_picked":["Accuracy","Flechettes","Bane"],"picked":"SKIP","floor":12},{"not_picked":["PiercingWail","Caltrops"],"picked":"Noxious Fumes","floor":14},{"not_picked":["Storm of Steel","Tools of the Trade"],"picked":"Die Die Die","floor":16},{"not_picked":["Infinite Blades","Flying Knee","Prepared"],"picked":"SKIP","floor":18},{"not_picked":["Quick Slash","Setup","Outmaneuver"],"picked":"SKIP","floor":20},{"not_picked":["Backflip","Dash"],"picked":"Poisoned Stab+1","floor":24},{"not_picked":["Dagger Throw","Eviscerate"],"picked":"Deadly Poison","floor":25},{"not_picked":["Blade Dance","Dodge and Roll","Reflex"],"picked":"SKIP","floor":30},{"not_picked":["Outmaneuver","Masterful Stab"],"picked":"Backflip","floor":31},{"not_picked":["A Thousand Cuts","Doppelganger"],"picked":"Venomology","floor":33},{"not_picked":["Acrobatics","Finisher+1","Caltrops"],"picked":"SKIP","floor":35},{"not_picked":["All Out Attack+1","Riddle With Holes+1"],"picked":"Backflip","floor":36},{"not_picked":["Accuracy","PiercingWail","Blade Dance+1"],"picked":"SKIP","floor":38},{"not_picked":["Finisher+1","Masterful Stab+1"],"picked":"Well Laid Plans","floor":39},{"not_picked":["Dagger Throw+1","Blur+1"],"picked":"Venomology","floor":46},{"not_picked":["Blind","Discovery"],"picked":"Purity","floor":47},{"not_picked":["HandOfGreed","Trip"],"picked":"Panacea","floor":47},{"not_picked":["Trip","HandOfGreed"],"picked":"Finesse","floor":47},{"not_picked":["Cloak And Dagger","Sucker Punch+1","Quick Slash+1"],"picked":"SKIP","floor":48}],"player_experience":413996,"relics_obtained":[{"floor":9,"key":"Dream Catcher"},{"floor":26,"key":"Sundial"},{"floor":43,"key":"Regal Pillow"}],"event_choices":[{"cards_removed":["Strike_G"],"damage_healed":0,"gold_gain":0,"player_choice":"Card Removal","damage_taken":0,"max_hp_gain":0,"max_hp_loss":0,"event_name":"The Cleric","floor":2,"gold_loss":50},{"damage_healed":0,"gold_gain":0,"player_choice":"Donut","damage_taken":0,"max_hp_gain":5,"max_hp_loss":0,"event_name":"Big Fish","floor":4,"gold_loss":0},{"damage_healed":0,"gold_gain":0,"player_choice":"Ignored","damage_taken":0,"max_hp_gain":0,"max_hp_loss":0,"event_name":"Liars Game","floor":11,"gold_loss":0},{"damage_healed":0,"gold_gain":0,"player_choice":"Paid Fearfully","damage_taken":0,"max_hp_gain":0,"max_hp_loss":0,"event_name":"Masked Bandits","floor":22,"gold_loss":9},{"cards_removed":["Strike_G"],"damage_healed":0,"gold_gain":0,"player_choice":"Elegance","damage_taken":0,"max_hp_gain":0,"max_hp_loss":0,"event_name":"Back to Basics","floor":28,"gold_loss":0},{"damage_healed":0,"gold_gain":0,"player_choice":"Paid","damage_taken":0,"relics_obtained":["Red Mask"],"max_hp_gain":0,"max_hp_loss":0,"event_name":"Tomb of Lord Red Mask","floor":42,"gold_loss":108},{"cards_removed":["Survivor"],"damage_healed":0,"gold_gain":0,"player_choice":"Offered Basic","damage_taken":0,"max_hp_gain":0,"max_hp_loss":0,"event_name":"Bonfire Elementals","floor":44,"gold_loss":0},{"damage_healed":0,"gold_gain":0,"player_choice":"Embrace Madness","damage_taken":9,"max_hp_gain":0,"max_hp_loss":0,"event_name":"Winding Halls","floor":45,"gold_loss":0,"cards_obtained":["Madness","Madness"]},{"damage_healed":0,"gold_gain":0,"player_choice":"Memory 3","damage_taken":10,"max_hp_gain":0,"max_hp_loss":0,"event_name":"SensoryStone","floor":47,"gold_loss":0}],"is_beta":false,"boss_relics":[{"not_picked":["Pandora\u0027s Box","Snecko Eye"],"picked":"Empty Cage"},{"not_picked":["Sozu","Black Star"],"picked":"Fusion Hammer"}],"items_purged_floors":[7,19,37],"is_endless":false,"potions_floor_spawned":[8,12,14,20,25,31,36,48],"ascension_level":0}