{"gold_per_floor":[109,122,4,14,14,47,63,63,63,92,92,105,137,153,153,225,225,245,245,245,245,35,35,66,66,66,95,95,95],"floor_reached":29,"playtime":1253,"items_purged":["Strike_G","Defend_G"],"score":758,"play_id":"5dc1d732-06ce-443b-919b-fcee994639c6","local_time":"20190318191759","is_ascension_mode":true,"campfire_choices":[{"floor":8.0,"key":"REST"},{"data":"Bouncing Flask","floor":11.0,"key":"SMITH"},{"data":"Well Laid Plans","floor":15.0,"key":"SMITH"},{"data":"Grand Finale","floor":23.0,"key":"SMITH"},{"data":"Purity","floor":25.0,"key":"SMITH"},{"data":"Violence","floor":28,"key":"SMITH"}],"neow_cost":"TEN_PERCENT_HP_LOSS","seed_source_timestamp":28484766577902,"circlet_count":0,"master_deck":["AscendersBane","Defend_G","Defend_G","Defend_G","Defend_G","Strike_G+1","Strike_G","Strike_G","Survivor","Neutralize+1","Violence+1","Purity+1","Bouncing Flask+1","Poisoned Stab","Well Laid Plans+1","Doppelganger+1","Deflect+1","Adrenaline+1","Grand Finale+1","Acrobatics+1"],"special_seed":0,"relics":["Ring of the Snake","Toxic Egg 2","Matryoshka","Whetstone","Happy Flower","Runic Dome","Singing Bowl","Omamori","Pantograph"],"potions_floor_usage":[29],"damage_taken":[{"damage":5.0,"enemies":"Cultist","floor":1.0,"turns":5.0},{"damage":5.0,"enemies":"Small Slimes","floor":2.0,"turns":6.0},{"damage":0.0,"enemies":"2 Louse","floor":4.0,"turns":3.0},{"damage":32.0,"enemies":"Gremlin Nob","floor":6.0,"turns":4.0},{"damage":14.0,"enemies":"Large Slime","floor":7.0,"turns":8.0},{"damage":1.0,"enemies":"Lagavulin","floor":10.0,"turns":8.0},{"damage":2.0,"enemies":"2 Fungi Beasts","floor":12.0,"turns":4.0},{"damage":0.0,"enemies":"Gremlin Nob","floor":13.0,"turns":3.0},{"damage":15.0,"enemies":"Gremlin Gang","floor":14.0,"turns":6.0},{"damage":0.0,"enemies":"Hexaghost","floor":16.0,"turns":8.0},{"damage":0.0,"enemies":"Spheric Guardian","floor":18.0,"turns":3.0},{"damage":2.0,"enemies":"Colosseum Slavers","floor":21.0,"turns":2.0},{"damage":24.0,"enemies":"Slavers","floor":24.0,"turns":4.0},{"damage":0,"enemies":"Book of Stabbing","floor":27,"turns":4},{"damage":25,"enemies":"Slavers","floor":29,"turns":3}],"seed_played":"1966052390708401384","potions_obtained":[{"floor":1.0,"key":"Poison Potion"},{"floor":7.0,"key":"AttackPotion"},{"floor":14.0,"key":"Swift Potion"},{"floor":16.0,"key":"Swift Potion"},{"floor":24.0,"key":"GhostInAJar"}],"is_trial":false,"path_per_floor":["M","M","$","M","?","E","M","R","T","E","R","M","E","M","R","B",null,"M","?","?","?","$","R","E","R","T","E","R","E"],"character_chosen":"THE_SILENT","items_purchased":["Well Laid Plans","Weak Potion","SteroidPotion"],"campfire_rested":1,"item_purchase_floors":[3,22,22],"current_hp_per_floor":[54,49,49,49,49,17,3,21,21,20,20,18,18,3,3,3,46,46,46,46,44,44,44,20,20,20,22,22,0],"gold":95,"neow_bonus":"RANDOM_COLORLESS_2","is_prod":false,"is_daily":false,"chose_seed":false,"campfire_upgraded":5,"win_rate":0,"timestamp":1552907879,"path_taken":["M","M","$","M","?","E","M","R","T","E","R","M","E","M","R","BOSS","M","?","?","?","$","R","E","R","T","E","R","E"],"build_version":"2019-01-23","purchased_purges":2,"victory":false,"max_hp_per_floor":[60,60,60,60,60,60,60,60,60,60,60,60,60,60,60,60,60,60,60,60,60,60,60,60,60,60,62,62,62],"card_choices":[{"not_picked":["Quick Slash","Dodge and Roll"],"picked":"Bouncing Flask","floor":1.0},{"not_picked":["Outmaneuver","Deflect"],"picked":"Poisoned Stab","floor":2.0},{"not_picked":["Blur","Riddle With Holes","Deflect"],"picked":"SKIP","floor":4.0},{"not_picked":["Dash","Crippling Poison"],"picked":"Doppelganger","floor":6.0},{"not_picked":["Dagger Throw","PiercingWail+1"],"picked":"Deflect+1","floor":7.0},{"not_picked":["Slice","Finisher","Dagger Spray"],"picked":"SKIP","floor":10.0},{"not_picked":["Dagger Spray","Dagger Throw","Outmaneuver+1"],"picked":"SKIP","floor":12.0},{"not_picked":["Flechettes","Caltrops","Underhanded Strike"],"picked":"SKIP","floor":13.0},{"not_picked":["Backflip+1","Well Laid Plans"],"picked":"Adrenaline+1","floor":14.0},{"not_picked":["A Thousand Cuts","Bullet Time+1"],"picked":"Grand Finale","floor":16.0},{"not_picked":["Dagger Throw","Crippling Poison+1","Dagger Spray"],"picked":"SKIP","floor":18.0},{"not_picked":["Blade Dance+1","Sucker Punch"],"picked":"Acrobatics+1","floor":24.0},{"not_picked":["Bouncing Flask+1","Flying Knee+1","PiercingWail+1"],"picked":"Singing Bowl","floor":27}],"player_experience":3691989,"relics_obtained":[{"floor":6.0,"key":"Toxic Egg 2"},{"floor":9.0,"key":"Matryoshka"},{"floor":10.0,"key":"Whetstone"},{"floor":13.0,"key":"Happy Flower"},{"floor":24.0,"key":"Singing Bowl"},{"floor":26.0,"key":"Omamori"},{"floor":27,"key":"Pantograph"}],"event_choices":[{"damage_healed":0.0,"max_hp_gain":0.0,"max_hp_loss":0.0,"gold_gain":0.0,"event_name":"Match and Keep!","player_choice":"0 cards matched","floor":5.0,"gold_loss":0.0,"damage_taken":0.0,"cards_obtained":[]},{"damage_healed":0.0,"max_hp_gain":0.0,"max_hp_loss":0.0,"gold_gain":0.0,"event_name":"The Mausoleum","player_choice":"Ignored","floor":19.0,"gold_loss":0.0,"damage_taken":0.0},{"cards_removed":["Strike_G"],"damage_healed":0.0,"max_hp_gain":0.0,"max_hp_loss":0.0,"gold_gain":0.0,"event_name":"Back to Basics","player_choice":"Elegance","floor":20.0,"gold_loss":0.0,"damage_taken":0.0},{"damage_healed":0.0,"max_hp_gain":0.0,"max_hp_loss":0.0,"gold_gain":0.0,"event_name":"Colosseum","player_choice":"Fight","floor":21.0,"gold_loss":0.0,"damage_taken":0.0},{"damage_healed":0.0,"max_hp_gain":0.0,"max_hp_loss":0.0,"gold_gain":0.0,"event_name":"Colosseum","player_choice":"Fled From Nobs","floor":21.0,"gold_loss":0.0,"damage_taken":0.0}],"is_beta":false,"boss_relics":[{"not_picked":["HoveringKite","WristBlade"],"picked":"Runic Dome"}],"items_purged_floors":[3,22],"is_endless":false,"potions_floor_spawned":[1,7,14,16,24],"killed_by":"Slavers","ascension_level":20}