{"gold_per_floor":[115,42,52,69,69,115,127,152,164,192,237,152,163,191,191,288,288,302,302,302,315,330,330,365,28,102,102,102,120,132,149,149,244,244,258,63,80,80,92,92,314,314,362,373,373,62,62,62,62,62],"floor_reached":50,"playtime":4933,"items_purged":["Strike_R"],"score":477,"play_id":"ae3b4251-3eb2-4ffe-926c-3d5b43603d86","local_time":"20190807134706","is_ascension_mode":false,"campfire_choices":[{"data":"Flex","floor":7,"key":"SMITH"},{"floor":15,"key":"REST"},{"data":"Combust","floor":23,"key":"SMITH"},{"data":"Pommel Strike","floor":28,"key":"SMITH"},{"floor":32,"key":"REST"},{"floor":40,"key":"REST"},{"floor":42,"key":"REST"},{"data":"Limit Break","floor":45,"key":"SMITH"},{"floor":47,"key":"REST"},{"data":"Headbutt","floor":49,"key":"SMITH"}],"neow_cost":"NONE","seed_source_timestamp":145142254952900,"circlet_count":0,"master_deck":["Strike_R","Strike_R","Defend_R","Defend_R","Defend_R","Defend_R","Bash","Spot Weakness","Perfected Strike","Headbutt","Flex+1","Whirlwind","Heavy Blade","Warcry","Headbutt","Thunderclap","Heavy Blade","Cleave","Disarm","Headbutt+1","Impervious","Combust+1","Uppercut","Ghostly Armor","Shrug It Off","Pommel Strike+1","Clash","Bloodletting+1","Limit Break+1","Regret","Shrug It Off","Carnage","Cleave+1","Iron Wave"],"relics":["Burning Blood","MawBank","Question Card","Bag of Preparation","Mercury Hourglass","Odd Mushroom","Lizard Tail","Nilry\u0027s Codex","Red Mask","Thread and Needle","Pear","Runic Cube","ClockworkSouvenir","Potion Belt","Torii"],"potions_floor_usage":[6,50],"damage_taken":[{"damage":5,"enemies":"Cultist","floor":1,"turns":4},{"damage":11,"enemies":"Jaw Worm","floor":3,"turns":2},{"damage":0,"enemies":"Small Slimes","floor":4,"turns":2},{"damage":27,"enemies":"3 Sentries","floor":6,"turns":3},{"damage":0,"enemies":"3 Louse","floor":8,"turns":2},{"damage":13,"enemies":"Red Slaver","floor":10,"turns":2},{"damage":26,"enemies":"Gremlin Nob","floor":11,"turns":4},{"damage":0,"enemies":"Looter","floor":13,"turns":2},{"damage":13,"enemies":"The Mushroom Lair","floor":14,"turns":2},{"damage":55,"enemies":"Hexaghost","floor":16,"turns":9},{"damage":10,"enemies":"Spheric Guardian","floor":18,"turns":3},{"damage":14,"enemies":"Chosen","floor":21,"turns":4},{"damage":4,"enemies":"Snecko","floor":22,"turns":3},{"damage":42,"enemies":"Masked Bandits","floor":24,"turns":5},{"damage":11,"enemies":"Chosen and Byrds","floor":29,"turns":4},{"damage":32,"enemies":"Centurion and Healer","floor":30,"turns":4},{"damage":19,"enemies":"Sentry and Sphere","floor":31,"turns":4},{"damage":109,"enemies":"Champ","floor":33,"turns":13},{"damage":13,"enemies":"3 Shapes","floor":35,"turns":4},{"damage":6,"enemies":"Orb Walker","floor":37,"turns":2},{"damage":71,"enemies":"Transient","floor":39,"turns":5},{"damage":27,"enemies":"4 Shapes","floor":44,"turns":3},{"damage":96,"enemies":"Donu and Deca","floor":50,"turns":6}],"seed_played":"-2178780645543702437","potions_obtained":[{"floor":1,"key":"Swift Potion"},{"floor":4,"key":"Ancient Potion"},{"floor":8,"key":"BloodPotion"},{"floor":11,"key":"PowerPotion"},{"floor":14,"key":"Fruit Juice"}],"is_trial":false,"path_per_floor":["M","$","M","M","?","E","R","M","T","M","E","$","M","?","R","B",null,"M","?","?","M","M","R","?","$","T","?","R","M","M","M","R","B",null,"M","$","M","?","M","R","?","R","T","M","R","$","R","?","R","B"],"character_chosen":"IRONCLAD","items_purchased":["Headbutt","Flex","Cleave","Thread and Needle","Pommel Strike","ClockworkSouvenir","Torii"],"campfire_rested":5,"item_purchase_floors":[2,2,12,25,25,36,46],"current_hp_per_floor":[80,80,75,80,77,56,56,62,62,55,35,35,41,34,58,9,80,76,60,80,72,74,74,38,38,48,78,78,73,47,34,61,11,90,83,83,83,83,18,45,45,72,72,51,51,51,78,78,78,0],"gold":62,"neow_bonus":"TRANSFORM_CARD","is_prod":false,"is_daily":false,"chose_seed":false,"campfire_upgraded":5,"win_rate":0.0,"timestamp":1565207226,"path_taken":["M","$","M","M","?","E","R","M","T","M","E","$","M","?","R","BOSS","M","?","?","M","?","R","?","$","T","?","R","M","M","M","R","BOSS","M","$","M","?","?","R","?","R","T","M","R","$","R","?","R","BOSS"],"build_version":"2019-07-17","purchased_purges":1,"victory":false,"max_hp_per_floor":[80,80,80,80,80,80,80,80,80,80,80,80,80,80,80,80,80,80,80,80,80,80,80,80,80,90,90,90,90,90,90,90,90,90,90,90,90,90,90,90,90,90,90,90,90,90,90,90,90,95],"card_choices":[{"not_picked":["Searing Blow","Sword Boomerang"],"picked":"Perfected Strike","floor":1},{"not_picked":["Warcry","Wild Strike"],"picked":"Whirlwind","floor":3},{"not_picked":["Havoc","Dark Embrace"],"picked":"Heavy Blade","floor":4},{"not_picked":["Dropkick","Twin Strike"],"picked":"Warcry","floor":6},{"not_picked":["Dropkick","Heavy Blade","Power Through"],"picked":"Headbutt","floor":8},{"not_picked":["Second Wind","Twin Strike","Havoc"],"picked":"Thunderclap","floor":10},{"not_picked":["Sword Boomerang","Thunderclap","Twin Strike"],"picked":"Heavy Blade","floor":11},{"not_picked":["Carnage","Immolate","Spot Weakness"],"picked":"Disarm","floor":13},{"not_picked":["True Grit","Clash","Sword Boomerang"],"picked":"Headbutt","floor":14},{"not_picked":["Immolate","Dark Embrace","Exhume"],"picked":"Impervious","floor":16},{"not_picked":["Havoc+1","Sever Soul","Hemokinesis"],"picked":"Combust","floor":18},{"not_picked":["Iron Wave+1","Wild Strike","Second Wind"],"picked":"Uppercut","floor":21},{"not_picked":["Inflame","Armaments+1","Wild Strike+1"],"picked":"Ghostly Armor","floor":22},{"not_picked":["Iron Wave","Sword Boomerang","Fire Breathing"],"picked":"Shrug It Off","floor":24},{"not_picked":["Perfected Strike+1","Iron Wave","Warcry","Fire Breathing"],"picked":"SKIP","floor":29},{"not_picked":["Ghostly Armor","Metallicize+1","Battle Trance"],"picked":"Clash","floor":30},{"not_picked":["Corruption","Pummel+1","Rage"],"picked":"Bloodletting+1","floor":31},{"not_picked":["Offering","Exhume","Double Tap"],"picked":"Limit Break","floor":33},{"not_picked":["Armaments","Thunderclap+1","Power Through+1","Pommel Strike+1"],"picked":"SKIP","floor":35},{"not_picked":["Heavy Blade+1","Reckless Charge","Pommel Strike+1","Havoc"],"picked":"SKIP","floor":37},{"not_picked":["Evolve+1","Pummel","Clash"],"picked":"Carnage","floor":39},{"not_picked":["Clothesline+1","Inflame+1","Iron Wave"],"picked":"Cleave+1","floor":44}],"player_experience":52389,"relics_obtained":[{"floor":6,"key":"Question Card"},{"floor":9,"key":"Bag of Preparation"},{"floor":11,"key":"Mercury Hourglass"},{"floor":14,"key":"Odd Mushroom"},{"floor":19,"key":"Nilry\u0027s Codex"},{"floor":24,"key":"Red Mask"},{"floor":26,"key":"Pear"},{"floor":43,"key":"Potion Belt"}],"event_choices":[{"damage_healed":0,"gold_gain":0,"player_choice":"Success","damage_taken":3,"relics_obtained":["MawBank"],"max_hp_gain":0,"max_hp_loss":0,"event_name":"Scrap Ooze","floor":5,"gold_loss":0},{"damage_healed":0,"gold_gain":0,"player_choice":"Fought Mushrooms","damage_taken":0,"max_hp_gain":0,"max_hp_loss":0,"event_name":"Mushrooms","floor":14,"gold_loss":0},{"damage_healed":0,"gold_gain":0,"player_choice":"Obtained Book","damage_taken":16,"max_hp_gain":0,"max_hp_loss":0,"event_name":"Cursed Tome","floor":19,"gold_loss":0},{"damage_healed":20,"gold_gain":0,"player_choice":"Full Heal","damage_taken":0,"max_hp_gain":0,"max_hp_loss":0,"event_name":"Wheel of Change","floor":20,"gold_loss":0},{"damage_healed":0,"gold_gain":0,"player_choice":"Fought Bandits","damage_taken":0,"max_hp_gain":0,"max_hp_loss":0,"event_name":"Masked Bandits","floor":24,"gold_loss":0},{"damage_healed":30,"gold_gain":0,"player_choice":"Heal","damage_taken":0,"max_hp_gain":0,"max_hp_loss":0,"event_name":"The Library","floor":27,"gold_loss":0},{"damage_healed":0,"gold_gain":0,"player_choice":"2 cards matched","damage_taken":0,"max_hp_gain":0,"max_hp_loss":0,"event_name":"Match and Keep!","floor":38,"gold_loss":0,"cards_obtained":["Regret","Shrug It Off"]},{"damage_healed":0,"gold_gain":222,"player_choice":"Wore Mask","damage_taken":0,"max_hp_gain":0,"max_hp_loss":0,"event_name":"Tomb of Lord Red Mask","floor":41,"gold_loss":0},{"cards_removed":["Strike_R"],"damage_healed":0,"gold_gain":0,"player_choice":"Took Card","damage_taken":0,"max_hp_gain":0,"max_hp_loss":0,"event_name":"NoteForYourself","floor":48,"gold_loss":0,"cards_obtained":["Iron Wave"]}],"is_beta":false,"boss_relics":[{"not_picked":["Philosopher\u0027s Stone","Mark of Pain"],"picked":"Lizard Tail"},{"not_picked":["Black Star","Velvet Choker"],"picked":"Runic Cube"}],"items_purged_floors":[12],"is_endless":false,"potions_floor_spawned":[1,4,8,11,13,14,18,24,29,37],"killed_by":"Donu and Deca","ascension_level":0}