{"gold_per_floor":[369,387,399,399,411,411,426,261,261,276,276,176,176,190,190,265,265,237,267,286,301,318,318,328,328,396,396,211,211,226,206,206,282,282,293,293,293,173,173,173,188,188,188,188,205,215,228,248,248,248],"floor_reached":51,"playtime":1433,"items_purged":["Strike_G","Strike_G","Strike_G","Strike_G"],"score":1162,"play_id":"4e796aed-9bca-4255-b188-5848196bc1fa","local_time":"20190201031809","is_ascension_mode":true,"campfire_choices":[{"data":"Deadly Poison","floor":6,"key":"SMITH"},{"data":"Noxious Fumes","floor":11,"key":"SMITH"},{"data":"Noxious Fumes","floor":13,"key":"SMITH"},{"data":"Deadly Poison","floor":15,"key":"SMITH"},{"data":"Wraith Form v2","floor":23,"key":"SMITH"},{"floor":25,"key":"REST"},{"data":"Neutralize","floor":27,"key":"SMITH"},{"data":"Adrenaline","floor":29,"key":"SMITH"},{"data":"Calculated Gamble","floor":32,"key":"SMITH"},{"data":"Panacea","floor":40,"key":"SMITH"},{"data":"Concentrate","floor":42,"key":"SMITH"},{"data":"Enlightenment","floor":44,"key":"SMITH"},{"data":"Backflip","floor":49,"key":"SMITH"}],"neow_cost":"PERCENT_DAMAGE","seed_source_timestamp":4262681575348,"circlet_count":0,"master_deck":["AscendersBane","Defend_G","Defend_G","Defend_G","Defend_G","Defend_G","Strike_G","Survivor","Neutralize+1","Deadly Poison+1","Backflip+1","Wraith Form v2+1","Noxious Fumes+1","Noxious Fumes+1","Deadly Poison+1","After Image","Crippling Poison+1","Concentrate+1","Adrenaline+1","Enlightenment+1","Calculated Gamble+1","Storm of Steel","Tactician+1","Wraith Form v2+1","Panacea+1","Crippling Poison+1","Deadly Poison+1"],"relics":["Ring of the Snake","Juzu Bracelet","Runic Pyramid","Red Mask","The Courier","Coffee Dripper","Gambling Chip"],"potions_floor_usage":[2,18,50,50,50],"damage_taken":[{"damage":1,"enemies":"2 Louse","floor":1,"turns":3},{"damage":4,"enemies":"Small Slimes","floor":2,"turns":3},{"damage":0,"enemies":"Cultist","floor":3,"turns":4},{"damage":4,"enemies":"2 Fungi Beasts","floor":5,"turns":5},{"damage":4,"enemies":"Gremlin Gang","floor":7,"turns":7},{"damage":4,"enemies":"Blue Slaver","floor":10,"turns":5},{"damage":8,"enemies":"3 Louse","floor":14,"turns":3},{"damage":3,"enemies":"Hexaghost","floor":16,"turns":7},{"damage":7,"enemies":"2 Thieves","floor":18,"turns":5},{"damage":34,"enemies":"Masked Bandits","floor":19,"turns":4},{"damage":0,"enemies":"Spheric Guardian","floor":20,"turns":4},{"damage":3,"enemies":"Centurion and Healer","floor":21,"turns":5},{"damage":2,"enemies":"Cultist and Chosen","floor":22,"turns":5},{"damage":0,"enemies":"Snecko","floor":24,"turns":6},{"damage":4,"enemies":"Centurion and Healer","floor":30,"turns":6},{"damage":1,"enemies":"Champ","floor":33,"turns":12},{"damage":14,"enemies":"3 Darklings","floor":35,"turns":5},{"damage":0,"enemies":"Orb Walker","floor":41,"turns":5},{"damage":0,"enemies":"Maw","floor":45,"turns":7},{"damage":3,"enemies":"Writhing Mass","floor":46,"turns":7},{"damage":0,"enemies":"Jaw Worm Horde","floor":47,"turns":4},{"damage":0,"enemies":"Maw","floor":48,"turns":7},{"damage":35,"enemies":"Awakened One","floor":50,"turns":13}],"seed_played":"-7274981087206966918","potions_obtained":[{"floor":1,"key":"Fire Potion"},{"floor":5,"key":"GamblersBrew"},{"floor":10,"key":"Swift Potion"},{"floor":16,"key":"Poison Potion"},{"floor":21,"key":"Explosive Potion"},{"floor":31,"key":"PowerPotion"},{"floor":47,"key":"EntropicBrew"}],"is_trial":false,"path_per_floor":["M","M","M","?","M","R","M","$","T","M","R","$","R","M","R","B",null,"M","?","M","M","M","R","M","R","T","R","$","R","M","?","R","B",null,"M","?","?","$","?","R","M","R","T","R","M","M","M","M","R","B",null],"character_chosen":"THE_SILENT","items_purchased":["Noxious Fumes","Enlightenment"],"campfire_rested":1,"item_purchase_floors":[8,28],"current_hp_per_floor":[43,39,39,39,35,35,31,31,31,27,27,27,27,19,19,16,54,47,13,13,10,8,8,8,27,27,27,27,27,23,23,23,22,55,41,41,41,41,41,41,41,41,41,41,41,38,38,38,38,18],"gold":248,"neow_bonus":"TWO_FIFTY_GOLD","is_prod":false,"is_daily":false,"chose_seed":false,"campfire_upgraded":12,"win_rate":0,"timestamp":1548962289,"path_taken":["M","M","M","?","M","R","M","$","T","M","R","$","R","M","R","BOSS","M","?","M","M","M","R","M","R","T","R","$","R","M","?","R","BOSS","M","?","?","$","?","R","M","R","T","R","M","M","M","M","R","BOSS"],"build_version":"2019-01-23","purchased_purges":4,"victory":true,"max_hp_per_floor":[66,66,66,66,66,66,66,66,66,66,66,66,66,66,66,66,66,66,66,66,66,66,66,66,66,66,66,66,66,66,66,66,66,66,66,66,66,66,66,66,66,66,66,66,66,66,66,66,66,66],"card_choices":[{"not_picked":["Infinite Blades","Sucker Punch"],"picked":"Deadly Poison","floor":1},{"not_picked":["Poisoned Stab","Dodge and Roll"],"picked":"Backflip","floor":2},{"not_picked":["Choke","Underhanded Strike","Bane"],"picked":"SKIP","floor":3},{"not_picked":["Prepared","Dagger Spray"],"picked":"Wraith Form v2","floor":5},{"not_picked":["All Out Attack","Dodge and Roll","Acrobatics"],"picked":"SKIP","floor":7},{"not_picked":["Outmaneuver","Acrobatics"],"picked":"Noxious Fumes","floor":10},{"not_picked":["Outmaneuver","Caltrops"],"picked":"Deadly Poison","floor":14},{"not_picked":["Doppelganger","Glass Knife"],"picked":"After Image","floor":16},{"not_picked":["Riddle With Holes","PiercingWail"],"picked":"Crippling Poison+1","floor":18},{"not_picked":["Acrobatics+1","Blade Dance"],"picked":"Concentrate","floor":19},{"not_picked":["Outmaneuver","Backflip","Setup"],"picked":"SKIP","floor":20},{"not_picked":["Outmaneuver","Dagger Throw","Skewer"],"picked":"SKIP","floor":21},{"not_picked":["Slice","Footwork","Heel Hook"],"picked":"SKIP","floor":22},{"not_picked":["PiercingWail","Dagger Spray"],"picked":"Adrenaline","floor":24},{"not_picked":["Deadly Poison","Bane"],"picked":"Calculated Gamble","floor":30},{"not_picked":["Unload","Tools of the Trade"],"picked":"Storm of Steel","floor":33},{"not_picked":["Deadly Poison","Sucker Punch+1"],"picked":"Tactician+1","floor":35},{"not_picked":["Violence","Swift Strike"],"picked":"Panacea","floor":39},{"not_picked":["Prepared","Dagger Spray","Blade Dance"],"picked":"SKIP","floor":41},{"not_picked":["Slice","Underhanded Strike","Cloak And Dagger"],"picked":"SKIP","floor":45},{"not_picked":["Finisher","Dash+1"],"picked":"Crippling Poison+1","floor":46},{"not_picked":["Dagger Spray+1","Sucker Punch+1","Concentrate"],"picked":"SKIP","floor":47},{"not_picked":["Tools of the Trade","Poisoned Stab"],"picked":"Deadly Poison+1","floor":48}],"player_experience":2435399,"relics_obtained":[{"floor":9,"key":"Juzu Bracelet"},{"floor":19,"key":"Red Mask"},{"floor":26,"key":"The Courier"},{"floor":43,"key":"Gambling Chip"}],"event_choices":[{"damage_healed":0,"gold_gain":0,"player_choice":"Ignored","damage_taken":0,"max_hp_gain":0,"max_hp_loss":0,"event_name":"Liars Game","floor":4,"gold_loss":0},{"damage_healed":0,"gold_gain":0,"player_choice":"Fought Bandits","damage_taken":0,"max_hp_gain":0,"max_hp_loss":0,"event_name":"Masked Bandits","floor":19,"gold_loss":0},{"damage_healed":0,"gold_gain":0,"player_choice":"Bought 1 Potion","damage_taken":0,"max_hp_gain":0,"max_hp_loss":0,"event_name":"The Woman in Blue","floor":31,"gold_loss":0},{"damage_healed":0,"gold_gain":0,"player_choice":"Ignored","damage_taken":0,"max_hp_gain":0,"max_hp_loss":0,"event_name":"Mysterious Sphere","floor":36,"gold_loss":0},{"damage_healed":0,"gold_gain":0,"player_choice":"Copied","damage_taken":0,"max_hp_gain":0,"max_hp_loss":0,"event_name":"Duplicator","floor":37,"gold_loss":0,"cards_obtained":["Wraith Form v2"]},{"damage_healed":0,"gold_gain":0,"player_choice":"Memory 1","damage_taken":0,"max_hp_gain":0,"max_hp_loss":0,"event_name":"SensoryStone","floor":39,"gold_loss":0}],"is_beta":false,"boss_relics":[{"not_picked":["Philosopher\u0027s Stone","Snecko Eye"],"picked":"Runic Pyramid"},{"not_picked":["Cursed Key","Runic Dome"],"picked":"Coffee Dripper"}],"items_purged_floors":[8,12,28,38],"is_endless":false,"potions_floor_spawned":[1,5,10,14,16,21,30,35,47],"ascension_level":16}