{"gold_per_floor":[363,72,92,107,121,121,131,131,131,142,157,157,232,244,244,344,344,362,461,461,479,131,131,157,157,157,175,195,214,214,249,249,350,350,369,369,23,23,38,49,0,0,0,11,21,40,40,60,60,60],"floor_reached":51,"playtime":1646,"items_purged":["Strike_G","Strike_G"],"score":735,"play_id":"8a0c78d1-cec3-4749-a700-4dc0c0706f80","local_time":"20181017134855","is_ascension_mode":false,"campfire_choices":[{"data":"Catalyst","floor":6.0,"key":"SMITH"},{"data":"Catalyst","floor":8.0,"key":"SMITH"},{"data":"Catalyst","floor":12.0,"key":"SMITH"},{"data":"Burst","floor":15.0,"key":"SMITH"},{"data":"Noxious Fumes","floor":23.0,"key":"SMITH"},{"data":"Footwork","floor":25.0,"key":"SMITH"},{"floor":30,"key":"REST"},{"data":"Exhume","floor":32,"key":"SMITH"},{"data":"Burst","floor":42,"key":"SMITH"},{"floor":47,"key":"REST"},{"floor":49,"key":"REST"}],"neow_cost":"PERCENT_DAMAGE","seed_source_timestamp":11982359216648,"circlet_count":0,"master_deck":["Defend_G","Defend_G","Defend_G","Defend_G","Defend_G","Strike_G","Strike_G","Strike_G","Survivor","Poisoned Stab","Burst+1","Catalyst+1","Footwork+1","Catalyst+1","Catalyst+1","Noxious Fumes+1","Corpse Explosion","Deflect","Backflip","Exhume+1","Shrug It Off","Undo","Leap+1","Burst+1","Backflip","Night Terror","Night Terror","Sunder+1","Turbo+1","Glacier+1","Uppercut+1"],"special_seed":0,"relics":["Ring of the Snake","Ice Cream","Cursed Key","Tough Bandages","PrismaticShard","Torii","Velvet Choker","TwistedFunnel","Red Mask"],"potions_floor_usage":[28,40,50,50],"damage_taken":[{"damage":0.0,"enemies":"Small Slimes","floor":1.0,"turns":4.0},{"damage":0.0,"enemies":"Jaw Worm","floor":3.0,"turns":4.0},{"damage":0.0,"enemies":"Cultist","floor":4.0,"turns":4.0},{"damage":12.0,"enemies":"Exordium Thugs","floor":5.0,"turns":5.0},{"damage":1.0,"enemies":"Large Slime","floor":7.0,"turns":6.0},{"damage":6.0,"enemies":"Exordium Wildlife","floor":10.0,"turns":5.0},{"damage":0.0,"enemies":"Looter","floor":11.0,"turns":3.0},{"damage":4.0,"enemies":"Gremlin Gang","floor":14.0,"turns":4.0},{"damage":6.0,"enemies":"Hexaghost","floor":16.0,"turns":5.0},{"damage":0.0,"enemies":"Spheric Guardian","floor":18.0,"turns":3.0},{"damage":9.0,"enemies":"3 Byrds","floor":21.0,"turns":4.0},{"damage":15.0,"enemies":"Slavers","floor":24.0,"turns":4.0},{"damage":9,"enemies":"Centurion and Healer","floor":27,"turns":4},{"damage":0,"enemies":"Chosen and Byrds","floor":28,"turns":5},{"damage":8,"enemies":"Snake Plant","floor":29,"turns":3},{"damage":1,"enemies":"Book of Stabbing","floor":31,"turns":5},{"damage":9,"enemies":"Automaton","floor":33,"turns":8},{"damage":0,"enemies":"Orb Walker","floor":35,"turns":3},{"damage":0,"enemies":"3 Shapes","floor":39,"turns":4},{"damage":0,"enemies":"3 Darklings","floor":40,"turns":4},{"damage":21,"enemies":"Reptomancer","floor":44,"turns":3},{"damage":0,"enemies":"Sphere and 2 Shapes","floor":45,"turns":3},{"damage":18,"enemies":"Maw","floor":46,"turns":4},{"damage":0,"enemies":"Spire Growth","floor":48,"turns":2},{"damage":24,"enemies":"Donu and Deca","floor":50,"turns":3}],"seed_played":"3694858906588948937","potions_obtained":[{"floor":5.0,"key":"PowerPotion"},{"floor":10.0,"key":"SkillPotion"},{"floor":11.0,"key":"SteroidPotion"},{"floor":21.0,"key":"Swift Potion"},{"floor":24.0,"key":"Swift Potion"},{"floor":33,"key":"Weak Potion"},{"floor":40,"key":"Fire Potion"},{"floor":45,"key":"Poison Potion"}],"is_trial":false,"path_per_floor":["M","$","M","M","M","R","M","R","T","M","M","R","?","M","R","B",null,"M","?","?","M","$","R","E","R","T","M","M","M","R","E","R","B",null,"M","?","$","?","M","M","?","R","T","M","M","M","R","M","R","B"],"character_chosen":"THE_SILENT","items_purchased":["Burst","Catalyst","Footwork","PrismaticShard","Energy Potion","Night Terror","TwistedFunnel"],"campfire_rested":3,"item_purchase_floors":[2,2,2,22,22,37,37],"current_hp_per_floor":[49,49,49,49,37,37,36,36,36,30,30,30,19,15,15,9,70,70,70,70,61,61,61,46,46,46,37,37,29,50,49,49,40,70,70,70,70,70,70,70,70,70,70,49,49,31,52,52,70,46],"gold":60,"neow_bonus":"TWO_FIFTY_GOLD","is_prod":false,"is_daily":false,"chose_seed":false,"campfire_upgraded":8,"win_rate":0,"timestamp":1539755335,"path_taken":["M","$","M","M","M","R","M","R","T","M","M","R","?","M","R","BOSS","M","?","?","?","$","R","E","R","T","M","M","M","R","E","R","BOSS","M","?","$","?","M","M","?","R","T","M","?","M","R","M","R","BOSS"],"build_version":"2018-10-11","purchased_purges":2,"victory":true,"max_hp_per_floor":[70,70,70,70,70,70,70,70,70,70,70,70,70,70,70,70,70,70,70,70,70,70,70,70,70,70,70,70,70,70,70,70,70,70,70,70,70,70,70,70,70,70,70,70,70,70,70,70,70,70],"card_choices":[{"not_picked":["Quick Slash","Setup"],"picked":"Poisoned Stab","floor":1.0},{"not_picked":["Bane","Slice","Sucker Punch"],"picked":"SKIP","floor":3.0},{"not_picked":["Slice","All Out Attack"],"picked":"Catalyst","floor":4.0},{"not_picked":["Cloak And Dagger","Bouncing Flask"],"picked":"Catalyst","floor":5.0},{"not_picked":["Calculated Gamble","Heel Hook","Masterful Stab"],"picked":"SKIP","floor":7.0},{"not_picked":["Quick Slash","Deadly Poison"],"picked":"Noxious Fumes","floor":10.0},{"not_picked":["Dodge and Roll","PiercingWail","Slice"],"picked":"SKIP","floor":11.0},{"not_picked":["Dodge and Roll","Skewer","PiercingWail"],"picked":"SKIP","floor":14.0},{"not_picked":["A Thousand Cuts","Adrenaline"],"picked":"Corpse Explosion","floor":16.0},{"not_picked":["Deflect","Underhanded Strike+1","Cloak And Dagger+1"],"picked":"SKIP","floor":18.0},{"not_picked":["Underhanded Strike+1","Cloak And Dagger+1"],"picked":"Deflect","floor":18.0},{"not_picked":["Dagger Throw+1","Quick Slash"],"picked":"Backflip","floor":21.0},{"not_picked":["Outmaneuver+1","Ball Lightning"],"picked":"Exhume","floor":24.0},{"not_picked":["Twin Strike+1","Cloak And Dagger"],"picked":"Shrug It Off","floor":27},{"not_picked":["Sucker Punch+1","PiercingWail","PiercingWail"],"picked":"SKIP","floor":28},{"not_picked":["Dodge and Roll","Dagger Spray"],"picked":"Undo","floor":29},{"not_picked":["Blur","Thinking Ahead"],"picked":"Leap+1","floor":31},{"not_picked":["Multi-Cast","Limit Break"],"picked":"Burst","floor":33},{"not_picked":["Perfected Strike","Havoc+1"],"picked":"Backflip","floor":35},{"not_picked":["Masterful Stab+1","Skewer"],"picked":"Sunder+1","floor":39},{"not_picked":["Prepared","Armaments+1"],"picked":"Turbo+1","floor":40},{"not_picked":["Rebound+1","Infinite Blades+1"],"picked":"Glacier+1","floor":44},{"not_picked":["Dagger Throw","Distraction","Cleave"],"picked":"SKIP","floor":45},{"not_picked":["Swift Strike+1","Dagger Spray+1","Cloak And Dagger"],"picked":"SKIP","floor":46},{"not_picked":["Dual Wield","Outmaneuver"],"picked":"Uppercut+1","floor":48}],"player_experience":284461,"relics_obtained":[{"floor":9.0,"key":"Ice Cream"},{"floor":24.0,"key":"Torii"}],"event_choices":[{"event_name":"World of Goop","player_choice":"Gather Gold","floor":13.0,"damage_taken":0.0},{"event_name":"Nest","player_choice":"Stole From Cult","floor":19.0,"damage_taken":0.0},{"event_name":"WeMeetAgain","player_choice":"Potion","floor":20.0,"damage_taken":0.0},{"event_name":"Falling","player_choice":"Removed Attack","floor":36,"damage_taken":0},{"event_name":"Duplicator","player_choice":"One dupe","floor":38,"damage_taken":0},{"event_name":"Tomb of Lord Red Mask","player_choice":"Paid","floor":41,"damage_taken":0}],"is_beta":false,"boss_relics":[{"not_picked":["HoveringKite","Pandora\u0027s Box"],"picked":"Cursed Key"},{"not_picked":["Busted Crown","Black Star"],"picked":"Velvet Choker"}],"items_purged_floors":[2,22],"is_endless":false,"potions_floor_spawned":[5,10,11,21,24,33,35,40,45],"ascension_level":0}