{"gold_per_floor":[118,118,134,134,147,147,171,171,171,194,194,215,254,269,269,364,364,388,407,9,9,9,9],"floor_reached":23,"playtime":661,"items_purged":["Strike_G"],"score":338,"play_id":"e0d17a92-0b4a-497d-a846-83e8f98b00a7","local_time":"20190219185513","is_ascension_mode":true,"campfire_choices":[{"data":"Neutralize","floor":6.0,"key":"SMITH"},{"data":"Blade Dance","floor":8.0,"key":"SMITH"},{"data":"Noxious Fumes","floor":15.0,"key":"SMITH"}],"neow_cost":"NONE","seed_source_timestamp":168894325700418,"circlet_count":0,"master_deck":["AscendersBane","Defend_G","Defend_G","Defend_G","Defend_G","Defend_G","Strike_G","Strike_G","Strike_G","Survivor","Neutralize+1","Outmaneuver","Doppelganger","Blade Dance+1","Noxious Fumes+1","Storm of Steel","Terror","Concentrate"],"special_seed":0,"relics":["Ring of the Snake","NeowsBlessing","Golden Idol","Ice Cream","Pocketwatch","Dead Branch","Black Star","Paper Crane","MutagenicStrength"],"potions_floor_usage":[23,23],"damage_taken":[{"damage":0.0,"enemies":"Jaw Worm","floor":1.0,"turns":1.0},{"damage":0.0,"enemies":"Cultist","floor":3.0,"turns":1.0},{"damage":0.0,"enemies":"Small Slimes","floor":5.0,"turns":1.0},{"damage":16.0,"enemies":"Red Slaver","floor":7.0,"turns":6.0},{"damage":10.0,"enemies":"3 Louse","floor":10.0,"turns":4.0},{"damage":0.0,"enemies":"Large Slime","floor":12.0,"turns":4.0},{"damage":3.0,"enemies":"Lagavulin","floor":13.0,"turns":8.0},{"damage":3.0,"enemies":"Looter","floor":14.0,"turns":4.0},{"damage":20.0,"enemies":"Slime Boss","floor":16.0,"turns":6.0},{"damage":14.0,"enemies":"Spheric Guardian","floor":18.0,"turns":5.0},{"damage":23.0,"enemies":"2 Thieves","floor":19.0,"turns":4.0},{"damage":26,"enemies":"Slavers","floor":23,"turns":3}],"seed_played":"8857144163325724412","potions_obtained":[{"floor":1.0,"key":"PowerPotion"},{"floor":3.0,"key":"FearPotion"},{"floor":13.0,"key":"Weak Potion"},{"floor":22,"key":"Regen Potion"}],"is_trial":false,"path_per_floor":["M","?","M","?","M","R","M","R","T","M","T","M","E","M","R","B",null,"M","M","$","?","?","E"],"character_chosen":"THE_SILENT","items_purchased":["Concentrate","Paper Crane"],"campfire_rested":0,"item_purchase_floors":[20,20],"current_hp_per_floor":[59,59,59,59,59,59,43,43,43,33,33,33,30,27,27,7,47,33,10,10,10,10,0],"gold":9,"neow_bonus":"THREE_ENEMY_KILL","is_prod":false,"is_daily":false,"chose_seed":false,"campfire_upgraded":3,"win_rate":0,"timestamp":1550573713,"path_taken":["M","?","M","?","M","R","M","R","T","?","?","M","E","M","R","BOSS","M","M","$","?","?","E"],"build_version":"2019-01-23","purchased_purges":1,"victory":false,"max_hp_per_floor":[66,60,60,60,60,60,60,60,60,60,60,60,60,60,60,60,60,60,60,60,60,60,60],"card_choices":[{"not_picked":["Concentrate","All Out Attack"],"picked":"Outmaneuver","floor":1.0},{"not_picked":["Blade Dance","Endless Agony","Outmaneuver"],"picked":"SKIP","floor":3.0},{"not_picked":["Deflect","Sucker Punch"],"picked":"Doppelganger","floor":5.0},{"not_picked":["Blur","Endless Agony"],"picked":"Blade Dance","floor":7.0},{"not_picked":["Crippling Poison","Blade Dance","Deflect"],"picked":"SKIP","floor":10.0},{"not_picked":["Blade Dance","Expertise"],"picked":"Noxious Fumes","floor":12.0},{"not_picked":["Deadly Poison","Sucker Punch","Acrobatics"],"picked":"SKIP","floor":13.0},{"not_picked":["Deflect","Outmaneuver","Flying Knee"],"picked":"SKIP","floor":14.0},{"not_picked":["Malaise","Doppelganger"],"picked":"Storm of Steel","floor":16.0},{"not_picked":["Flying Knee","Outmaneuver","Deflect"],"picked":"SKIP","floor":18.0},{"not_picked":["Sucker Punch","Flying Knee"],"picked":"Terror","floor":19.0}],"player_experience":843435,"relics_obtained":[{"floor":9.0,"key":"Ice Cream"},{"floor":11.0,"key":"Pocketwatch"},{"floor":13.0,"key":"Dead Branch"}],"event_choices":[{"damage_healed":0.0,"max_hp_gain":0.0,"max_hp_loss":6.0,"gold_gain":0.0,"event_name":"Golden Idol","player_choice":"Lose Max HP","floor":2.0,"gold_loss":0.0,"damage_taken":0.0,"relics_obtained":["Golden Idol"]},{"cards_removed":["Strike_G"],"damage_healed":0.0,"max_hp_gain":0.0,"max_hp_loss":0.0,"gold_gain":0.0,"event_name":"Bonfire Elementals","player_choice":"Offered Basic","floor":4.0,"gold_loss":0.0,"damage_taken":0.0},{"damage_healed":0,"gold_gain":0,"player_choice":"Inject Mutagens","damage_taken":0,"relics_obtained":["MutagenicStrength"],"max_hp_gain":0,"max_hp_loss":0,"event_name":"Drug Dealer","floor":21,"gold_loss":0},{"damage_healed":0,"gold_gain":0,"player_choice":"Got Potions","damage_taken":0,"max_hp_gain":0,"max_hp_loss":0,"event_name":"Lab","floor":22,"gold_loss":0}],"is_beta":false,"boss_relics":[{"not_picked":["Runic Pyramid","Orrery"],"picked":"Black Star"}],"items_purged_floors":[20],"is_endless":false,"potions_floor_spawned":[1,3,13,16],"killed_by":"Slavers","ascension_level":15}