{"gold_per_floor":[110,110,125,145,145,145,171,171,171,171,201,49,79,93,93,171,171,187,201,121,133,159,159,187,187,211,233,272,284,296,328,340,429,441,464,488,216,263,143,173,173,205,205,205,205,219,219,236,236,236,236,236,236,96,126,126],"floor_reached":56,"playtime":4745,"items_purged":["Strike_R","Normality","Strike_R","Strike_R","Bash"],"score":1922,"play_id":"09504932-837b-40df-847f-28fc6bc64a2a","local_time":"20190308125113","is_ascension_mode":true,"campfire_choices":[{"data":"Sword Boomerang","floor":6.0,"key":"SMITH"},{"data":"Inflame","floor":8.0,"key":"SMITH"},{"data":"Demon Form","floor":10.0,"key":"SMITH"},{"data":"Shockwave","floor":15.0,"key":"SMITH"},{"data":"Limit Break","floor":23.0,"key":"SMITH"},{"data":"Exhume","floor":25.0,"key":"SMITH"},{"data":"Burning Pact","floor":32.0,"key":"SMITH"},{"data":"True Grit","floor":41.0,"key":"SMITH"},{"data":"Offering","floor":45.0,"key":"SMITH"},{"data":"Dual Wield","floor":47.0,"key":"SMITH"},{"floor":49.0,"key":"RECALL"},{"data":"Evolve","floor":53.0,"key":"SMITH"}],"neow_cost":"NONE","seed_source_timestamp":1261809607917,"circlet_count":0,"master_deck":["AscendersBane","Strike_R","Defend_R+1","Defend_R","Defend_R","Defend_R","Demon Form+1","Inflame+1","Exhume+1","Sword Boomerang+1","Flex","Reaper","Shockwave+1","Feel No Pain","Limit Break+1","Decay","Parasite","Evolve+1","Offering+1","Burning Pact+1","Impervious","True Grit+1","Thinking Ahead","PanicButton+1","Dual Wield+1"],"special_seed":0,"relics":["Burning Blood","Mummified Hand","Bag of Preparation","Meat on the Bone","Kunai","Matryoshka","Calling Bell","Vajra","The Courier","Bird Faced Urn","Red Mask","Blue Candle","PreservedInsect","MawBank","Omamori","Dodecahedron","MutagenicStrength","Lizard Tail","Brimstone","Turnip","Strawberry","Ancient Tea Set","Regal Pillow","War Paint"],"potions_floor_usage":[56,56],"damage_taken":[{"damage":2.0,"enemies":"Cultist","floor":1.0,"turns":4.0},{"damage":9.0,"enemies":"Jaw Worm","floor":3.0,"turns":5.0},{"damage":9.0,"enemies":"Small Slimes","floor":4.0,"turns":4.0},{"damage":21.0,"enemies":"Gremlin Nob","floor":7.0,"turns":4.0},{"damage":25.0,"enemies":"Lagavulin","floor":11.0,"turns":6.0},{"damage":35.0,"enemies":"3 Sentries","floor":13.0,"turns":6.0},{"damage":8.0,"enemies":"Looter","floor":14.0,"turns":4.0},{"damage":56.0,"enemies":"Hexaghost","floor":16.0,"turns":8.0},{"damage":30.0,"enemies":"2 Thieves","floor":18.0,"turns":4.0},{"damage":19.0,"enemies":"Chosen","floor":19.0,"turns":5.0},{"damage":25.0,"enemies":"Centurion and Healer","floor":21.0,"turns":5.0},{"damage":58.0,"enemies":"Masked Bandits","floor":22.0,"turns":6.0},{"damage":66.0,"enemies":"Gremlin Leader","floor":24.0,"turns":7.0},{"damage":31.0,"enemies":"Sentry and Sphere","floor":27.0,"turns":4.0},{"damage":86.0,"enemies":"Book of Stabbing","floor":28.0,"turns":6.0},{"damage":18.0,"enemies":"Cultist and Chosen","floor":31.0,"turns":4.0},{"damage":78.0,"enemies":"Collector","floor":33.0,"turns":7.0},{"damage":29.0,"enemies":"3 Darklings","floor":35.0,"turns":4.0},{"damage":18.0,"enemies":"3 Shapes","floor":36.0,"turns":3.0},{"damage":34.0,"enemies":"2 Orb Walkers","floor":38.0,"turns":3.0},{"damage":41.0,"enemies":"Giant Head","floor":40.0,"turns":6.0},{"damage":61.0,"enemies":"Reptomancer","floor":42.0,"turns":5.0},{"damage":14.0,"enemies":"Transient","floor":46.0,"turns":4.0},{"damage":34.0,"enemies":"3 Darklings","floor":48.0,"turns":4.0},{"damage":110.0,"enemies":"Awakened One","floor":50.0,"turns":7.0},{"damage":112.0,"enemies":"Donu and Deca","floor":51.0,"turns":6.0},{"damage":54.0,"enemies":"Shield and Spear","floor":55.0,"turns":3.0},{"damage":132,"enemies":"The Heart","floor":56,"turns":5}],"seed_played":"4595192055225487342","potions_obtained":[{"floor":1.0,"key":"SpeedPotion"},{"floor":11.0,"key":"AttackPotion"},{"floor":13.0,"key":"GamblersBrew"},{"floor":19.0,"key":"SpeedPotion"},{"floor":21.0,"key":"SkillPotion"},{"floor":28.0,"key":"SkillPotion"},{"floor":33.0,"key":"SteroidPotion"},{"floor":42.0,"key":"Strength Potion"}],"is_trial":false,"path_per_floor":["M","?","M","M","?","R","E","R","T","R","E","$","E","M","R","B",null,"M","M","$","M","?","R","E","R","T","M","E","?","?","M","R","B",null,"M","M","$","?","$","E","R","E","T","?","R","M","R","M","R","B","B",null,"R","$","E","B"],"character_chosen":"IRONCLAD","items_purchased":["Reaper","Brimstone"],"campfire_rested":0,"item_purchase_floors":[12,37],"current_hp_per_floor":[72,72,69,66,55,55,40,40,40,40,33,33,46,63,63,59,71,51,65,65,71,59,59,75,75,75,72,46,46,46,75,75,55,70,67,66,66,44,44,82,82,82,82,72,72,82,82,82,82,48,36,71,71,71,63,23],"gold":126,"neow_bonus":"ONE_RANDOM_RARE_CARD","is_prod":false,"is_daily":false,"chose_seed":false,"campfire_upgraded":11,"win_rate":0,"timestamp":1552020673,"path_taken":["M","?","M","M","?","R","E","R","T","R","E","$","E","M","R","BOSS","M","M","$","M","?","R","E","R","T","M","E","?","?","M","R","BOSS","M","M","$","?","$","E","R","E","T","?","R","M","R","M","R","BOSS","BOSS","R","$","E","BOSS"],"build_version":"2019-01-23","purchased_purges":5,"victory":false,"max_hp_per_floor":[75,75,75,75,75,75,75,75,75,75,75,75,75,75,75,75,75,75,75,75,75,75,75,75,75,75,75,75,75,75,75,75,75,75,75,75,75,75,75,82,82,82,82,82,82,82,82,82,82,82,82,82,82,82,82,82],"card_choices":[{"not_picked":["Perfected Strike","Armaments"],"picked":"Inflame","floor":1.0},{"not_picked":["Hemokinesis","Exhume"],"picked":"Sword Boomerang","floor":3.0},{"not_picked":["Warcry","Twin Strike"],"picked":"Flex","floor":4.0},{"not_picked":["Body Slam","Thunderclap","Perfected Strike"],"picked":"SKIP","floor":7.0},{"not_picked":["Warcry","Bludgeon","Flex"],"picked":"SKIP","floor":11.0},{"not_picked":["Bloodletting","Seeing Red"],"picked":"Shockwave","floor":13.0},{"not_picked":["Heavy Blade","Feel No Pain","Headbutt"],"picked":"SKIP","floor":14.0},{"not_picked":["Heavy Blade","Headbutt"],"picked":"Feel No Pain","floor":14.0},{"not_picked":["Berserk","Fiend Fire"],"picked":"Limit Break","floor":16.0},{"not_picked":["Hemokinesis","Body Slam","Sword Boomerang"],"picked":"SKIP","floor":18.0},{"not_picked":["Iron Wave","Havoc","Infernal Blade"],"picked":"SKIP","floor":19.0},{"not_picked":["Blood for Blood","Warcry"],"picked":"Evolve","floor":21.0},{"not_picked":["Intimidate","Entrench","Perfected Strike"],"picked":"SKIP","floor":24.0},{"not_picked":["Anger","Headbutt"],"picked":"Offering","floor":27.0},{"not_picked":["Sword Boomerang","Spot Weakness","Pommel Strike"],"picked":"SKIP","floor":28.0},{"not_picked":["Headbutt","Body Slam"],"picked":"Burning Pact","floor":31.0},{"not_picked":["Fiend Fire","Double Tap"],"picked":"Impervious","floor":33.0},{"not_picked":["Power Through","Sentinel"],"picked":"True Grit","floor":35.0},{"not_picked":["Reckless Charge","Iron Wave","Dropkick"],"picked":"SKIP","floor":36.0},{"not_picked":["Sword Boomerang","Clothesline+1","Seeing Red"],"picked":"SKIP","floor":40.0},{"not_picked":["Flex","Bludgeon","Infernal Blade"],"picked":"SKIP","floor":42.0},{"not_picked":["Chrysalis","Deep Breath"],"picked":"Thinking Ahead","floor":44.0},{"not_picked":["Transmutation","Good Instincts"],"picked":"PanicButton","floor":44.0},{"not_picked":["Pommel Strike","Fire Breathing"],"picked":"Dual Wield","floor":46.0},{"not_picked":["Dropkick","Pommel Strike","Cleave+1"],"picked":"SKIP","floor":48.0},{"not_picked":["Pummel","Anger","Body Slam"],"picked":"SKIP","floor":55.0}],"player_experience":3398324,"relics_obtained":[{"floor":7.0,"key":"Bag of Preparation"},{"floor":9.0,"key":"Meat on the Bone"},{"floor":11.0,"key":"Kunai"},{"floor":13.0,"key":"Matryoshka"},{"floor":17.0,"key":"Vajra"},{"floor":17.0,"key":"The Courier"},{"floor":17.0,"key":"Bird Faced Urn"},{"floor":22.0,"key":"Red Mask"},{"floor":24.0,"key":"Blue Candle"},{"floor":26.0,"key":"PreservedInsect"},{"floor":26.0,"key":"MawBank"},{"floor":28.0,"key":"Omamori"},{"floor":38.0,"key":"Turnip"},{"floor":40.0,"key":"Strawberry"},{"floor":42.0,"key":"Ancient Tea Set"},{"floor":43.0,"key":"Regal Pillow"},{"floor":55.0,"key":"War Paint"}],"event_choices":[{"damage_healed":0.0,"max_hp_gain":0.0,"max_hp_loss":0.0,"gold_gain":0.0,"cards_transformed":["Strike_R"],"event_name":"Living Wall","player_choice":"Change","floor":2.0,"gold_loss":0.0,"damage_taken":0.0,"cards_obtained":["Exhume"]},{"damage_healed":0.0,"max_hp_gain":0.0,"max_hp_loss":0.0,"gold_gain":0.0,"event_name":"Scrap Ooze","player_choice":"Success","floor":5.0,"gold_loss":0.0,"damage_taken":11.0,"relics_obtained":["Mummified Hand"]},{"damage_healed":0.0,"max_hp_gain":0.0,"max_hp_loss":0.0,"gold_gain":0.0,"event_name":"Masked Bandits","player_choice":"Fought Bandits","floor":22.0,"gold_loss":0.0,"damage_taken":0.0},{"damage_healed":0.0,"max_hp_gain":0.0,"max_hp_loss":0.0,"gold_gain":0.0,"event_name":"The Mausoleum","player_choice":"Opened","floor":29.0,"gold_loss":0.0,"damage_taken":0.0,"relics_obtained":["Dodecahedron"],"cards_obtained":["Writhe"]},{"damage_healed":0.0,"max_hp_gain":0.0,"max_hp_loss":0.0,"gold_gain":0.0,"event_name":"Drug Dealer","player_choice":"Inject Mutagens","floor":30.0,"gold_loss":0.0,"damage_taken":0.0,"relics_obtained":["MutagenicStrength"]},{"damage_healed":0.0,"max_hp_gain":0.0,"max_hp_loss":0.0,"gold_gain":0.0,"event_name":"Mysterious Sphere","player_choice":"Fight","floor":38.0,"gold_loss":0.0,"damage_taken":0.0},{"damage_healed":0.0,"max_hp_gain":0.0,"max_hp_loss":0.0,"gold_gain":0.0,"event_name":"SensoryStone","player_choice":"Memory 3","floor":44.0,"gold_loss":0.0,"damage_taken":10.0}],"is_beta":false,"boss_relics":[{"not_picked":["Tiny House","Fusion Hammer"],"picked":"Calling Bell"},{"not_picked":["Runic Cube","White Beast Statue"],"picked":"Lizard Tail"}],"items_purged_floors":[12,20,37,39,54],"is_endless":false,"potions_floor_spawned":[1,11,13,19,21,28,33,36,42,48,55],"killed_by":"The Heart","ascension_level":20}