{"gold_per_floor":[118,43,59,5,17,17,31,51,77,110,110,127,202,6,6,84,84,95,20,38,38,38,38,38],"floor_reached":24,"playtime":1358,"items_purged":["Strike_R","Strike_R"],"score":343,"play_id":"b59df02a-e093-42b0-ab4c-691ff283f715","local_time":"20190806062702","is_ascension_mode":true,"campfire_choices":[{"data":"Body Slam","floor":6,"key":"SMITH"},{"data":"Flame Barrier","floor":11,"key":"SMITH"},{"data":"Flame Barrier","floor":15,"key":"SMITH"},{"data":"Immolate","floor":23,"key":"SMITH"}],"neow_cost":"NONE","seed_source_timestamp":381437174847991,"circlet_count":0,"master_deck":["AscendersBane","Strike_R+1","Defend_R","Defend_R","Defend_R","Defend_R","Bash","Cleave","Body Slam+1","Headbutt","Flame Barrier+1","Rampage+1","Flame Barrier+1","Barricade","Brutality","Evolve","Seeing Red","Immolate+1","Rage"],"relics":["Burning Blood","Vajra","Whetstone","Oddly Smooth Stone","White Beast Statue"],"potions_floor_usage":[14,18,18,24,24],"damage_taken":[{"damage":6,"enemies":"Cultist","floor":1,"turns":4},{"damage":6,"enemies":"2 Louse","floor":3,"turns":3},{"damage":3,"enemies":"Jaw Worm","floor":5,"turns":4},{"damage":0,"enemies":"2 Fungi Beasts","floor":7,"turns":2},{"damage":6,"enemies":"Looter","floor":8,"turns":3},{"damage":45,"enemies":"Lagavulin","floor":10,"turns":8},{"damage":3,"enemies":"3 Louse","floor":12,"turns":3},{"damage":18,"enemies":"Hexaghost","floor":16,"turns":13},{"damage":29,"enemies":"Shell Parasite","floor":18,"turns":9},{"damage":16,"enemies":"2 Thieves","floor":20,"turns":4},{"damage":44,"enemies":"Book of Stabbing","floor":24,"turns":5}],"seed_played":"-3309659886297696873","potions_obtained":[{"floor":5,"key":"Dexterity Potion"},{"floor":7,"key":"SpeedPotion"},{"floor":16,"key":"Swift Potion"},{"floor":18,"key":"Energy Potion"},{"floor":20,"key":"Fire Potion"}],"is_trial":false,"path_per_floor":["M","$","M","?","M","R","M","M","T","E","R","M","?","$","R","B",null,"M","$","M","?","?","R","E"],"character_chosen":"IRONCLAD","items_purchased":["Fruit Juice","Seeing Red"],"campfire_rested":0,"item_purchase_floors":[14,19],"current_hp_per_floor":[75,75,75,75,78,78,82,82,82,43,43,46,35,40,40,28,72,49,49,39,39,39,39,0],"gold":38,"neow_bonus":"TEN_PERCENT_HP_BONUS","is_prod":false,"is_daily":false,"chose_seed":false,"campfire_upgraded":4,"win_rate":0,"timestamp":1565090822,"path_taken":["M","?","M","?","M","R","?","M","T","E","R","M","?","$","R","BOSS","M","$","M","?","?","R","E"],"build_version":"2019-07-17","purchased_purges":2,"victory":false,"max_hp_per_floor":[82,82,82,82,82,82,82,82,82,82,82,82,82,87,87,87,87,87,87,87,87,87,87,87],"card_choices":[{"not_picked":["Shrug It Off","Pummel"],"picked":"Cleave","floor":1},{"not_picked":["Wild Strike","Feel No Pain"],"picked":"Body Slam","floor":3},{"not_picked":["Dual Wield","Havoc"],"picked":"Headbutt","floor":5},{"not_picked":["Armaments","Anger"],"picked":"Flame Barrier","floor":7},{"not_picked":["Uppercut","Spot Weakness"],"picked":"Rampage","floor":8},{"not_picked":["Anger","Heavy Blade"],"picked":"Flame Barrier","floor":10},{"not_picked":["Whirlwind","Flex"],"picked":"Barricade","floor":12},{"not_picked":["Demon Form","Reaper"],"picked":"Brutality","floor":16},{"not_picked":["Rampage","Clothesline"],"picked":"Evolve","floor":18},{"not_picked":["Bloodletting","Clothesline","Headbutt"],"picked":"SKIP","floor":20}],"player_experience":457493,"relics_obtained":[{"floor":9,"key":"Whetstone"},{"floor":10,"key":"Oddly Smooth Stone"}],"event_choices":[{"damage_healed":0,"gold_gain":0,"player_choice":"Paid Gold","damage_taken":0,"relics_obtained":["Vajra"],"max_hp_gain":0,"max_hp_loss":0,"event_name":"WeMeetAgain","floor":4,"gold_loss":54},{"damage_healed":0,"gold_gain":75,"player_choice":"Gather Gold","damage_taken":11,"max_hp_gain":0,"max_hp_loss":0,"event_name":"World of Goop","floor":13,"gold_loss":0},{"damage_healed":0,"gold_gain":0,"cards_transformed":["Strike_R","Strike_R"],"player_choice":"Became Test Subject","damage_taken":0,"max_hp_gain":0,"max_hp_loss":0,"event_name":"Drug Dealer","floor":22,"gold_loss":0,"cards_obtained":["Immolate","Rage"]}],"is_beta":false,"boss_relics":[{"not_picked":["Empty Cage","Lizard Tail"],"picked":"White Beast Statue"}],"items_purged_floors":[2,14],"is_endless":false,"potions_floor_spawned":[5,7,16,18,20],"killed_by":"Book of Stabbing","ascension_level":15}