{"gold_per_floor":[112,112,112,130,144,162,192,192,216,216,234,234,159,169,169,241,241,251,95,122,72,72,72,122,142,142,142,36,36,53,66,66,143,143,158,174,124,124,137,137,165,165,165,176,188,220,231,191,191,191,191],"floor_reached":51,"playtime":2527,"items_purged":["Strike_B","Defend_B","Defend_B","Zap","Defend_B+1"],"score":1444,"play_id":"373b2f11-1bee-4214-b0da-0dfe23b1d81d","local_time":"20190117132047","is_ascension_mode":true,"campfire_choices":[{"data":"Darkness","floor":8.0,"key":"SMITH"},{"data":"Dualcast","floor":12.0,"key":"SMITH"},{"data":"Redo","floor":15.0,"key":"SMITH"},{"data":"Buffer","floor":23.0,"key":"SMITH"},{"data":"Lockon","floor":27.0,"key":"SMITH"},{"data":"Core Surge","floor":29.0,"key":"SMITH"},{"floor":32.0,"key":"RECALL"},{"floor":40.0,"key":"REST"},{"floor":42.0,"key":"REST"},{"floor":49.0,"key":"REST"}],"neow_cost":"NONE","seed_source_timestamp":261369352246,"circlet_count":0,"master_deck":["AscendersBane","Defend_B+1","Dualcast+1","Core Surge+1","Darkness+1","Redo+1","Buffer+1","Lockon+1","Coolheaded+1"],"special_seed":0,"relics":["Cracked Core","PreservedInsect","Happy Flower","Empty Cage","Smiling Mask","Mercury Hourglass","Velvet Choker","Boot","Regal Pillow"],"potions_floor_usage":[50],"damage_taken":[{"damage":1.0,"enemies":"Cultist","floor":1.0,"turns":3.0},{"damage":7.0,"enemies":"2 Louse","floor":4.0,"turns":2.0},{"damage":2.0,"enemies":"Small Slimes","floor":5.0,"turns":4.0},{"damage":1.0,"enemies":"Exordium Thugs","floor":6.0,"turns":3.0},{"damage":15.0,"enemies":"Lots of Slimes","floor":11.0,"turns":5.0},{"damage":0.0,"enemies":"3 Louse","floor":14.0,"turns":3.0},{"damage":4.0,"enemies":"The Guardian","floor":16.0,"turns":8.0},{"damage":12.0,"enemies":"3 Byrds","floor":18.0,"turns":5.0},{"damage":2.0,"enemies":"2 Thieves","floor":25.0,"turns":3.0},{"damage":0.0,"enemies":"Snake Plant","floor":30.0,"turns":2.0},{"damage":0.0,"enemies":"Centurion and Healer","floor":31.0,"turns":4.0},{"damage":0.0,"enemies":"Champ","floor":33.0,"turns":6.0},{"damage":0.0,"enemies":"Orb Walker","floor":35.0,"turns":3.0},{"damage":0.0,"enemies":"3 Darklings","floor":36.0,"turns":6.0},{"damage":5.0,"enemies":"Sphere and 2 Shapes","floor":39.0,"turns":4.0},{"damage":18.0,"enemies":"Reptomancer","floor":41.0,"turns":6.0},{"damage":0.0,"enemies":"Writhing Mass","floor":44.0,"turns":3.0},{"damage":16.0,"enemies":"3 Darklings","floor":45.0,"turns":4.0},{"damage":10.0,"enemies":"Nemesis","floor":46.0,"turns":3.0},{"damage":0.0,"enemies":"Sphere and 2 Shapes","floor":47.0,"turns":5.0},{"damage":81,"enemies":"Time Eater","floor":50,"turns":8},{"damage":19,"enemies":"Donu and Deca","floor":51,"turns":3}],"seed_played":"-521323038390020060","potions_obtained":[{"floor":5.0,"key":"Energy Potion"},{"floor":6.0,"key":"Swift Potion"},{"floor":10.0,"key":"Regen Potion"},{"floor":11.0,"key":"Weak Potion"},{"floor":33.0,"key":"Ancient Potion"},{"floor":41.0,"key":"Strength Potion"},{"floor":46.0,"key":"Regen Potion"},{"floor":47.0,"key":"FairyPotion"},{"floor":48.0,"key":"Swift Potion"},{"floor":48.0,"key":"Regen Potion"}],"is_trial":false,"path_per_floor":["M","?","?","M","M","M","?","R","T","?","M","R","$","M","R","B",null,"M","$","T","$","?","R","?","M","T","R","$","R","M","M","R","B",null,"M","M","$","?","M","R","E","R","T","M","M","E","M","?","R","B","B"],"character_chosen":"DEFECT","items_purchased":["Block Potion","PowerPotion"],"campfire_rested":3,"item_purchase_floors":[19,28],"current_hp_per_floor":[63,56,35,28,26,25,25,25,25,25,24,24,24,24,24,20,58,46,46,46,46,46,46,46,44,44,44,44,44,44,44,44,44,64,64,64,64,64,59,71,53,71,71,71,55,45,59,59,71,4,0],"gold":191,"neow_bonus":"ONE_RANDOM_RARE_CARD","is_prod":false,"is_daily":false,"chose_seed":false,"campfire_upgraded":6,"win_rate":0,"timestamp":1547702447,"path_taken":["M","?","?","M","M","M","?","R","T","?","?","R","$","M","R","BOSS","M","?","?","$","?","R","?","M","T","R","?","R","M","?","R","BOSS","M","?","$","?","M","R","E","R","T","M","M","E","M","?","R","BOSS","BOSS"],"build_version":"2019-01-10","purchased_purges":5,"victory":false,"max_hp_per_floor":[71,71,71,71,71,71,71,71,71,71,71,71,71,71,71,71,71,71,71,71,71,71,71,71,71,71,71,71,71,71,71,71,71,71,71,71,71,71,71,71,71,71,71,71,71,71,71,71,71,71,71],"card_choices":[{"not_picked":["Coolheaded","Blizzard"],"picked":"Darkness","floor":1.0},{"not_picked":["White Noise","Barrage","Redo"],"picked":"SKIP","floor":4.0},{"not_picked":["White Noise","Barrage"],"picked":"Redo","floor":4.0},{"not_picked":["Steam","Gash","Rebound"],"picked":"SKIP","floor":5.0},{"not_picked":["Tempest","Melter","BootSequence"],"picked":"SKIP","floor":6.0},{"not_picked":["Gash","Force Field","Conserve Battery"],"picked":"SKIP","floor":11.0},{"not_picked":["Steam","Rebound","Leap"],"picked":"SKIP","floor":14.0},{"not_picked":["Steam","Rebound","Leap"],"picked":"SKIP","floor":14.0},{"not_picked":["Reboot","Rainbow"],"picked":"Buffer","floor":16.0},{"not_picked":["Storm","Rebound"],"picked":"Lockon","floor":18.0},{"not_picked":["Gash","Reprogram"],"picked":"Coolheaded+1","floor":25.0},{"not_picked":["Sweeping Beam","Double Energy","Chill"],"picked":"SKIP","floor":30.0},{"not_picked":["Ball Lightning","Tempest","Stack"],"picked":"SKIP","floor":31.0},{"not_picked":["Cold Snap","FTL","Capacitor"],"picked":"SKIP","floor":35.0},{"not_picked":["Barrage","Turbo","Streamline"],"picked":"SKIP","floor":36.0},{"not_picked":["Ball Lightning","Coolheaded","Streamline"],"picked":"SKIP","floor":39.0},{"not_picked":["Cold Snap","Beam Cell+1","Reinforced Body"],"picked":"SKIP","floor":41.0},{"not_picked":["Double Energy","Steam","Leap+1"],"picked":"SKIP","floor":44.0},{"not_picked":["Conserve Battery","Scrape+1","Undo"],"picked":"SKIP","floor":45.0},{"not_picked":["Electrodynamics","Gash+1","Chaos"],"picked":"SKIP","floor":46.0},{"not_picked":["Electrodynamics","Gash+1","Chaos"],"picked":"SKIP","floor":46.0},{"not_picked":["Electrodynamics","Gash+1","Chaos"],"picked":"SKIP","floor":46.0},{"not_picked":["Stack","Glacier","Coolheaded"],"picked":"SKIP","floor":47.0}],"player_experience":1967774,"relics_obtained":[{"floor":9.0,"key":"Happy Flower"},{"floor":20.0,"key":"Smiling Mask"},{"floor":26.0,"key":"Mercury Hourglass"},{"floor":41.0,"key":"Boot"},{"floor":46.0,"key":"Regal Pillow"}],"event_choices":[{"cards_removed":["Strike_B"],"damage_healed":0.0,"max_hp_gain":0.0,"max_hp_loss":0.0,"gold_gain":0.0,"event_name":"Golden Wing","player_choice":"Card Removal","floor":2.0,"gold_loss":0.0,"damage_taken":7.0},{"damage_healed":0.0,"max_hp_gain":0.0,"max_hp_loss":0.0,"gold_gain":0.0,"event_name":"Shining Light","player_choice":"Entered Light","floor":3.0,"gold_loss":0.0,"damage_taken":21.0,"cards_upgraded":["Defend_B","Defend_B"]},{"damage_healed":0.0,"max_hp_gain":0.0,"max_hp_loss":0.0,"gold_gain":30.0,"event_name":"Dead Adventurer","player_choice":"Searched \u00272\u0027 times","floor":7.0,"gold_loss":0.0,"damage_taken":0.0,"relics_obtained":["PreservedInsect"]},{"damage_healed":0.0,"max_hp_gain":0.0,"max_hp_loss":0.0,"gold_gain":0.0,"event_name":"Lab","player_choice":"Got Potions","floor":10.0,"gold_loss":0.0,"damage_taken":0.0},{"damage_healed":0.0,"max_hp_gain":0.0,"max_hp_loss":0.0,"gold_gain":0.0,"event_name":"Beggar","player_choice":"Ignored","floor":22.0,"gold_loss":0.0,"damage_taken":0.0},{"damage_healed":0.0,"max_hp_gain":0.0,"max_hp_loss":0.0,"gold_gain":50.0,"event_name":"Nest","player_choice":"Stole From Cult","floor":24.0,"gold_loss":0.0,"damage_taken":0.0},{"damage_healed":0.0,"max_hp_gain":0.0,"max_hp_loss":0.0,"gold_gain":0.0,"event_name":"SensoryStone","player_choice":"Memory 1","floor":38.0,"gold_loss":0.0,"damage_taken":0.0},{"damage_healed":0.0,"max_hp_gain":0.0,"max_hp_loss":0.0,"gold_gain":0.0,"event_name":"The Woman in Blue","player_choice":"Bought 3 Potions","floor":48.0,"gold_loss":0.0,"damage_taken":0.0}],"is_beta":false,"boss_relics":[{"not_picked":["Lizard Tail","Ectoplasm"],"picked":"Empty Cage"},{"not_picked":["Calling Bell","Inserter"],"picked":"Velvet Choker"}],"items_purged_floors":[13,19,21,28,37],"is_endless":false,"potions_floor_spawned":[5,6,11,33,41,46,47],"killed_by":"Donu and Deca","ascension_level":20}