{"gold_per_floor":[110,110,134,209,230,230,249,27,74,49,68,68,68,86,86,216,216,239,239,31,50,70,70,70,70,70,90,90,90,90,113,113,232,232,245,265,165,181,197,197,218,218,218,243,243,243,258,279,279,279],"floor_reached":51,"playtime":2362,"items_purged":["Strike_G","Poisoned Stab"],"score":693,"play_id":"1293d56a-b5db-4a1f-a075-0f132e44c4db","local_time":"20181016192936","is_ascension_mode":false,"campfire_choices":[{"data":"Poisoned Stab","floor":6,"key":"SMITH"},{"data":"Well Laid Plans","floor":13,"key":"SMITH"},{"data":"A Thousand Cuts","floor":15,"key":"SMITH"},{"floor":23,"key":"REST"},{"floor":29,"key":"REST"},{"floor":32,"key":"REST"},{"floor":40,"key":"REST"},{"floor":45,"key":"REST"},{"floor":49,"key":"REST"}],"neow_cost":"NONE","seed_source_timestamp":40116995468759,"circlet_count":0,"master_deck":["Survivor","Neutralize","Poisoned Stab+1","Eviscerate","A Thousand Cuts+1","Well Laid Plans+1","Backflip","A Thousand Cuts","Footwork","Dodge and Roll","Poisoned Stab","Predator","Backflip+1","Apotheosis","Backflip","Tools of the Trade","Infinite Blades","Adrenaline","Doppelganger","Eviscerate+1","Backflip","Footwork","Infinite Blades+1","Backflip+1","Acrobatics+1"],"relics":["HoveringKite","Golden Idol","Vajra","Pandora\u0027s Box","Nilry\u0027s Codex","Mummified Hand","Empty Cage","Strawberry"],"potions_floor_usage":[16,31,38,44],"damage_taken":[{"damage":3,"enemies":"Jaw Worm","floor":1,"turns":8},{"damage":0,"enemies":"Small Slimes","floor":3,"turns":5},{"damage":9,"enemies":"Cultist","floor":5,"turns":5},{"damage":7,"enemies":"Red Slaver","floor":7,"turns":4},{"damage":4,"enemies":"Large Slime","floor":11,"turns":4},{"damage":11,"enemies":"Exordium Wildlife","floor":14,"turns":5},{"damage":10,"enemies":"The Guardian","floor":16,"turns":10},{"damage":3,"enemies":"Spheric Guardian","floor":18,"turns":3},{"damage":10,"enemies":"Chosen","floor":21,"turns":5},{"damage":11,"enemies":"Centurion and Healer","floor":22,"turns":6},{"damage":0,"enemies":"Snecko","floor":27,"turns":4},{"damage":25,"enemies":"Shelled Parasite and Fungi","floor":31,"turns":5},{"damage":4,"enemies":"Champ","floor":33,"turns":9},{"damage":2,"enemies":"Orb Walker","floor":35,"turns":4},{"damage":19,"enemies":"3 Darklings","floor":36,"turns":6},{"damage":7,"enemies":"Transient","floor":38,"turns":5},{"damage":19,"enemies":"Sphere and 2 Shapes","floor":39,"turns":5},{"damage":14,"enemies":"Spire Growth","floor":41,"turns":6},{"damage":0,"enemies":"3 Darklings","floor":44,"turns":5},{"damage":13,"enemies":"Maw","floor":47,"turns":6},{"damage":0,"enemies":"Reptomancer","floor":48,"turns":5},{"damage":18,"enemies":"Donu and Deca","floor":50,"turns":7}],"seed_played":"1816424413511442580","potions_obtained":[{"floor":5,"key":"SkillPotion"},{"floor":7,"key":"Fire Potion"},{"floor":14,"key":"AttackPotion"},{"floor":16,"key":"Regen Potion"},{"floor":18,"key":"Fire Potion"},{"floor":31,"key":"GamblersBrew"},{"floor":39,"key":"Ancient Potion"},{"floor":48,"key":"GamblersBrew"}],"is_trial":false,"path_per_floor":["M","?","M","?","M","R","M","$","T","$","M","?","R","M","R","B",null,"M","?","$","M","M","R","?","$","T","M","$","R","?","M","R","B",null,"M","M","$","M","M","R","M","?","T","M","R","?","M","M","R","B"],"character_chosen":"THE_SILENT","items_purchased":["A Thousand Cuts","Quick Slash","Apotheosis"],"campfire_rested":6,"item_purchase_floors":[8,10,20],"current_hp_per_floor":[67,65,65,54,45,45,38,38,38,38,34,34,34,23,23,13,65,62,46,46,36,25,44,44,44,44,44,44,63,65,40,59,55,65,63,44,44,37,18,37,23,23,30,30,51,51,38,38,59,41],"gold":279,"neow_bonus":"BOSS_RELIC","is_prod":false,"is_daily":false,"chose_seed":false,"campfire_upgraded":3,"win_rate":0,"timestamp":1539689376,"path_taken":["M","?","M","?","?","R","M","$","T","?","M","?","R","M","R","BOSS","M","?","$","M","M","R","?","?","T","?","?","R","?","M","R","BOSS","M","M","$","M","?","R","M","?","T","M","R","?","?","M","R","BOSS"],"build_version":"2018-10-11","purchased_purges":2,"victory":true,"max_hp_per_floor":[70,65,65,65,65,65,65,65,65,65,65,65,65,65,65,65,65,65,65,65,65,65,65,65,65,65,65,65,65,65,65,65,65,65,65,65,65,65,65,65,65,65,72,72,72,72,72,72,72,72],"card_choices":[{"not_picked":["Bane","Masterful Stab","Outmaneuver"],"picked":"SKIP","floor":1},{"not_picked":["Terror","Slice","Dagger Spray"],"picked":"SKIP","floor":3},{"not_picked":["Bane","Deflect","Poisoned Stab"],"picked":"SKIP","floor":5},{"not_picked":["Bane","Deflect"],"picked":"Poisoned Stab","floor":5},{"not_picked":["Cloak And Dagger","Venomology"],"picked":"Eviscerate","floor":7},{"not_picked":["Underhanded Strike","Deflect"],"picked":"Well Laid Plans","floor":11},{"not_picked":["Slice","Setup"],"picked":"Backflip","floor":14},{"not_picked":["Adrenaline","Venomology"],"picked":"A Thousand Cuts","floor":16},{"not_picked":["Dagger Throw","Slice"],"picked":"Backflip+1","floor":18},{"not_picked":["Escape Plan+1","PiercingWail+1"],"picked":"Backflip","floor":21},{"not_picked":["Dagger Spray","Prepared","Poisoned Stab"],"picked":"SKIP","floor":22},{"not_picked":["Setup","Blade Dance"],"picked":"Adrenaline","floor":27},{"not_picked":["Slice","PiercingWail","Dagger Spray+1"],"picked":"SKIP","floor":31},{"not_picked":["Wraith Form v2","Burst"],"picked":"Doppelganger","floor":33},{"not_picked":["Caltrops+1","Setup"],"picked":"Eviscerate+1","floor":35},{"not_picked":["Prepared","Choke","Caltrops+1"],"picked":"SKIP","floor":36},{"not_picked":["Cloak And Dagger+1","Sucker Punch+1"],"picked":"Backflip","floor":38},{"not_picked":["Predator","Deadly Poison+1"],"picked":"Footwork","floor":39},{"not_picked":["Slice","Deadly Poison","Calculated Gamble+1"],"picked":"SKIP","floor":41},{"not_picked":["Bane+1","After Image"],"picked":"Infinite Blades+1","floor":44},{"not_picked":["Dodge and Roll","Distraction+1"],"picked":"Backflip+1","floor":47},{"not_picked":["Flechettes+1","Distraction+1"],"picked":"Acrobatics+1","floor":48}],"player_experience":259345,"relics_obtained":[{"floor":9,"key":"Vajra"},{"floor":19,"key":"Nilry\u0027s Codex"},{"floor":26,"key":"Mummified Hand"},{"floor":43,"key":"Strawberry"}],"event_choices":[{"event_name":"Golden Idol","player_choice":"Lose Max HP","floor":2,"damage_taken":0},{"event_name":"World of Goop","player_choice":"Gather Gold","floor":4,"damage_taken":0},{"event_name":"Scrap Ooze","player_choice":"unsuccessful","floor":12,"damage_taken":0},{"event_name":"Cursed Tome","player_choice":"Obtained Book","floor":19,"damage_taken":0},{"event_name":"Drug Dealer","player_choice":"Became Test Subject","floor":24,"damage_taken":0},{"event_name":"Bonfire Elementals","player_choice":"COMMON","floor":30,"damage_taken":0},{"event_name":"SensoryStone","player_choice":"Memory 1","floor":42,"damage_taken":0},{"event_name":"SecretPortal","player_choice":"Rejected Portal.","floor":46,"damage_taken":0}],"is_beta":false,"boss_relics":[{"not_picked":["WristBlade","Fusion Hammer"],"picked":"Pandora\u0027s Box"},{"not_picked":["Sozu","Orrery"],"picked":"Empty Cage"}],"items_purged_floors":[8,37],"is_endless":false,"potions_floor_spawned":[5,7,14,16,18,27,31,36,39,41,48],"ascension_level":0}