{"gold_per_floor":[366,37,37,56,75,110,122,159,171,212,236,279,291,323,335,424,436,458,96,113,113,163,163,181,181,181,201,214,214,239,253,253,325,325,335,354,401,1400,1400,1400,646,646,669,669,687,701,720,346,346,346,346,346,346,8,37,37],"floor_reached":57,"playtime":4907,"items_purged":["Finisher","Normality","Normality","Blade Dance"],"score":3179,"play_id":"7b33f26b-4af4-4238-a3cb-ceb9fb5737cc","local_time":"20190410110403","is_ascension_mode":true,"campfire_choices":[{"data":"Bouncing Flask","floor":7.0,"key":"SMITH"},{"data":"Catalyst","floor":13.0,"key":"SMITH"},{"data":"Neutralize","floor":15.0,"key":"SMITH"},{"data":"Acrobatics","floor":23.0,"key":"SMITH"},{"data":"Tactician","floor":25.0,"key":"SMITH"},{"data":"Calculated Gamble","floor":29.0,"key":"SMITH"},{"data":"Reflex","floor":32.0,"key":"SMITH"},{"data":"Setup","floor":40.0,"key":"SMITH"},{"data":"Corpse Explosion","floor":42.0,"key":"SMITH"},{"data":"Master of Strategy","floor":44.0,"key":"SMITH"},{"floor":49,"key":"RECALL"},{"data":"Outmaneuver","floor":53,"key":"SMITH"}],"neow_cost":"TEN_PERCENT_HP_LOSS","seed_source_timestamp":18908250375866,"circlet_count":0,"master_deck":["AscendersBane","Survivor","Neutralize+1","Predator","Well Laid Plans","Bouncing Flask+1","Well Laid Plans","Die Die Die","Catalyst+1","Tactician+1","Corpse Explosion+1","Setup+1","Calculated Gamble+1","Outmaneuver+1","Reflex+1","Masterful Stab","Envenom","Adrenaline","Acrobatics+1","Malaise","Backflip","Adrenaline","Master of Strategy+1","Backflip","Well Laid Plans","Leg Sweep","Well Laid Plans"],"special_seed":0,"relics":["Ring of the Snake","War Paint","MawBank","Gremlin Horn","Blood Vial","Paper Crane","Thread and Needle","Pandora\u0027s Box","Bag of Preparation","Tiny Chest","Smiling Mask","PreservedInsect","HoveringKite","Pocketwatch","Gambling Chip","Centennial Puzzle","Oddly Smooth Stone","Pantograph","Anchor"],"potions_floor_usage":[56,56],"damage_taken":[{"damage":0.0,"enemies":"Jaw Worm","floor":1.0,"turns":5.0},{"damage":0.0,"enemies":"Cultist","floor":4.0,"turns":3.0},{"damage":3.0,"enemies":"2 Louse","floor":5.0,"turns":3.0},{"damage":14.0,"enemies":"3 Sentries","floor":6.0,"turns":7.0},{"damage":6.0,"enemies":"Gremlin Nob","floor":8.0,"turns":3.0},{"damage":7.0,"enemies":"Lagavulin","floor":10.0,"turns":7.0},{"damage":3.0,"enemies":"Exordium Thugs","floor":11.0,"turns":4.0},{"damage":27.0,"enemies":"3 Sentries","floor":12.0,"turns":8.0},{"damage":4.0,"enemies":"Gremlin Gang","floor":14.0,"turns":2.0},{"damage":0.0,"enemies":"Hexaghost","floor":16.0,"turns":8.0},{"damage":4.0,"enemies":"Shell Parasite","floor":18.0,"turns":3.0},{"damage":0.0,"enemies":"Spheric Guardian","floor":20.0,"turns":2.0},{"damage":0.0,"enemies":"Centurion and Healer","floor":24.0,"turns":2.0},{"damage":6.0,"enemies":"Shelled Parasite and Fungi","floor":27.0,"turns":2.0},{"damage":22.0,"enemies":"Snake Plant","floor":28.0,"turns":4.0},{"damage":0.0,"enemies":"Gremlin Leader","floor":30.0,"turns":3.0},{"damage":0.0,"enemies":"Snecko","floor":31.0,"turns":2.0},{"damage":0.0,"enemies":"Champ","floor":33.0,"turns":6.0},{"damage":2.0,"enemies":"3 Darklings","floor":35.0,"turns":2.0},{"damage":0.0,"enemies":"3 Shapes","floor":36.0,"turns":2.0},{"damage":12.0,"enemies":"2 Orb Walkers","floor":37.0,"turns":3.0},{"damage":0,"enemies":"Writhing Mass","floor":45,"turns":3},{"damage":0,"enemies":"3 Darklings","floor":46,"turns":1},{"damage":0,"enemies":"Transient","floor":47,"turns":6},{"damage":0,"enemies":"Awakened One","floor":50,"turns":10},{"damage":0,"enemies":"Donu and Deca","floor":51,"turns":6},{"damage":0,"enemies":"Shield and Spear","floor":55,"turns":4},{"damage":57,"enemies":"The Heart","floor":56,"turns":8}],"seed_played":"-3411979427259778805","potions_obtained":[{"floor":1.0,"key":"AttackPotion"},{"floor":3.0,"key":"AttackPotion"},{"floor":6.0,"key":"SneckoOil"},{"floor":8.0,"key":"Energy Potion"},{"floor":10.0,"key":"Strength Potion"},{"floor":16.0,"key":"Fire Potion"},{"floor":18.0,"key":"Poison Potion"},{"floor":24.0,"key":"Strength Potion"},{"floor":28.0,"key":"PowerPotion"},{"floor":31.0,"key":"SkillPotion"}],"is_trial":false,"path_per_floor":["M","$","?","M","M","E","R","E","T","E","M","E","R","M","R","B",null,"M","$","M","T","?","R","M","R","T","M","M","R","E","M","R","B",null,"M","M","?","?","?","R","$","R","T","R","M","M","M","$","R","B","B",null,"R","$","E","B",null],"character_chosen":"THE_SILENT","items_purchased":["Well Laid Plans","Bouncing Flask","War Paint","Bag of Preparation","Tiny Chest","Adrenaline","Gambling Chip","Master of Strategy","Oddly Smooth Stone","Well Laid Plans","Leg Sweep","Pantograph"],"campfire_rested":0,"item_purchase_floors":[2,2,2,19,19,41,41,41,48,48,48,54],"current_hp_per_floor":[59,59,59,59,56,42,42,36,36,31,30,5,5,3,3,5,46,44,44,46,46,46,46,48,48,48,44,24,24,26,28,28,30,53,53,55,45,45,45,45,45,45,45,45,47,49,51,51,51,53,55,59,59,59,60,3],"gold":37,"neow_bonus":"TWO_FIFTY_GOLD","is_prod":false,"is_daily":false,"chose_seed":false,"campfire_upgraded":11,"win_rate":0,"timestamp":1554865443,"path_taken":["M","$","?","M","M","E","R","E","T","E","M","E","R","M","R","BOSS","M","$","M","?","?","R","M","R","T","M","?","R","E","?","R","BOSS","M","M","?","?","?","R","$","R","T","R","?","M","M","$","R","BOSS","BOSS","R","$","E","BOSS"],"build_version":"2019-01-23","purchased_purges":4,"victory":true,"max_hp_per_floor":[60,60,60,60,60,60,60,60,60,60,60,60,60,60,60,60,60,60,60,60,60,60,60,60,60,60,60,60,60,60,60,60,60,60,60,60,60,60,60,60,60,60,60,60,60,60,60,60,60,60,60,60,60,60,60,60],"card_choices":[{"not_picked":["Acrobatics","Backflip"],"picked":"Predator","floor":1.0},{"not_picked":["Poisoned Stab","Choke","Predator"],"picked":"SKIP","floor":4.0},{"not_picked":["Escape Plan","Bane"],"picked":"Well Laid Plans","floor":5.0},{"not_picked":["Die Die Die","Slice","Deflect"],"picked":"SKIP","floor":6.0},{"not_picked":["Slice","Deflect"],"picked":"Die Die Die","floor":6.0},{"not_picked":["Blade Dance","Doppelganger"],"picked":"Catalyst","floor":8.0},{"not_picked":["PiercingWail","Backflip"],"picked":"Tactician","floor":10.0},{"not_picked":["Backstab","Blur","Dodge and Roll"],"picked":"SKIP","floor":11.0},{"not_picked":["Underhanded Strike","Blade Dance","Slice"],"picked":"SKIP","floor":12.0},{"not_picked":["Prepared","Cloak And Dagger","Terror"],"picked":"SKIP","floor":14.0},{"not_picked":["Prepared","Cloak And Dagger","Terror"],"picked":"SKIP","floor":14.0},{"not_picked":["Malaise","Tools of the Trade"],"picked":"Corpse Explosion","floor":16.0},{"not_picked":["PiercingWail","Concentrate"],"picked":"Acrobatics","floor":18.0},{"not_picked":["PiercingWail","Dagger Spray","Slice"],"picked":"SKIP","floor":20.0},{"not_picked":["Leg Sweep","Distraction","Dodge and Roll"],"picked":"SKIP","floor":24.0},{"not_picked":["Prepared","Distraction","Footwork"],"picked":"SKIP","floor":27.0},{"not_picked":["Outmaneuver","Slice","Sucker Punch"],"picked":"SKIP","floor":28.0},{"not_picked":["Sucker Punch","Dodge and Roll","Quick Slash+1"],"picked":"SKIP","floor":30.0},{"not_picked":["Sucker Punch","Tactician"],"picked":"Malaise","floor":31.0},{"not_picked":["Quick Slash","Dagger Spray","Dagger Throw"],"picked":"SKIP","floor":35.0},{"not_picked":["Calculated Gamble","PiercingWail"],"picked":"Backflip","floor":36.0},{"not_picked":["Poisoned Stab","Quick Slash","Dash"],"picked":"SKIP","floor":45},{"not_picked":["Bane","PiercingWail","Phantasmal Killer"],"picked":"SKIP","floor":46},{"not_picked":["Masterful Stab","Poisoned Stab"],"picked":"Backflip","floor":47},{"not_picked":["Footwork","Prepared+1"],"picked":"Well Laid Plans","floor":55}],"player_experience":4194136,"relics_obtained":[{"floor":6.0,"key":"MawBank"},{"floor":8.0,"key":"Gremlin Horn"},{"floor":9.0,"key":"Blood Vial"},{"floor":10.0,"key":"Paper Crane"},{"floor":12.0,"key":"Thread and Needle"},{"floor":21.0,"key":"Smiling Mask"},{"floor":30.0,"key":"PreservedInsect"},{"floor":37.0,"key":"Pocketwatch"},{"floor":43.0,"key":"Centennial Puzzle"},{"floor":55,"key":"Anchor"}],"event_choices":[{"damage_healed":0.0,"max_hp_gain":0.0,"max_hp_loss":0.0,"gold_gain":0.0,"event_name":"Lab","player_choice":"Got Potions","floor":3.0,"gold_loss":0.0,"damage_taken":0.0},{"damage_healed":0.0,"max_hp_gain":0.0,"max_hp_loss":0.0,"gold_gain":50.0,"event_name":"Golden Shrine","player_choice":"Pray","floor":22.0,"gold_loss":0.0,"damage_taken":0.0},{"damage_healed":0.0,"max_hp_gain":0.0,"max_hp_loss":0.0,"gold_gain":0.0,"event_name":"Mysterious Sphere","player_choice":"Fight","floor":37.0,"gold_loss":0.0,"damage_taken":0.0},{"damage_healed":0.0,"max_hp_gain":0.0,"max_hp_loss":0.0,"gold_gain":999.0,"event_name":"MindBloom","player_choice":"Gold","floor":38.0,"gold_loss":0.0,"damage_taken":0.0,"cards_obtained":["Normality","Normality"]},{"cards_removed":["Dagger Throw"],"damage_healed":0.0,"max_hp_gain":0.0,"max_hp_loss":0.0,"gold_gain":0.0,"event_name":"Falling","player_choice":"Removed Attack","floor":39.0,"gold_loss":0.0,"damage_taken":0.0}],"is_beta":false,"boss_relics":[{"not_picked":["Calling Bell","Busted Crown"],"picked":"Pandora\u0027s Box"},{"not_picked":["Astrolabe","Sozu"],"picked":"HoveringKite"}],"items_purged_floors":[19,41,48,54],"is_endless":false,"potions_floor_spawned":[1,6,8,10,16,18,24,28,31,37,46,47,55],"ascension_level":20}