{"path_per_floor":["M","?","$","M","M","R","M","?","T","R","M","M","M","M","R","B",null,"M","M","$","?","?","R"],"character_chosen":"IRONCLAD","items_purchased":["Inflame","Secret Weapon"],"gold_per_floor":[112,112,76,91,104,104,116,116,184,184,200,223,246,267,267,392,392,407,426,170,170,95,95],"floor_reached":24,"campfire_rested":0,"playtime":1719,"current_hp_per_floor":[80,80,80,69,68,68,68,68,68,68,67,73,79,80,80,44,98,60,46,46,46,46,46],"items_purged":["Regret"],"gold":95,"score":215,"play_id":"b8b7233e-282a-484a-bb0a-6faafb8cfe5b","local_time":"20180302220748","is_prod":false,"is_daily":false,"is_ascension_mode":false,"campfire_upgraded":3,"timestamp":1520024868,"path_taken":["M","?","?","M","M","R","M","?","T","R","M","M","M","M","R","BOSS","M","M","$","?","?","R","E"],"build_version":"2018-03-01-PROD1","purchased_purges":1,"victory":false,"master_deck":["Strike_R","Strike_R","Strike_R","Strike_R","Strike_R","Defend_R+1","Defend_R+1","Defend_R","Bash","Limit Break+1","Iron Wave","Juggernaut","Inflame+1","Whirlwind","Bludgeon+1","Thunderclap","Injury","Dropkick","Armaments","Body Slam","Heavy Blade","Reaper","Doubt","Pommel Strike","Anger","Secret Weapon","Flex"],"max_hp_per_floor":[80,80,80,80,80,80,80,80,80,80,80,80,80,80,80,80,98,98,98,98,98,98,98],"relics":["Burning Blood","Golden Idol","Darkstone Periapt","Calling Bell","Frozen Egg 2","War Paint","Girya"],"card_choices":[{"not_picked":["Clothesline","Armaments"],"picked":"Iron Wave"},{"not_picked":["Flame Barrier","Feel No Pain"],"picked":"Whirlwind"},{"not_picked":["Combust","Warcry"],"picked":"Bludgeon"},{"not_picked":["Hemokinesis","Intimidate"],"picked":"Thunderclap"},{"not_picked":["Flame Barrier","Blood for Blood"],"picked":"Dropkick"},{"not_picked":["Dropkick","Pommel Strike"],"picked":"Armaments"},{"not_picked":["Warcry","Reckless Charge"],"picked":"Body Slam"},{"not_picked":["Entrench","Intimidate"],"picked":"Heavy Blade"},{"not_picked":["Impervious","Fiend Fire"],"picked":"Reaper"},{"not_picked":["Thunderclap","Reckless Charge"],"picked":"Pommel Strike"},{"not_picked":["Second Wind","Warcry"],"picked":"Anger"}],"player_experience":43080,"potions_floor_usage":[13,16,18,24],"damage_taken":[{"damage":1,"enemies":"Cultist","floor":1,"turns":4},{"damage":17,"enemies":"Small Slimes","floor":4,"turns":4},{"damage":7,"enemies":"2 Louse","floor":5,"turns":3},{"damage":6,"enemies":"Exordium Thugs","floor":7,"turns":3},{"damage":7,"enemies":"Blue Slaver","floor":11,"turns":2},{"damage":0,"enemies":"Looter","floor":12,"turns":4},{"damage":0,"enemies":"Large Slime","floor":13,"turns":3},{"damage":5,"enemies":"3 Louse","floor":14,"turns":3},{"damage":42,"enemies":"Hexaghost","floor":16,"turns":8},{"damage":58,"enemies":"2 Thieves","floor":18,"turns":5},{"damage":26,"enemies":"3 Byrds","floor":19,"turns":6},{"damage":54,"enemies":"Gremlin Leader","floor":24,"turns":6}],"event_choices":[{"event_name":"Living Wall","player_choice":"Change","floor":2,"damage_taken":0},{"event_name":"Golden Idol","player_choice":"Take Wound","floor":8,"damage_taken":0},{"event_name":"The Library","player_choice":"Read","floor":21,"damage_taken":0},{"event_name":"Beggar","player_choice":"Gave Gold","floor":22,"damage_taken":0}],"boss_relics":[{"not_picked":["Philosopher\u0027s Stone","Ectoplasm"],"picked":"Calling Bell"}],"potions_floor_spawned":[5,12,13,16,18,19],"seed_played":"-2437342438231398404","killed_by":"Gremlin Leader","ascension_level":0,"is_trial":false}