{"gold_per_floor":[115,115,115,115,140,156,179,99,99,99,24,70,83,99,99,218,218,238,238,238,263,61,81,81,114,139,163,206,206,305,330,330,460,460,479,99,99,114,114,114,153,153,180,180,200,200,219,232,232,232],"floor_reached":51,"playtime":2207,"items_purged":["Strike_G","Strike_G"],"score":957,"play_id":"d3a41fa2-ad29-4a64-9799-c79000ac61f6","local_time":"20181016081459","is_ascension_mode":false,"campfire_choices":[{"data":"Noxious Fumes","floor":10.0,"key":"SMITH"},{"data":"Bouncing Flask","floor":15.0,"key":"SMITH"},{"data":"Well Laid Plans","floor":24,"key":"SMITH"},{"data":"Bouncing Flask","floor":29,"key":"SMITH"},{"data":"Tools of the Trade","floor":32,"key":"SMITH"},{"data":"Noxious Fumes","floor":40,"key":"SMITH"},{"data":"Backflip","floor":42,"key":"SMITH"},{"data":"Neutralize","floor":44,"key":"SMITH"},{"data":"Predator","floor":46,"key":"SMITH"},{"data":"Backflip","floor":49,"key":"SMITH"}],"neow_cost":"PERCENT_DAMAGE","seed_source_timestamp":0,"circlet_count":0,"master_deck":["Defend_G","Defend_G+1","Defend_G","Defend_G","Strike_G","Strike_G+1","Survivor","Neutralize+1","Predator+1","Noxious Fumes+1","Backflip+1","Bouncing Flask+1","Tools of the Trade+1","Bouncing Flask+1","Ghostly","Ghostly","Ghostly","Ghostly","Ghostly","Well Laid Plans+1","Burst+1","Backflip+1","Ghostly","Noxious Fumes+1","Backflip+1","Backflip+1"],"special_seed":0,"relics":["Ring of the Serpent","Golden Idol","Bronze Scales","Bag of Preparation","Coffee Dripper","Strange Spoon","Bottled Tornado","Art of War","Oddly Smooth Stone","DollysMirror","Thread and Needle","Pen Nib"],"potions_floor_usage":[21,38,50,50],"damage_taken":[{"damage":2.0,"enemies":"Jaw Worm","floor":1.0,"turns":6.0},{"damage":0.0,"enemies":"2 Louse","floor":5.0,"turns":2.0},{"damage":0.0,"enemies":"Small Slimes","floor":6.0,"turns":3.0},{"damage":6.0,"enemies":"3 Louse","floor":7.0,"turns":3.0},{"damage":4.0,"enemies":"Exordium Thugs","floor":13.0,"turns":4.0},{"damage":0.0,"enemies":"Large Slime","floor":14.0,"turns":5.0},{"damage":12,"enemies":"Hexaghost","floor":16,"turns":6},{"damage":0,"enemies":"Spheric Guardian","floor":18,"turns":3},{"damage":0,"enemies":"3 Byrds","floor":21,"turns":2},{"damage":0,"enemies":"Snecko","floor":23,"turns":5},{"damage":0,"enemies":"Slavers","floor":25,"turns":6},{"damage":0,"enemies":"Shelled Parasite and Fungi","floor":27,"turns":6},{"damage":0,"enemies":"Book of Stabbing","floor":28,"turns":6},{"damage":0,"enemies":"Centurion and Healer","floor":31,"turns":6},{"damage":0,"enemies":"Automaton","floor":33,"turns":9},{"damage":0,"enemies":"Orb Walker","floor":35,"turns":4},{"damage":1,"enemies":"3 Darklings","floor":38,"turns":5},{"damage":0,"enemies":"2 Orb Walkers","floor":41,"turns":7},{"damage":0,"enemies":"Sphere and 2 Shapes","floor":45,"turns":5},{"damage":0,"enemies":"Transient","floor":47,"turns":5},{"damage":0,"enemies":"Maw","floor":48,"turns":7},{"damage":0,"enemies":"Awakened One","floor":50,"turns":15}],"seed_played":"5715201686746552489","potions_obtained":[{"floor":7.0,"key":"Ancient Potion"},{"floor":13.0,"key":"Ancient Potion"},{"floor":14.0,"key":"PowerPotion"},{"floor":16,"key":"Explosive Potion"},{"floor":20,"key":"AttackPotion"},{"floor":25,"key":"GhostInAJar"},{"floor":45,"key":"SpeedPotion"}],"is_trial":false,"path_per_floor":["M","?","?","?","M","M","M","$","T","R","$","T","M","M","R","B",null,"M","?","?","M","$","M","R","E","T","M","E","R","?","M","R","B",null,"M","$","?","M","?","R","E","R","T","R","M","R","M","M","R","B"],"character_chosen":"THE_SILENT","items_purchased":["Noxious Fumes","Strange Spoon","DollysMirror","Noxious Fumes"],"campfire_rested":0,"item_purchase_floors":[8,22,36,36],"current_hp_per_floor":[47,47,34,34,34,34,28,28,28,28,28,28,24,24,24,12,65,65,32,32,32,32,32,32,32,32,32,32,32,32,32,32,32,32,32,32,32,31,30,30,30,30,30,30,30,30,30,30,30,30],"gold":232,"neow_bonus":"REMOVE_TWO","is_prod":false,"is_daily":false,"chose_seed":false,"campfire_upgraded":10,"win_rate":0,"timestamp":1539648899,"path_taken":["M","?","?","?","?","M","M","$","T","R","$","?","M","M","R","BOSS","M","?","?","M","$","M","R","E","T","M","E","R","?","M","R","BOSS","M","$","?","M","?","R","E","R","T","R","M","R","M","M","R","BOSS"],"build_version":"2018-10-11","purchased_purges":2,"victory":true,"max_hp_per_floor":[70,65,65,65,65,65,65,65,65,65,65,65,65,65,65,65,65,65,32,32,32,32,32,32,32,32,32,32,32,32,32,32,32,32,32,32,32,32,30,30,30,30,30,30,30,30,30,30,30,30],"card_choices":[{"not_picked":["Flying Knee","Prepared","Acrobatics"],"picked":"SKIP","floor":1.0},{"not_picked":["Flying Knee","Backstab"],"picked":"Predator","floor":5.0},{"not_picked":["Reflex","Masterful Stab","Prepared"],"picked":"SKIP","floor":6.0},{"not_picked":["Terror","Dodge and Roll","Prepared"],"picked":"SKIP","floor":7.0},{"not_picked":["Backstab","Outmaneuver"],"picked":"Backflip","floor":13.0},{"not_picked":["Choke","Reflex"],"picked":"Bouncing Flask","floor":14.0},{"not_picked":["Die Die Die","Unload"],"picked":"Tools of the Trade","floor":16},{"not_picked":["Deflect","Terror"],"picked":"Bouncing Flask","floor":18},{"not_picked":["Flying Knee+1","Crippling Poison+1"],"picked":"Well Laid Plans","floor":21},{"not_picked":["Dagger Throw","Dagger Spray+1","Deadly Poison"],"picked":"SKIP","floor":23},{"not_picked":["Flying Knee","Dash","Underhanded Strike+1"],"picked":"SKIP","floor":25},{"not_picked":["Dodge and Roll","Backstab+1","Dagger Spray"],"picked":"SKIP","floor":27},{"not_picked":["Blade Dance","Blur","Slice"],"picked":"SKIP","floor":28},{"not_picked":["Acrobatics","Dagger Spray","Deflect"],"picked":"SKIP","floor":31},{"not_picked":["Venomology","Storm of Steel"],"picked":"Burst","floor":33},{"not_picked":["Heel Hook+1","Sucker Punch"],"picked":"Backflip+1","floor":35},{"not_picked":["Prepared+1","Deadly Poison+1","Flechettes+1"],"picked":"SKIP","floor":38},{"not_picked":["Quick Slash","Prepared","Acrobatics"],"picked":"SKIP","floor":41},{"not_picked":["Riddle With Holes+1","Doppelganger","Underhanded Strike+1"],"picked":"SKIP","floor":45},{"not_picked":["Crippling Poison","Dodge and Roll+1"],"picked":"Backflip","floor":47},{"not_picked":["Quick Slash","Dagger Throw+1"],"picked":"Backflip+1","floor":48}],"player_experience":237109,"relics_obtained":[{"floor":4.0,"key":"Bronze Scales"},{"floor":12.0,"key":"Bag of Preparation"},{"floor":25,"key":"Bottled Tornado"},{"floor":26,"key":"Art of War"},{"floor":28,"key":"Oddly Smooth Stone"},{"floor":41,"key":"Thread and Needle"},{"floor":43,"key":"Pen Nib"}],"event_choices":[{"event_name":"Golden Idol","player_choice":"Lose Max HP","floor":2.0,"damage_taken":0.0},{"event_name":"Shining Light","player_choice":"Entered Light","floor":3.0,"damage_taken":0.0},{"event_name":"Wheel of Change","player_choice":"Relic","floor":4.0,"damage_taken":0.0},{"event_name":"Ghosts","player_choice":"Became a Ghost","floor":19,"damage_taken":0},{"event_name":"The Lab","player_choice":"Got Potions","floor":20,"damage_taken":0},{"event_name":"Nest","player_choice":"Stole From Cult","floor":30,"damage_taken":0},{"event_name":"Upgrade Shrine","player_choice":"Upgraded","floor":37,"damage_taken":0},{"event_name":"Winding Halls","player_choice":"Max HP","floor":39,"damage_taken":0}],"is_beta":false,"boss_relics":[{"not_picked":["Tiny House","Black Star"],"picked":"Coffee Dripper"},{"not_picked":["WristBlade","Snecko Eye"],"picked":"Ring of the Serpent"}],"items_purged_floors":[11,36],"is_endless":false,"potions_floor_spawned":[7,13,14,16,18,25,31,45,47],"ascension_level":0}