{"gold_per_floor":[112,112,132,143,143,187,187,187],"floor_reached":8,"playtime":186,"items_purged":[],"score":112,"play_id":"02bfcda4-9856-4129-b44e-4251b4c09a7f","local_time":"20190524170159","is_ascension_mode":true,"campfire_choices":[{"data":"Carnage","floor":7.0,"key":"SMITH"}],"neow_cost":"PERCENT_DAMAGE","seed_source_timestamp":22549611127301,"circlet_count":0,"master_deck":["AscendersBane","Strike_R","Strike_R","Strike_R","Strike_R","Defend_R","Defend_R","Defend_R","Defend_R","Bash","Carnage+1","Spot Weakness+1"],"special_seed":0,"relics":["Burning Blood","Golden Idol","Toxic Egg 2"],"potions_floor_usage":[],"damage_taken":[{"damage":1.0,"enemies":"2 Louse","floor":1.0,"turns":3.0},{"damage":2.0,"enemies":"Jaw Worm","floor":3.0,"turns":5.0},{"damage":0.0,"enemies":"Cultist","floor":4.0,"turns":2.0},{"damage":49.0,"enemies":"Lagavulin","floor":6.0,"turns":10.0},{"damage":36,"enemies":"Gremlin Nob","floor":8,"turns":3}],"seed_played":"-7747174191724758789","potions_obtained":[{"floor":3.0,"key":"Poison Potion"}],"is_trial":false,"path_per_floor":["M","?","M","M","?","E","R","E"],"character_chosen":"IRONCLAD","items_purchased":[],"campfire_rested":0,"item_purchase_floors":[],"current_hp_per_floor":[69,62,66,72,72,29,29,0],"gold":187,"neow_bonus":"TWENTY_PERCENT_HP_BONUS","is_prod":false,"is_daily":false,"chose_seed":false,"campfire_upgraded":1,"win_rate":0,"timestamp":1558688519,"path_taken":["M","?","M","M","?","E","R","E"],"build_version":"2019-01-23","purchased_purges":0,"victory":false,"max_hp_per_floor":[89,89,89,89,81,81,81,81],"card_choices":[{"not_picked":["Clothesline","Seeing Red","Twin Strike"],"picked":"SKIP","floor":1.0},{"not_picked":["Sword Boomerang","Sever Soul"],"picked":"Carnage","floor":3.0},{"not_picked":["Sword Boomerang","Anger","Body Slam"],"picked":"SKIP","floor":4.0},{"not_picked":["Whirlwind","Brutality"],"picked":"Spot Weakness","floor":6.0}],"player_experience":4824708,"relics_obtained":[{"floor":6.0,"key":"Toxic Egg 2"}],"event_choices":[{"cards_removed":["Strike_R"],"damage_healed":0.0,"max_hp_gain":0.0,"max_hp_loss":0.0,"gold_gain":0.0,"event_name":"Golden Wing","player_choice":"Card Removal","floor":2.0,"gold_loss":0.0,"damage_taken":7.0},{"damage_healed":0.0,"max_hp_gain":0.0,"max_hp_loss":8.0,"gold_gain":0.0,"event_name":"Golden Idol","player_choice":"Lose Max HP","floor":5.0,"gold_loss":0.0,"damage_taken":0.0,"relics_obtained":["Golden Idol"]}],"is_beta":false,"boss_relics":[],"items_purged_floors":[],"is_endless":false,"potions_floor_spawned":[3],"killed_by":"Gremlin Nob","ascension_level":20}