{"gold_per_floor":[149,149,160,45,45,80,80,111,135,135,135,35,35,47,47,119,119,135,135,151,169,188,188,188],"floor_reached":24,"playtime":2141,"items_purged":["Strike_B","Parasite"],"score":408,"play_id":"31f08715-ee55-41c8-889f-d643af1aff04","local_time":"20190721162324","is_ascension_mode":true,"campfire_choices":[{"data":"Dualcast","floor":7.0,"key":"SMITH"},{"data":"Consume","floor":10.0,"key":"SMITH"},{"data":"Zap","floor":13.0,"key":"SMITH"},{"data":"Coolheaded","floor":15.0,"key":"SMITH"},{"data":"Recycle","floor":23,"key":"SMITH"}],"neow_cost":"NONE","seed_source_timestamp":0,"circlet_count":0,"master_deck":["AscendersBane","Strike_B","Strike_B","Strike_B","Defend_B","Defend_B","Defend_B","Defend_B","Zap+1","Dualcast+1","Skim","Coolheaded+1","Doom and Gloom","Consume+1","Electrodynamics","Recycle+1","Rainbow","Hologram+1"],"special_seed":0,"relics":["Cracked Core","Tiny Chest","Strawberry","Orichalcum","Vajra","Centennial Puzzle","Runic Dome"],"potions_floor_usage":[22],"damage_taken":[{"damage":9.0,"enemies":"Small Slimes","floor":1.0,"turns":4.0},{"damage":2.0,"enemies":"Jaw Worm","floor":3.0,"turns":4.0},{"damage":26.0,"enemies":"Lagavulin","floor":6.0,"turns":6.0},{"damage":9.0,"enemies":"3 Sentries","floor":8.0,"turns":6.0},{"damage":0.0,"enemies":"Cultist","floor":14.0,"turns":3.0},{"damage":11.0,"enemies":"The Guardian","floor":16.0,"turns":9.0},{"damage":1.0,"enemies":"3 Byrds","floor":18.0,"turns":2.0},{"damage":5,"enemies":"Spheric Guardian","floor":20,"turns":5},{"damage":16,"enemies":"Snake Plant","floor":21,"turns":4},{"damage":3,"enemies":"Snecko","floor":22,"turns":3},{"damage":17,"enemies":"Shelled Parasite and Fungi","floor":24,"turns":3}],"seed_played":"-1820590138774598493","potions_obtained":[{"floor":1.0,"key":"EssenceOfSteel"},{"floor":6.0,"key":"GamblersBrew"},{"floor":14.0,"key":"Energy Potion"},{"floor":16.0,"key":"Energy Potion"},{"floor":18.0,"key":"FocusPotion"}],"is_trial":false,"path_per_floor":["M","?","M","$","?","E","R","E","T","R","?","$","R","M","R","B",null,"M","?","M","M","M","R","M"],"character_chosen":"DEFECT","items_purchased":["Doom and Gloom"],"campfire_rested":0,"item_purchase_floors":[4],"current_hp_per_floor":[55,51,49,49,49,23,23,14,14,14,33,33,33,33,33,22,62,61,61,56,40,37,37,20],"gold":188,"neow_bonus":"RANDOM_COMMON_RELIC","is_prod":false,"is_daily":false,"chose_seed":false,"campfire_upgraded":5,"win_rate":0,"timestamp":1563697404,"path_taken":["M","?","M","$","?","E","R","E","T","R","?","$","R","M","R","BOSS","M","?","M","M","M","R","?"],"build_version":"2019-07-17","purchased_purges":2,"victory":false,"max_hp_per_floor":[71,78,78,78,78,78,78,78,78,78,78,75,75,75,75,75,75,75,75,75,75,75,75,75],"card_choices":[{"not_picked":["Coolheaded","Doom and Gloom"],"picked":"Skim","floor":1.0},{"not_picked":["Barrage","Go for the Eyes"],"picked":"Coolheaded","floor":3.0},{"not_picked":["Chaos","Ball Lightning","Leap"],"picked":"SKIP","floor":6.0},{"not_picked":["Tempest","Conserve Battery"],"picked":"Consume","floor":8.0},{"not_picked":["Beam Cell","Leap","Reprogram"],"picked":"SKIP","floor":14.0},{"not_picked":["All For One","Creative AI"],"picked":"Electrodynamics","floor":16.0},{"not_picked":["Steam+1","Heatsinks"],"picked":"Recycle","floor":18.0},{"not_picked":["Heatsinks","Gash","Lockon"],"picked":"SKIP","floor":20},{"not_picked":["Leap","Gash+1"],"picked":"Hologram+1","floor":21},{"not_picked":["Gash","Chaos","Conserve Battery"],"picked":"SKIP","floor":22}],"player_experience":5815722,"relics_obtained":[{"floor":6.0,"key":"Orichalcum"},{"floor":8.0,"key":"Vajra"},{"floor":9.0,"key":"Centennial Puzzle"}],"event_choices":[{"damage_healed":0.0,"max_hp_gain":0.0,"max_hp_loss":0.0,"gold_gain":0.0,"event_name":"Scrap Ooze","player_choice":"Success","floor":2.0,"gold_loss":0.0,"damage_taken":11.0,"relics_obtained":["Strawberry"]},{"damage_healed":0.0,"max_hp_gain":0.0,"max_hp_loss":0.0,"gold_gain":0.0,"event_name":"Liars Game","player_choice":"Ignored","floor":5.0,"gold_loss":0.0,"damage_taken":0.0},{"damage_healed":19.0,"max_hp_gain":0.0,"max_hp_loss":0.0,"gold_gain":0.0,"event_name":"Mushrooms","player_choice":"Healed and dodged fight","floor":11.0,"gold_loss":0.0,"damage_taken":0.0,"cards_obtained":["Parasite"]},{"damage_healed":0.0,"max_hp_gain":0.0,"max_hp_loss":0.0,"gold_gain":0.0,"event_name":"Match and Keep!","player_choice":"1 cards matched","floor":19.0,"gold_loss":0.0,"damage_taken":0.0,"cards_obtained":["Rainbow"]}],"is_beta":false,"boss_relics":[{"not_picked":["Snecko Eye","White Beast Statue"],"picked":"Runic Dome"}],"items_purged_floors":[4,12],"is_endless":false,"potions_floor_spawned":[1,6,14,16,18],"killed_by":"Shelled Parasite and Fungi","ascension_level":20}