{"gold_per_floor":[117,10,0,0,0,35,35,79,79,4,24,24,24,40,40,139,139,157,57,80,103,103,103,103,153,153,153,177,221,221,237,237,331,331,351,351,351,369,385,385,400,444,444,460,504,70,70,95,95,95,95,95,95,45,76,76],"floor_reached":57,"playtime":4096,"items_purged":["Strike_B","Strike_B","Defend_B","Zap"],"score":3201,"play_id":"1b600af9-c045-4980-86d8-8a535f60c6e1","local_time":"20190225204802","is_ascension_mode":true,"campfire_choices":[{"floor":7.0,"key":"REST"},{"data":"Consume","floor":12.0,"key":"SMITH"},{"data":"Dualcast","floor":15.0,"key":"SMITH"},{"data":"Turbo","floor":23.0,"key":"SMITH"},{"data":"Coolheaded","floor":27.0,"key":"SMITH"},{"data":"Loop","floor":30.0,"key":"SMITH"},{"data":"Coolheaded","floor":32.0,"key":"SMITH"},{"data":"Madness","floor":40.0,"key":"SMITH"},{"floor":49.0,"key":"RECALL"},{"data":"Apotheosis","floor":53.0,"key":"SMITH"}],"neow_cost":"PERCENT_DAMAGE","seed_source_timestamp":26349045541842,"circlet_count":0,"master_deck":["AscendersBane","Defend_B","Dualcast+1","Consume+1","Blizzard","Coolheaded+1","Coolheaded","Ball Lightning","Glacier","Glacier","Turbo+1","Echo Form","Coolheaded+1","Beam Cell+1","Loop+1","Cold Snap+1","Rainbow","Recycle+1","Madness+1","Madness","Master of Strategy","Impatience","Coolheaded","Core Surge+1","Capacitor","Apotheosis+1","Skim"],"special_seed":0,"relics":["Cracked Core","Golden Idol","Mango","Symbiotic Virus","Bag of Preparation","Matryoshka","Runic Pyramid","Smiling Mask","PreservedInsect","Black Star","Molten Egg 2","Ginger","Dream Catcher","Mummified Hand","Incense Burner","Blue Candle","Nunchaku","Bottled Tornado"],"potions_floor_usage":[56],"damage_taken":[{"damage":14.0,"enemies":"Jaw Worm","floor":1.0,"turns":4.0},{"damage":40.0,"enemies":"Gremlin Nob","floor":6.0,"turns":4.0},{"damage":11.0,"enemies":"3 Sentries","floor":8.0,"turns":9.0},{"damage":2.0,"enemies":"Small Slimes","floor":11.0,"turns":3.0},{"damage":0.0,"enemies":"Cultist","floor":14.0,"turns":4.0},{"damage":14.0,"enemies":"The Guardian","floor":16.0,"turns":15.0},{"damage":0.0,"enemies":"Spheric Guardian","floor":18.0,"turns":6.0},{"damage":0.0,"enemies":"Chosen","floor":20.0,"turns":3.0},{"damage":0.0,"enemies":"Sentry and Sphere","floor":21.0,"turns":8.0},{"damage":0.0,"enemies":"Snake Plant","floor":28.0,"turns":6.0},{"damage":0.0,"enemies":"Book of Stabbing","floor":29.0,"turns":6.0},{"damage":0.0,"enemies":"Centurion and Healer","floor":31.0,"turns":6.0},{"damage":0.0,"enemies":"Collector","floor":33.0,"turns":12.0},{"damage":0.0,"enemies":"Orb Walker","floor":35.0,"turns":3.0},{"damage":0.0,"enemies":"3 Shapes","floor":38.0,"turns":5.0},{"damage":0.0,"enemies":"Maw","floor":39.0,"turns":7.0},{"damage":24.0,"enemies":"3 Darklings","floor":41.0,"turns":5.0},{"damage":6.0,"enemies":"Reptomancer","floor":42.0,"turns":5.0},{"damage":0.0,"enemies":"Writhing Mass","floor":44.0,"turns":7.0},{"damage":4.0,"enemies":"Nemesis","floor":45.0,"turns":9.0},{"damage":0.0,"enemies":"Jaw Worm Horde","floor":48.0,"turns":5.0},{"damage":0.0,"enemies":"Donu and Deca","floor":50.0,"turns":12.0},{"damage":0.0,"enemies":"Time Eater","floor":51.0,"turns":17.0},{"damage":0,"enemies":"Shield and Spear","floor":55,"turns":7},{"damage":36,"enemies":"The Heart","floor":56,"turns":9}],"seed_played":"-5637296543838612550","potions_obtained":[{"floor":1.0,"key":"SpeedPotion"},{"floor":13.0,"key":"FairyPotion"},{"floor":14.0,"key":"Block Potion"},{"floor":18.0,"key":"FocusPotion"},{"floor":20.0,"key":"SpeedPotion"},{"floor":28.0,"key":"Energy Potion"},{"floor":31.0,"key":"Dexterity Potion"},{"floor":44.0,"key":"Block Potion"}],"is_trial":false,"path_per_floor":["M","$","?","?","T","E","R","E","T","$","M","R","?","M","R","B",null,"M","$","M","M","$","R","?","?","T","R","M","E","R","M","R","B",null,"M","?","?","M","M","R","M","E","T","M","E","$","?","M","R","B","B",null,"R","$","E","B",null],"character_chosen":"DEFECT","items_purchased":["Coolheaded","Ball Lightning","Capacitor","GamblersBrew","Apotheosis"],"campfire_rested":1,"item_purchase_floors":[2,2,46,46,46],"current_hp_per_floor":[32,32,32,32,46,6,29,18,18,18,16,16,16,16,16,2,59,59,59,59,59,59,59,59,59,59,59,59,59,59,59,59,59,73,73,59,54,54,54,54,30,24,24,24,20,20,20,20,20,20,20,64,64,64,64,28],"gold":76,"neow_bonus":"TRANSFORM_TWO_CARDS","is_prod":false,"is_daily":false,"chose_seed":false,"campfire_upgraded":8,"win_rate":0,"timestamp":1551098882,"path_taken":["M","$","?","?","?","E","R","E","T","$","M","R","?","?","R","BOSS","M","$","M","M","$","R","?","?","T","R","M","E","R","?","R","BOSS","M","?","?","?","M","R","M","E","T","M","E","$","?","M","R","BOSS","BOSS","R","$","E","BOSS"],"build_version":"2019-01-23","purchased_purges":4,"victory":true,"max_hp_per_floor":[71,71,71,64,78,78,78,78,78,78,78,78,78,78,78,78,78,78,78,78,78,78,78,78,78,78,78,78,78,78,78,78,78,78,78,78,78,78,78,78,78,78,78,78,78,78,78,78,78,78,78,78,78,78,78,78],"card_choices":[{"not_picked":["Heatsinks","Conserve Battery"],"picked":"Coolheaded","floor":1.0},{"not_picked":["Compile Driver","Redo"],"picked":"Glacier","floor":6.0},{"not_picked":["Multi-Cast","Barrage","Steam"],"picked":"SKIP","floor":8.0},{"not_picked":["Redo","Force Field"],"picked":"Glacier","floor":11.0},{"not_picked":["Compile Driver","Rebound"],"picked":"Turbo","floor":14.0},{"not_picked":["Seek","Machine Learning"],"picked":"Echo Form","floor":16.0},{"not_picked":["Chaos","Conserve Battery","Blizzard"],"picked":"SKIP","floor":18.0},{"not_picked":["Auto Shields","Melter"],"picked":"Coolheaded","floor":20.0},{"not_picked":["Gash","Compile Driver","Beam Cell+1"],"picked":"SKIP","floor":21.0},{"not_picked":["Gash","Compile Driver"],"picked":"Beam Cell+1","floor":21.0},{"not_picked":["Beam Cell","Steam","Conserve Battery"],"picked":"SKIP","floor":28.0},{"not_picked":["Stack","Sunder+1"],"picked":"Loop","floor":29.0},{"not_picked":["Force Field","Barrage"],"picked":"Cold Snap+1","floor":31.0},{"not_picked":["Thunder Strike","Amplify"],"picked":"Rainbow","floor":33.0},{"not_picked":["Skim","Tempest"],"picked":"Recycle+1","floor":35.0},{"not_picked":["Dramatic Entrance","Transmutation"],"picked":"Master of Strategy","floor":37.0},{"not_picked":["Trip","PanicButton"],"picked":"Impatience","floor":37.0},{"not_picked":["Conserve Battery+1","Barrage","Hello World+1"],"picked":"SKIP","floor":38.0},{"not_picked":["Stack","Auto Shields","Go for the Eyes"],"picked":"SKIP","floor":39.0},{"not_picked":["Heatsinks+1","Turbo+1"],"picked":"Coolheaded","floor":41.0},{"not_picked":["Streamline","Beam Cell"],"picked":"Core Surge","floor":42.0},{"not_picked":["Turbo","Melter+1","Blizzard+1"],"picked":"SKIP","floor":44.0},{"not_picked":["Stack","Steam Power+1","Ball Lightning+1"],"picked":"SKIP","floor":45.0},{"not_picked":["Conserve Battery","Thunder Strike+1"],"picked":"Skim","floor":48.0},{"not_picked":["Compile Driver+1","Rip and Tear+1","Redo"],"picked":"SKIP","floor":55}],"player_experience":3135421,"relics_obtained":[{"floor":5.0,"key":"Mango"},{"floor":6.0,"key":"Symbiotic Virus"},{"floor":8.0,"key":"Bag of Preparation"},{"floor":9.0,"key":"Matryoshka"},{"floor":26.0,"key":"Smiling Mask"},{"floor":29.0,"key":"PreservedInsect"},{"floor":42.0,"key":"Molten Egg 2"},{"floor":42.0,"key":"Ginger"},{"floor":43.0,"key":"Dream Catcher"},{"floor":43.0,"key":"Mummified Hand"},{"floor":45.0,"key":"Incense Burner"},{"floor":45.0,"key":"Blue Candle"},{"floor":55,"key":"Nunchaku"},{"floor":55,"key":"Bottled Tornado"}],"event_choices":[{"damage_healed":0.0,"max_hp_gain":0.0,"max_hp_loss":0.0,"gold_gain":0.0,"event_name":"World of Goop","player_choice":"Left Gold","floor":3.0,"gold_loss":10.0,"damage_taken":0.0},{"damage_healed":0.0,"max_hp_gain":0.0,"max_hp_loss":7.0,"gold_gain":0.0,"event_name":"Golden Idol","player_choice":"Lose Max HP","floor":4.0,"gold_loss":0.0,"damage_taken":0.0,"relics_obtained":["Golden Idol"]},{"damage_healed":0.0,"max_hp_gain":0.0,"max_hp_loss":0.0,"gold_gain":0.0,"event_name":"Lab","player_choice":"Got Potions","floor":13.0,"gold_loss":0.0,"damage_taken":0.0},{"cards_removed":["Defend_B"],"damage_healed":0.0,"max_hp_gain":0.0,"max_hp_loss":0.0,"gold_gain":0.0,"event_name":"Back to Basics","player_choice":"Elegance","floor":24.0,"gold_loss":0.0,"damage_taken":0.0},{"damage_healed":0.0,"max_hp_gain":0.0,"max_hp_loss":0.0,"gold_gain":50.0,"event_name":"Golden Shrine","player_choice":"Pray","floor":25.0,"gold_loss":0.0,"damage_taken":0.0},{"damage_healed":0.0,"max_hp_gain":0.0,"max_hp_loss":0.0,"gold_gain":0.0,"event_name":"Winding Halls","player_choice":"Embrace Madness","floor":36.0,"gold_loss":0.0,"damage_taken":14.0,"cards_obtained":["Madness","Madness"]},{"damage_healed":0.0,"max_hp_gain":0.0,"max_hp_loss":0.0,"gold_gain":0.0,"event_name":"SensoryStone","player_choice":"Memory 2","floor":37.0,"gold_loss":0.0,"damage_taken":5.0},{"cards_removed":["Defend_B"],"damage_healed":0.0,"max_hp_gain":0.0,"max_hp_loss":0.0,"gold_gain":0.0,"event_name":"Falling","player_choice":"Removed Skill","floor":47.0,"gold_loss":0.0,"damage_taken":0.0}],"is_beta":false,"boss_relics":[{"not_picked":["Sozu","Velvet Choker"],"picked":"Runic Pyramid"},{"not_picked":["Calling Bell","Snecko Eye"],"picked":"Black Star"}],"items_purged_floors":[10,19,46,54],"is_endless":false,"potions_floor_spawned":[1,14,18,20,28,31,35,44,48],"ascension_level":20}