{"gold_per_floor":[117,117,42,59,59,59,73,73,98,98,21,21,41,53,53,53],"floor_reached":16,"playtime":217,"items_purged":["Strike_G"],"score":180,"play_id":"44c1ad54-582d-4312-870c-d9b885c5d50f","local_time":"20190219151329","is_ascension_mode":true,"campfire_choices":[{"data":"Flechettes","floor":6,"key":"SMITH"},{"data":"Neutralize","floor":8,"key":"SMITH"},{"data":"Survivor","floor":10,"key":"SMITH"},{"data":"Defend_G","floor":12,"key":"SMITH"},{"data":"Grand Finale","floor":15,"key":"SMITH"}],"neow_cost":"NONE","seed_source_timestamp":25319250883053,"circlet_count":0,"master_deck":["AscendersBane","Defend_G+1","Defend_G","Defend_G","Defend_G","Defend_G","Strike_G","Strike_G","Strike_G","Survivor+1","Neutralize+1","Flechettes+1","After Image","Grand Finale+1"],"special_seed":0,"relics":["Ring of the Snake","NeowsBlessing","Boot"],"potions_floor_usage":[],"damage_taken":[{"damage":0.0,"enemies":"Jaw Worm","floor":1.0,"turns":1.0},{"damage":0.0,"enemies":"Small Slimes","floor":4.0,"turns":1.0},{"damage":0,"enemies":"2 Louse","floor":7,"turns":1},{"damage":0,"enemies":"Looter","floor":13,"turns":4},{"damage":10,"enemies":"Lots of Slimes","floor":14,"turns":5},{"damage":8,"enemies":"Hexaghost","floor":16,"turns":5}],"seed_played":"8849153783127748867","potions_obtained":[{"floor":7,"key":"Dexterity Potion"},{"floor":13,"key":"FearPotion"}],"is_trial":false,"path_per_floor":["M","?","$","M","?","R","M","R","T","R","$","R","M","M","R","B"],"character_chosen":"THE_SILENT","items_purchased":["After Image"],"campfire_rested":0,"item_purchase_floors":[11],"current_hp_per_floor":[59,64,64,64,64,64,64,64,64,64,64,64,64,54,54,46],"gold":53,"neow_bonus":"THREE_ENEMY_KILL","is_prod":false,"is_daily":false,"chose_seed":false,"campfire_upgraded":5,"win_rate":0,"timestamp":1550560409,"path_taken":["M","?","$","M","?","R","M","R","T","R","$","R","M","M","R","BOSS"],"build_version":"2019-01-23","purchased_purges":1,"victory":false,"max_hp_per_floor":[66,71,71,71,71,71,71,71,71,71,71,71,71,71,71,71],"card_choices":[{"not_picked":["Poisoned Stab","Dodge and Roll"],"picked":"Flechettes","floor":1.0},{"not_picked":["PiercingWail","Leg Sweep","Backflip"],"picked":"SKIP","floor":4.0},{"not_picked":["Cloak And Dagger","Poisoned Stab","Blade Dance"],"picked":"SKIP","floor":7},{"not_picked":["Bane","Dagger Throw","Accuracy"],"picked":"SKIP","floor":13},{"not_picked":["Slice","Sucker Punch"],"picked":"Grand Finale","floor":14}],"player_experience":2954233,"relics_obtained":[{"floor":9,"key":"Boot"}],"event_choices":[{"damage_healed":0.0,"max_hp_gain":5.0,"max_hp_loss":0.0,"gold_gain":0.0,"event_name":"Big Fish","player_choice":"Donut","floor":2.0,"gold_loss":0.0,"damage_taken":0.0},{"cards_removed":["Strike_G"],"damage_healed":0,"gold_gain":0,"player_choice":"Forget","damage_taken":0,"max_hp_gain":0,"max_hp_loss":0,"event_name":"Living Wall","floor":5,"gold_loss":0}],"is_beta":false,"boss_relics":[],"items_purged_floors":[3],"is_endless":false,"potions_floor_spawned":[7,13],"killed_by":"Hexaghost","ascension_level":20}