{"gold_per_floor":[119,137,137,157,157,195,223,247,271,271],"floor_reached":10,"playtime":198,"items_purged":[],"score":95,"play_id":"9db2c7ad-a905-4933-9fc7-762b413dcbbe","local_time":"20181008133328","is_ascension_mode":true,"campfire_choices":[],"neow_cost":"NONE","seed_source_timestamp":517718292871276,"circlet_count":0,"master_deck":["Strike_B","Strike_B","Strike_B","Strike_B","Defend_B","Defend_B","Defend_B","Defend_B","Zap","Dualcast","Streamline","Consume","White Noise","Turbo","Capacitor"],"special_seed":0,"relics":["Cracked Core","NeowsBlessing","Smiling Mask","Golden Idol","Strawberry","Odd Mushroom","Bag of Marbles"],"potions_floor_usage":[],"damage_taken":[{"damage":0.0,"enemies":"Small Slimes","floor":1.0,"turns":1.0},{"damage":0.0,"enemies":"Cultist","floor":2.0,"turns":1.0},{"damage":0.0,"enemies":"Jaw Worm","floor":4.0,"turns":1.0},{"damage":25.0,"enemies":"Lagavulin","floor":6.0,"turns":6.0},{"damage":12.0,"enemies":"The Mushroom Lair","floor":7.0,"turns":2.0},{"damage":0.0,"enemies":"2 Fungi Beasts","floor":8.0,"turns":2.0},{"damage":43,"enemies":"Gremlin Nob","floor":10,"turns":4}],"seed_played":"-3439811862711094082","potions_obtained":[{"floor":1.0,"key":"FairyPotion"},{"floor":6.0,"key":"PowerPotion"}],"is_trial":false,"path_per_floor":["M","M","?","M","?","E","?","M","T"],"character_chosen":"DEFECT","items_purchased":[],"campfire_rested":0,"item_purchase_floors":[],"current_hp_per_floor":[68,68,68,68,68,50,38,38,38,0],"gold":271,"neow_bonus":"THREE_ENEMY_KILL","is_prod":false,"is_daily":false,"chose_seed":false,"campfire_upgraded":0,"win_rate":0,"timestamp":1538976808,"path_taken":["M","M","?","M","?","E","?","M","T","E"],"build_version":"2018-10-04v2","purchased_purges":0,"victory":false,"max_hp_per_floor":[75,75,75,75,69,76,76,76,76,76],"card_choices":[{"not_picked":["Chaos","Skim"],"picked":"Streamline","floor":1.0},{"not_picked":["Coolheaded","Cold Snap","Force Field"],"picked":"SKIP","floor":2.0},{"not_picked":["Leap","Capacitor"],"picked":"Consume","floor":4.0},{"not_picked":["Streamline","Cold Snap"],"picked":"White Noise","floor":6.0},{"not_picked":["Streamline","Gash"],"picked":"Turbo","floor":7.0},{"not_picked":["Stack","Reprogram"],"picked":"Capacitor","floor":8.0}],"player_experience":237188,"relics_obtained":[{"floor":6.0,"key":"Strawberry"},{"floor":7.0,"key":"Odd Mushroom"},{"floor":9.0,"key":"Bag of Marbles"}],"event_choices":[{"event_name":"WeMeetAgain","player_choice":"Potion","floor":3.0,"damage_taken":0.0},{"event_name":"Golden Idol","player_choice":"Lose Max HP","floor":5.0,"damage_taken":0.0},{"event_name":"Mushrooms","player_choice":"Fought Mushrooms","floor":7.0,"damage_taken":0.0}],"is_beta":false,"boss_relics":[],"items_purged_floors":[],"is_endless":false,"potions_floor_spawned":[1,6],"killed_by":"Gremlin Nob","ascension_level":8}