{"gold_per_floor":[119,119,2,2,12,12,43,59,59,59,134,166,166,193,193,267,267,240,155,155,173,173],"floor_reached":22,"playtime":958,"items_purged":[],"score":439,"play_id":"eb3380f2-f717-4115-902e-ad1ca69ec62c","local_time":"20190530002542","is_ascension_mode":true,"campfire_choices":[{"data":"Bash","floor":6,"key":"SMITH"},{"floor":10,"key":"REST"},{"data":"True Grit","floor":13,"key":"SMITH"},{"data":"Double Tap","floor":15,"key":"SMITH"}],"neow_cost":"CURSE","seed_source_timestamp":23096783728777,"circlet_count":0,"master_deck":["AscendersBane","Strike_R","Strike_R","Strike_R","Strike_R","Strike_R","Defend_R","Defend_R","Defend_R","Defend_R","Bash+1","Decay","Anger","Inflame","Spot Weakness","Berserk","Bludgeon","True Grit+1","Double Tap+1","Demon Form"],"relics":["Burning Blood","FossilizedHelix","Smiling Mask","Pen Nib","Letter Opener","Magic Flower","Shuriken","Fusion Hammer","Strawberry"],"potions_floor_usage":[16,16],"damage_taken":[{"damage":0,"enemies":"2 Louse","floor":1,"turns":3},{"damage":0,"enemies":"Small Slimes","floor":5,"turns":3},{"damage":22,"enemies":"Lagavulin","floor":7,"turns":5},{"damage":2,"enemies":"Cultist","floor":8,"turns":4},{"damage":0,"enemies":"Gremlin Nob","floor":12,"turns":3},{"damage":11,"enemies":"Lagavulin","floor":14,"turns":6},{"damage":43,"enemies":"Hexaghost","floor":16,"turns":7},{"damage":27,"enemies":"2 Thieves","floor":18,"turns":4},{"damage":5,"enemies":"Shell Parasite","floor":21,"turns":3},{"damage":35,"enemies":"Cultist and Chosen","floor":22,"turns":3}],"seed_played":"7210462639102811415","potions_obtained":[{"floor":5,"key":"Energy Potion"},{"floor":8,"key":"Ancient Potion"},{"floor":12,"key":"SteroidPotion"},{"floor":18,"key":"LiquidBronze"}],"is_trial":false,"path_per_floor":["M","?","$","?","M","R","E","M","T","R","?","E","R","E","R","B",null,"M","?","?","M","M"],"character_chosen":"IRONCLAD","items_purchased":["Inflame","Spot Weakness"],"campfire_rested":1,"item_purchase_floors":[3,3],"current_hp_per_floor":[74,39,39,39,45,45,29,33,33,55,44,50,50,48,48,14,60,42,49,25,29,0],"gold":173,"neow_bonus":"ONE_RARE_RELIC","is_prod":false,"is_daily":false,"chose_seed":false,"campfire_upgraded":3,"win_rate":0,"timestamp":1559168742,"path_taken":["M","?","$","?","?","R","E","M","T","R","?","E","R","E","R","BOSS","M","?","?","M","M"],"build_version":"2019-01-23","purchased_purges":0,"victory":false,"max_hp_per_floor":[75,75,75,75,75,75,75,75,75,75,75,75,75,75,75,75,75,75,82,87,87,87],"card_choices":[{"not_picked":["Havoc","Second Wind"],"picked":"Anger","floor":1},{"not_picked":["Havoc","Blood for Blood","Twin Strike"],"picked":"SKIP","floor":5},{"not_picked":["True Grit","Iron Wave"],"picked":"Bludgeon","floor":7},{"not_picked":["Sever Soul","Sentinel"],"picked":"True Grit","floor":8},{"not_picked":["Warcry","Seeing Red","Hemokinesis"],"picked":"SKIP","floor":12},{"not_picked":["Sword Boomerang","Pommel Strike"],"picked":"Double Tap","floor":14},{"not_picked":["Offering","Exhume"],"picked":"Demon Form","floor":16},{"not_picked":["Wild Strike","Anger","Searing Blow"],"picked":"SKIP","floor":18},{"not_picked":["Thunderclap","Dropkick","Combust"],"picked":"SKIP","floor":21}],"player_experience":623032,"relics_obtained":[{"floor":7,"key":"Pen Nib"},{"floor":9,"key":"Letter Opener"},{"floor":12,"key":"Magic Flower"},{"floor":14,"key":"Shuriken"}],"event_choices":[{"damage_healed":0,"gold_gain":0,"player_choice":"Success","damage_taken":35,"relics_obtained":["Smiling Mask"],"max_hp_gain":0,"max_hp_loss":0,"event_name":"Scrap Ooze","floor":2,"gold_loss":0},{"damage_healed":0,"gold_gain":0,"player_choice":"1 cards matched","damage_taken":0,"max_hp_gain":0,"max_hp_loss":0,"event_name":"Match and Keep!","floor":4,"gold_loss":0,"cards_obtained":["Berserk"]},{"damage_healed":0,"gold_gain":75,"player_choice":"Gather Gold","damage_taken":11,"max_hp_gain":0,"max_hp_loss":0,"event_name":"World of Goop","floor":11,"gold_loss":0},{"damage_healed":0,"gold_gain":0,"player_choice":"Obtained Relic","damage_taken":0,"relics_obtained":["Strawberry"],"max_hp_gain":0,"max_hp_loss":0,"event_name":"Addict","floor":19,"gold_loss":85},{"damage_healed":0,"gold_gain":0,"player_choice":"Shed Blood","damage_taken":29,"max_hp_gain":5,"max_hp_loss":0,"event_name":"Forgotten Altar","floor":20,"gold_loss":0}],"is_beta":false,"boss_relics":[{"not_picked":["Runic Pyramid","Runic Cube"],"picked":"Fusion Hammer"}],"items_purged_floors":[],"is_endless":false,"potions_floor_spawned":[5,8,12,14,18],"killed_by":"Cultist and Chosen","ascension_level":19}