{"gold_per_floor":[110,35,51,51,71,106,106,438,438,438,451,451,468,34,34,134,134,153,28,0,0,0,0,10,29,29,29,29,29,47,61,61,158,158,172,183,33,33,51,51,65,82,106,38,138,138,155,165,165,165],"floor_reached":51,"playtime":2309,"items_purged":["Strike_R","Strike_R","Strike_R","Bash+1"],"score":759,"play_id":"9c50ebbc-78e8-4186-a0a7-2d476b042bda","local_time":"20190619222004","is_ascension_mode":false,"campfire_choices":[{"data":"Rampage","floor":7.0,"key":"SMITH"},{"data":"Flame Barrier","floor":10.0,"key":"SMITH"},{"data":"Limit Break","floor":15.0,"key":"SMITH"},{"data":"True Grit","floor":23,"key":"SMITH"},{"data":"Inflame","floor":27,"key":"SMITH"},{"data":"Impatience","floor":29,"key":"SMITH"},{"data":"Flex","floor":32,"key":"SMITH"},{"data":"Offering","floor":40,"key":"SMITH"},{"data":"Exhume","floor":46,"key":"SMITH"},{"floor":49,"key":"REST"}],"neow_cost":"NONE","seed_source_timestamp":42802890763863,"circlet_count":0,"master_deck":["Defend_R","Defend_R","Defend_R","Power Through","Flame Barrier+1","Rampage+1","Limit Break+1","True Grit+1","Impatience+1","Flex+1","Inflame+1","Rampage","Armaments","Offering+1","Pommel Strike+1","Shrug It Off+1","Exhume+1","Burning Pact+1"],"special_seed":0,"relics":["Burning Blood","Strawberry","Old Coin","Shuriken","Frozen Eye","Runic Dome","Runic Cube","Bag of Preparation","Dead Branch"],"potions_floor_usage":[25,25,50],"damage_taken":[{"damage":6.0,"enemies":"Jaw Worm","floor":1.0,"turns":3.0},{"damage":6.0,"enemies":"2 Louse","floor":3.0,"turns":3.0},{"damage":10.0,"enemies":"Small Slimes","floor":5.0,"turns":3.0},{"damage":15.0,"enemies":"Gremlin Nob","floor":6.0,"turns":4.0},{"damage":40.0,"enemies":"3 Sentries","floor":8.0,"turns":11.0},{"damage":5.0,"enemies":"2 Fungi Beasts","floor":11.0,"turns":5.0},{"damage":8.0,"enemies":"Large Slime","floor":13.0,"turns":9.0},{"damage":2.0,"enemies":"Hexaghost","floor":16.0,"turns":8.0},{"damage":16.0,"enemies":"2 Thieves","floor":18.0,"turns":4.0},{"damage":14,"enemies":"Spheric Guardian","floor":24,"turns":7},{"damage":10,"enemies":"3 Cultists","floor":25,"turns":6},{"damage":27,"enemies":"Colosseum Slavers","floor":28,"turns":7},{"damage":6,"enemies":"Centurion and Healer","floor":30,"turns":8},{"damage":13,"enemies":"Snecko","floor":31,"turns":5},{"damage":41,"enemies":"Champ","floor":33,"turns":11},{"damage":6,"enemies":"3 Shapes","floor":35,"turns":8},{"damage":36,"enemies":"3 Darklings","floor":36,"turns":5},{"damage":6,"enemies":"Maw","floor":39,"turns":6},{"damage":14,"enemies":"Sphere and 2 Shapes","floor":41,"turns":4},{"damage":9,"enemies":"Writhing Mass","floor":42,"turns":5},{"damage":14,"enemies":"Mind Bloom Boss Battle","floor":45,"turns":5},{"damage":12,"enemies":"Maw","floor":47,"turns":6},{"damage":12,"enemies":"Jaw Worm Horde","floor":48,"turns":2},{"damage":61,"enemies":"Awakened One","floor":50,"turns":4}],"seed_played":"1619782050476767469","potions_obtained":[{"floor":8.0,"key":"LiquidBronze"},{"floor":11.0,"key":"Poison Potion"},{"floor":13.0,"key":"Ancient Potion"},{"floor":16.0,"key":"Swift Potion"},{"floor":24,"key":"SneckoOil"},{"floor":25,"key":"GamblersBrew"},{"floor":30,"key":"FearPotion"},{"floor":35,"key":"EntropicBrew"},{"floor":45,"key":"GamblersBrew"}],"is_trial":false,"path_per_floor":["M","$","M","?","M","E","R","E","T","R","M","?","M","$","R","B",null,"M","$","?","?","?","R","M","M","T","R","?","R","M","M","R","B",null,"M","M","$","?","M","R","M","M","T","$","?","R","M","M","R","B",null],"character_chosen":"IRONCLAD","items_purchased":["Impatience","Flex","Frozen Eye","Exhume"],"campfire_rested":1,"item_purchase_floors":[14,14,14,44],"current_hp_per_floor":[80,80,80,80,76,74,74,40,40,40,41,46,44,44,44,48,92,85,85,85,85,85,85,77,76,76,76,59,59,63,60,60,28,113,117,91,91,91,91,91,83,80,80,80,72,72,66,60,96,41],"gold":165,"neow_bonus":"UPGRADE_CARD","is_prod":false,"is_daily":false,"chose_seed":false,"campfire_upgraded":9,"win_rate":0,"timestamp":1560954004,"path_taken":["M","$","M","?","M","E","R","E","T","R","M","?","M","$","R","BOSS","M","$","?","?","?","R","M","M","T","R","?","R","M","M","R","BOSS","M","M","$","?","M","R","M","M","T","$","?","R","M","M","R","BOSS"],"build_version":"2019-01-23","purchased_purges":4,"victory":true,"max_hp_per_floor":[80,80,80,80,80,87,87,87,87,87,87,92,92,92,92,92,92,95,95,95,95,95,95,95,98,98,98,102,102,106,110,110,113,113,117,121,121,121,121,121,121,121,121,121,121,121,121,121,121,121],"card_choices":[{"not_picked":["Flex","Burning Pact"],"picked":"Power Through","floor":1.0},{"not_picked":["Metallicize","Entrench"],"picked":"Flame Barrier","floor":3.0},{"not_picked":["Heavy Blade","Clash","Perfected Strike"],"picked":"SKIP","floor":5.0},{"not_picked":["Intimidate","Sword Boomerang","Twin Strike"],"picked":"SKIP","floor":6.0},{"not_picked":["Searing Blow","Combust"],"picked":"Limit Break","floor":8.0},{"not_picked":["Iron Wave","Heavy Blade"],"picked":"True Grit","floor":11.0},{"not_picked":["Seeing Red","Heavy Blade","Sentinel"],"picked":"SKIP","floor":13.0},{"not_picked":["Impervious","Juggernaut"],"picked":"Feed","floor":16.0},{"not_picked":["Flex","Thunderclap+1"],"picked":"Inflame","floor":18.0},{"not_picked":["Cleave+1","Havoc","Fire Breathing"],"picked":"SKIP","floor":24},{"not_picked":["Metallicize","Warcry","Clash+1"],"picked":"SKIP","floor":25},{"not_picked":["True Grit","Sword Boomerang","Clothesline"],"picked":"SKIP","floor":30},{"not_picked":["True Grit","Sword Boomerang","Clothesline"],"picked":"SKIP","floor":30},{"not_picked":["Anger","Clash+1","Hemokinesis+1"],"picked":"SKIP","floor":31},{"not_picked":["Brutality","Bludgeon"],"picked":"Offering","floor":33},{"not_picked":["Sentinel","Flex+1"],"picked":"Pommel Strike+1","floor":35},{"not_picked":["Reckless Charge+1","Blood for Blood+1","Iron Wave"],"picked":"SKIP","floor":36},{"not_picked":["Sever Soul+1","Iron Wave+1"],"picked":"Shrug It Off+1","floor":39},{"not_picked":["Shrug It Off","Perfected Strike+1","Clash"],"picked":"SKIP","floor":41},{"not_picked":["Iron Wave+1","Anger+1","Carnage+1"],"picked":"SKIP","floor":42},{"not_picked":["Sword Boomerang+1","Warcry"],"picked":"Burning Pact+1","floor":45},{"not_picked":["Inflame","Reckless Charge+1","Wild Strike"],"picked":"SKIP","floor":47},{"not_picked":["Uppercut","True Grit","Havoc"],"picked":"SKIP","floor":48}],"player_experience":5474653,"relics_obtained":[{"floor":6.0,"key":"Strawberry"},{"floor":8.0,"key":"Old Coin"},{"floor":9.0,"key":"Shuriken"},{"floor":43,"key":"Bag of Preparation"},{"floor":45,"key":"Dead Branch"}],"event_choices":[{"damage_healed":0.0,"max_hp_gain":0.0,"max_hp_loss":0.0,"gold_gain":0.0,"cards_transformed":["Strike_R"],"event_name":"Living Wall","player_choice":"Change","floor":4.0,"gold_loss":0.0,"damage_taken":0.0,"cards_obtained":["Rampage"]},{"damage_healed":0.0,"max_hp_gain":5.0,"max_hp_loss":0.0,"gold_gain":0.0,"event_name":"Big Fish","player_choice":"Donut","floor":12.0,"gold_loss":0.0,"damage_taken":0.0},{"damage_healed":0,"gold_gain":0,"player_choice":"Paid Fearfully","damage_taken":0,"max_hp_gain":0,"max_hp_loss":0,"event_name":"Masked Bandits","floor":20,"gold_loss":28},{"damage_healed":0,"gold_gain":0,"player_choice":"Ignored","damage_taken":0,"max_hp_gain":0,"max_hp_loss":0,"event_name":"Vampires","floor":21,"gold_loss":0},{"damage_healed":0,"gold_gain":0,"cards_transformed":["Strike_R","Defend_R"],"player_choice":"Became Test Subject","damage_taken":0,"max_hp_gain":0,"max_hp_loss":0,"event_name":"Drug Dealer","floor":22,"gold_loss":0,"cards_obtained":["Rampage","Armaments"]},{"damage_healed":0,"gold_gain":0,"player_choice":"Fight","damage_taken":0,"max_hp_gain":0,"max_hp_loss":0,"event_name":"Colosseum","floor":28,"gold_loss":0},{"damage_healed":0,"gold_gain":0,"player_choice":"Fled From Nobs","damage_taken":0,"max_hp_gain":0,"max_hp_loss":0,"event_name":"Colosseum","floor":28,"gold_loss":0},{"cards_removed":["Feed"],"damage_healed":0,"gold_gain":0,"player_choice":"Removed Attack","damage_taken":0,"max_hp_gain":0,"max_hp_loss":0,"event_name":"Falling","floor":38,"gold_loss":0},{"damage_healed":0,"gold_gain":0,"player_choice":"Fight","damage_taken":0,"max_hp_gain":0,"max_hp_loss":0,"event_name":"MindBloom","floor":45,"gold_loss":0}],"is_beta":false,"boss_relics":[{"not_picked":["Calling Bell","Eternal Feather"],"picked":"Runic Dome"},{"not_picked":["Black Star","Mark of Pain"],"picked":"Runic Cube"}],"items_purged_floors":[2,14,19,37],"is_endless":false,"potions_floor_spawned":[8,11,13,16,24,25,30,35,45,47],"ascension_level":0}