{"gold_per_floor":[119,134,134,59,59,59,93,112,165,180,220,145,145,145,145,145],"floor_reached":16,"playtime":246,"items_purged":["Strike_B"],"score":266,"play_id":"b80d975c-7c30-4035-b338-686b54cacbb4","local_time":"20190512013234","is_ascension_mode":true,"campfire_choices":[{"data":"Dualcast","floor":6.0,"key":"SMITH"},{"data":"Zap","floor":13.0,"key":"SMITH"},{"data":"Hologram","floor":15.0,"key":"SMITH"}],"neow_cost":"NONE","seed_source_timestamp":46995583786719,"circlet_count":0,"master_deck":["AscendersBane","Strike_B","Defend_B","Defend_B","Defend_B","Defend_B","Zap+1","Dualcast+1","Ball Lightning","Hologram+1","Ball Lightning","Heatsinks"],"special_seed":0,"relics":["Cracked Core","NeowsBlessing","Golden Idol","Anchor","Ancient Tea Set","Shovel"],"potions_floor_usage":[],"damage_taken":[{"damage":0.0,"enemies":"Cultist","floor":1.0,"turns":1.0},{"damage":0.0,"enemies":"Small Slimes","floor":2.0,"turns":1.0},{"damage":0.0,"enemies":"Gremlin Nob","floor":7.0,"turns":1.0},{"damage":0.0,"enemies":"2 Louse","floor":8.0,"turns":2.0},{"damage":2.0,"enemies":"Looter","floor":10.0,"turns":3.0},{"damage":20.0,"enemies":"Lagavulin","floor":11.0,"turns":6.0},{"damage":12,"enemies":"Hexaghost","floor":16,"turns":8}],"seed_played":"882956149548067153","potions_obtained":[{"floor":1.0,"key":"Explosive Potion"},{"floor":2.0,"key":"SpeedPotion"},{"floor":8.0,"key":"Explosive Potion"}],"is_trial":false,"path_per_floor":["M","M","?","$","?","R","E","M","T","M","E","?","R","?","R","B"],"character_chosen":"DEFECT","items_purchased":[],"campfire_rested":0,"item_purchase_floors":[],"current_hp_per_floor":[64,64,57,57,33,33,33,33,33,31,11,11,11,11,11,0],"gold":145,"neow_bonus":"THREE_ENEMY_KILL","is_prod":false,"is_daily":false,"chose_seed":false,"campfire_upgraded":3,"win_rate":0,"timestamp":1557595954,"path_taken":["M","?","?","$","?","R","E","M","T","M","E","?","R","?","R","BOSS"],"build_version":"2019-01-23","purchased_purges":1,"victory":false,"max_hp_per_floor":[71,71,71,71,71,71,71,71,71,71,71,71,71,71,71,71],"card_choices":[{"not_picked":["Aggregate","FTL"],"picked":"Ball Lightning","floor":1.0},{"not_picked":["Force Field","Gash"],"picked":"Hologram","floor":2.0},{"not_picked":["Compile Driver","Sweeping Beam"],"picked":"Ball Lightning","floor":7.0},{"not_picked":["Streamline","Beam Cell","Compile Driver"],"picked":"SKIP","floor":8.0},{"not_picked":["Stack","Sweeping Beam","Compile Driver"],"picked":"SKIP","floor":10.0},{"not_picked":["Steam","Beam Cell"],"picked":"Heatsinks","floor":11.0}],"player_experience":4703305,"relics_obtained":[{"floor":7.0,"key":"Anchor"},{"floor":9.0,"key":"Ancient Tea Set"},{"floor":11.0,"key":"Shovel"}],"event_choices":[{"cards_removed":["Strike_B"],"damage_healed":0.0,"max_hp_gain":0.0,"max_hp_loss":0.0,"gold_gain":0.0,"event_name":"Golden Wing","player_choice":"Card Removal","floor":3.0,"gold_loss":0.0,"damage_taken":7.0},{"damage_healed":0.0,"max_hp_gain":0.0,"max_hp_loss":0.0,"gold_gain":0.0,"event_name":"Golden Idol","player_choice":"Take Damage","floor":5.0,"gold_loss":0.0,"damage_taken":24.0,"relics_obtained":["Golden Idol"]},{"cards_removed":["Strike_B"],"damage_healed":0.0,"max_hp_gain":0.0,"max_hp_loss":0.0,"gold_gain":0.0,"event_name":"The Cleric","player_choice":"Card Removal","floor":12.0,"gold_loss":75.0,"damage_taken":0.0},{"damage_healed":0.0,"max_hp_gain":0.0,"max_hp_loss":0.0,"gold_gain":0.0,"event_name":"Liars Game","player_choice":"Ignored","floor":14.0,"gold_loss":0.0,"damage_taken":0.0}],"is_beta":false,"boss_relics":[],"items_purged_floors":[4],"is_endless":false,"potions_floor_spawned":[1,2,8],"killed_by":"Hexaghost","ascension_level":20}