{"gold_per_floor":[116,116,41,55,70,102,102,122,122,122,194,210,210,221,221,300,300,310,329,249,269,100,100,100,100,153,68,68,88,102,121,121,195,195,214,214,94,113,113,113,113,129,129,129,143,156,167,267,267,267],"floor_reached":51,"playtime":1457,"items_purged":["Defend_R","Defend_R","Defend_R","Strike_R"],"score":1308,"play_id":"8325c54d-9c28-494b-b28d-8954393bcb38","local_time":"20181110205112","is_ascension_mode":true,"campfire_choices":[{"data":"Limit Break","floor":7.0,"key":"SMITH"},{"data":"Perfected Strike","floor":10.0,"key":"SMITH"},{"data":"Disarm","floor":13.0,"key":"SMITH"},{"data":"Bash","floor":15.0,"key":"SMITH"},{"data":"Spot Weakness","floor":23.0,"key":"SMITH"},{"floor":25.0,"key":"REST"},{"floor":32.0,"key":"REST"},{"data":"Exhume","floor":40,"key":"SMITH"},{"data":"Trip","floor":44,"key":"SMITH"},{"data":"Flex","floor":49,"key":"SMITH"}],"neow_cost":"NONE","seed_source_timestamp":28926324677715,"circlet_count":0,"master_deck":["AscendersBane","Strike_R","Strike_R","Strike_R","Defend_R","Bash+1","Perfected Strike+1","Dropkick","Limit Break+1","Disarm+1","Reaper","Spot Weakness+1","Exhume+1","Trip+1","PanicButton","Flex+1"],"special_seed":0,"relics":["Burning Blood","NeowsBlessing","The Courier","Darkstone Periapt","Paper Frog","Busted Crown","Happy Flower","Thread and Needle","Runic Pyramid","Bottled Flame","Charon\u0027s Ashes"],"potions_floor_usage":[],"damage_taken":[{"damage":0.0,"enemies":"2 Louse","floor":1.0,"turns":1.0},{"damage":0.0,"enemies":"Cultist","floor":4.0,"turns":1.0},{"damage":0.0,"enemies":"Jaw Worm","floor":5.0,"turns":1.0},{"damage":32.0,"enemies":"Gremlin Nob","floor":6.0,"turns":4.0},{"damage":6.0,"enemies":"Exordium Wildlife","floor":8.0,"turns":3.0},{"damage":17.0,"enemies":"Looter","floor":12.0,"turns":3.0},{"damage":11.0,"enemies":"2 Fungi Beasts","floor":14.0,"turns":3.0},{"damage":17.0,"enemies":"The Guardian","floor":16.0,"turns":6.0},{"damage":11.0,"enemies":"2 Thieves","floor":18.0,"turns":4.0},{"damage":6.0,"enemies":"Chosen","floor":19.0,"turns":3.0},{"damage":11.0,"enemies":"Snecko","floor":21.0,"turns":3.0},{"damage":57.0,"enemies":"Shelled Parasite and Fungi","floor":29.0,"turns":5.0},{"damage":13.0,"enemies":"Chosen and Byrds","floor":30.0,"turns":5.0},{"damage":6.0,"enemies":"Snake Plant","floor":31.0,"turns":3.0},{"damage":85.0,"enemies":"Automaton","floor":33.0,"turns":7.0},{"damage":82.0,"enemies":"3 Darklings","floor":35.0,"turns":8.0},{"damage":22,"enemies":"Orb Walker","floor":38,"turns":4},{"damage":44,"enemies":"Writhing Mass","floor":42,"turns":5},{"damage":25,"enemies":"3 Darklings","floor":45,"turns":5},{"damage":25,"enemies":"Spire Growth","floor":46,"turns":4},{"damage":33,"enemies":"Writhing Mass","floor":47,"turns":5},{"damage":20,"enemies":"Mind Bloom Boss Battle","floor":48,"turns":5},{"damage":64,"enemies":"Awakened One","floor":50,"turns":7}],"seed_played":"-5174570296467580414","potions_obtained":[{"floor":12.0,"key":"PowerPotion"},{"floor":14.0,"key":"FearPotion"},{"floor":16.0,"key":"Weak Potion"},{"floor":18.0,"key":"Weak Potion"},{"floor":19.0,"key":"FearPotion"},{"floor":31.0,"key":"Poison Potion"},{"floor":42,"key":"LiquidBronze"},{"floor":46,"key":"Fire Potion"},{"floor":47,"key":"Regen Potion"}],"is_trial":false,"path_per_floor":["M","?","$","M","M","E","R","M","T","R","T","M","R","M","R","B",null,"M","M","$","M","$","R","?","R","T","?","$","M","M","M","R","B",null,"M","?","$","M","$","R","?","M","T","R","M","M","M","?","R","B",null],"character_chosen":"IRONCLAD","items_purchased":["Spot Weakness"],"campfire_rested":2,"item_purchase_floors":[22],"current_hp_per_floor":[74,75,75,75,75,49,49,49,49,49,49,38,38,33,33,22,62,64,68,68,67,67,67,46,70,70,70,70,40,48,56,80,29,67,80,75,75,80,80,80,80,80,80,80,80,80,80,80,80,80],"gold":267,"neow_bonus":"THREE_ENEMY_KILL","is_prod":false,"is_daily":false,"chose_seed":false,"campfire_upgraded":8,"win_rate":0,"timestamp":1541854272,"path_taken":["M","?","$","?","M","E","R","M","T","R","?","M","R","M","R","BOSS","M","M","$","M","$","R","?","R","T","?","$","M","M","M","R","BOSS","M","?","$","M","$","R","?","M","T","R","?","M","M","?","R","BOSS"],"build_version":"2018-11-08","purchased_purges":4,"victory":true,"max_hp_per_floor":[75,75,75,75,75,75,75,75,75,75,75,75,75,75,75,75,75,75,75,75,75,75,75,80,80,80,80,80,80,80,80,80,80,80,80,80,80,80,80,80,80,80,80,80,80,80,80,80,80,80],"card_choices":[{"not_picked":["Warcry","Cleave"],"picked":"Perfected Strike","floor":1.0},{"not_picked":["Shrug It Off","Uppercut"],"picked":"Dropkick","floor":4.0},{"not_picked":["Pommel Strike","Rage","Body Slam"],"picked":"SKIP","floor":5.0},{"not_picked":["Dropkick","Disarm"],"picked":"Limit Break","floor":6.0},{"not_picked":["Body Slam","Hemokinesis"],"picked":"Disarm","floor":8.0},{"not_picked":["Iron Wave","Heavy Blade","Clothesline"],"picked":"SKIP","floor":12.0},{"not_picked":["Thunderclap","Anger","Headbutt"],"picked":"SKIP","floor":14.0},{"not_picked":["Feed","Double Tap"],"picked":"Reaper","floor":16.0},{"not_picked":["Fire Breathing"],"picked":"SKIP","floor":18.0},{"not_picked":["Feel No Pain"],"picked":"SKIP","floor":19.0},{"not_picked":["Pommel Strike"],"picked":"SKIP","floor":21.0},{"not_picked":["Warcry"],"picked":"SKIP","floor":29.0},{"not_picked":["Anger"],"picked":"SKIP","floor":30.0},{"not_picked":["Sentinel"],"picked":"SKIP","floor":31.0},{"not_picked":[],"picked":"Exhume","floor":33.0},{"not_picked":["Thunderclap"],"picked":"SKIP","floor":35.0},{"not_picked":[],"picked":"Trip","floor":36},{"not_picked":[],"picked":"PanicButton","floor":36},{"not_picked":["Havoc"],"picked":"SKIP","floor":38},{"not_picked":["Perfected Strike"],"picked":"SKIP","floor":42},{"not_picked":[],"picked":"Flex","floor":45},{"not_picked":["Twin Strike"],"picked":"SKIP","floor":46},{"not_picked":["Seeing Red"],"picked":"SKIP","floor":47}],"player_experience":965090,"relics_obtained":[{"floor":6.0,"key":"The Courier"},{"floor":9.0,"key":"Darkstone Periapt"},{"floor":11.0,"key":"Paper Frog"},{"floor":26.0,"key":"Happy Flower"},{"floor":43,"key":"Bottled Flame"},{"floor":48,"key":"Charon\u0027s Ashes"}],"event_choices":[{"damage_healed":1.0,"max_hp_gain":0.0,"max_hp_loss":0.0,"gold_gain":0.0,"event_name":"Wheel of Change","player_choice":"Full Heal","floor":2.0,"gold_loss":0.0,"damage_taken":0.0},{"damage_healed":0.0,"max_hp_gain":5.0,"max_hp_loss":0.0,"gold_gain":0.0,"event_name":"Forgotten Altar","player_choice":"Shed Blood","floor":24.0,"gold_loss":0.0,"damage_taken":26.0},{"damage_healed":0.0,"max_hp_gain":0.0,"max_hp_loss":0.0,"gold_gain":0.0,"event_name":"Addict","player_choice":"Obtained Relic","floor":27.0,"gold_loss":85.0,"damage_taken":0.0,"relics_obtained":["Thread and Needle"]},{"damage_healed":0,"gold_gain":0,"player_choice":"Memory 2","damage_taken":5,"max_hp_gain":0,"max_hp_loss":0,"event_name":"SensoryStone","floor":36,"gold_loss":0},{"cards_removed":["Strike_R"],"damage_healed":0,"gold_gain":0,"player_choice":"Card Removal","damage_taken":0,"max_hp_gain":0,"max_hp_loss":0,"event_name":"Wheel of Change","floor":41,"gold_loss":0},{"damage_healed":0,"gold_gain":0,"player_choice":"Fight","damage_taken":0,"max_hp_gain":0,"max_hp_loss":0,"event_name":"MindBloom","floor":48,"gold_loss":0}],"is_beta":false,"boss_relics":[{"not_picked":["Black Star","Calling Bell"],"picked":"Busted Crown"},{"not_picked":["Philosopher\u0027s Stone","Velvet Choker"],"picked":"Runic Pyramid"}],"items_purged_floors":[3,20,22,37],"is_endless":false,"potions_floor_spawned":[12,14,16,18,19,31,42,46,47,48],"ascension_level":17}