{"gold_per_floor":[210,227,63,63,63,63,94,104,134,134,151,151,178,196,196,196],"floor_reached":16,"playtime":510,"items_purged":[],"score":220,"play_id":"2a69f44b-25c6-419b-a3b1-87604901e712","local_time":"20181013172309","is_ascension_mode":true,"campfire_choices":[{"data":"Catalyst","floor":6,"key":"SMITH"},{"data":"Noxious Fumes","floor":10,"key":"SMITH"},{"data":"Wraith Form v2","floor":12,"key":"SMITH"},{"data":"Wraith Form v2","floor":15,"key":"SMITH"}],"neow_cost":"NONE","seed_source_timestamp":30391405360215,"circlet_count":0,"master_deck":["Defend_G","Defend_G","Defend_G","Defend_G","Defend_G","Strike_G","Strike_G","Strike_G","Strike_G","Strike_G","Survivor","Neutralize","AscendersBane","Deadly Poison","Catalyst+1","Noxious Fumes+1","Noxious Fumes+1","Wraith Form v2+1","Wraith Form v2+1","Leg Sweep"],"relics":["Ring of the Snake","Question Card","Tiny Chest","Happy Flower"],"potions_floor_usage":[7,16,16,16,16],"damage_taken":[{"damage":2,"enemies":"Cultist","floor":1,"turns":5},{"damage":1,"enemies":"2 Louse","floor":2,"turns":3},{"damage":7,"enemies":"Gremlin Nob","floor":7,"turns":4},{"damage":0,"enemies":"Jaw Worm","floor":8,"turns":3},{"damage":21,"enemies":"Gremlin Gang","floor":11,"turns":5},{"damage":19,"enemies":"3 Sentries","floor":13,"turns":7},{"damage":2,"enemies":"Exordium Thugs","floor":14,"turns":5},{"damage":13,"enemies":"Slime Boss","floor":16,"turns":6}],"seed_played":"-8342275281974222157","potions_obtained":[{"floor":5,"key":"GhostInAJar"},{"floor":5,"key":"SpeedPotion"},{"floor":7,"key":"EntropicBrew"}],"is_trial":false,"path_per_floor":["M","M","$","?","?","R","E","M","T","R","M","R","E","M","R"],"character_chosen":"THE_SILENT","items_purchased":["Catalyst","Noxious Fumes"],"campfire_rested":0,"item_purchase_floors":[3,3],"current_hp_per_floor":[57,56,56,56,56,56,49,49,49,49,28,28,9,7,7,0],"gold":196,"neow_bonus":"HUNDRED_GOLD","is_prod":false,"is_daily":false,"chose_seed":false,"campfire_upgraded":4,"win_rate":0,"timestamp":1539422589,"path_taken":["M","M","$","?","?","R","E","M","T","R","?","R","E","M","R","BOSS"],"build_version":"2018-10-11","purchased_purges":0,"victory":false,"max_hp_per_floor":[66,66,66,66,66,66,66,66,66,66,66,66,66,66,66,66],"card_choices":[{"not_picked":["Deflect","Skewer","Infinite Blades"],"picked":"SKIP","floor":1},{"not_picked":["Finisher","Quick Slash"],"picked":"Deadly Poison","floor":2},{"not_picked":["Prepared","Flying Knee","Outmaneuver"],"picked":"SKIP","floor":7},{"not_picked":["Dagger Throw","Slice","Cloak And Dagger"],"picked":"Noxious Fumes","floor":8},{"not_picked":["Blade Dance","Bane","Flying Knee"],"picked":"Wraith Form v2","floor":11},{"not_picked":["PiercingWail","Dodge and Roll","Slice"],"picked":"Wraith Form v2","floor":13},{"not_picked":["Flying Knee","Dodge and Roll","Poisoned Stab"],"picked":"Leg Sweep","floor":14}],"player_experience":165591,"relics_obtained":[{"floor":7,"key":"Question Card"},{"floor":9,"key":"Tiny Chest"},{"floor":13,"key":"Happy Flower"}],"event_choices":[{"event_name":"Upgrade Shrine","player_choice":"Upgraded","floor":4,"damage_taken":0},{"event_name":"The Lab","player_choice":"Got Potions","floor":5,"damage_taken":0}],"is_beta":false,"boss_relics":[],"items_purged_floors":[],"is_endless":false,"potions_floor_spawned":[7,8,11,14],"killed_by":"Slime Boss","ascension_level":20}