{"gold_per_floor":[118,118,131,131,131,131,3,3,27,27,40,40,81,105,105,196,196,210,110,151,151,141,141,157,157,157,32,73,91,91,91,91,189,189,207,332,350,683,683,683,683,713,761,761,774,774,225,225],"floor_reached":48,"playtime":1937,"items_purged":["Strike_G","Regret","Decay","Strike_G"],"score":964,"play_id":"cba6682e-3e89-46b4-a0df-bf997bee25ea","local_time":"20190304100340","is_ascension_mode":true,"campfire_choices":[{"data":"Well Laid Plans","floor":6,"key":"SMITH"},{"data":"Deadly Poison","floor":8,"key":"SMITH"},{"data":"Neutralize","floor":10,"key":"SMITH"},{"data":"Poisoned Stab","floor":12,"key":"SMITH"},{"data":"Bouncing Flask","floor":15,"key":"SMITH"},{"data":"Footwork","floor":23,"key":"SMITH"},{"data":"Survivor","floor":25,"key":"SMITH"},{"floor":30,"key":"RECALL"},{"data":"Defend_G","floor":32,"key":"SMITH"},{"data":"Madness","floor":40,"key":"SMITH"},{"data":"Madness","floor":44,"key":"SMITH"}],"neow_cost":"NONE","seed_source_timestamp":1499922766359,"circlet_count":0,"master_deck":["AscendersBane","Defend_G+1","Defend_G","Defend_G","Defend_G","Strike_G","Survivor+1","Neutralize+1","Concentrate","After Image","Well Laid Plans+1","Deadly Poison+1","Poisoned Stab+1","Bouncing Flask+1","Footwork+1","Clumsy","Caltrops+1","Concentrate","Malaise","Madness","Madness+1","Dark Shackles","Panacea","Madness+1","Adrenaline"],"relics":["Ring of the Snake","Bag of Preparation","Anchor","Unceasing Top","Calling Bell","Strawberry","Singing Bowl","FossilizedHelix","Red Mask","Happy Flower","Sozu","Torii","Molten Egg 2","Dream Catcher","Mummified Hand"],"potions_floor_usage":[20,22,33,33,33,33],"damage_taken":[{"damage":0,"enemies":"Jaw Worm","floor":1,"turns":7},{"damage":2,"enemies":"2 Louse","floor":3,"turns":6},{"damage":0,"enemies":"Cultist","floor":11,"turns":4},{"damage":3,"enemies":"3 Sentries","floor":13,"turns":9},{"damage":0,"enemies":"Looter","floor":14,"turns":2},{"damage":0,"enemies":"Hexaghost","floor":16,"turns":7},{"damage":0,"enemies":"Shell Parasite","floor":18,"turns":5},{"damage":52,"enemies":"Masked Bandits","floor":20,"turns":6},{"damage":0,"enemies":"2 Thieves","floor":22,"turns":4},{"damage":0,"enemies":"Snake Plant","floor":24,"turns":4},{"damage":1,"enemies":"Book of Stabbing","floor":28,"turns":5},{"damage":0,"enemies":"Sentry and Sphere","floor":29,"turns":5},{"damage":8,"enemies":"Collector","floor":33,"turns":12},{"damage":0,"enemies":"3 Darklings","floor":35,"turns":7},{"damage":0,"enemies":"Mind Bloom Boss Battle","floor":36,"turns":5},{"damage":0,"enemies":"3 Shapes","floor":37,"turns":5},{"damage":13,"enemies":"Nemesis","floor":42,"turns":9},{"damage":0,"enemies":"Sphere and 2 Shapes","floor":45,"turns":6},{"damage":39,"enemies":"4 Shapes","floor":48,"turns":9}],"seed_played":"1532664546508297460","potions_obtained":[{"floor":1,"key":"Dexterity Potion"},{"floor":13,"key":"Energy Potion"},{"floor":20,"key":"EntropicBrew"},{"floor":24,"key":"LiquidBronze"}],"is_trial":false,"path_per_floor":["M","?","M","$","?","R","$","R","T","R","M","R","E","M","R","B",null,"M","$","?","?","M","R","M","R","T","$","E","M","R","?","R","B",null,"M","?","M","?","?","R","?","E","T","R","M","?","$","M"],"character_chosen":"THE_SILENT","items_purchased":["Deadly Poison","Adrenaline","Mummified Hand"],"campfire_rested":0,"item_purchase_floors":[7,47,47],"current_hp_per_floor":[59,59,57,57,57,57,57,57,57,57,57,57,54,54,54,54,66,68,68,18,18,20,20,20,20,20,20,19,21,21,21,21,13,60,62,64,66,66,51,51,41,30,30,30,32,32,32,0],"gold":225,"neow_bonus":"RANDOM_COMMON_RELIC","is_prod":false,"is_daily":false,"chose_seed":false,"campfire_upgraded":10,"win_rate":0,"timestamp":1551665020,"path_taken":["M","?","M","$","?","R","$","R","T","R","M","R","E","M","R","BOSS","M","$","?","?","M","R","M","R","T","?","E","?","R","?","R","BOSS","M","?","M","?","?","R","?","E","T","R","?","?","$","M"],"build_version":"2019-01-23","purchased_purges":4,"victory":false,"max_hp_per_floor":[66,66,66,66,60,60,60,60,60,60,60,60,60,60,60,60,67,69,69,71,71,73,73,73,73,73,73,73,75,75,75,75,75,75,77,79,81,81,81,81,81,83,83,83,85,85,85,85],"card_choices":[{"not_picked":["Choke","Dagger Throw"],"picked":"Concentrate","floor":1},{"not_picked":["Concentrate","Flying Knee"],"picked":"Well Laid Plans","floor":3},{"not_picked":["Quick Slash","PiercingWail"],"picked":"Poisoned Stab","floor":11},{"not_picked":["Underhanded Strike","Outmaneuver"],"picked":"Bouncing Flask","floor":13},{"not_picked":["Infinite Blades","Sucker Punch"],"picked":"Footwork","floor":14},{"not_picked":["Bouncing Flask","Underhanded Strike+1","Bane+1"],"picked":"Singing Bowl","floor":18},{"not_picked":["PiercingWail","Dagger Spray","Sucker Punch"],"picked":"Singing Bowl","floor":20},{"not_picked":["Backflip","Underhanded Strike","PiercingWail"],"picked":"Singing Bowl","floor":22},{"not_picked":["Dodge and Roll+1","Distraction"],"picked":"Caltrops+1","floor":24},{"not_picked":["PiercingWail","Accuracy"],"picked":"Concentrate","floor":28},{"not_picked":["Terror","Bane","Prepared"],"picked":"Singing Bowl","floor":29},{"not_picked":["Venomology","Storm of Steel"],"picked":"Malaise","floor":33},{"not_picked":["Bane","Cloak And Dagger","Prepared"],"picked":"Singing Bowl","floor":35},{"not_picked":["Flying Knee","Sucker Punch","Bane+1"],"picked":"Singing Bowl","floor":36},{"not_picked":["Dagger Spray","Acrobatics+1","Leg Sweep"],"picked":"Singing Bowl","floor":37},{"not_picked":["Blind","Trip"],"picked":"Dark Shackles","floor":41},{"not_picked":["Swift Strike","Jack Of All Trades"],"picked":"Panacea","floor":41},{"not_picked":["Good Instincts","Dramatic Entrance"],"picked":"Madness","floor":41},{"not_picked":["Backflip","Bane","Blur+1"],"picked":"Singing Bowl","floor":42},{"not_picked":["Bouncing Flask+1","Footwork","Dagger Spray+1"],"picked":"Singing Bowl","floor":45}],"player_experience":3295094,"relics_obtained":[{"floor":9,"key":"Anchor"},{"floor":13,"key":"Unceasing Top"},{"floor":17,"key":"Strawberry"},{"floor":17,"key":"Singing Bowl"},{"floor":17,"key":"FossilizedHelix"},{"floor":20,"key":"Red Mask"},{"floor":28,"key":"Happy Flower"},{"floor":36,"key":"Torii"},{"floor":42,"key":"Molten Egg 2"},{"floor":43,"key":"Dream Catcher"}],"event_choices":[{"damage_healed":0,"gold_gain":0,"cards_transformed":["Strike_G"],"player_choice":"Change","damage_taken":0,"max_hp_gain":0,"max_hp_loss":0,"event_name":"Living Wall","floor":2,"gold_loss":0,"cards_obtained":["After Image"]},{"damage_healed":0,"gold_gain":0,"player_choice":"Lose Max HP","damage_taken":0,"relics_obtained":["Golden Idol"],"max_hp_gain":0,"max_hp_loss":6,"event_name":"Golden Idol","floor":5,"gold_loss":0},{"damage_healed":0,"gold_gain":0,"player_choice":"Fought Bandits","damage_taken":0,"max_hp_gain":0,"max_hp_loss":0,"event_name":"Masked Bandits","floor":20,"gold_loss":0},{"damage_healed":0,"gold_gain":0,"player_choice":"Ignored","damage_taken":0,"max_hp_gain":0,"max_hp_loss":0,"event_name":"Cursed Tome","floor":21,"gold_loss":0},{"cards_removed":["Strike_G"],"damage_healed":0,"gold_gain":0,"player_choice":"Elegance","damage_taken":0,"max_hp_gain":0,"max_hp_loss":0,"event_name":"Back to Basics","floor":31,"gold_loss":0},{"damage_healed":0,"gold_gain":0,"player_choice":"Fight","damage_taken":0,"max_hp_gain":0,"max_hp_loss":0,"event_name":"MindBloom","floor":36,"gold_loss":0},{"damage_healed":0,"gold_gain":333,"player_choice":"Gave Idol","damage_taken":0,"max_hp_gain":0,"max_hp_loss":0,"event_name":"The Moai Head","floor":38,"relics_lost":["Golden Idol"],"gold_loss":0},{"damage_healed":0,"gold_gain":0,"player_choice":"Embrace Madness","damage_taken":15,"max_hp_gain":0,"max_hp_loss":0,"event_name":"Winding Halls","floor":39,"gold_loss":0,"cards_obtained":["Madness","Madness"]},{"damage_healed":0,"gold_gain":0,"player_choice":"Memory 3","damage_taken":10,"max_hp_gain":0,"max_hp_loss":0,"event_name":"SensoryStone","floor":41,"gold_loss":0},{"cards_removed":["Defend_G"],"damage_healed":0,"gold_gain":0,"player_choice":"Removed Skill","damage_taken":0,"max_hp_gain":0,"max_hp_loss":0,"event_name":"Falling","floor":46,"gold_loss":0}],"is_beta":false,"boss_relics":[{"not_picked":["Ectoplasm","Velvet Choker"],"picked":"Calling Bell"},{"not_picked":["Philosopher\u0027s Stone","Tiny House"],"picked":"Sozu"}],"items_purged_floors":[7,19,27,47],"is_endless":false,"potions_floor_spawned":[1,13,16,20,24,28,35,37,42,45],"killed_by":"4 Shapes","ascension_level":15}