{"gold_per_floor":[119,119,44,44,44,75,95,95,146,178,193,219,235,335,335,409,409,423,436,98],"floor_reached":20,"playtime":502,"items_purged":["Strike_B"],"score":534,"play_id":"3d0ca065-3c98-48f8-8237-b2d510e59f31","local_time":"20181120154210","is_ascension_mode":true,"campfire_choices":[{"data":"Zap","floor":8,"key":"SMITH"},{"data":"Ball Lightning","floor":15,"key":"SMITH"}],"neow_cost":"NONE","seed_source_timestamp":1745184517818239,"circlet_count":0,"master_deck":["AscendersBane","Strike_B","Strike_B","Defend_B","Defend_B+1","Defend_B+1","Zap+1","Dualcast","Coolheaded","Ball Lightning+1","Buffer","Seek","Coolheaded+1"],"special_seed":0,"relics":["Cracked Core","NeowsBlessing","Bronze Scales","Anchor","Bag of Preparation","Oddly Smooth Stone","Nuclear Battery","Bird Faced Urn"],"potions_floor_usage":[10,16,16],"damage_taken":[{"damage":0.0,"enemies":"2 Louse","floor":1.0,"turns":1.0},{"damage":0,"enemies":"3 Sentries","floor":6,"turns":2},{"damage":0,"enemies":"Small Slimes","floor":7,"turns":1},{"damage":8,"enemies":"Gremlin Nob","floor":10,"turns":3},{"damage":0,"enemies":"Cultist","floor":11,"turns":3},{"damage":21,"enemies":"3 Sentries","floor":12,"turns":8},{"damage":0,"enemies":"Looter","floor":13,"turns":3},{"damage":0,"enemies":"Hexaghost","floor":16,"turns":8},{"damage":13,"enemies":"2 Thieves","floor":18,"turns":4},{"damage":0,"enemies":"Chosen","floor":19,"turns":5}],"seed_played":"-7265388237814028473","potions_obtained":[{"floor":1.0,"key":"Poison Potion"},{"floor":7,"key":"PowerPotion"},{"floor":10,"key":"FocusPotion"},{"floor":16,"key":"FocusPotion"},{"floor":19,"key":"Swift Potion"}],"is_trial":false,"path_per_floor":["M","?","$","?","?","E","M","R","T","E","M","E","M","?","R","B",null,"M","M","$"],"character_chosen":"DEFECT","items_purchased":["Bird Faced Urn"],"campfire_rested":0,"item_purchase_floors":[20],"current_hp_per_floor":[64,64,64,43,36,36,36,36,36,28,28,7,7,7,7,7,55,42,42,42],"gold":98,"neow_bonus":"THREE_ENEMY_KILL","is_prod":false,"is_daily":false,"chose_seed":false,"campfire_upgraded":2,"win_rate":0,"timestamp":1542699730,"path_taken":["M","?","$","?","?","E","M","R","T","E","M","E","M","?","R","BOSS","M","M","$"],"build_version":"2018-11-15","purchased_purges":1,"victory":false,"max_hp_per_floor":[71,71,71,71,71,71,71,71,71,71,71,71,71,71,71,71,71,71,71,71],"card_choices":[{"not_picked":["Lockon","Rebound","Heatsinks"],"picked":"SKIP","floor":1.0},{"not_picked":["Chill","Chaos"],"picked":"Coolheaded","floor":6},{"not_picked":["Barrage","Go for the Eyes"],"picked":"Ball Lightning","floor":7},{"not_picked":["Fusion","Beam Cell"],"picked":"Buffer","floor":10},{"not_picked":["Barrage","Conserve Battery","Hello World"],"picked":"SKIP","floor":11},{"not_picked":["Leap","Beam Cell","Conserve Battery"],"picked":"SKIP","floor":12},{"not_picked":["Leap","Beam Cell","Barrage"],"picked":"SKIP","floor":13},{"not_picked":["Hyperbeam","Rainbow"],"picked":"Seek","floor":16},{"not_picked":["Redo","Ball Lightning"],"picked":"Coolheaded+1","floor":18},{"not_picked":["Rip and Tear","Compile Driver","Ball Lightning"],"picked":"SKIP","floor":19}],"player_experience":578440,"relics_obtained":[{"floor":6,"key":"Bronze Scales"},{"floor":9,"key":"Anchor"},{"floor":10,"key":"Bag of Preparation"},{"floor":12,"key":"Oddly Smooth Stone"}],"event_choices":[{"cards_removed":["Strike_B"],"damage_healed":0,"gold_gain":0,"player_choice":"Forget","damage_taken":0,"max_hp_gain":0,"max_hp_loss":0,"event_name":"Living Wall","floor":2,"gold_loss":0},{"damage_healed":0,"gold_gain":0,"player_choice":"Entered Light","damage_taken":21,"max_hp_gain":0,"max_hp_loss":0,"event_name":"Shining Light","floor":4,"gold_loss":0,"cards_upgraded":["Defend_B","Defend_B"]},{"cards_removed":["Defend_B"],"damage_healed":0,"gold_gain":0,"player_choice":"Card Removal","damage_taken":7,"max_hp_gain":0,"max_hp_loss":0,"event_name":"Golden Wing","floor":5,"gold_loss":0},{"damage_healed":0,"gold_gain":100,"player_choice":"Gold","damage_taken":0,"max_hp_gain":0,"max_hp_loss":0,"event_name":"Wheel of Change","floor":14,"gold_loss":0}],"is_beta":true,"boss_relics":[{"not_picked":["Ectoplasm","Eternal Feather"],"picked":"Nuclear Battery"}],"items_purged_floors":[3],"is_endless":false,"potions_floor_spawned":[1,7,10,16,19],"ascension_level":20}