{"gold_per_floor":[115,131,131,144,159,159,40,40,88,88,100,100,119,150,150,227,227,240,25,25,25,45,45,65,65,65,65,65,65,94,94,94,168,168,183,83,101,0,12,12,45,45,45,68,82,82,102,128,128,128,128,128,128,3,30,30],"floor_reached":56,"playtime":4671,"items_purged":["Pain","Writhe","Decay"],"score":2096,"play_id":"aa4cf2ac-ca3d-4eef-9023-774d20aeac06","local_time":"20190423225327","is_ascension_mode":true,"campfire_choices":[{"data":"Streamline","floor":6.0,"key":"SMITH"},{"data":"Hologram","floor":8.0,"key":"SMITH"},{"data":"Zap","floor":10.0,"key":"SMITH"},{"data":"Dualcast","floor":12.0,"key":"SMITH"},{"floor":15.0,"key":"RECALL"},{"data":"Self Repair","floor":23.0,"key":"SMITH"},{"data":"Transmutation","floor":25.0,"key":"SMITH"},{"data":"White Noise","floor":27.0,"key":"SMITH"},{"data":"Seek","floor":29.0,"key":"SMITH"},{"data":"Seek","floor":32.0,"key":"SMITH"},{"data":"Blade Dance","floor":40.0,"key":"SMITH"},{"data":"Malaise","floor":42.0,"key":"SMITH"},{"data":"Seek","floor":46.0,"key":"SMITH"},{"data":"Burst","floor":49.0,"key":"SMITH"},{"data":"Adrenaline","floor":53.0,"key":"SMITH"}],"neow_cost":"NONE","seed_source_timestamp":105144773203228,"circlet_count":0,"master_deck":["AscendersBane","Strike_B","Strike_B","Strike_B","Strike_B","Defend_B","Defend_B","Defend_B","Defend_B","Zap+1","Dualcast+1","Hologram+1","Streamline+1","Seek+1","Self Repair+1","Chill","Undo","White Noise+1","Seek+1","Injury","Seek+1","Infinite Blades","Transmutation+1","Malaise+1","Blade Dance+1","Crippling Poison","Adrenaline+1","Bloodletting+1","Burst+1","Heatsinks+1"],"special_seed":0,"relics":["Cracked Core","NeowsBlessing","WarpedTongs","DataDisk","Pen Nib","Calling Bell","Lantern","Darkstone Periapt","Dead Branch","PrismaticShard","Enchiridion","Gremlin Horn","Ornamental Fan","Runic Dome","Red Mask","Cables","Bag of Marbles","Blood Vial","Letter Opener"],"potions_floor_usage":[],"damage_taken":[{"damage":0.0,"enemies":"Small Slimes","floor":1.0,"turns":1.0},{"damage":0.0,"enemies":"Cultist","floor":2.0,"turns":1.0},{"damage":1.0,"enemies":"2 Louse","floor":4.0,"turns":1.0},{"damage":2.0,"enemies":"Gremlin Gang","floor":5.0,"turns":3.0},{"damage":0.0,"enemies":"2 Fungi Beasts","floor":11.0,"turns":3.0},{"damage":7.0,"enemies":"Exordium Wildlife","floor":13.0,"turns":4.0},{"damage":0.0,"enemies":"3 Sentries","floor":14.0,"turns":6.0},{"damage":25.0,"enemies":"Hexaghost","floor":16.0,"turns":9.0},{"damage":7.0,"enemies":"Chosen","floor":18.0,"turns":5.0},{"damage":0.0,"enemies":"3 Byrds","floor":22.0,"turns":2.0},{"damage":3.0,"enemies":"3 Cultists","floor":24.0,"turns":4.0},{"damage":0.0,"enemies":"Gremlin Leader","floor":30.0,"turns":5.0},{"damage":26.0,"enemies":"Champ","floor":33.0,"turns":13.0},{"damage":0.0,"enemies":"3 Shapes","floor":35.0,"turns":2.0},{"damage":12.0,"enemies":"Orb Walker","floor":37.0,"turns":4.0},{"damage":0.0,"enemies":"Spire Growth","floor":39.0,"turns":3.0},{"damage":22.0,"enemies":"Giant Head","floor":41.0,"turns":9.0},{"damage":0.0,"enemies":"Jaw Worm Horde","floor":45.0,"turns":6.0},{"damage":6.0,"enemies":"Sphere and 2 Shapes","floor":47.0,"turns":2.0},{"damage":12.0,"enemies":"Nemesis","floor":48.0,"turns":5.0},{"damage":24.0,"enemies":"Awakened One","floor":50.0,"turns":13.0},{"damage":24.0,"enemies":"Donu and Deca","floor":51.0,"turns":5.0},{"damage":0.0,"enemies":"Shield and Spear","floor":55.0,"turns":1.0},{"damage":71,"enemies":"The Heart","floor":56,"turns":5}],"seed_played":"2281427343289699741","potions_obtained":[{"floor":4.0,"key":"Explosive Potion"},{"floor":5.0,"key":"Dexterity Potion"},{"floor":13.0,"key":"Energy Potion"},{"floor":16.0,"key":"PowerPotion"},{"floor":45.0,"key":"Energy Potion"}],"is_trial":false,"path_per_floor":["M","M","?","M","M","R","$","R","T","R","M","R","M","E","R","B",null,"M","$","?","?","M","R","M","R","T","R","$","R","E","$","R","B",null,"M","$","M","?","M","R","E","R","T","T","M","R","M","E","R","B","B",null,"R","$","E","B"],"character_chosen":"DEFECT","items_purchased":["Chill","PrismaticShard"],"campfire_rested":0,"item_purchase_floors":[7,19],"current_hp_per_floor":[64,64,64,63,61,61,61,61,61,61,71,71,71,71,71,46,65,58,58,37,37,47,47,54,54,54,54,54,54,54,54,54,38,63,63,63,61,61,71,71,59,59,59,59,69,69,71,69,69,67,45,65,65,65,67,0],"gold":30,"neow_bonus":"THREE_ENEMY_KILL","is_prod":false,"is_daily":false,"chose_seed":false,"campfire_upgraded":14,"win_rate":0,"timestamp":1556031207,"path_taken":["M","M","?","?","M","R","$","R","T","R","M","R","M","E","R","BOSS","M","$","?","?","M","R","M","R","T","R","$","R","E","$","R","BOSS","M","$","?","?","M","R","E","R","T","?","M","R","M","E","R","BOSS","BOSS","R","$","E","BOSS"],"build_version":"2019-01-23","purchased_purges":3,"victory":false,"max_hp_per_floor":[71,71,71,71,71,71,71,71,71,71,71,71,71,71,71,71,71,71,71,71,71,71,71,71,71,71,71,71,71,71,71,71,71,71,71,71,71,71,71,71,71,71,71,71,71,71,71,71,71,71,71,71,71,71,71,71],"card_choices":[{"not_picked":["Sweeping Beam","Redo"],"picked":"Hologram","floor":1.0},{"not_picked":["Hologram","Rebound"],"picked":"Streamline","floor":2.0},{"not_picked":["Leap","Recycle"],"picked":"Seek","floor":4.0},{"not_picked":["Ball Lightning","Turbo"],"picked":"Self Repair","floor":5.0},{"not_picked":["Melter","Doom and Gloom"],"picked":"Undo","floor":11.0},{"not_picked":["Sweeping Beam","Conserve Battery"],"picked":"White Noise","floor":13.0},{"not_picked":["Rebound","Go for the Eyes","Barrage"],"picked":"SKIP","floor":14.0},{"not_picked":["Reboot","Amplify"],"picked":"Seek","floor":16.0},{"not_picked":["Steam","Force Field","Sweeping Beam"],"picked":"SKIP","floor":18.0},{"not_picked":["Flying Knee+1","Beam Cell"],"picked":"Infinite Blades","floor":22.0},{"not_picked":["Sucker Punch","Fire Breathing"],"picked":"Transmutation","floor":24.0},{"not_picked":["Flechettes","Pommel Strike","Clash"],"picked":"SKIP","floor":30.0},{"not_picked":["Hyperbeam","Grand Finale"],"picked":"Malaise","floor":33.0},{"not_picked":["Coolheaded","Cold Snap"],"picked":"Blade Dance","floor":35.0},{"not_picked":["Leg Sweep","Prepared"],"picked":"Crippling Poison","floor":37.0},{"not_picked":["Twin Strike+1","Wild Strike","Reckless Charge"],"picked":"SKIP","floor":39.0},{"not_picked":["Storm","Deep Breath+1"],"picked":"Adrenaline","floor":41.0},{"not_picked":["Outmaneuver","True Grit"],"picked":"Bloodletting+1","floor":45.0},{"not_picked":["Cold Snap","Flechettes+1"],"picked":"Burst","floor":47.0},{"not_picked":["Acrobatics+1","Headbutt"],"picked":"Heatsinks+1","floor":48.0},{"not_picked":["Hemokinesis+1","Iron Wave","Slice"],"picked":"SKIP","floor":55.0}],"player_experience":4465478,"relics_obtained":[{"floor":9.0,"key":"DataDisk"},{"floor":14.0,"key":"Pen Nib"},{"floor":17.0,"key":"Lantern"},{"floor":17.0,"key":"Darkstone Periapt"},{"floor":17.0,"key":"Dead Branch"},{"floor":20.0,"key":"Enchiridion"},{"floor":26.0,"key":"Gremlin Horn"},{"floor":30.0,"key":"Ornamental Fan"},{"floor":41.0,"key":"Cables"},{"floor":44.0,"key":"Bag of Marbles"},{"floor":48.0,"key":"Blood Vial"},{"floor":55.0,"key":"Letter Opener"}],"event_choices":[{"damage_healed":0.0,"max_hp_gain":0.0,"max_hp_loss":0.0,"gold_gain":0.0,"event_name":"Accursed Blacksmith","player_choice":"Rummage","floor":3.0,"gold_loss":0.0,"damage_taken":0.0,"relics_obtained":["WarpedTongs"],"cards_obtained":["Pain"]},{"damage_healed":0.0,"max_hp_gain":0.0,"max_hp_loss":0.0,"gold_gain":0.0,"event_name":"Cursed Tome","player_choice":"Obtained Book","floor":20.0,"gold_loss":0.0,"damage_taken":21.0},{"damage_healed":0.0,"max_hp_gain":0.0,"max_hp_loss":0.0,"gold_gain":0.0,"event_name":"Duplicator","player_choice":"Copied","floor":21.0,"gold_loss":0.0,"damage_taken":0.0,"cards_obtained":["Seek"]},{"damage_healed":0.0,"max_hp_gain":0.0,"max_hp_loss":0.0,"gold_gain":0.0,"event_name":"Tomb of Lord Red Mask","player_choice":"Paid","floor":38.0,"gold_loss":101.0,"damage_taken":0.0,"relics_obtained":["Red Mask"]}],"is_beta":false,"boss_relics":[{"not_picked":["Astrolabe","Empty Cage"],"picked":"Calling Bell"},{"not_picked":["Philosopher\u0027s Stone","Nuclear Battery"],"picked":"Runic Dome"}],"items_purged_floors":[7,36,54],"is_endless":false,"potions_floor_spawned":[4,5,13,16,24,30,37,39,45,47,48],"killed_by":"The Heart","ascension_level":20}