{"gold_per_floor":[110,130,180,198,198,198,209,209,288,288,288,288,113,132,132,208,208,223,223,223,138,157,157,182,182,182,208,226,226,226,243,243,243],"floor_reached":33,"playtime":1226,"items_purged":["Strike_G"],"score":596,"play_id":"e13d98e9-51e8-4136-b030-1bee20847b4c","local_time":"20181223225433","is_ascension_mode":true,"campfire_choices":[{"data":"Corpse Explosion","floor":6,"key":"SMITH"},{"data":"Tools of the Trade","floor":10,"key":"SMITH"},{"data":"Neutralize","floor":12,"key":"SMITH"},{"data":"Bouncing Flask","floor":15,"key":"SMITH"},{"data":"Well Laid Plans","floor":23,"key":"SMITH"},{"data":"Catalyst","floor":25,"key":"SMITH"},{"data":"Ghostly","floor":30,"key":"SMITH"},{"data":"Ghostly","floor":32,"key":"SMITH"}],"neow_cost":"TEN_PERCENT_HP_LOSS","seed_source_timestamp":41256716815441,"circlet_count":0,"master_deck":["AscendersBane","Defend_G","Defend_G","Defend_G","Defend_G","Strike_G+1","Survivor+1","Neutralize+1","Tools of the Trade+1","Corpse Explosion+1","Predator","PiercingWail","Well Laid Plans+1","Bouncing Flask+1","Malaise","Ghostly+1","Ghostly+1","Ghostly","Catalyst+1","Catalyst+1"],"special_seed":0,"relics":["Ring of the Snake","Runic Dome","Regal Pillow","PreservedInsect","Singing Bowl","Art of War"],"potions_floor_usage":[18,18,27],"damage_taken":[{"damage":15.0,"enemies":"Jaw Worm","floor":1.0,"turns":6.0},{"damage":1.0,"enemies":"Cultist","floor":2.0,"turns":3.0},{"damage":0,"enemies":"2 Louse","floor":4,"turns":2},{"damage":6,"enemies":"Looter","floor":7,"turns":3},{"damage":0,"enemies":"3 Louse","floor":14,"turns":1},{"damage":7,"enemies":"The Guardian","floor":16,"turns":8},{"damage":3,"enemies":"2 Thieves","floor":18,"turns":2},{"damage":0,"enemies":"3 Byrds","floor":22,"turns":4},{"damage":4,"enemies":"Book of Stabbing","floor":24,"turns":8},{"damage":0,"enemies":"Slavers","floor":27,"turns":4},{"damage":0,"enemies":"Centurion and Healer","floor":28,"turns":4},{"damage":26,"enemies":"Cultist and Chosen","floor":31,"turns":7},{"damage":9,"enemies":"Automaton","floor":33,"turns":8}],"seed_played":"-4561085974381656134","potions_obtained":[{"floor":1.0,"key":"Dexterity Potion"},{"floor":18,"key":"Weak Potion"},{"floor":24,"key":"Swift Potion"},{"floor":31,"key":"Strength Potion"}],"is_trial":false,"path_per_floor":["M","M","?","M","?","R","M","?","T","R","?","R","$","M","R","B",null,"M","?","?","?","M","R","E","R","T","E","M","?","R","M","R","B"],"character_chosen":"THE_SILENT","items_purchased":["Well Laid Plans","Fire Potion"],"campfire_rested":0,"item_purchase_floors":[13,13],"current_hp_per_floor":[44,43,37,37,42,42,36,16,16,16,16,16,16,16,16,9,51,48,32,32,32,32,32,28,28,28,30,32,32,32,8,8,0],"gold":243,"neow_bonus":"TRANSFORM_TWO_CARDS","is_prod":false,"is_daily":false,"chose_seed":false,"campfire_upgraded":8,"win_rate":0,"timestamp":1545576873,"path_taken":["M","M","?","?","?","R","M","?","T","R","?","R","?","M","R","BOSS","M","?","?","?","M","R","E","R","T","E","M","?","R","M","R","BOSS"],"build_version":"2018-12-20","purchased_purges":1,"victory":false,"max_hp_per_floor":[60,60,60,60,65,65,65,65,65,65,65,65,65,65,65,65,65,65,32,32,32,32,32,32,32,32,34,36,36,36,38,38,38],"card_choices":[{"not_picked":["Predator","Dodge and Roll","Dagger Throw"],"picked":"SKIP","floor":1.0},{"not_picked":["Dodge and Roll","Dagger Throw"],"picked":"Predator","floor":1.0},{"not_picked":["Skewer","Dagger Throw","Setup"],"picked":"SKIP","floor":2.0},{"not_picked":["All Out Attack","Poisoned Stab","Underhanded Strike"],"picked":"SKIP","floor":4},{"not_picked":["Poisoned Stab","Sucker Punch","Finisher"],"picked":"SKIP","floor":7},{"not_picked":["Cloak And Dagger","Skewer"],"picked":"Bouncing Flask","floor":14},{"not_picked":["Glass Knife","Doppelganger"],"picked":"Malaise","floor":16},{"not_picked":["Bane","Setup","Terror"],"picked":"SKIP","floor":18},{"not_picked":["Dagger Spray","Choke","Cloak And Dagger"],"picked":"SKIP","floor":22},{"not_picked":["Backstab","Prepared"],"picked":"Catalyst","floor":24},{"not_picked":["Escape Plan","Poisoned Stab","Dagger Spray"],"picked":"Singing Bowl","floor":27},{"not_picked":["Flying Knee","Cloak And Dagger","Predator"],"picked":"Singing Bowl","floor":28},{"not_picked":["Riddle With Holes","Quick Slash","Deflect"],"picked":"Singing Bowl","floor":31}],"player_experience":1448477,"relics_obtained":[{"floor":24,"key":"PreservedInsect"},{"floor":26,"key":"Singing Bowl"},{"floor":27,"key":"Art of War"}],"event_choices":[{"damage_healed":0,"gold_gain":50,"player_choice":"Touch","damage_taken":6,"max_hp_gain":0,"max_hp_loss":0,"event_name":"FaceTrader","floor":3,"gold_loss":0},{"damage_healed":0,"gold_gain":0,"player_choice":"Donut","damage_taken":0,"max_hp_gain":5,"max_hp_loss":0,"event_name":"Big Fish","floor":5,"gold_loss":0},{"damage_healed":0,"gold_gain":0,"player_choice":"Entered Light","damage_taken":20,"max_hp_gain":0,"max_hp_loss":0,"event_name":"Shining Light","floor":8,"gold_loss":0,"cards_upgraded":["Strike_G","Survivor"]},{"damage_healed":0,"gold_gain":0,"cards_transformed":["Strike_G"],"player_choice":"Change","damage_taken":0,"max_hp_gain":0,"max_hp_loss":0,"event_name":"Living Wall","floor":11,"gold_loss":0,"cards_obtained":["PiercingWail"]},{"damage_healed":0,"gold_gain":0,"player_choice":"Became a Ghost","damage_taken":0,"max_hp_gain":0,"max_hp_loss":33,"event_name":"Ghosts","floor":19,"gold_loss":0,"cards_obtained":["Ghostly","Ghostly","Ghostly"]},{"cards_removed":["Strike_G"],"damage_healed":0,"gold_gain":0,"player_choice":"Elegance","damage_taken":0,"max_hp_gain":0,"max_hp_loss":0,"event_name":"Back to Basics","floor":20,"gold_loss":0},{"damage_healed":0,"gold_gain":0,"player_choice":"Obtained Relic","damage_taken":0,"relics_obtained":["Regal Pillow"],"max_hp_gain":0,"max_hp_loss":0,"event_name":"Addict","floor":21,"gold_loss":85},{"damage_healed":0,"gold_gain":0,"player_choice":"Copied","damage_taken":0,"max_hp_gain":0,"max_hp_loss":0,"event_name":"Duplicator","floor":29,"gold_loss":0,"cards_obtained":["Catalyst"]}],"is_beta":false,"boss_relics":[{"not_picked":["Black Star","Fusion Hammer"],"picked":"Runic Dome"}],"items_purged_floors":[13],"is_endless":false,"potions_floor_spawned":[1,16,18,24,31],"killed_by":"Automaton","ascension_level":20}