{"gold_per_floor":[110,127,127,144,163,163,198,198,198,22,33,44,72,72,72,177,177,194,45,65,65,82,82,108,108,158,177,195,227,240,240,240,240],"floor_reached":33,"playtime":3758,"items_purged":["Strike_R"],"score":359,"play_id":"350b6cba-8684-4083-8c57-ef3f9a36c22f","local_time":"20190721183934","is_ascension_mode":true,"campfire_choices":[{"data":"Twin Strike","floor":6.0,"key":"SMITH"},{"data":"Body Slam","floor":8.0,"key":"SMITH"},{"data":"Bludgeon","floor":15,"key":"SMITH"},{"data":"Uppercut","floor":23,"key":"SMITH"},{"data":"Rage","floor":25,"key":"SMITH"},{"floor":32,"key":"REST"}],"neow_cost":"NONE","seed_source_timestamp":0,"circlet_count":0,"master_deck":["Strike_R","Strike_R","Defend_R","Defend_R","Defend_R","Bash","Twin Strike+1","Shrug It Off","Body Slam+1","Heavy Blade","Bludgeon+1","Shrug It Off","Whirlwind","Offering","Uppercut+1","Twin Strike","Rage","Brutality","Entrench+1","Dropkick+1","Impervious+1","Flame Barrier","Rage+1","Ghostly Armor","Anger+1","Power Through+1","Headbutt","Entrench+1","Iron Wave+1","Twin Strike+1","Fire Breathing+1","Shockwave+1"],"special_seed":0,"relics":["Burning Blood","Strawberry","Self Forming Clay","Thread and Needle","Prayer Wheel","Omamori","Bottled Lightning","Astrolabe","Anchor","Juzu Bracelet","Ancient Tea Set","Enchiridion"],"potions_floor_usage":[24,24,29,33,33],"damage_taken":[{"damage":9.0,"enemies":"2 Louse","floor":1.0,"turns":4.0},{"damage":6.0,"enemies":"Cultist","floor":2.0,"turns":3.0},{"damage":11.0,"enemies":"Jaw Worm","floor":4.0,"turns":3.0},{"damage":5.0,"enemies":"Gremlin Gang","floor":5.0,"turns":7.0},{"damage":32.0,"enemies":"3 Sentries","floor":7.0,"turns":10.0},{"damage":3.0,"enemies":"Exordium Thugs","floor":11.0,"turns":5.0},{"damage":6.0,"enemies":"2 Fungi Beasts","floor":12.0,"turns":2.0},{"damage":10.0,"enemies":"Lagavulin","floor":13.0,"turns":6.0},{"damage":40,"enemies":"The Guardian","floor":16,"turns":10},{"damage":15,"enemies":"3 Byrds","floor":18,"turns":5},{"damage":12,"enemies":"Spheric Guardian","floor":20,"turns":5},{"damage":16,"enemies":"Cultist and Chosen","floor":22,"turns":6},{"damage":22,"enemies":"Gremlin Leader","floor":24,"turns":7},{"damage":9,"enemies":"3 Cultists","floor":27,"turns":4},{"damage":9,"enemies":"Centurion and Healer","floor":28,"turns":4},{"damage":13,"enemies":"Book of Stabbing","floor":29,"turns":3},{"damage":8,"enemies":"Snake Plant","floor":30,"turns":3},{"damage":63,"enemies":"Champ","floor":33,"turns":9}],"seed_played":"-4130309925408335340","potions_obtained":[{"floor":4.0,"key":"FearPotion"},{"floor":13,"key":"PowerPotion"},{"floor":16,"key":"SkillPotion"},{"floor":24,"key":"FearPotion"},{"floor":29,"key":"Poison Potion"},{"floor":30,"key":"SteroidPotion"}],"is_trial":false,"path_per_floor":["M","M","?","M","M","R","E","R","T","$","M","M","E","T","R","B",null,"M","$","M","$","M","R","E","R","T","M","M","E","M","?","R","B"],"character_chosen":"IRONCLAD","items_purchased":["Bludgeon","Shrug It Off","Ghostly Armor"],"campfire_rested":1,"item_purchase_floors":[10,10,19],"current_hp_per_floor":[84,84,84,79,80,80,54,54,54,54,57,57,53,53,53,19,87,78,78,72,72,62,62,46,46,46,43,40,33,31,15,41,0],"gold":240,"neow_bonus":"RANDOM_COMMON_RELIC","is_prod":false,"is_daily":false,"chose_seed":false,"campfire_upgraded":5,"win_rate":0,"timestamp":1563752374,"path_taken":["M","M","?","M","M","R","E","R","T","$","?","M","E","?","R","BOSS","M","$","M","$","M","R","E","R","T","M","M","E","M","?","R","BOSS"],"build_version":"2019-07-17","purchased_purges":1,"victory":false,"max_hp_per_floor":[87,87,87,87,87,87,87,87,87,87,87,87,87,87,87,87,87,87,87,87,87,87,87,87,87,87,87,87,87,87,87,87,87],"card_choices":[{"not_picked":["Cleave","Reckless Charge"],"picked":"Twin Strike","floor":1.0},{"not_picked":["Armaments","Warcry"],"picked":"Rupture","floor":2.0},{"not_picked":["Wild Strike","Iron Wave"],"picked":"Shrug It Off","floor":4.0},{"not_picked":["Cleave","Intimidate"],"picked":"Body Slam","floor":5.0},{"not_picked":["Armaments","Havoc"],"picked":"Heavy Blade","floor":7.0},{"not_picked":["Infernal Blade","Iron Wave"],"picked":"Whirlwind","floor":11.0},{"not_picked":["Headbutt","Anger"],"picked":"Offering","floor":11.0},{"not_picked":["Anger","Entrench"],"picked":"Uppercut","floor":12.0},{"not_picked":["Havoc","Cleave"],"picked":"Twin Strike","floor":12.0},{"not_picked":["Sever Soul","Hemokinesis"],"picked":"Rage","floor":13},{"not_picked":["Dark Embrace","Offering"],"picked":"Brutality","floor":16},{"not_picked":["Heavy Blade+1","Havoc"],"picked":"Flame Barrier","floor":18},{"not_picked":["Armaments","Wild Strike"],"picked":"Rage","floor":18},{"not_picked":["True Grit","Perfected Strike"],"picked":"Anger+1","floor":20},{"not_picked":["Thunderclap","Disarm","Armaments"],"picked":"SKIP","floor":20},{"not_picked":["Burning Pact","Sentinel","Clash"],"picked":"SKIP","floor":22},{"not_picked":["Perfected Strike","Flex","Twin Strike"],"picked":"SKIP","floor":22},{"not_picked":["Cleave","Brutality"],"picked":"Power Through+1","floor":24},{"not_picked":["Evolve","True Grit"],"picked":"Headbutt","floor":27},{"not_picked":["Infernal Blade","Wild Strike"],"picked":"Entrench+1","floor":27},{"not_picked":["Sword Boomerang+1","Thunderclap"],"picked":"Iron Wave+1","floor":28},{"not_picked":["Rampage","Warcry"],"picked":"Twin Strike+1","floor":28},{"not_picked":["Juggernaut","Ghostly Armor"],"picked":"Fire Breathing+1","floor":29},{"not_picked":["Iron Wave+1","True Grit"],"picked":"Shockwave+1","floor":30},{"not_picked":["Clothesline","Iron Wave","Thunderclap"],"picked":"SKIP","floor":30}],"player_experience":254463,"relics_obtained":[{"floor":7.0,"key":"Thread and Needle"},{"floor":9.0,"key":"Prayer Wheel"},{"floor":13,"key":"Omamori"},{"floor":14,"key":"Bottled Lightning"},{"floor":24,"key":"Anchor"},{"floor":26,"key":"Juzu Bracelet"},{"floor":29,"key":"Ancient Tea Set"},{"floor":31,"key":"Enchiridion"}],"event_choices":[{"cards_removed":["Rupture"],"damage_healed":0.0,"max_hp_gain":0.0,"max_hp_loss":0.0,"gold_gain":0.0,"event_name":"WeMeetAgain","player_choice":"Gave Card","floor":3.0,"gold_loss":0.0,"damage_taken":0.0,"relics_obtained":["Self Forming Clay"]},{"damage_healed":0,"gold_gain":0,"player_choice":"Obtained Book","damage_taken":16,"max_hp_gain":0,"max_hp_loss":0,"event_name":"Cursed Tome","floor":31,"gold_loss":0}],"is_beta":false,"boss_relics":[{"not_picked":["Empty Cage","White Beast Statue"],"picked":"Astrolabe"}],"items_purged_floors":[19],"is_endless":false,"potions_floor_spawned":[4,13,16,24,29,30],"killed_by":"Champ","ascension_level":4}