{"gold_per_floor":[16,34,34,34,34,34,59,59,59,80,103,178,192,192,192,192],"floor_reached":16,"playtime":543,"items_purged":[],"score":184,"play_id":"31acc56c-d1a8-4599-bcf1-aa3627f3fa2d","local_time":"20190213190252","is_ascension_mode":true,"campfire_choices":[{"data":"Well Laid Plans","floor":6.0,"key":"SMITH"},{"data":"Poisoned Stab","floor":8.0,"key":"SMITH"},{"data":"Deadly Poison","floor":15,"key":"SMITH"}],"neow_cost":"NO_GOLD","seed_source_timestamp":39354868158373,"circlet_count":0,"master_deck":["AscendersBane","Defend_G","Defend_G","Defend_G","Defend_G","Strike_G","Strike_G","Strike_G","Survivor","Neutralize","Well Laid Plans+1","Poisoned Stab+1","Deadly Poison+1"],"special_seed":0,"relics":["Ring of the Snake","Golden Idol"],"potions_floor_usage":[],"damage_taken":[{"damage":5.0,"enemies":"Cultist","floor":1.0,"turns":5.0},{"damage":7.0,"enemies":"Small Slimes","floor":2.0,"turns":4.0},{"damage":1.0,"enemies":"Jaw Worm","floor":7.0,"turns":6.0},{"damage":0.0,"enemies":"Exordium Thugs","floor":10.0,"turns":4.0},{"damage":18.0,"enemies":"Large Slime","floor":11.0,"turns":5.0},{"damage":4.0,"enemies":"Blue Slaver","floor":13.0,"turns":4.0},{"damage":0,"enemies":"The Guardian","floor":16,"turns":2}],"seed_played":"-8888047043786540851","potions_obtained":[{"floor":1.0,"key":"Fire Potion"},{"floor":11.0,"key":"GhostInAJar"}],"is_trial":false,"path_per_floor":["M","M","?","?","$","R","M","R","T","M","M","?","M","?","R","B"],"character_chosen":"THE_SILENT","items_purchased":[],"campfire_rested":0,"item_purchase_floors":[],"current_hp_per_floor":[54,47,47,40,40,40,39,39,39,39,21,10,6,6,6,6],"gold":192,"neow_bonus":"REMOVE_TWO","is_prod":false,"is_daily":false,"chose_seed":false,"campfire_upgraded":3,"win_rate":0,"timestamp":1550055772,"path_taken":["M","M","?","?","?","R","M","R","T","M","?","?","M","?","R","BOSS"],"build_version":"2019-01-23","purchased_purges":0,"victory":false,"max_hp_per_floor":[66,66,60,60,60,60,60,60,60,60,60,60,60,60,60,60],"card_choices":[{"not_picked":["Dodge and Roll","Bane","Dagger Spray"],"picked":"SKIP","floor":1.0},{"not_picked":["Backflip","Bane"],"picked":"Well Laid Plans","floor":2.0},{"not_picked":["Outmaneuver","Choke"],"picked":"Poisoned Stab","floor":7.0},{"not_picked":["Leg Sweep","Quick Slash"],"picked":"Deadly Poison","floor":10.0},{"not_picked":["Terror","Quick Slash","Sucker Punch"],"picked":"SKIP","floor":11.0},{"not_picked":["Bane","Prepared","Underhanded Strike"],"picked":"SKIP","floor":13.0}],"player_experience":2692022,"relics_obtained":[],"event_choices":[{"damage_healed":0.0,"max_hp_gain":0.0,"max_hp_loss":6.0,"gold_gain":0.0,"event_name":"Golden Idol","player_choice":"Lose Max HP","floor":3.0,"gold_loss":0.0,"damage_taken":0.0,"relics_obtained":["Golden Idol"]},{"cards_removed":["Strike_G"],"damage_healed":0.0,"max_hp_gain":0.0,"max_hp_loss":0.0,"gold_gain":0.0,"event_name":"Golden Wing","player_choice":"Card Removal","floor":4.0,"gold_loss":0.0,"damage_taken":7.0},{"damage_healed":0.0,"max_hp_gain":0.0,"max_hp_loss":0.0,"gold_gain":75.0,"event_name":"World of Goop","player_choice":"Gather Gold","floor":12.0,"gold_loss":0.0,"damage_taken":11.0},{"damage_healed":0,"gold_gain":0,"player_choice":"Ignored","damage_taken":0,"max_hp_gain":0,"max_hp_loss":0,"event_name":"WeMeetAgain","floor":14,"gold_loss":0}],"is_beta":false,"boss_relics":[],"items_purged_floors":[],"is_endless":false,"potions_floor_spawned":[1,11],"killed_by":"The Guardian","ascension_level":20}