{"gold_per_floor":[110,185,185,32,52,52,84,100,100,179,202,202,231,243,243,315,315,329,309,209,84,99,134,134,146,146,146,157,189,83,133,133,210,210,220,220,220,230,330,363,363,363,389,24,42,60,60,89,89,89,89,89,89,89,115,115],"floor_reached":57,"playtime":1958,"items_purged":["Defend_G","Strike_G","Strike_G","Strike_G"],"score":3558,"play_id":"9de2f423-344c-42c0-b309-6c1d5626d95b","local_time":"20190416203509","is_ascension_mode":true,"campfire_choices":[{"data":"Neutralize","floor":6.0,"key":"SMITH"},{"data":"Cloak And Dagger","floor":12.0,"key":"SMITH"},{"data":"Tactician","floor":15.0,"key":"SMITH"},{"data":"Calculated Gamble","floor":24.0,"key":"SMITH"},{"data":"Acrobatics","floor":27.0,"key":"SMITH"},{"data":"Purity","floor":32.0,"key":"SMITH"},{"data":"Grand Finale","floor":42.0,"key":"SMITH"},{"floor":47.0,"key":"RECALL"},{"data":"Backflip","floor":49.0,"key":"SMITH"},{"data":"Survivor","floor":53.0,"key":"SMITH"}],"neow_cost":"NONE","seed_source_timestamp":54369582939613,"circlet_count":0,"master_deck":["AscendersBane","Defend_G","Defend_G","Defend_G","Defend_G","Strike_G","Survivor+1","Neutralize+1","Tactician+1","Backflip+1","Predator","Dagger Throw","Cloak And Dagger+1","Infinite Blades","Grand Finale+1","Acrobatics+1","Calculated Gamble+1","Purity+1"],"special_seed":0,"relics":["Ring of the Snake","NeowsBlessing","Kunai","Gambling Chip","Oddly Smooth Stone","Odd Mushroom","Bag of Preparation","Runic Pyramid","Dodecahedron","Question Card","Shuriken","StoneCalendar","Juzu Bracelet","Potion Belt","TheAbacus","Snake Skull","Pear"],"potions_floor_usage":[55,56,56],"damage_taken":[{"damage":0.0,"enemies":"Small Slimes","floor":1.0,"turns":1.0},{"damage":0.0,"enemies":"2 Louse","floor":5.0,"turns":1.0},{"damage":0.0,"enemies":"3 Sentries","floor":7.0,"turns":1.0},{"damage":0.0,"enemies":"Cultist","floor":8.0,"turns":2.0},{"damage":0.0,"enemies":"The Mushroom Lair","floor":11.0,"turns":5.0},{"damage":1.0,"enemies":"Lagavulin","floor":13.0,"turns":8.0},{"damage":0.0,"enemies":"Exordium Thugs","floor":14.0,"turns":4.0},{"damage":45.0,"enemies":"Slime Boss","floor":16.0,"turns":10.0},{"damage":0.0,"enemies":"Spheric Guardian","floor":18.0,"turns":1.0},{"damage":0.0,"enemies":"Shell Parasite","floor":22.0,"turns":2.0},{"damage":0.0,"enemies":"Book of Stabbing","floor":23.0,"turns":4.0},{"damage":0.0,"enemies":"Centurion and Healer","floor":25.0,"turns":3.0},{"damage":0.0,"enemies":"Cultist and Chosen","floor":28.0,"turns":3.0},{"damage":0.0,"enemies":"Slavers","floor":29.0,"turns":1.0},{"damage":0.0,"enemies":"Collector","floor":33.0,"turns":3.0},{"damage":0.0,"enemies":"3 Shapes","floor":35.0,"turns":1.0},{"damage":0.0,"enemies":"3 Darklings","floor":38.0,"turns":1.0},{"damage":0.0,"enemies":"Mind Bloom Boss Battle","floor":39.0,"turns":3.0},{"damage":0.0,"enemies":"Nemesis","floor":40.0,"turns":3.0},{"damage":0.0,"enemies":"Writhing Mass","floor":45.0,"turns":3.0},{"damage":0.0,"enemies":"Transient","floor":46.0,"turns":2.0},{"damage":0.0,"enemies":"Giant Head","floor":48.0,"turns":3.0},{"damage":0.0,"enemies":"Time Eater","floor":50.0,"turns":3.0},{"damage":0.0,"enemies":"Awakened One","floor":51.0,"turns":3.0},{"damage":0,"enemies":"Shield and Spear","floor":55,"turns":2},{"damage":61,"enemies":"The Heart","floor":56,"turns":7}],"seed_played":"3457482045668022666","potions_obtained":[{"floor":1.0,"key":"Energy Potion"},{"floor":7.0,"key":"Poison Potion"},{"floor":11.0,"key":"SteroidPotion"},{"floor":19.0,"key":"GamblersBrew"},{"floor":23.0,"key":"Energy Potion"},{"floor":38.0,"key":"SkillPotion"},{"floor":40.0,"key":"Block Potion"},{"floor":45.0,"key":"Energy Potion"},{"floor":48.0,"key":"Swift Potion"}],"is_trial":false,"path_per_floor":["M","?","?","$","M","R","E","M","T","T","?","R","E","M","R","B",null,"M","?","$","$","M","E","R","M","T","R","M","E","$","?","R","B",null,"M","?","?","M","?","E","?","R","T","$","M","M","R","E","R","B","B",null,"R","$","E","B",null],"character_chosen":"THE_SILENT","items_purchased":["Tactician","Purity","TheAbacus"],"campfire_rested":0,"item_purchase_floors":[4,30,44],"current_hp_per_floor":[59,48,48,48,48,48,48,48,48,48,48,48,47,47,47,2,50,50,50,50,50,50,50,50,50,50,50,50,50,50,50,50,50,62,62,62,62,62,62,62,62,62,62,62,62,62,62,62,62,62,62,65,65,65,75,14],"gold":115,"neow_bonus":"THREE_ENEMY_KILL","is_prod":false,"is_daily":false,"chose_seed":false,"campfire_upgraded":9,"win_rate":0,"timestamp":1555418109,"path_taken":["M","?","?","$","?","R","E","M","T","?","?","R","E","M","R","BOSS","M","?","?","$","M","E","R","M","T","R","?","E","$","?","R","BOSS","M","?","?","M","?","E","?","R","T","$","M","M","R","E","R","BOSS","BOSS","R","$","E","BOSS"],"build_version":"2019-01-23","purchased_purges":4,"victory":true,"max_hp_per_floor":[66,66,66,66,66,66,66,66,66,66,66,66,66,66,66,66,66,66,66,66,66,66,66,66,66,66,66,66,66,66,66,66,66,66,66,66,66,66,66,66,66,66,66,66,66,66,66,66,66,66,66,66,66,66,76,76],"card_choices":[{"not_picked":["Eviscerate","Outmaneuver","Accuracy"],"picked":"SKIP","floor":1.0},{"not_picked":["Quick Slash","Acrobatics"],"picked":"Backflip","floor":5.0},{"not_picked":["Slice","Poisoned Stab"],"picked":"Predator","floor":7.0},{"not_picked":["Quick Slash","Slice"],"picked":"Dagger Throw","floor":8.0},{"not_picked":["Prepared","Eviscerate"],"picked":"Cloak And Dagger","floor":11.0},{"not_picked":["Leg Sweep","Choke","Eviscerate"],"picked":"SKIP","floor":13.0},{"not_picked":["Underhanded Strike","Expertise"],"picked":"Infinite Blades","floor":14.0},{"not_picked":["Glass Knife","Tools of the Trade"],"picked":"Grand Finale","floor":16.0},{"not_picked":["Predator","Outmaneuver"],"picked":"Acrobatics","floor":18.0},{"not_picked":["Bane","Deflect","Dodge and Roll"],"picked":"SKIP","floor":22.0},{"not_picked":["Venomology","Corpse Explosion"],"picked":"Calculated Gamble","floor":23.0},{"not_picked":["Setup+1","Caltrops","Deflect"],"picked":"SKIP","floor":25.0},{"not_picked":["Bane","Slice","Heel Hook","Blade Dance"],"picked":"SKIP","floor":28.0},{"not_picked":["Deflect","Sucker Punch","Crippling Poison","Flying Knee"],"picked":"SKIP","floor":29.0},{"not_picked":["Deadly Poison","Slice","Deflect","Terror"],"picked":"SKIP","floor":35.0},{"not_picked":["Eviscerate","Predator+1","Cloak And Dagger","Catalyst"],"picked":"SKIP","floor":38.0},{"not_picked":["Flechettes+1","Masterful Stab","Deflect","Finisher"],"picked":"SKIP","floor":40.0},{"not_picked":["Envenom","Bane","Blade Dance","Deflect"],"picked":"SKIP","floor":45.0},{"not_picked":["Slice","Bane","Bouncing Flask","Flying Knee+1"],"picked":"SKIP","floor":46.0},{"not_picked":["Dagger Spray+1","Quick Slash","Deflect+1","Cloak And Dagger"],"picked":"SKIP","floor":48.0},{"not_picked":["Deflect","Infinite Blades","Prepared+1","Dagger Throw"],"picked":"SKIP","floor":55},{"not_picked":["Deflect","Infinite Blades","Prepared+1","Dagger Throw"],"picked":"SKIP","floor":55}],"player_experience":4329186,"relics_obtained":[{"floor":7.0,"key":"Gambling Chip"},{"floor":9.0,"key":"Oddly Smooth Stone"},{"floor":11.0,"key":"Odd Mushroom"},{"floor":13.0,"key":"Bag of Preparation"},{"floor":23.0,"key":"Dodecahedron"},{"floor":26.0,"key":"Question Card"},{"floor":29.0,"key":"Shuriken"},{"floor":39.0,"key":"StoneCalendar"},{"floor":40.0,"key":"Juzu Bracelet"},{"floor":43.0,"key":"Potion Belt"},{"floor":48.0,"key":"Snake Skull"},{"floor":55,"key":"Pear"}],"event_choices":[{"damage_healed":0.0,"max_hp_gain":0.0,"max_hp_loss":0.0,"gold_gain":75.0,"event_name":"World of Goop","player_choice":"Gather Gold","floor":2.0,"gold_loss":0.0,"damage_taken":11.0},{"damage_healed":0.0,"max_hp_gain":0.0,"max_hp_loss":0.0,"gold_gain":0.0,"event_name":"WeMeetAgain","player_choice":"Gave Potion","floor":3.0,"gold_loss":0.0,"damage_taken":0.0,"relics_obtained":["Kunai"]},{"damage_healed":0.0,"max_hp_gain":0.0,"max_hp_loss":0.0,"gold_gain":0.0,"event_name":"Mushrooms","player_choice":"Fought Mushrooms","floor":11.0,"gold_loss":0.0,"damage_taken":0.0},{"damage_healed":0.0,"max_hp_gain":0.0,"max_hp_loss":0.0,"gold_gain":0.0,"event_name":"The Woman in Blue","player_choice":"Bought 1 Potion","floor":19.0,"gold_loss":0.0,"damage_taken":0.0},{"damage_healed":0.0,"max_hp_gain":0.0,"max_hp_loss":0.0,"gold_gain":50.0,"event_name":"Golden Shrine","player_choice":"Pray","floor":31.0,"gold_loss":0.0,"damage_taken":0.0},{"damage_healed":0.0,"max_hp_gain":0.0,"max_hp_loss":0.0,"gold_gain":0.0,"event_name":"Tomb of Lord Red Mask","player_choice":"Ignored","floor":36.0,"gold_loss":0.0,"damage_taken":0.0},{"damage_healed":0.0,"max_hp_gain":0.0,"max_hp_loss":0.0,"gold_gain":0.0,"event_name":"SensoryStone","player_choice":"Memory 1","floor":37.0,"gold_loss":0.0,"damage_taken":0.0},{"damage_healed":0.0,"max_hp_gain":0.0,"max_hp_loss":0.0,"gold_gain":0.0,"event_name":"MindBloom","player_choice":"Fight","floor":39.0,"gold_loss":0.0,"damage_taken":0.0},{"cards_removed":["Strike_G"],"damage_healed":0.0,"max_hp_gain":0.0,"max_hp_loss":0.0,"gold_gain":0.0,"event_name":"Falling","player_choice":"Removed Attack","floor":41.0,"gold_loss":0.0,"damage_taken":0.0}],"is_beta":false,"boss_relics":[{"not_picked":["Lizard Tail","Orrery"],"picked":"Runic Pyramid"},{"not_picked":["Velvet Choker","HoveringKite","Fusion Hammer"]}],"items_purged_floors":[4,20,21,44],"is_endless":false,"potions_floor_spawned":[1,7,11,23,25,29,33,38,40,45,48],"ascension_level":20}