{"gold_per_floor":[118,4,4,19,19,19,53,53,129,150,194,194,194,208,208,304,304,322,78,78,128,141,141,156,190,190,210,110,128,162,183,183,272,272,295,311,311,326,201,237,237,237,237,570,570,570,901,917,917,917,917,917,917,2,28,28],"floor_reached":57,"playtime":8633,"items_purged":["Strike_G","Writhe","Strike_G","Strike_G"],"score":3491,"play_id":"bbd5f984-e352-4d88-9531-eb8e1b1fc65f","local_time":"20190407075634","is_ascension_mode":true,"campfire_choices":[{"data":"Catalyst","floor":6.0,"key":"SMITH"},{"data":"Noxious Fumes","floor":8.0,"key":"SMITH"},{"data":"Footwork","floor":12.0,"key":"SMITH"},{"data":"Bouncing Flask","floor":15.0,"key":"SMITH"},{"data":"Corpse Explosion","floor":23.0,"key":"SMITH"},{"data":"Wraith Form v2","floor":32.0,"key":"SMITH"},{"data":"Adrenaline","floor":41.0,"key":"SMITH"},{"data":"Apotheosis","floor":46.0,"key":"SMITH"},{"floor":49.0,"key":"RECALL"},{"data":"Malaise","floor":53.0,"key":"SMITH"}],"neow_cost":"NONE","seed_source_timestamp":835807295390,"circlet_count":0,"master_deck":["AscendersBane","Defend_G","Defend_G","Defend_G","Defend_G","Defend_G","Strike_G","Strike_G","Survivor","Neutralize","Footwork+1","Noxious Fumes+1","Catalyst+1","Leg Sweep","Bouncing Flask+1","Corpse Explosion+1","Adrenaline+1","Wraith Form v2+1","Malaise+1","Backflip","Night Terror+1","PiercingWail+1","Tactician+1","Dark Shackles","Apotheosis+1","Finesse","Bullet Time"],"special_seed":0,"relics":["Ring of the Snake","NeowsBlessing","Potion Belt","Ornamental Fan","Paper Crane","Question Card","Runic Pyramid","Lantern","Oddly Smooth Stone","Molten Egg 2","Sundial","Orichalcum","Velvet Choker","Thread and Needle","Old Coin","Strange Spoon","Pantograph","Turnip"],"potions_floor_usage":[55,56,56,56],"damage_taken":[{"damage":0.0,"enemies":"Cultist","floor":1.0,"turns":1.0},{"damage":0.0,"enemies":"2 Louse","floor":4.0,"turns":1.0},{"damage":0.0,"enemies":"Lagavulin","floor":7.0,"turns":1.0},{"damage":2.0,"enemies":"Jaw Worm","floor":10.0,"turns":4.0},{"damage":23.0,"enemies":"3 Sentries","floor":11.0,"turns":9.0},{"damage":0.0,"enemies":"Blue Slaver","floor":14.0,"turns":4.0},{"damage":0.0,"enemies":"The Guardian","floor":16.0,"turns":7.0},{"damage":0.0,"enemies":"Shell Parasite","floor":18.0,"turns":7.0},{"damage":0.0,"enemies":"Chosen","floor":22.0,"turns":5.0},{"damage":0.0,"enemies":"Snecko","floor":24.0,"turns":4.0},{"damage":0.0,"enemies":"Gremlin Leader","floor":25.0,"turns":6.0},{"damage":0.0,"enemies":"Chosen and Byrds","floor":27.0,"turns":6.0},{"damage":0.0,"enemies":"Snake Plant","floor":29.0,"turns":4.0},{"damage":0.0,"enemies":"Slavers","floor":30.0,"turns":3.0},{"damage":0.0,"enemies":"Cultist and Chosen","floor":31.0,"turns":5.0},{"damage":0.0,"enemies":"Automaton","floor":33.0,"turns":13.0},{"damage":0.0,"enemies":"Orb Walker","floor":35.0,"turns":4.0},{"damage":0.0,"enemies":"3 Darklings","floor":36.0,"turns":4.0},{"damage":0.0,"enemies":"Writhing Mass","floor":38.0,"turns":6.0},{"damage":0.0,"enemies":"Reptomancer","floor":40.0,"turns":5.0},{"damage":0.0,"enemies":"Nemesis","floor":47.0,"turns":7.0},{"damage":0.0,"enemies":"Maw","floor":48.0,"turns":5.0},{"damage":0.0,"enemies":"Donu and Deca","floor":50.0,"turns":5.0},{"damage":0.0,"enemies":"Awakened One","floor":51.0,"turns":16.0},{"damage":0,"enemies":"Shield and Spear","floor":55,"turns":5},{"damage":32,"enemies":"The Heart","floor":56,"turns":10}],"seed_played":"6577929780462325409","potions_obtained":[{"floor":11.0,"key":"GhostInAJar"},{"floor":14.0,"key":"PowerPotion"},{"floor":18.0,"key":"SteroidPotion"},{"floor":25.0,"key":"SteroidPotion"},{"floor":27.0,"key":"AttackPotion"},{"floor":35.0,"key":"SpeedPotion"},{"floor":36.0,"key":"Block Potion"},{"floor":47.0,"key":"Weak Potion"}],"is_trial":false,"path_per_floor":["M","$","?","M","?","R","E","R","T","M","E","R","T","M","R","B",null,"M","$","?","?","M","R","M","E","T","M","$","M","E","M","R","B",null,"M","M","?","M","$","E","R","?","T","?","?","R","E","M","R","B","B",null,"R","$","E","B",null],"character_chosen":"THE_SILENT","items_purchased":["Footwork","Adrenaline","Lantern","Strange Spoon","Swift Potion","Pantograph","Poison Potion","Bullet Time"],"campfire_rested":0,"item_purchase_floors":[2,19,19,54,54,54,54,54],"current_hp_per_floor":[59,59,36,36,36,36,36,36,36,34,11,11,11,11,11,11,52,52,52,52,52,52,52,52,52,52,52,52,52,52,52,52,52,63,63,63,63,63,63,63,63,53,53,53,53,53,53,53,53,53,53,61,61,61,61,31],"gold":28,"neow_bonus":"THREE_ENEMY_KILL","is_prod":false,"is_daily":false,"chose_seed":false,"campfire_upgraded":9,"win_rate":0,"timestamp":1554594994,"path_taken":["M","$","?","M","?","R","E","R","T","M","E","R","?","?","R","BOSS","M","$","?","?","M","R","?","E","T","M","$","M","E","M","R","BOSS","M","M","?","?","$","E","R","?","T","?","?","R","E","M","R","BOSS","BOSS","R","$","E","BOSS"],"build_version":"2019-01-23","purchased_purges":4,"victory":true,"max_hp_per_floor":[66,66,66,66,66,66,66,66,66,66,66,66,66,66,66,66,66,66,66,66,66,66,66,66,66,66,66,66,66,66,66,66,66,66,66,66,66,66,66,66,66,66,66,66,63,63,63,63,63,63,63,63,63,63,63,63],"card_choices":[{"not_picked":["PiercingWail","Dagger Spray"],"picked":"Backstab","floor":1.0},{"not_picked":["Finisher","Underhanded Strike"],"picked":"Noxious Fumes","floor":4.0},{"not_picked":["Setup","Dagger Spray"],"picked":"Leg Sweep","floor":7.0},{"not_picked":["Riddle With Holes","Crippling Poison","Endless Agony"],"picked":"SKIP","floor":10.0},{"not_picked":["Blade Dance","Deflect","Terror"],"picked":"SKIP","floor":11.0},{"not_picked":["Deadly Poison","Expertise","Distraction"],"picked":"Bouncing Flask","floor":14.0},{"not_picked":["Envenom","After Image","Glass Knife"],"picked":"Corpse Explosion","floor":16.0},{"not_picked":["Blur","Escape Plan","Dodge and Roll","Dagger Spray"],"picked":"SKIP","floor":18.0},{"not_picked":["Prepared","Outmaneuver","Bane","Infinite Blades"],"picked":"SKIP","floor":22.0},{"not_picked":["Cloak And Dagger","Sucker Punch","Leg Sweep","Blade Dance"],"picked":"SKIP","floor":24.0},{"not_picked":["Flying Knee","Dodge and Roll","Outmaneuver","Sucker Punch"],"picked":"SKIP","floor":25.0},{"not_picked":["Dash+1","Blade Dance","Bane+1","Distraction"],"picked":"SKIP","floor":27.0},{"not_picked":["Dagger Throw+1","Sucker Punch+1","Caltrops"],"picked":"Wraith Form v2","floor":29.0},{"not_picked":["Prepared","Quick Slash+1","Dash+1"],"picked":"Malaise","floor":30.0},{"not_picked":["Expertise","Sucker Punch+1","Underhanded Strike+1"],"picked":"Backflip","floor":31.0},{"not_picked":["Die Die Die+1","Tools of the Trade","Grand Finale+1"],"picked":"Night Terror","floor":33.0},{"not_picked":["Poisoned Stab+1","Dodge and Roll","PiercingWail","Sucker Punch+1"],"picked":"SKIP","floor":35.0},{"not_picked":["Acrobatics","Flying Knee+1","Deflect"],"picked":"PiercingWail+1","floor":36.0},{"not_picked":["Outmaneuver+1","Dagger Spray+1","Caltrops"],"picked":"Tactician+1","floor":38.0},{"not_picked":["Outmaneuver+1","Dagger Spray+1","Backstab+1","Expertise"],"picked":"SKIP","floor":40.0},{"not_picked":["Chrysalis","Good Instincts","Enlightenment"],"picked":"Dark Shackles","floor":42.0},{"not_picked":["Transmutation","Impatience","Jack Of All Trades"],"picked":"Apotheosis","floor":42.0},{"not_picked":["Jack Of All Trades","Madness","PanicButton"],"picked":"Finesse","floor":42.0},{"not_picked":["Dagger Spray+1","Bouncing Flask","Leg Sweep","Deadly Poison"],"picked":"SKIP","floor":47.0},{"not_picked":["Reflex","Blade Dance","Leg Sweep","Outmaneuver"],"picked":"SKIP","floor":48.0},{"not_picked":["Flying Knee+1","Distraction","Glass Knife+1","Prepared+1"],"picked":"SKIP","floor":55}],"player_experience":4102256,"relics_obtained":[{"floor":7.0,"key":"Potion Belt"},{"floor":9.0,"key":"Ornamental Fan"},{"floor":11.0,"key":"Paper Crane"},{"floor":13.0,"key":"Question Card"},{"floor":25.0,"key":"Molten Egg 2"},{"floor":26.0,"key":"Sundial"},{"floor":30.0,"key":"Orichalcum"},{"floor":40.0,"key":"Thread and Needle"},{"floor":47.0,"key":"Old Coin"},{"floor":55,"key":"Turnip"}],"event_choices":[{"damage_healed":0.0,"max_hp_gain":0.0,"max_hp_loss":0.0,"gold_gain":0.0,"event_name":"Golden Idol","player_choice":"Take Damage","floor":3.0,"gold_loss":0.0,"damage_taken":23.0,"relics_obtained":["Golden Idol"]},{"damage_healed":0.0,"max_hp_gain":0.0,"max_hp_loss":0.0,"gold_gain":0.0,"cards_transformed":["Backstab"],"event_name":"Living Wall","player_choice":"Change","floor":5.0,"gold_loss":0.0,"damage_taken":0.0,"cards_obtained":["Catalyst"]},{"damage_healed":0.0,"max_hp_gain":0.0,"max_hp_loss":0.0,"gold_gain":0.0,"event_name":"The Mausoleum","player_choice":"Opened","floor":20.0,"gold_loss":0.0,"damage_taken":0.0,"relics_obtained":["Oddly Smooth Stone"],"cards_obtained":["Writhe"]},{"damage_healed":0.0,"max_hp_gain":0.0,"max_hp_loss":0.0,"gold_gain":100.0,"event_name":"The Joust","player_choice":"Bet on Murderer","floor":21.0,"gold_loss":50.0,"damage_taken":0.0},{"damage_healed":0.0,"max_hp_gain":0.0,"max_hp_loss":0.0,"gold_gain":0.0,"event_name":"Upgrade Shrine","player_choice":"Upgraded","floor":37.0,"gold_loss":0.0,"damage_taken":0.0,"cards_upgraded":["Night Terror"]},{"damage_healed":0.0,"max_hp_gain":0.0,"max_hp_loss":0.0,"gold_gain":0.0,"event_name":"SensoryStone","player_choice":"Memory 3","floor":42.0,"gold_loss":0.0,"damage_taken":10.0},{"damage_healed":0.0,"max_hp_gain":0.0,"max_hp_loss":0.0,"gold_gain":333.0,"event_name":"The Moai Head","player_choice":"Gave Idol","floor":44.0,"relics_lost":["Golden Idol"],"gold_loss":0.0,"damage_taken":0.0},{"damage_healed":0.0,"max_hp_gain":0.0,"max_hp_loss":3.0,"gold_gain":0.0,"event_name":"Winding Halls","player_choice":"Max HP","floor":45.0,"gold_loss":0.0,"damage_taken":0.0}],"is_beta":false,"boss_relics":[{"not_picked":["Snecko Eye","Orrery"],"picked":"Runic Pyramid"},{"not_picked":["Eternal Feather","White Beast Statue"],"picked":"Velvet Choker"}],"items_purged_floors":[2,28,39,54],"is_endless":false,"potions_floor_spawned":[11,14,18,25,27,35,36,47],"ascension_level":20}