{"gold_per_floor":[119,44,54,72,91,91,107,127,202,214,214,241,241,124,124,201,201,171,96,96,110,110,110,144,144,144,177,177,188,3,18,18,94,94,112,112,112,112,162,195,195,70,70,105,123,152,163,13,13,13,13,13,13,13,44,44],"floor_reached":57,"playtime":2652,"items_purged":["Strike_G","Strike_G","Slice+1","Glass Knife+1"],"score":3506,"play_id":"cc54bc5d-759b-4636-9580-bec8495b68b7","local_time":"20190323173012","is_ascension_mode":true,"campfire_choices":[{"data":"Noxious Fumes","floor":6.0,"key":"SMITH"},{"data":"Glass Knife","floor":11.0,"key":"SMITH"},{"data":"Neutralize","floor":13.0,"key":"SMITH"},{"data":"Well Laid Plans","floor":15.0,"key":"SMITH"},{"data":"Acrobatics","floor":23.0,"key":"SMITH"},{"data":"Deadly Poison","floor":25.0,"key":"SMITH"},{"data":"Tactician","floor":28.0,"key":"SMITH"},{"data":"Calculated Gamble","floor":32.0,"key":"SMITH"},{"floor":49,"key":"RECALL"},{"data":"Backflip","floor":53,"key":"SMITH"}],"neow_cost":"NONE","seed_source_timestamp":19107537259200,"circlet_count":0,"master_deck":["AscendersBane","Survivor+1","Neutralize+1","Leg Sweep+1","Noxious Fumes+1","Well Laid Plans+1","Adrenaline+1","Deadly Poison+1","Acrobatics+1","Tactician+1","Calculated Gamble+1","Flechettes+1","Reflex+1","Doppelganger+1","Eviscerate+1","Infinite Blades+1","Footwork+1","Backflip+1","After Image"],"special_seed":0,"relics":["Ring of the Snake","NeowsBlessing","Bag of Marbles","Cursed Key","Prayer Wheel","PreservedInsect","Pandora\u0027s Box","Mark of the Bloom","Ginger","War Paint","Gambling Chip","Sundial","Bag of Preparation"],"potions_floor_usage":[56,56],"damage_taken":[{"damage":0.0,"enemies":"Small Slimes","floor":1.0,"turns":1.0},{"damage":0.0,"enemies":"Jaw Worm","floor":3.0,"turns":1.0},{"damage":0.0,"enemies":"2 Louse","floor":4.0,"turns":1.0},{"damage":6.0,"enemies":"Large Slime","floor":5.0,"turns":9.0},{"damage":6.0,"enemies":"2 Fungi Beasts","floor":7.0,"turns":4.0},{"damage":1.0,"enemies":"3 Louse","floor":8.0,"turns":4.0},{"damage":0.0,"enemies":"Looter","floor":10.0,"turns":4.0},{"damage":8.0,"enemies":"Lagavulin","floor":12.0,"turns":6.0},{"damage":0.0,"enemies":"The Guardian","floor":16.0,"turns":12.0},{"damage":0.0,"enemies":"2 Thieves","floor":18.0,"turns":4.0},{"damage":0.0,"enemies":"Shell Parasite","floor":21.0,"turns":6.0},{"damage":17.0,"enemies":"Gremlin Leader","floor":24.0,"turns":7.0},{"damage":13.0,"enemies":"Book of Stabbing","floor":27.0,"turns":7.0},{"damage":0.0,"enemies":"Snecko","floor":29.0,"turns":4.0},{"damage":0.0,"enemies":"Snake Plant","floor":31.0,"turns":4.0},{"damage":35.0,"enemies":"Automaton","floor":33.0,"turns":10.0},{"damage":0.0,"enemies":"3 Shapes","floor":35.0,"turns":4.0},{"damage":0.0,"enemies":"2 Orb Walkers","floor":39.0,"turns":2.0},{"damage":0.0,"enemies":"Giant Head","floor":40.0,"turns":3.0},{"damage":0.0,"enemies":"Nemesis","floor":44.0,"turns":3.0},{"damage":0.0,"enemies":"3 Darklings","floor":45.0,"turns":2.0},{"damage":0.0,"enemies":"Giant Head","floor":46.0,"turns":2.0},{"damage":0,"enemies":"Sphere and 2 Shapes","floor":47,"turns":1},{"damage":0,"enemies":"Time Eater","floor":50,"turns":4},{"damage":0,"enemies":"Awakened One","floor":51,"turns":3},{"damage":0,"enemies":"Shield and Spear","floor":55,"turns":1},{"damage":2,"enemies":"The Heart","floor":56,"turns":3}],"seed_played":"6057820967150547291","potions_obtained":[{"floor":3.0,"key":"Regen Potion"},{"floor":4.0,"key":"EntropicBrew"},{"floor":5.0,"key":"Explosive Potion"},{"floor":16.0,"key":"Regen Potion"},{"floor":21.0,"key":"Explosive Potion"},{"floor":35.0,"key":"LiquidBronze"},{"floor":46.0,"key":"Energy Potion"},{"floor":47,"key":"Block Potion"},{"floor":55,"key":"PowerPotion"}],"is_trial":false,"path_per_floor":["M","?","M","M","M","R","M","M","T","M","R","E","R","$","R","B",null,"M","?","?","M","?","R","E","R","T","E","R","M","$","M","R","B",null,"M","?","?","$","?","E","?","$","T","E","M","E","M","$","R","B","B",null,"R","$","E","B",null],"character_chosen":"THE_SILENT","items_purchased":["Well Laid Plans","Flechettes"],"campfire_rested":0,"item_purchase_floors":[14,30],"current_hp_per_floor":[59,59,59,59,53,53,47,46,46,46,46,38,38,38,38,38,59,59,59,59,59,59,59,42,42,42,29,29,43,43,43,43,8,52,52,52,52,52,52,52,52,52,52,52,52,52,52,52,52,52,52,52,52,52,52,50],"gold":44,"neow_bonus":"THREE_ENEMY_KILL","is_prod":false,"is_daily":false,"chose_seed":false,"campfire_upgraded":9,"win_rate":0,"timestamp":1553333412,"path_taken":["M","?","M","M","M","R","M","M","T","M","R","E","R","$","R","BOSS","M","?","?","M","?","R","E","R","T","E","R","M","$","M","R","BOSS","M","?","?","$","?","E","?","?","T","E","M","E","M","$","R","BOSS","BOSS","R","$","E","BOSS"],"build_version":"2019-01-23","purchased_purges":4,"victory":true,"max_hp_per_floor":[66,66,66,66,66,66,66,66,66,66,66,66,66,66,66,66,66,66,66,66,66,66,66,66,66,66,66,66,66,66,66,66,66,66,66,66,63,63,63,63,63,63,63,63,63,63,63,63,63,63,63,63,63,63,63,63],"card_choices":[{"not_picked":["Outmaneuver","Sucker Punch"],"picked":"Leg Sweep","floor":1.0},{"not_picked":["Prepared","Acrobatics","Dodge and Roll"],"picked":"SKIP","floor":3.0},{"not_picked":["Outmaneuver","Eviscerate"],"picked":"Cloak And Dagger","floor":4.0},{"not_picked":["Crippling Poison","Quick Slash"],"picked":"Noxious Fumes","floor":5.0},{"not_picked":["Heel Hook","Escape Plan"],"picked":"Glass Knife","floor":7.0},{"not_picked":["Finisher","Setup","Masterful Stab"],"picked":"SKIP","floor":8.0},{"not_picked":["Dagger Throw","Poisoned Stab","Crippling Poison"],"picked":"SKIP","floor":10.0},{"not_picked":["Skewer","Blade Dance","Bane"],"picked":"SKIP","floor":12.0},{"not_picked":["Bullet Time","Storm of Steel"],"picked":"Adrenaline","floor":16.0},{"not_picked":["Flechettes","PiercingWail"],"picked":"Deadly Poison","floor":18.0},{"not_picked":["Bane","Dodge and Roll","Blade Dance"],"picked":"SKIP","floor":21.0},{"not_picked":["Bane","Dodge and Roll","Blade Dance"],"picked":"SKIP","floor":21.0},{"not_picked":["Well Laid Plans","Sucker Punch","Quick Slash"],"picked":"SKIP","floor":24.0},{"not_picked":["PiercingWail","Burst","Noxious Fumes"],"picked":"SKIP","floor":27.0},{"not_picked":["PiercingWail","Burst","Noxious Fumes"],"picked":"SKIP","floor":27.0},{"not_picked":["Bouncing Flask","Sucker Punch"],"picked":"Calculated Gamble","floor":29.0},{"not_picked":["Deadly Poison","Blade Dance+1","Flying Knee"],"picked":"SKIP","floor":29.0},{"not_picked":["Outmaneuver","Concentrate","Terror"],"picked":"SKIP","floor":31.0},{"not_picked":["Calculated Gamble","Dodge and Roll","PiercingWail"],"picked":"SKIP","floor":31.0},{"not_picked":["Cloak And Dagger+1","Dagger Throw","Outmaneuver"],"picked":"SKIP","floor":35.0},{"not_picked":["Footwork+1","Masterful Stab","Blade Dance"],"picked":"SKIP","floor":35.0},{"not_picked":["Masterful Stab","Blade Dance"],"picked":"Footwork+1","floor":35.0},{"not_picked":["Cloak And Dagger+1","Dagger Throw","Outmaneuver"],"picked":"SKIP","floor":35.0},{"not_picked":["Outmaneuver+1","Blur","Flying Knee+1"],"picked":"SKIP","floor":40.0},{"not_picked":["Leg Sweep","Acrobatics","Blade Dance"],"picked":"SKIP","floor":44.0},{"not_picked":["Tactician","Cloak And Dagger+1"],"picked":"Backflip","floor":45.0},{"not_picked":["Dagger Throw+1","Quick Slash","Dash+1"],"picked":"SKIP","floor":45.0},{"not_picked":["Burst","Flying Knee","Deflect"],"picked":"SKIP","floor":46.0},{"not_picked":["Dodge and Roll+1","Poisoned Stab","Deflect"],"picked":"SKIP","floor":47},{"not_picked":["Escape Plan","Blade Dance","Footwork+1"],"picked":"SKIP","floor":47},{"not_picked":["Outmaneuver","Corpse Explosion"],"picked":"After Image","floor":55}],"player_experience":3815301,"relics_obtained":[{"floor":12.0,"key":"Bag of Marbles"},{"floor":24.0,"key":"Prayer Wheel"},{"floor":27.0,"key":"PreservedInsect"},{"floor":39.0,"key":"Ginger"},{"floor":40.0,"key":"War Paint"},{"floor":44.0,"key":"Gambling Chip"},{"floor":46.0,"key":"Sundial"},{"floor":55,"key":"Bag of Preparation"}],"event_choices":[{"cards_removed":["Strike_G"],"damage_healed":0.0,"max_hp_gain":0.0,"max_hp_loss":0.0,"gold_gain":0.0,"event_name":"The Cleric","player_choice":"Card Removal","floor":2.0,"gold_loss":75.0,"damage_taken":0.0},{"cards_removed":["Strike_G"],"damage_healed":0.0,"max_hp_gain":0.0,"max_hp_loss":0.0,"gold_gain":0.0,"event_name":"Beggar","player_choice":"Gave Gold","floor":19.0,"gold_loss":75.0,"damage_taken":0.0},{"damage_healed":0.0,"max_hp_gain":0.0,"max_hp_loss":0.0,"gold_gain":0.0,"cards_transformed":["Strike_G","Cloak And Dagger"],"event_name":"Drug Dealer","player_choice":"Became Test Subject","floor":20.0,"gold_loss":0.0,"damage_taken":0.0,"cards_obtained":["Acrobatics","Tactician"]},{"damage_healed":0.0,"max_hp_gain":0.0,"max_hp_loss":0.0,"gold_gain":0.0,"event_name":"Vampires","player_choice":"Ignored","floor":22.0,"gold_loss":0.0,"damage_taken":0.0},{"damage_healed":0.0,"max_hp_gain":0.0,"max_hp_loss":0.0,"gold_gain":0.0,"event_name":"MindBloom","player_choice":"Upgrade","floor":36.0,"gold_loss":0.0,"damage_taken":0.0,"cards_upgraded":["Survivor","Leg Sweep","Adrenaline","Flechettes","Reflex","Doppelganger","Eviscerate","Infinite Blades","Slice"],"relics_obtained":["Mark of the Bloom"]},{"damage_healed":0.0,"max_hp_gain":0.0,"max_hp_loss":3.0,"gold_gain":0.0,"event_name":"Winding Halls","player_choice":"Max HP","floor":37.0,"gold_loss":0.0,"damage_taken":0.0},{"damage_healed":0.0,"max_hp_gain":0.0,"max_hp_loss":0.0,"gold_gain":0.0,"event_name":"Mysterious Sphere","player_choice":"Fight","floor":39.0,"gold_loss":0.0,"damage_taken":0.0},{"damage_healed":0.0,"max_hp_gain":0.0,"max_hp_loss":0.0,"gold_gain":0.0,"event_name":"Tomb of Lord Red Mask","player_choice":"Ignored","floor":41.0,"gold_loss":0.0,"damage_taken":0.0}],"is_beta":false,"boss_relics":[{"not_picked":["Black Star","Philosopher\u0027s Stone"],"picked":"Cursed Key"},{"not_picked":["Tiny House","Ring of the Serpent"],"picked":"Pandora\u0027s Box"}],"items_purged_floors":[14,30,42,48],"is_endless":false,"potions_floor_spawned":[3,4,5,10,16,18,21,27,35,46,47,55],"ascension_level":20}