{"path_per_floor":["M","M","?","?","?","$","R","E","T","M","M","M","?","$","R","B",null,"M","M","M","M","?","R"],"character_chosen":"THE_SILENT","items_purchased":[],"gold_per_floor":[115,133,83,83,83,8,8,43,43,60,75,93,193,93,93,170,170,188,171,189,199,199,199,199],"floor_reached":24,"campfire_rested":0,"playtime":859,"item_purchase_floors":[],"current_hp_per_floor":[52,51,51,51,48,48,48,35,35,27,25,25,25,25,25,19,54,54,46,45,41,41,41,0],"items_purged":["Strike_G","Strike_G"],"gold":199,"score":337,"play_id":"dfb939c7-03fa-4ca9-8ff9-36ac0a113940","local_time":"20180616164620","is_prod":false,"is_daily":false,"chose_seed":false,"is_ascension_mode":true,"campfire_upgraded":3,"win_rate":0,"timestamp":1529138780,"campfire_choices":[{"data":"Neutralize","floor":7,"key":"SMITH"},{"data":"Deadly Poison","floor":15,"key":"SMITH"},{"data":"Calculated Gamble","floor":23,"key":"SMITH"}],"path_taken":["M","?","?","?","?","$","R","E","T","M","M","?","?","?","R","BOSS","M","?","M","M","?","R","E"],"build_version":"2018-06-14v2","seed_source_timestamp":24082480678031,"purchased_purges":2,"victory":false,"master_deck":["Defend_G+1","Defend_G","Defend_G","Strike_G","Strike_G","Survivor+1","Neutralize+1","AscendersBane","Footwork+1","Deadly Poison+1","Backflip","Calculated Gamble+1","Poisoned Stab","Adrenaline","Poisoned Stab"],"max_hp_per_floor":[66,66,66,66,66,66,66,66,66,66,66,66,66,66,66,66,66,66,66,66,66,66,66,66],"relics":["Ring of the Snake","War Paint","Happy Flower","Centennial Puzzle","Empty Cage"],"card_choices":[{"not_picked":["Underhanded Strike","Acrobatics"],"picked":"Footwork","floor":1},{"not_picked":["Backstab","Backflip"],"picked":"Deadly Poison","floor":2},{"not_picked":["Catalyst","Acrobatics"],"picked":"Backflip","floor":8},{"not_picked":["Deflect","Slice"],"picked":"Calculated Gamble","floor":10},{"not_picked":["PiercingWail","Slice"],"picked":"Poisoned Stab","floor":11},{"not_picked":["Flying Knee","Slice","Crippling Poison"],"picked":"SKIP","floor":12},{"not_picked":["Wraith Form v2","Storm of Steel"],"picked":"Adrenaline","floor":16},{"not_picked":["Dodge and Roll","Flechettes","Bane+1"],"picked":"SKIP","floor":18},{"not_picked":["Calculated Gamble","Distraction+1"],"picked":"Poisoned Stab","floor":19},{"not_picked":["Flying Knee","Distraction","Slice"],"picked":"SKIP","floor":20},{"not_picked":["Flying Knee","Distraction","Slice"],"picked":"SKIP","floor":20},{"not_picked":["Dagger Throw","Outmaneuver","PiercingWail"],"picked":"SKIP","floor":21}],"player_experience":621999,"potions_floor_usage":[16,24],"damage_taken":[{"damage":7,"enemies":"Cultist","floor":1,"turns":6},{"damage":1,"enemies":"2 Louse","floor":2,"turns":4},{"damage":13,"enemies":"Lagavulin","floor":8,"turns":9},{"damage":8,"enemies":"Small Slimes","floor":10,"turns":4},{"damage":2,"enemies":"Exordium Wildlife","floor":11,"turns":6},{"damage":0,"enemies":"Large Slime","floor":12,"turns":6},{"damage":6,"enemies":"Hexaghost","floor":16,"turns":11},{"damage":0,"enemies":"Shell Parasite","floor":18,"turns":4},{"damage":8,"enemies":"2 Thieves","floor":19,"turns":4},{"damage":1,"enemies":"Centurion and Healer","floor":20,"turns":6},{"damage":4,"enemies":"Snake Plant","floor":21,"turns":4},{"damage":41,"enemies":"Gremlin Leader","floor":24,"turns":5}],"relics_obtained":[{"floor":8,"key":"Happy Flower"},{"floor":9,"key":"Centennial Puzzle"}],"event_choices":[{"event_name":"The Cleric","player_choice":"Card Removal","floor":3,"damage_taken":0},{"event_name":"Living Wall","player_choice":"Grow","floor":4,"damage_taken":0},{"event_name":"Scrap Ooze","player_choice":"success","floor":5,"damage_taken":3},{"event_name":"Golden Shrine","player_choice":"Pray","floor":13,"damage_taken":0},{"event_name":"Vampires","player_choice":"Ignored","floor":22,"damage_taken":0}],"boss_relics":[{"not_picked":["Fusion Hammer","Philosopher\u0027s Stone"],"picked":"Empty Cage"}],"items_purged_floors":[6,14],"is_endless":false,"potions_floor_spawned":[1,2,11,21],"seed_played":"-5886502940451101500","killed_by":"Gremlin Leader","ascension_level":14,"potions_obtained":[{"floor":1,"key":"EssenceOfSteel"},{"floor":2,"key":"SteroidPotion"},{"floor":11,"key":"Energy Potion"},{"floor":21,"key":"FearPotion"}],"is_trial":false}