{"gold_per_floor":[118,132,148,160,235,235,235,278,323,346,385,406,277,297,297,297],"floor_reached":16,"playtime":561,"items_purged":["Strike_G"],"score":228,"play_id":"e606bb53-9bf1-4cdc-bcbe-fe80ffc6ce25","local_time":"20190703190151","is_ascension_mode":true,"campfire_choices":[{"data":"Noxious Fumes","floor":6.0,"key":"SMITH"},{"data":"Deadly Poison","floor":15,"key":"SMITH"}],"neow_cost":"NONE","seed_source_timestamp":73894406634722,"circlet_count":0,"master_deck":["AscendersBane","Strike_G","Strike_G","Strike_G","Strike_G","Defend_G","Defend_G","Defend_G","Defend_G","Defend_G","Survivor","Neutralize","After Image","Blade Dance","Footwork","Noxious Fumes+1","Acrobatics","Well Laid Plans","Deadly Poison+1","Calculated Gamble"],"special_seed":0,"relics":["Ring of the Snake","Golden Idol","Meat on the Bone","Potion Belt","Bronze Scales"],"potions_floor_usage":[8,10],"damage_taken":[{"damage":13.0,"enemies":"Jaw Worm","floor":1.0,"turns":8.0},{"damage":1.0,"enemies":"2 Louse","floor":2.0,"turns":3.0},{"damage":0.0,"enemies":"Cultist","floor":3.0,"turns":5.0},{"damage":4.0,"enemies":"Blue Slaver","floor":4.0,"turns":6.0},{"damage":12,"enemies":"3 Sentries","floor":8,"turns":8},{"damage":5,"enemies":"Gremlin Gang","floor":10,"turns":4},{"damage":24,"enemies":"Lagavulin","floor":11,"turns":10},{"damage":8,"enemies":"Exordium Thugs","floor":12,"turns":5},{"damage":2,"enemies":"2 Fungi Beasts","floor":14,"turns":4},{"damage":0,"enemies":"Slime Boss","floor":16,"turns":1}],"seed_played":"2957342349594265327","potions_obtained":[{"floor":1.0,"key":"AttackPotion"},{"floor":3.0,"key":"GhostInAJar"},{"floor":8,"key":"Dexterity Potion"},{"floor":12,"key":"FearPotion"}],"is_trial":false,"path_per_floor":["M","M","M","M","?","R","?","E","T","M","E","M","$","M","R","B"],"character_chosen":"THE_SILENT","items_purchased":["Deadly Poison"],"campfire_rested":0,"item_purchase_floors":[13],"current_hp_per_floor":[46,45,45,41,30,30,30,18,18,25,13,17,17,27,27,27],"gold":297,"neow_bonus":"ONE_RANDOM_RARE_CARD","is_prod":false,"is_daily":false,"chose_seed":false,"campfire_upgraded":2,"win_rate":0,"timestamp":1562151711,"path_taken":["M","M","M","M","?","R","?","E","T","M","E","M","?","M","R","BOSS"],"build_version":"2019-07-01","purchased_purges":1,"victory":false,"max_hp_per_floor":[66,66,66,66,66,66,60,60,60,60,60,60,60,60,60,60],"card_choices":[{"not_picked":["Flechettes","Prepared"],"picked":"Blade Dance","floor":1.0},{"not_picked":["Underhanded Strike","Backflip"],"picked":"Footwork","floor":2.0},{"not_picked":["Grand Finale","Bane"],"picked":"Noxious Fumes","floor":3.0},{"not_picked":["Tactician","Eviscerate","Predator"],"picked":"SKIP","floor":4.0},{"not_picked":["Endless Agony","Deflect","Distraction"],"picked":"SKIP","floor":8},{"not_picked":["Terror","Expertise"],"picked":"Acrobatics","floor":10},{"not_picked":["Poisoned Stab","Outmaneuver","Malaise"],"picked":"SKIP","floor":11},{"not_picked":["PiercingWail","Outmaneuver"],"picked":"Well Laid Plans","floor":12},{"not_picked":["Reflex","Leg Sweep"],"picked":"Calculated Gamble","floor":14}],"player_experience":1522064,"relics_obtained":[{"floor":8,"key":"Meat on the Bone"},{"floor":9,"key":"Potion Belt"},{"floor":11,"key":"Bronze Scales"}],"event_choices":[{"damage_healed":0.0,"max_hp_gain":0.0,"max_hp_loss":0.0,"gold_gain":75.0,"event_name":"World of Goop","player_choice":"Gather Gold","floor":5.0,"gold_loss":0.0,"damage_taken":11.0},{"damage_healed":0.0,"max_hp_gain":0.0,"max_hp_loss":6.0,"gold_gain":0.0,"event_name":"Golden Idol","player_choice":"Lose Max HP","floor":7.0,"gold_loss":0.0,"damage_taken":0.0,"relics_obtained":["Golden Idol"]}],"is_beta":false,"boss_relics":[],"items_purged_floors":[13],"is_endless":false,"potions_floor_spawned":[1,3,8,12],"killed_by":"Slime Boss","ascension_level":20}