{"gold_per_floor":[365,56,70,70,70,70,95,107,130,130,70,70,70],"floor_reached":13,"playtime":375,"items_purged":["Defend_R"],"score":162,"play_id":"c96858bd-d3eb-4a6f-91ba-dc00aafc08a0","local_time":"20181025162234","is_ascension_mode":true,"campfire_choices":[{"data":"ChaoticCore","floor":6.0,"key":"SMITH"},{"data":"True Grit","floor":10,"key":"SMITH"}],"neow_cost":"TEN_PERCENT_HP_LOSS","seed_source_timestamp":3581272630599,"circlet_count":0,"master_deck":["Strike_R","Strike_R","Strike_R","Defend_R","Defend_R","Defend_R","Bash","AscendersBane","ChaoticCore+1","True Grit+1","Reflect","Shrug It Off","Flex","Power Through","Inflame","Ghostly Armor"],"special_seed":0,"relics":["Burning Blood","Strawberry","Blue Candle","Vajra"],"potions_floor_usage":[7],"damage_taken":[{"damage":19.0,"enemies":"Jaw Worm","floor":1.0,"turns":4.0},{"damage":26.0,"enemies":"Small Slimes","floor":3.0,"turns":4.0},{"damage":26,"enemies":"Gremlin Nob","floor":7,"turns":4},{"damage":1,"enemies":"2 Louse","floor":8,"turns":5},{"damage":6,"enemies":"Looter","floor":11,"turns":5},{"damage":20,"enemies":"3 Sentries","floor":13,"turns":5}],"seed_played":"-6366216217517821356","potions_obtained":[{"floor":1.0,"key":"Strength Potion"},{"floor":3.0,"key":"PowerPotion"}],"is_trial":false,"path_per_floor":["M","$","M","?","?","R","E","M","T","R","M","?"],"character_chosen":"IRONCLAD","items_purchased":["Reflect","Shrug It Off"],"campfire_rested":0,"item_purchase_floors":[2,2],"current_hp_per_floor":[55,55,35,37,37,37,17,22,22,22,22,22,2],"gold":70,"neow_bonus":"TWO_FIFTY_GOLD","is_prod":false,"is_daily":false,"chose_seed":false,"campfire_upgraded":2,"win_rate":0,"timestamp":1540455754,"path_taken":["M","$","M","?","?","R","E","?","T","R","M","?","E"],"build_version":"2018-10-18","purchased_purges":1,"victory":false,"max_hp_per_floor":[68,68,68,75,75,75,75,75,75,75,75,75,75],"card_choices":[{"not_picked":["Clash","Heavy Blade"],"picked":"True Grit","floor":1.0},{"not_picked":["Clash","Anger","Pommel Strike"],"picked":"SKIP","floor":3.0},{"not_picked":["Hemokinesis","Headbutt"],"picked":"Power Through","floor":7},{"not_picked":["Carnage","Armaments","True Grit"],"picked":"SKIP","floor":8},{"not_picked":["Spot Weakness","Blood for Blood"],"picked":"Inflame","floor":11}],"player_experience":379353,"relics_obtained":[{"floor":7,"key":"Blue Candle"},{"floor":9,"key":"Vajra"}],"event_choices":[{"damage_healed":0.0,"max_hp_gain":0.0,"max_hp_loss":0.0,"gold_gain":0.0,"event_name":"Scrap Ooze","player_choice":"Success","floor":4.0,"gold_loss":0.0,"damage_taken":5.0,"relics_obtained":["Strawberry"]},{"damage_healed":0.0,"max_hp_gain":0.0,"max_hp_loss":0.0,"gold_gain":0.0,"cards_transformed":["Strike_R"],"event_name":"Transmorgrifier","player_choice":"Transformed","floor":5.0,"gold_loss":0.0,"damage_taken":0.0,"cards_obtained":["Flex"]},{"damage_healed":0,"gold_gain":0,"cards_transformed":["Strike_R"],"player_choice":"Change","damage_taken":0,"max_hp_gain":0,"max_hp_loss":0,"event_name":"Living Wall","floor":12,"gold_loss":0,"cards_obtained":["Ghostly Armor"]}],"is_beta":false,"boss_relics":[],"items_purged_floors":[2],"is_endless":false,"potions_floor_spawned":[1,3],"killed_by":"3 Sentries","ascension_level":20}