{"gold_per_floor":[112,9,9,22,22,22,37,37,99,99,125,139,153,53,53,116,116,116],"floor_reached":18,"playtime":922,"items_purged":["Strike_G"],"score":360,"play_id":"3b4739ce-584a-4af4-b275-59dc77a0e2e4","local_time":"20190302005827","is_ascension_mode":true,"campfire_choices":[{"data":"Acrobatics","floor":6.0,"key":"SMITH"},{"data":"Expertise","floor":8.0,"key":"SMITH"},{"data":"Impatience","floor":10.0,"key":"SMITH"},{"data":"Calculated Gamble","floor":15.0,"key":"SMITH"}],"neow_cost":"NONE","seed_source_timestamp":53913494811886,"circlet_count":0,"master_deck":["AscendersBane","Defend_G","Defend_G","Defend_G","Defend_G","Defend_G","Strike_G","Strike_G","Strike_G","Strike_G","Survivor","Neutralize","Tactician","Calculated Gamble+1","Acrobatics+1","Concentrate","Infinite Blades","Impatience+1","Expertise+1","Venomology","Deadly Poison","Reflex","Prepared","Grand Finale"],"special_seed":0,"relics":["Orrery","Gremlin Horn","Regal Pillow"],"potions_floor_usage":[],"damage_taken":[{"damage":0.0,"enemies":"2 Louse","floor":1.0,"turns":5.0},{"damage":8.0,"enemies":"Cultist","floor":4.0,"turns":5.0},{"damage":0.0,"enemies":"Small Slimes","floor":7.0,"turns":4.0},{"damage":14.0,"enemies":"Lagavulin","floor":11.0,"turns":7.0},{"damage":7.0,"enemies":"3 Louse","floor":12.0,"turns":4.0},{"damage":15.0,"enemies":"Large Slime","floor":13.0,"turns":5.0},{"damage":36.0,"enemies":"The Guardian","floor":16.0,"turns":11.0},{"damage":0,"enemies":"Chosen","floor":18,"turns":2}],"seed_played":"1470695271765415805","potions_obtained":[{"floor":3.0,"key":"EntropicBrew"},{"floor":3.0,"key":"SneckoOil"},{"floor":4.0,"key":"PowerPotion"},{"floor":11.0,"key":"LiquidBronze"},{"floor":16.0,"key":"Explosive Potion"}],"is_trial":false,"path_per_floor":["M","$","?","M","$","R","M","R","T","R","E","M","M","$","R","B",null,"M"],"character_chosen":"THE_SILENT","items_purchased":["Impatience"],"campfire_rested":0,"item_purchase_floors":[2],"current_hp_per_floor":[59,59,59,51,51,51,51,51,51,51,48,41,37,37,37,1,40,40],"gold":116,"neow_bonus":"BOSS_RELIC","is_prod":false,"is_daily":false,"chose_seed":false,"campfire_upgraded":4,"win_rate":0,"timestamp":1551459507,"path_taken":["M","$","?","M","$","R","?","R","T","R","E","M","M","?","R","BOSS","M"],"build_version":"2019-01-23","purchased_purges":1,"victory":false,"max_hp_per_floor":[66,66,66,66,66,66,66,66,66,66,66,66,66,66,66,66,66,66],"card_choices":[{"not_picked":["Sucker Punch","Riddle With Holes"],"picked":"Tactician","floor":0.0},{"not_picked":["Deflect","Dodge and Roll"],"picked":"Calculated Gamble","floor":0.0},{"not_picked":["Blade Dance","Quick Slash"],"picked":"Acrobatics","floor":0.0},{"not_picked":["Poisoned Stab","Blade Dance"],"picked":"Concentrate","floor":0.0},{"not_picked":["Bane","Flying Knee"],"picked":"Infinite Blades","floor":1.0},{"not_picked":["Dagger Throw","Finisher"],"picked":"Expertise","floor":4.0},{"not_picked":["Blade Dance","Poisoned Stab"],"picked":"Venomology","floor":7.0},{"not_picked":["Flying Knee","Outmaneuver"],"picked":"Deadly Poison","floor":11.0},{"not_picked":["Dagger Throw","Backflip"],"picked":"Reflex","floor":12.0},{"not_picked":["Blur","Dodge and Roll"],"picked":"Prepared","floor":13.0},{"not_picked":["Glass Knife","Corpse Explosion"],"picked":"Grand Finale","floor":16.0}],"player_experience":3257258,"relics_obtained":[{"floor":9.0,"key":"Gremlin Horn"},{"floor":11.0,"key":"Regal Pillow"}],"event_choices":[{"damage_healed":0.0,"max_hp_gain":0.0,"max_hp_loss":0.0,"gold_gain":0.0,"event_name":"Lab","player_choice":"Got Potions","floor":3.0,"gold_loss":0.0,"damage_taken":0.0}],"is_beta":false,"boss_relics":[{"not_picked":["TwistingMind"],"picked":"MetallicRebirth"},{"not_picked":["TwistingMind"],"picked":"MetallicRebirth"}],"items_purged_floors":[14],"is_endless":false,"potions_floor_spawned":[4,11,16],"killed_by":"Chosen","ascension_level":25}