{"path_per_floor":["M","M","T","M","M","R","E","$","T","E","R","E","R","E","R","B",null,"M","$","M","$","M","R"],"character_chosen":"DEFECT","items_purchased":["Beam Cell","Singing Bowl"],"gold_per_floor":[114,129,129,144,159,159,189,143,143,173,173,203,203,233,233,333,333,348,273,288,38,53,53,53],"floor_reached":24,"campfire_rested":1,"playtime":1024,"current_hp_per_floor":[75,75,81,79,74,74,53,53,59,33,33,33,33,22,48,38,93,84,84,50,50,35,35,0],"items_purged":["Strike_B","Strike_B"],"gold":53,"score":274,"play_id":"41e748c9-c97a-4351-9e25-729739e31bba","local_time":"20180505112959","daily_mods":["Heirloom","Cursed Run","Elite Swarm"],"is_prod":false,"is_daily":true,"chose_seed":false,"is_ascension_mode":false,"campfire_upgraded":4,"timestamp":1525490999,"path_taken":["M","M","?","M","M","R","E","?","T","E","R","E","R","E","R","BOSS","M","$","M","$","M","R","E"],"build_version":"2018-05-03","seed_source_timestamp":0,"purchased_purges":2,"victory":false,"master_deck":["Strike_B","Strike_B","Defend_B","Defend_B","Defend_B","Defend_B","Zap+1","Dualcast","Capacitor","FTL","Normality","Recycle+1","Rebound","All For One","Beam Cell+1","Parasite","Reboot","Echo Form+1","Doubt","Thunder Strike","Tempest+1","Conserve Battery"],"max_hp_per_floor":[75,75,81,81,81,81,81,81,87,87,87,87,87,87,87,93,93,93,93,93,93,93,93,93],"relics":["Cursed Key","Darkstone Periapt","Du-Vu Doll","Emotion Chip","Kunai","Sundial","Dodecahedron","Frozen Egg 2","Happy Flower","Peace Pipe","White Beast Statue","Singing Bowl"],"card_choices":[{"not_picked":["Barrage","Coolheaded"],"picked":"Capacitor","floor":1},{"not_picked":["Coolheaded","Amplify"],"picked":"FTL","floor":2},{"not_picked":["Stack","Hologram"],"picked":"Recycle","floor":4},{"not_picked":["Impulse","Coolheaded"],"picked":"Rebound","floor":5},{"not_picked":["Fission","Redo"],"picked":"All For One","floor":7},{"not_picked":["Rainbow","All For One"],"picked":"Reboot","floor":10},{"not_picked":["Meteor Strike","Amplify"],"picked":"Echo Form","floor":14},{"not_picked":["Meteor Strike","Fission"],"picked":"Thunder Strike","floor":16},{"not_picked":["Glacier","Reinforced Body"],"picked":"Tempest","floor":20},{"not_picked":["Sweeping Beam","Leap"],"picked":"Conserve Battery","floor":22}],"player_experience":456139,"potions_floor_usage":[5,12,16,22,24],"damage_taken":[{"damage":0,"enemies":"Cultist","floor":1,"turns":3},{"damage":0,"enemies":"Jaw Worm","floor":2,"turns":4},{"damage":2,"enemies":"Small Slimes","floor":4,"turns":3},{"damage":5,"enemies":"Exordium Thugs","floor":5,"turns":3},{"damage":21,"enemies":"Lagavulin","floor":7,"turns":6},{"damage":26,"enemies":"Gremlin Nob","floor":10,"turns":4},{"damage":0,"enemies":"3 Sentries","floor":12,"turns":4},{"damage":11,"enemies":"Lagavulin","floor":14,"turns":4},{"damage":16,"enemies":"Hexaghost","floor":16,"turns":6},{"damage":9,"enemies":"3 Byrds","floor":18,"turns":5},{"damage":34,"enemies":"2 Thieves","floor":20,"turns":4},{"damage":15,"enemies":"Snake Plant","floor":22,"turns":3},{"damage":40,"enemies":"Gremlin Leader","floor":24,"turns":4}],"event_choices":[],"boss_relics":[{"not_picked":["Lizard Tail","Snecko Eye"],"picked":"White Beast Statue"}],"potions_floor_spawned":[4,10,12,14,18,20,22],"seed_played":"-736207879741980722","killed_by":"Gremlin Leader","ascension_level":0,"is_trial":false}