{"gold_per_floor":[111,122,141,156,156,156,171,171,216,216,216,234,109,121,121,225,225,239,239,239,258,272,272,289,289,289,289,115,115,128,147,147,250,250,265,265,319,330,205,205,205,205,205,3,22,32,32,44,44,44],"floor_reached":51,"playtime":1892,"items_purged":["Strike_G","Defend_G","Strike_G","Strike_G+1"],"score":741,"play_id":"92fcec28-ea02-4865-ba06-801784785610","local_time":"20181030221828","is_ascension_mode":false,"campfire_choices":[{"data":"Neutralize","floor":6,"key":"SMITH"},{"data":"Catalyst","floor":8,"key":"SMITH"},{"data":"Catalyst","floor":11,"key":"SMITH"},{"data":"Deadly Poison","floor":15,"key":"SMITH"},{"data":"Cloak And Dagger","floor":23,"key":"SMITH"},{"data":"Malaise","floor":25,"key":"SMITH"},{"data":"Ghostly","floor":27,"key":"SMITH"},{"data":"Wraith Form v2","floor":29,"key":"SMITH"},{"data":"Accuracy","floor":32,"key":"SMITH"},{"data":"Ghostly","floor":41,"key":"SMITH"},{"data":"Cloak And Dagger","floor":47,"key":"SMITH"},{"data":"Blade Dance","floor":49,"key":"SMITH"}],"neow_cost":"NONE","seed_source_timestamp":42954729943927,"circlet_count":0,"master_deck":["Defend_G+1","Defend_G+1","Defend_G+1","Strike_G+1","Strike_G+1","Survivor+1","Neutralize+1","Infinite Blades+1","Catalyst+1","Cloak And Dagger+1","Catalyst+1","Backflip+1","Deadly Poison+1","Malaise+1","Ghostly+1","Ghostly+1","Ghostly+1","Ghostly+1","Ghostly+1","Deadly Poison+1","Deflect+1","Wraith Form v2+1","Accuracy+1","Blade Dance+1","Flechettes+1","Blade Dance+1","Corpse Explosion","Cloak And Dagger+1","Footwork"],"relics":["Ring of the Snake","Centennial Puzzle","Juzu Bracelet","Kunai","Runic Pyramid","Art of War","Coffee Dripper","The Specimen","Mark of the Bloom","Molten Egg 2"],"potions_floor_usage":[7,7,7,50,50,50],"damage_taken":[{"damage":12,"enemies":"Jaw Worm","floor":1,"turns":8},{"damage":0,"enemies":"2 Louse","floor":2,"turns":4},{"damage":4,"enemies":"Small Slimes","floor":3,"turns":4},{"damage":4,"enemies":"Exordium Wildlife","floor":4,"turns":3},{"damage":0,"enemies":"Gremlin Gang","floor":7,"turns":5},{"damage":1,"enemies":"2 Fungi Beasts","floor":12,"turns":5},{"damage":0,"enemies":"Blue Slaver","floor":14,"turns":5},{"damage":24,"enemies":"The Guardian","floor":16,"turns":6},{"damage":1,"enemies":"Shell Parasite","floor":18,"turns":7},{"damage":0,"enemies":"Chosen","floor":21,"turns":6},{"damage":0,"enemies":"Shelled Parasite and Fungi","floor":22,"turns":5},{"damage":0,"enemies":"Snake Plant","floor":24,"turns":5},{"damage":0,"enemies":"Chosen and Byrds","floor":30,"turns":4},{"damage":0,"enemies":"Snecko","floor":31,"turns":4},{"damage":0,"enemies":"Collector","floor":33,"turns":6},{"damage":0,"enemies":"3 Shapes","floor":35,"turns":5},{"damage":0,"enemies":"2 Orb Walkers","floor":37,"turns":7},{"damage":0,"enemies":"3 Darklings","floor":38,"turns":5},{"damage":0,"enemies":"Jaw Worm Horde","floor":45,"turns":4},{"damage":0,"enemies":"4 Shapes","floor":46,"turns":4},{"damage":0,"enemies":"Maw","floor":48,"turns":5},{"damage":9,"enemies":"Awakened One","floor":50,"turns":13}],"seed_played":"-8948459453319848538","potions_obtained":[{"floor":1,"key":"Energy Potion"},{"floor":3,"key":"Regen Potion"},{"floor":4,"key":"Poison Potion"},{"floor":18,"key":"Weak Potion"},{"floor":21,"key":"SpeedPotion"},{"floor":30,"key":"Poison Potion"},{"floor":46,"key":"Poison Potion"}],"is_trial":false,"path_per_floor":["M","M","M","M","?","R","M","R","T","?","R","M","$","M","R","B",null,"M","?","?","M","M","R","M","R","T","R","$","R","M","M","R","B",null,"M","?","?","M","$","?","R","?","T","$","M","M","R","M","R","B"],"character_chosen":"THE_SILENT","items_purchased":["Poison Potion","Wraith Form v2","Blade Dance"],"campfire_rested":0,"item_purchase_floors":[13,28,44],"current_hp_per_floor":[58,58,54,50,55,55,69,69,69,69,69,68,68,68,68,44,75,74,37,37,37,37,37,37,37,37,37,37,37,37,37,37,37,37,37,37,37,37,37,35,35,35,35,35,35,35,35,35,35,26],"gold":44,"neow_bonus":"RANDOM_COMMON_RELIC","is_prod":false,"is_daily":false,"chose_seed":false,"campfire_upgraded":12,"win_rate":0,"timestamp":1540909108,"path_taken":["M","M","M","M","?","R","M","R","T","?","R","M","$","M","R","BOSS","M","?","?","M","M","R","M","R","T","R","$","R","M","M","R","BOSS","M","?","?","M","$","?","R","?","T","$","M","M","R","M","R","BOSS"],"build_version":"2018-10-25v2","purchased_purges":4,"victory":true,"max_hp_per_floor":[70,70,70,70,75,75,75,75,75,75,75,75,75,75,75,75,75,75,37,37,37,37,37,37,37,37,37,37,37,37,37,37,37,37,37,37,37,37,37,35,35,35,35,35,35,35,35,35,35,35],"card_choices":[{"not_picked":["Backstab","Terror"],"picked":"Infinite Blades","floor":1},{"not_picked":["Flying Knee","Backflip"],"picked":"Catalyst","floor":2},{"not_picked":["Prepared","Dash"],"picked":"Cloak And Dagger","floor":3},{"not_picked":["PiercingWail","Dagger Throw","Endless Agony"],"picked":"SKIP","floor":4},{"not_picked":["Caltrops","Slice"],"picked":"Catalyst","floor":7},{"not_picked":["Blur","Dodge and Roll"],"picked":"Backflip","floor":12},{"not_picked":["Prepared","Choke"],"picked":"Deadly Poison","floor":14},{"not_picked":["Venomology","Tools of the Trade"],"picked":"Malaise","floor":16},{"not_picked":["Prepared","Dash","Caltrops"],"picked":"SKIP","floor":18},{"not_picked":["Slice+1","Backflip+1"],"picked":"Deadly Poison+1","floor":21},{"not_picked":["Slice","Outmaneuver","Heel Hook"],"picked":"SKIP","floor":22},{"not_picked":["Poisoned Stab+1","Underhanded Strike"],"picked":"Deflect","floor":24},{"not_picked":["Reflex","Flying Knee","Acrobatics+1"],"picked":"SKIP","floor":30},{"not_picked":["Outmaneuver","Poisoned Stab"],"picked":"Accuracy","floor":31},{"not_picked":["Poisoned Stab","Dodge and Roll"],"picked":"Blade Dance+1","floor":35},{"not_picked":["Sucker Punch+1","Caltrops+1"],"picked":"Flechettes+1","floor":38},{"not_picked":["Expertise+1","Backstab+1"],"picked":"Corpse Explosion","floor":45},{"not_picked":["Dagger Spray+1","Dodge and Roll+1"],"picked":"Cloak And Dagger","floor":46},{"not_picked":["Flying Knee+1","Backstab+1"],"picked":"Footwork","floor":48}],"player_experience":754893,"relics_obtained":[{"floor":9,"key":"Juzu Bracelet"},{"floor":26,"key":"Art of War"},{"floor":37,"key":"The Specimen"},{"floor":43,"key":"Molten Egg 2"}],"event_choices":[{"damage_healed":0,"gold_gain":0,"player_choice":"Donut","damage_taken":0,"max_hp_gain":5,"max_hp_loss":0,"event_name":"Big Fish","floor":5,"gold_loss":0},{"damage_healed":0,"gold_gain":30,"player_choice":"Searched \u00273\u0027 times","damage_taken":0,"relics_obtained":["Kunai"],"max_hp_gain":0,"max_hp_loss":0,"event_name":"Dead Adventurer","floor":10,"gold_loss":0},{"damage_healed":0,"gold_gain":0,"player_choice":"Became a Ghost","damage_taken":0,"max_hp_gain":0,"max_hp_loss":38,"event_name":"Ghosts","floor":19,"gold_loss":0,"cards_obtained":["Ghostly","Ghostly","Ghostly","Ghostly","Ghostly"]},{"cards_removed":["Defend_G"],"damage_healed":0,"gold_gain":0,"player_choice":"Elegance","damage_taken":0,"max_hp_gain":0,"max_hp_loss":0,"event_name":"Back to Basics","floor":20,"gold_loss":0},{"damage_healed":0,"gold_gain":0,"player_choice":"Ignored","damage_taken":0,"max_hp_gain":0,"max_hp_loss":0,"event_name":"Tomb of Lord Red Mask","floor":36,"gold_loss":0},{"damage_healed":0,"gold_gain":0,"player_choice":"Fight","damage_taken":0,"max_hp_gain":0,"max_hp_loss":0,"event_name":"Mysterious Sphere","floor":37,"gold_loss":0},{"damage_healed":0,"gold_gain":0,"player_choice":"Max HP","damage_taken":0,"max_hp_gain":0,"max_hp_loss":2,"event_name":"Winding Halls","floor":40,"gold_loss":0},{"damage_healed":0,"gold_gain":0,"player_choice":"Upgrade","damage_taken":0,"relics_obtained":["Mark of the Bloom"],"max_hp_gain":0,"max_hp_loss":0,"event_name":"MindBloom","floor":42,"gold_loss":0,"cards_upgraded":["Defend_G","Defend_G","Defend_G","Strike_G","Strike_G","Strike_G","Survivor","Infinite Blades","Backflip","Ghostly","Ghostly","Ghostly","Deflect"]}],"is_beta":false,"boss_relics":[{"not_picked":["Lizard Tail","Ring of the Serpent"],"picked":"Runic Pyramid"},{"not_picked":["Snecko Eye","Eternal Feather"],"picked":"Coffee Dripper"}],"items_purged_floors":[13,28,39,44],"is_endless":false,"potions_floor_spawned":[1,3,4,18,21,22,30,35,46,48],"ascension_level":0}