{"gold_per_floor":[115,115,127,138,157,157,170,188,211,137,137,199,216,226,226,325,325,337,267,280,298,143,170,170,170],"floor_reached":25,"playtime":1479,"items_purged":[],"score":219,"play_id":"d1858d36-fe77-45a3-959d-ccc7e7062d8b","local_time":"20180722172703","daily_mods":["Draft"],"is_ascension_mode":false,"campfire_choices":[{"data":"Sentinel","floor":6,"key":"SMITH"},{"data":"Seeing Red","floor":11,"key":"SMITH"},{"data":"Metallicize","floor":15,"key":"SMITH"},{"floor":24,"key":"REST"}],"neow_cost":"","seed_source_timestamp":0,"circlet_count":0,"master_deck":["Thunderclap","Dual Wield","Dropkick","Metallicize+1","Flex","Seeing Red+1","Shrug It Off+1","Shrug It Off+1","Bloodletting","Burning Pact+1","Seeing Red+1","Clash","Flex","Burning Pact","Sentinel+1","Anger","Iron Wave","Pummel","Carnage","Exhume","Metallicize","Body Slam","Thunderclap","Immolate","Thunderclap","Whirlwind","Metallicize","Disarm"],"relics":["Burning Blood","Happy Flower","Lantern","Lizard Tail","War Paint","Bronze Scales"],"potions_floor_usage":[12,23,23,23],"damage_taken":[{"damage":3,"enemies":"Small Slimes","floor":1,"turns":5},{"damage":3,"enemies":"Cultist","floor":3,"turns":2},{"damage":6,"enemies":"Jaw Worm","floor":4,"turns":3},{"damage":12,"enemies":"Exordium Thugs","floor":5,"turns":3},{"damage":3,"enemies":"2 Fungi Beasts","floor":7,"turns":2},{"damage":10,"enemies":"Large Slime","floor":8,"turns":5},{"damage":15,"enemies":"Gremlin Nob","floor":12,"turns":4},{"damage":0,"enemies":"Lots of Slimes","floor":13,"turns":3},{"damage":4,"enemies":"2 Fungi Beasts","floor":14,"turns":3},{"damage":44,"enemies":"The Guardian","floor":16,"turns":9},{"damage":11,"enemies":"3 Byrds","floor":18,"turns":4},{"damage":10,"enemies":"Chosen","floor":20,"turns":3},{"damage":6,"enemies":"Sentry and Sphere","floor":21,"turns":4},{"damage":70,"enemies":"Slavers","floor":23,"turns":6},{"damage":31,"enemies":"Slaver and Parasite","floor":25,"turns":5}],"seed_played":"-3129639081284385726","potions_obtained":[{"floor":1,"key":"FairyPotion"},{"floor":3,"key":"PowerPotion"},{"floor":7,"key":"Fire Potion"},{"floor":12,"key":"SkillPotion"},{"floor":16,"key":"Explosive Potion"}],"is_trial":true,"path_per_floor":["M","?","M","M","M","R","M","M","T","$","R","?","M","M","R","B",null,"M","$","M","M","$","E","R"],"character_chosen":"IRONCLAD","items_purchased":["Metallicize","Whirlwind","War Paint"],"campfire_rested":1,"item_purchase_floors":[10,19,22],"current_hp_per_floor":[80,64,67,67,61,61,64,60,60,60,60,51,57,59,59,21,80,75,75,71,71,71,7,31,46],"gold":170,"neow_bonus":"","is_prod":false,"is_daily":false,"chose_seed":false,"campfire_upgraded":3,"win_rate":0,"timestamp":1532273223,"path_taken":["M","?","?","M","M","R","M","M","T","$","R","?","?","M","R","BOSS","M","$","M","M","$","E","R","M"],"build_version":"2018-07-19v2","purchased_purges":0,"victory":false,"max_hp_per_floor":[80,80,80,80,80,80,80,80,80,80,80,80,80,80,80,80,80,80,80,80,80,80,80,80,80],"card_choices":[{"not_picked":["Second Wind","Cleave"],"picked":"Thunderclap","floor":0},{"not_picked":["Disarm","Spot Weakness"],"picked":"Dual Wield","floor":0},{"not_picked":["Perfected Strike","Burning Pact"],"picked":"Dropkick","floor":0},{"not_picked":["Cleave","Rage"],"picked":"Metallicize","floor":0},{"not_picked":["Sever Soul","Searing Blow"],"picked":"Flex","floor":0},{"not_picked":["Cleave","Perfected Strike"],"picked":"Seeing Red","floor":0},{"not_picked":["Anger","Warcry"],"picked":"Shrug It Off","floor":0},{"not_picked":["Headbutt","Dual Wield"],"picked":"Shrug It Off","floor":0},{"not_picked":["Body Slam","Anger"],"picked":"Bloodletting","floor":0},{"not_picked":["Wild Strike","Rampage"],"picked":"Burning Pact","floor":0},{"not_picked":["Corruption","Dropkick"],"picked":"Seeing Red","floor":0},{"not_picked":["Iron Wave","Flex"],"picked":"Clash","floor":0},{"not_picked":["Anger","Armaments"],"picked":"Flex","floor":0},{"not_picked":["Dropkick","Dual Wield"],"picked":"Burning Pact","floor":0},{"not_picked":["Fire Breathing","Cleave"],"picked":"Sentinel","floor":0},{"not_picked":["Hemokinesis","Shrug It Off"],"picked":"Anger","floor":1},{"not_picked":["Twin Strike","True Grit"],"picked":"Iron Wave","floor":3},{"not_picked":["Clash","Ghostly Armor"],"picked":"Pummel","floor":4},{"not_picked":["Clash","Thunderclap"],"picked":"Carnage","floor":5},{"not_picked":["Intimidate","Iron Wave"],"picked":"Exhume","floor":7},{"not_picked":["Sword Boomerang","Ghostly Armor","Metallicize"],"picked":"SKIP","floor":8},{"not_picked":["Havoc","Burning Pact"],"picked":"Body Slam","floor":13},{"not_picked":["Carnage","Twin Strike"],"picked":"Thunderclap","floor":14},{"not_picked":["Fiend Fire","Bludgeon"],"picked":"Immolate","floor":16},{"not_picked":["Pommel Strike","Evolve+1"],"picked":"Thunderclap","floor":18},{"not_picked":["Body Slam","Clash"],"picked":"Metallicize","floor":20},{"not_picked":["Feel No Pain","Flex","Iron Wave+1"],"picked":"SKIP","floor":21},{"not_picked":["Warcry+1","Blood for Blood"],"picked":"Disarm","floor":23}],"player_experience":343043,"relics_obtained":[{"floor":9,"key":"Happy Flower"},{"floor":12,"key":"Lantern"},{"floor":23,"key":"Bronze Scales"}],"event_choices":[{"event_name":"Shining Light","player_choice":"Entered Light","floor":2,"damage_taken":0},{"event_name":"Dead Adventurer","player_choice":"Searched \u00271\u0027 times","floor":12,"damage_taken":0}],"is_beta":false,"boss_relics":[{"not_picked":["Ectoplasm","Busted Crown"],"picked":"Lizard Tail"}],"items_purged_floors":[],"is_endless":true,"potions_floor_spawned":[1,3,7,12,16,18],"killed_by":"Slaver and Parasite","ascension_level":0}