{"gold_per_floor":[114,125,140,156,156,194,194,207,207,207,232,255,273,294,294,387,387,405,405,429,442,442,442,476,491,491,491,515,515,535,575,575,670,670,686,686,705,159,183,183,224,224,301,301,66,366,366,397,397,397,397,397,29,62,62],"floor_reached":56,"playtime":3280,"items_purged":["Strike_B","Streamline"],"score":2244,"play_id":"93ae63b2-2a96-4f36-a198-4696dec79089","local_time":"20181217131105","is_ascension_mode":true,"campfire_choices":[{"data":"Strike_B","floor":7.0,"key":"PURGE"},{"data":"Biased Cognition","floor":10.0,"key":"SMITH"},{"data":"Strike_B","floor":15.0,"key":"PURGE"},{"data":"Fission","floor":23.0,"key":"SMITH"},{"data":"Strike_B","floor":27.0,"key":"PURGE"},{"data":"Defend_B","floor":29.0,"key":"PURGE"},{"data":"Defend_B","floor":32.0,"key":"PURGE"},{"data":"Defend_B","floor":40.0,"key":"PURGE"},{"data":"Zap","floor":42.0,"key":"PURGE"},{"floor":44.0,"key":"RECALL"},{"data":"Leap","floor":47.0,"key":"PURGE"},{"data":"Conserve Battery","floor":49.0,"key":"PURGE"},{"data":"Reinforced Body","floor":52.0,"key":"PURGE"}],"neow_cost":"TEN_PERCENT_HP_LOSS","seed_source_timestamp":720937131230,"circlet_count":0,"master_deck":["AscendersBane","Dualcast","Hologram","Chill","Ball Lightning","Glacier","Biased Cognition+1","Coolheaded","Fission+1","Core Surge","Cold Snap+1","Coolheaded","Fission","Impatience","Defragment","Hologram","Apotheosis+1","Capacitor","Amplify+1"],"special_seed":0,"relics":["Cracked Core","Peace Pipe","Golden Idol","Mercury Hourglass","The Courier","Coffee Dripper","Ornamental Fan","Red Mask","Fusion Hammer","Lee\u0027s Waffle","Dodecahedron","Bottled Flame","Toxic Egg 2","OrangePellets","Symbiotic Virus","Bag of Preparation","Bottled Tornado"],"potions_floor_usage":[55,55],"damage_taken":[{"damage":1.0,"enemies":"Cultist","floor":1.0,"turns":4.0},{"damage":9.0,"enemies":"2 Louse","floor":2.0,"turns":2.0},{"damage":0.0,"enemies":"Jaw Worm","floor":3.0,"turns":4.0},{"damage":9.0,"enemies":"Red Slaver","floor":4.0,"turns":6.0},{"damage":30.0,"enemies":"3 Sentries","floor":6.0,"turns":9.0},{"damage":1.0,"enemies":"Blue Slaver","floor":8.0,"turns":3.0},{"damage":0.0,"enemies":"Large Slime","floor":11.0,"turns":6.0},{"damage":0.0,"enemies":"Looter","floor":12.0,"turns":2.0},{"damage":0.0,"enemies":"Red Slaver","floor":13.0,"turns":3.0},{"damage":0.0,"enemies":"Exordium Thugs","floor":14.0,"turns":3.0},{"damage":21.0,"enemies":"Hexaghost","floor":16.0,"turns":9.0},{"damage":0.0,"enemies":"Spheric Guardian","floor":18.0,"turns":3.0},{"damage":3.0,"enemies":"Shell Parasite","floor":20.0,"turns":5.0},{"damage":4.0,"enemies":"3 Cultists","floor":21.0,"turns":5.0},{"damage":6.0,"enemies":"Gremlin Leader","floor":24.0,"turns":8.0},{"damage":1.0,"enemies":"Snake Plant","floor":25.0,"turns":5.0},{"damage":3.0,"enemies":"Sentry and Sphere","floor":28.0,"turns":4.0},{"damage":0.0,"enemies":"Snecko","floor":30.0,"turns":4.0},{"damage":0.0,"enemies":"Masked Bandits","floor":31.0,"turns":4.0},{"damage":30.0,"enemies":"Collector","floor":33.0,"turns":16.0},{"damage":0.0,"enemies":"3 Darklings","floor":35.0,"turns":6.0},{"damage":0.0,"enemies":"Orb Walker","floor":37.0,"turns":4.0},{"damage":0.0,"enemies":"3 Darklings","floor":39.0,"turns":4.0},{"damage":0.0,"enemies":"Nemesis","floor":41.0,"turns":7.0},{"damage":0.0,"enemies":"Reptomancer","floor":48.0,"turns":11.0},{"damage":0.0,"enemies":"Awakened One","floor":50.0,"turns":19.0},{"damage":0,"enemies":"Shield and Spear","floor":54,"turns":6},{"damage":0,"enemies":"The Heart","floor":55,"turns":10}],"seed_played":"2591801424437457519","potions_obtained":[{"floor":2.0,"key":"SpeedPotion"},{"floor":8.0,"key":"Regen Potion"},{"floor":12.0,"key":"FocusPotion"},{"floor":13.0,"key":"Explosive Potion"},{"floor":16.0,"key":"SteroidPotion"},{"floor":18.0,"key":"FocusPotion"},{"floor":21.0,"key":"Poison Potion"},{"floor":24.0,"key":"Regen Potion"},{"floor":33.0,"key":"EssenceOfSteel"},{"floor":36.0,"key":"Strength Potion"},{"floor":41.0,"key":"Block Potion"}],"is_trial":false,"path_per_floor":["M","M","M","M","?","E","R","M","T","R","M","M","M","M","R","B",null,"M","?","M","M","?","R","E","M","T","R","M","R","M","?","R","B",null,"M","?","M","$","M","R","E","R","T","R","$","?","R","E","R","B",null,"R","$","E","B",null],"character_chosen":"DEFECT","items_purchased":["Impatience","Lee\u0027s Waffle","Defragment","Dodecahedron","OrangePellets","Apotheosis+1","Capacitor","Bag of Preparation","Swift Potion"],"campfire_rested":0,"item_purchase_floors":[38,38,38,38,45,53,53,53,53],"current_hp_per_floor":[63,54,54,45,45,15,15,14,14,14,29,29,29,29,29,8,46,46,46,43,39,39,39,33,46,46,46,43,43,43,43,43,13,47,47,47,47,65,65,65,65,65,65,65,65,65,65,65,65,65,65,65,65,65,65],"gold":62,"neow_bonus":"ONE_RARE_RELIC","is_prod":false,"is_daily":false,"chose_seed":false,"campfire_upgraded":2,"win_rate":0,"timestamp":1545023465,"path_taken":["M","M","?","?","?","E","R","M","T","R","M","M","M","M","R","BOSS","M","?","M","?","?","R","E","M","T","R","M","R","M","?","R","BOSS","M","?","?","$","M","R","E","R","T","R","$","?","R","E","R","BOSS","R","$","E","BOSS"],"build_version":"2018-12-13","purchased_purges":2,"victory":true,"max_hp_per_floor":[64,64,64,64,58,58,58,58,58,58,58,58,58,58,58,58,58,58,58,58,58,58,58,58,58,58,58,58,58,58,58,58,58,58,58,58,58,65,65,65,65,65,65,65,65,65,65,65,65,65,65,65,65,65,65],"card_choices":[{"not_picked":["Leap","Stack"],"picked":"Hologram","floor":1.0},{"not_picked":["Stack","Tempest"],"picked":"Chill","floor":2.0},{"not_picked":["Barrage","Sweeping Beam"],"picked":"Conserve Battery","floor":3.0},{"not_picked":["Go for the Eyes","Storm"],"picked":"Ball Lightning","floor":4.0},{"not_picked":["Go for the Eyes","Barrage"],"picked":"Glacier","floor":6.0},{"not_picked":["Rebound","Hologram"],"picked":"Biased Cognition","floor":8.0},{"not_picked":["Barrage","Lockon","Go for the Eyes"],"picked":"SKIP","floor":11.0},{"not_picked":["Sweeping Beam","Darkness"],"picked":"Leap","floor":12.0},{"not_picked":["Beam Cell","Conserve Battery"],"picked":"Coolheaded","floor":13.0},{"not_picked":["Leap","Cold Snap","Go for the Eyes"],"picked":"SKIP","floor":14.0},{"not_picked":["Machine Learning","Creative AI"],"picked":"Fission","floor":16.0},{"not_picked":["Turbo","Gash"],"picked":"Streamline","floor":18.0},{"not_picked":["Go for the Eyes","Streamline","Redo"],"picked":"SKIP","floor":20.0},{"not_picked":["Melter","Stack"],"picked":"Cold Snap+1","floor":21.0},{"not_picked":["FTL","Heatsinks","Gash"],"picked":"SKIP","floor":24.0},{"not_picked":["BootSequence","Steam Power+1","Turbo"],"picked":"SKIP","floor":25.0},{"not_picked":["Conserve Battery","Beam Cell"],"picked":"Coolheaded","floor":28.0},{"not_picked":["Redo+1","Reprogram"],"picked":"Reinforced Body","floor":30.0},{"not_picked":["Hyperbeam","Machine Learning"],"picked":"Fission","floor":33.0},{"not_picked":["Compile Driver+1","Barrage","Streamline"],"picked":"SKIP","floor":35.0},{"not_picked":["Genetic Algorithm","Sweeping Beam","Cold Snap"],"picked":"SKIP","floor":37.0},{"not_picked":["Conserve Battery","Reprogram","Hologram"],"picked":"SKIP","floor":39.0},{"not_picked":["Conserve Battery","Reprogram"],"picked":"Hologram","floor":39.0},{"not_picked":["Gash+1","Rebound","Turbo"],"picked":"SKIP","floor":41.0},{"not_picked":["Gash+1","Rebound","Turbo"],"picked":"SKIP","floor":41.0},{"not_picked":["BootSequence+1","Streamline","Turbo+1"],"picked":"SKIP","floor":48.0},{"not_picked":["BootSequence+1","Streamline","Turbo+1"],"picked":"SKIP","floor":48.0},{"not_picked":["Sunder+1","Rip and Tear"],"picked":"Amplify+1","floor":54}],"player_experience":1302329,"relics_obtained":[{"floor":6.0,"key":"Mercury Hourglass"},{"floor":9.0,"key":"The Courier"},{"floor":24.0,"key":"Ornamental Fan"},{"floor":31.0,"key":"Red Mask"},{"floor":41.0,"key":"Bottled Flame"},{"floor":43.0,"key":"Toxic Egg 2"},{"floor":48.0,"key":"Symbiotic Virus"},{"floor":54,"key":"Bottled Tornado"}],"event_choices":[{"damage_healed":0.0,"max_hp_gain":0.0,"max_hp_loss":6.0,"gold_gain":0.0,"event_name":"Golden Idol","player_choice":"Lose Max HP","floor":5.0,"gold_loss":0.0,"damage_taken":0.0,"relics_obtained":["Golden Idol"]},{"damage_healed":0.0,"max_hp_gain":0.0,"max_hp_loss":0.0,"gold_gain":0.0,"cards_transformed":["Defend_B"],"event_name":"Transmorgrifier","player_choice":"Transformed","floor":19.0,"gold_loss":0.0,"damage_taken":0.0,"cards_obtained":["Core Surge"]},{"damage_healed":0.0,"max_hp_gain":0.0,"max_hp_loss":0.0,"gold_gain":0.0,"event_name":"Vampires","player_choice":"Ignored","floor":22.0,"gold_loss":0.0,"damage_taken":0.0},{"damage_healed":0.0,"max_hp_gain":0.0,"max_hp_loss":0.0,"gold_gain":0.0,"event_name":"Masked Bandits","player_choice":"Fought Bandits","floor":31.0,"gold_loss":0.0,"damage_taken":0.0},{"damage_healed":0.0,"max_hp_gain":0.0,"max_hp_loss":0.0,"gold_gain":0.0,"event_name":"Lab","player_choice":"Got Potions","floor":36.0,"gold_loss":0.0,"damage_taken":0.0},{"damage_healed":0.0,"max_hp_gain":0.0,"max_hp_loss":0.0,"gold_gain":300.0,"event_name":"Wheel of Change","player_choice":"Gold","floor":46.0,"gold_loss":0.0,"damage_taken":0.0}],"is_beta":false,"boss_relics":[{"not_picked":["Tiny House","Eternal Feather"],"picked":"Coffee Dripper"},{"not_picked":["Empty Cage","Orrery"],"picked":"Fusion Hammer"}],"items_purged_floors":[38,45],"is_endless":false,"potions_floor_spawned":[2,8,12,13,16,18,21,24,33,41,48,54],"ascension_level":15}