{"gold_per_floor":[111,23,40,40,55,55,90,90,90,90,15,31,31,44,44,122,122,140,150,150,162,182,211,224,240,240,240,250,150,150,177,189,278,290,322,49,400,413,244,272,372,372,372,402,416,416,435,449,449,449,449,449,449,116,142,142],"floor_reached":57,"playtime":2243,"items_purged":["Normality","Strike_G","Defend_G","Defend_G","Defend_G+1"],"score":3583,"play_id":"f8270606-166b-406a-a04e-8fdbb22fa375","local_time":"20190515193110","is_ascension_mode":true,"campfire_choices":[{"data":"Well Laid Plans","floor":6.0,"key":"SMITH"},{"data":"Acrobatics","floor":8.0,"key":"SMITH"},{"data":"Grand Finale","floor":10.0,"key":"SMITH"},{"data":"Neutralize","floor":13.0,"key":"SMITH"},{"floor":15.0,"key":"RECALL"},{"data":"Backflip","floor":27.0,"key":"SMITH"},{"data":"Survivor","floor":30.0,"key":"SMITH"},{"data":"Defend_G","floor":32.0,"key":"SMITH"},{"data":"Master of Strategy","floor":42,"key":"SMITH"},{"data":"Defend_G","floor":49,"key":"SMITH"}],"neow_cost":"CURSE","seed_source_timestamp":27862772356016,"circlet_count":0,"master_deck":["AscendersBane","Defend_G+1","Survivor+1","Neutralize+1","Grand Finale+1","Acrobatics+1","Well Laid Plans+1","Backflip+1","Burst+1","Tactician+1","Corpse Explosion+1","Master of Strategy+1"],"special_seed":0,"relics":["Ring of the Snake","Dodecahedron","Kunai","Bottled Lightning","Astrolabe","Blue Candle","MawBank","Coffee Dripper","Membership Card","Old Coin","Happy Flower","Bird Faced Urn","Lantern","Pen Nib","Cauldron","Shuriken","Whetstone"],"potions_floor_usage":[48,56,56],"damage_taken":[{"damage":2.0,"enemies":"Small Slimes","floor":1.0,"turns":6.0},{"damage":2.0,"enemies":"2 Louse","floor":3.0,"turns":3.0},{"damage":1.0,"enemies":"Cultist","floor":5.0,"turns":5.0},{"damage":0.0,"enemies":"Lagavulin","floor":7.0,"turns":5.0},{"damage":13.0,"enemies":"Lots of Slimes","floor":12.0,"turns":5.0},{"damage":10.0,"enemies":"3 Louse","floor":14.0,"turns":2.0},{"damage":0.0,"enemies":"Hexaghost","floor":16.0,"turns":9.0},{"damage":1.0,"enemies":"Chosen","floor":18.0,"turns":5.0},{"damage":0.0,"enemies":"Shell Parasite","floor":19.0,"turns":3.0},{"damage":0.0,"enemies":"Snake Plant","floor":21.0,"turns":3.0},{"damage":13.0,"enemies":"Shelled Parasite and Fungi","floor":22.0,"turns":4.0},{"damage":0.0,"enemies":"Gremlin Leader","floor":23.0,"turns":3.0},{"damage":0.0,"enemies":"Snecko","floor":24.0,"turns":3.0},{"damage":0.0,"enemies":"Sentry and Sphere","floor":25.0,"turns":3.0},{"damage":0.0,"enemies":"3 Cultists","floor":28.0,"turns":1.0},{"damage":0.0,"enemies":"Book of Stabbing","floor":31.0,"turns":4.0},{"damage":0.0,"enemies":"Collector","floor":33.0,"turns":5.0},{"damage":0.0,"enemies":"Orb Walker","floor":35.0,"turns":3.0},{"damage":0,"enemies":"2 Orb Walkers","floor":37,"turns":2},{"damage":0,"enemies":"3 Shapes","floor":38,"turns":2},{"damage":0,"enemies":"Reptomancer","floor":40,"turns":2},{"damage":0,"enemies":"Mind Bloom Boss Battle","floor":41,"turns":2},{"damage":0,"enemies":"Giant Head","floor":44,"turns":1},{"damage":0,"enemies":"Sphere and 2 Shapes","floor":45,"turns":1},{"damage":0,"enemies":"4 Shapes","floor":47,"turns":1},{"damage":0,"enemies":"Writhing Mass","floor":48,"turns":1},{"damage":0,"enemies":"Awakened One","floor":50,"turns":2},{"damage":0,"enemies":"Time Eater","floor":51,"turns":3},{"damage":0,"enemies":"Shield and Spear","floor":55,"turns":1},{"damage":56,"enemies":"The Heart","floor":56,"turns":5}],"seed_played":"2184485441790419992","potions_obtained":[{"floor":3.0,"key":"Swift Potion"},{"floor":12.0,"key":"Strength Potion"},{"floor":16.0,"key":"Swift Potion"},{"floor":31.0,"key":"Energy Potion"},{"floor":33.0,"key":"SmokeBomb"},{"floor":44,"key":"Block Potion"},{"floor":45,"key":"Swift Potion"},{"floor":48,"key":"Fruit Juice"},{"floor":54,"key":"Block Potion"}],"is_trial":false,"path_per_floor":["M","$","M","?","M","R","E","R","T","R","$","M","R","M","R","B",null,"M","M","?","M","M","E","M","M","T","R","M","$","R","E","R","B",null,"M","$","?","M","$","E","?","R","T","E","M","?","M","M","R","B","B",null,"R","$","E","B",null],"character_chosen":"THE_SILENT","items_purchased":["Well Laid Plans","Membership Card","Master of Strategy","Cauldron","Shuriken"],"campfire_rested":0,"item_purchase_floors":[2,36,39,54,54],"current_hp_per_floor":[57,57,55,50,49,49,49,49,49,49,49,36,36,26,26,26,56,55,55,55,55,42,42,42,42,42,42,42,42,42,42,42,42,60,60,60,60,60,60,60,60,60,60,62,64,64,66,71,71,71,71,71,71,71,71,15],"gold":142,"neow_bonus":"THREE_RARE_CARDS","is_prod":false,"is_daily":false,"chose_seed":false,"campfire_upgraded":9,"win_rate":0,"timestamp":1557919870,"path_taken":["M","$","M","?","M","R","E","R","T","R","$","M","R","M","R","BOSS","M","M","?","M","?","E","M","M","T","R","M","$","R","E","R","BOSS","M","?","?","M","$","E","?","R","T","E","M","?","?","M","R","BOSS","BOSS","R","$","E","BOSS"],"build_version":"2019-01-23","purchased_purges":5,"victory":true,"max_hp_per_floor":[66,66,66,66,66,66,66,66,66,66,66,66,66,66,66,66,66,66,66,66,66,66,66,66,66,66,66,66,66,66,66,66,66,66,66,66,66,66,66,66,66,66,66,66,66,66,66,71,71,71,71,71,71,71,71,71],"card_choices":[{"not_picked":["Wraith Form v2","Venomology"],"picked":"Grand Finale","floor":0.0},{"not_picked":["Terror","PiercingWail"],"picked":"Acrobatics","floor":1.0},{"not_picked":["Dagger Spray","Flechettes","Blade Dance"],"picked":"SKIP","floor":3.0},{"not_picked":["Skewer","Underhanded Strike","Bane"],"picked":"SKIP","floor":5.0},{"not_picked":["Outmaneuver","Deflect"],"picked":"Backflip","floor":7.0},{"not_picked":["Deflect","Heel Hook","Underhanded Strike"],"picked":"SKIP","floor":12.0},{"not_picked":["Terror","Phantasmal Killer","PiercingWail"],"picked":"SKIP","floor":14.0},{"not_picked":["Leg Sweep+1","Crippling Poison","Dagger Throw"],"picked":"SKIP","floor":18.0},{"not_picked":["Eviscerate","Acrobatics","Underhanded Strike"],"picked":"SKIP","floor":19.0},{"not_picked":["Skewer+1","Underhanded Strike","Masterful Stab+1"],"picked":"SKIP","floor":21.0},{"not_picked":["Bane","Outmaneuver","Poisoned Stab"],"picked":"SKIP","floor":22.0},{"not_picked":["Burst","Cloak And Dagger","Calculated Gamble+1"],"picked":"SKIP","floor":23.0},{"not_picked":["Catalyst","Dagger Spray+1","Acrobatics"],"picked":"SKIP","floor":24.0},{"not_picked":["Poisoned Stab","Leg Sweep","Slice"],"picked":"SKIP","floor":25.0},{"not_picked":["Skewer+1","Slice","Sucker Punch"],"picked":"SKIP","floor":28.0},{"not_picked":["Quick Slash","Escape Plan","Dagger Throw+1"],"picked":"SKIP","floor":31.0},{"not_picked":["Finisher+1","Escape Plan","Eviscerate"],"picked":"SKIP","floor":35.0},{"not_picked":["Outmaneuver+1","Underhanded Strike+1","Cloak And Dagger"],"picked":"SKIP","floor":38},{"not_picked":["Bane","Expertise","Masterful Stab"],"picked":"SKIP","floor":40},{"not_picked":["Flechettes","PiercingWail+1","Corpse Explosion"],"picked":"SKIP","floor":44},{"not_picked":["Prepared","Acrobatics","Reflex+1"],"picked":"SKIP","floor":45},{"not_picked":["Dagger Spray","Backflip","A Thousand Cuts"],"picked":"SKIP","floor":47},{"not_picked":["Heel Hook+1","Slice","Infinite Blades"],"picked":"SKIP","floor":48},{"not_picked":["Deadly Poison","PiercingWail","Predator"],"picked":"SKIP","floor":55}],"player_experience":4787792,"relics_obtained":[{"floor":7.0,"key":"Kunai"},{"floor":9.0,"key":"Bottled Lightning"},{"floor":23.0,"key":"Blue Candle"},{"floor":31.0,"key":"MawBank"},{"floor":37,"key":"Old Coin"},{"floor":40,"key":"Happy Flower"},{"floor":41,"key":"Bird Faced Urn"},{"floor":43,"key":"Lantern"},{"floor":44,"key":"Pen Nib"},{"floor":55,"key":"Whetstone"}],"event_choices":[{"damage_healed":0.0,"max_hp_gain":0.0,"max_hp_loss":0.0,"gold_gain":0.0,"event_name":"Scrap Ooze","player_choice":"Success","floor":4.0,"gold_loss":0.0,"damage_taken":5.0,"relics_obtained":["Dodecahedron"]},{"cards_removed":["Strike_G"],"damage_healed":0.0,"max_hp_gain":0.0,"max_hp_loss":0.0,"gold_gain":0.0,"event_name":"Purifier","player_choice":"Purged","floor":20.0,"gold_loss":0.0,"damage_taken":0.0},{"damage_healed":0,"gold_gain":0,"player_choice":"Fight","damage_taken":0,"max_hp_gain":0,"max_hp_loss":0,"event_name":"Mysterious Sphere","floor":37,"gold_loss":0},{"damage_healed":0,"gold_gain":0,"player_choice":"Fight","damage_taken":0,"max_hp_gain":0,"max_hp_loss":0,"event_name":"MindBloom","floor":41,"gold_loss":0},{"cards_removed":["Defend_G"],"damage_healed":0,"gold_gain":0,"player_choice":"Offered Basic","damage_taken":0,"max_hp_gain":0,"max_hp_loss":0,"event_name":"Bonfire Elementals","floor":46,"gold_loss":0}],"is_beta":false,"boss_relics":[{"not_picked":["Snecko Eye","Calling Bell"],"picked":"Astrolabe"},{"not_picked":["Busted Crown","Orrery"],"picked":"Coffee Dripper"}],"items_purged_floors":[11,29,36,39,54],"is_endless":false,"potions_floor_spawned":[3,12,16,18,24,25,31,33,37,41,44,45,48],"ascension_level":20}