{"gold_per_floor":[17,31,46,46,56,56,82,82,106,118,118,134,134,151,151,256,256,271,271,196,196,196,196,207,307,307,307,322,322,338,353,353,455,455,468,468,468,313,313,346,346,51,77,110,110,136,163,175,187,199],"floor_reached":51,"playtime":1731,"items_purged":["Strike_G","Strike_G"],"score":933,"play_id":"b1654fed-6e4a-4483-8f44-6298b44be8a9","local_time":"20181023101615","is_ascension_mode":false,"campfire_choices":[{"data":"Poisoned Stab","floor":6,"key":"SMITH"},{"data":"Footwork","floor":8,"key":"SMITH"},{"data":"Bouncing Flask","floor":11,"key":"SMITH"},{"data":"Poisoned Stab","floor":13,"key":"SMITH"},{"data":"Noxious Fumes","floor":15,"key":"SMITH"},{"data":"Envenom","floor":23,"key":"SMITH"},{"data":"Neutralize","floor":27,"key":"SMITH"},{"data":"Defend_G","floor":29,"key":"SMITH"},{"data":"Defend_G","floor":32,"key":"SMITH"},{"data":"Malaise","floor":41,"key":"SMITH"},{"data":"Defend_G","floor":45,"key":"SMITH"},{"data":"Backflip","floor":49,"key":"SMITH"}],"neow_cost":"NO_GOLD","seed_source_timestamp":1942865274892,"circlet_count":0,"master_deck":["Defend_G+1","Defend_G+1","Defend_G+1","Defend_G+1","Defend_G","Strike_G","Strike_G","Survivor","Neutralize+1","Poisoned Stab+1","Poisoned Stab+1","Poisoned Stab+1","All Out Attack","Footwork+1","Bouncing Flask+1","Escape Plan","Noxious Fumes+1","Envenom+1","Tactician+1","Footwork+1","Crippling Poison+1","PiercingWail","Malaise+1","Dodge and Roll+1","Concentrate","Backflip+1"],"relics":["Nunchaku","Dream Catcher","Snake Skull","Runic Pyramid","Nloth\u0027s Gift","Nilry\u0027s Codex","Centennial Puzzle","Busted Crown","FossilizedHelix","Ancient Tea Set","Chemical X","Boot","Gambling Chip","MawBank"],"potions_floor_usage":[18,28,28,35,35,40],"damage_taken":[{"damage":0,"enemies":"2 Louse","floor":1,"turns":4},{"damage":0,"enemies":"Small Slimes","floor":2,"turns":4},{"damage":1,"enemies":"Jaw Worm","floor":3,"turns":4},{"damage":5,"enemies":"Lots of Slimes","floor":5,"turns":5},{"damage":6,"enemies":"Gremlin Nob","floor":7,"turns":3},{"damage":1,"enemies":"Blue Slaver","floor":10,"turns":3},{"damage":10,"enemies":"Looter","floor":12,"turns":3},{"damage":11,"enemies":"Exordium Wildlife","floor":14,"turns":2},{"damage":0,"enemies":"Hexaghost","floor":16,"turns":7},{"damage":11,"enemies":"Shell Parasite","floor":18,"turns":4},{"damage":6,"enemies":"2 Thieves","floor":24,"turns":4},{"damage":2,"enemies":"Cultist and Chosen","floor":28,"turns":6},{"damage":10,"enemies":"Snake Plant","floor":30,"turns":3},{"damage":1,"enemies":"3 Cultists","floor":31,"turns":3},{"damage":23,"enemies":"Champ","floor":33,"turns":11},{"damage":1,"enemies":"3 Shapes","floor":35,"turns":6},{"damage":0,"enemies":"Mind Bloom Boss Battle","floor":39,"turns":5},{"damage":0,"enemies":"Giant Head","floor":40,"turns":9},{"damage":0,"enemies":"Nemesis","floor":44,"turns":7},{"damage":0,"enemies":"Giant Head","floor":46,"turns":7},{"damage":0,"enemies":"Orb Walker","floor":47,"turns":4},{"damage":0,"enemies":"Awakened One","floor":50,"turns":13}],"seed_played":"7790015274981112787","potions_obtained":[{"floor":2,"key":"EssenceOfSteel"},{"floor":5,"key":"Regen Potion"},{"floor":7,"key":"Regen Potion"},{"floor":16,"key":"PowerPotion"},{"floor":28,"key":"Dexterity Potion"},{"floor":31,"key":"Swift Potion"},{"floor":33,"key":"Ancient Potion"},{"floor":39,"key":"Fruit Juice"},{"floor":44,"key":"Poison Potion"}],"is_trial":false,"path_per_floor":["M","M","M","?","M","R","E","R","T","M","R","M","R","M","R","B",null,"M","?","?","?","?","R","M","?","T","R","M","R","M","M","R","B",null,"M","?","?","$","?","E","R","$","T","E","R","E","M","?","R","B"],"character_chosen":"THE_SILENT","items_purchased":["Concentrate","Chemical X"],"campfire_rested":0,"item_purchase_floors":[38,42],"current_hp_per_floor":[70,70,69,55,50,50,44,44,44,43,43,33,33,22,22,22,70,59,59,59,59,43,43,37,37,37,37,70,70,60,59,59,36,70,69,69,66,66,66,71,71,71,71,71,71,71,71,71,71,71],"gold":211,"neow_bonus":"ONE_RARE_RELIC","is_prod":false,"is_daily":false,"chose_seed":false,"campfire_upgraded":12,"win_rate":0,"timestamp":1540260975,"path_taken":["M","M","M","?","M","R","E","R","T","M","R","M","R","M","R","BOSS","M","?","?","?","?","R","?","?","T","R","M","R","M","M","R","BOSS","M","?","?","?","?","E","R","$","T","E","R","E","?","?","R","BOSS"],"build_version":"2018-10-18","purchased_purges":2,"victory":true,"max_hp_per_floor":[70,70,70,70,70,70,70,70,70,70,70,70,70,70,70,70,70,70,70,70,70,70,70,70,70,70,70,70,70,70,70,70,70,70,70,70,66,66,66,71,71,71,71,71,71,71,71,71,71,71],"card_choices":[{"not_picked":["Blade Dance","Cloak And Dagger"],"picked":"Poisoned Stab","floor":1},{"not_picked":["Blade Dance","Tactician"],"picked":"Poisoned Stab","floor":2},{"not_picked":["Calculated Gamble","Flying Knee"],"picked":"Poisoned Stab","floor":3},{"not_picked":["Dagger Throw","Sucker Punch"],"picked":"All Out Attack","floor":5},{"not_picked":["Skewer","Grand Finale"],"picked":"Footwork","floor":7},{"not_picked":["Poisoned Stab","Underhanded Strike"],"picked":"Bouncing Flask","floor":10},{"not_picked":["Cloak And Dagger","Accuracy"],"picked":"Escape Plan","floor":12},{"not_picked":["Endless Agony","PiercingWail"],"picked":"Noxious Fumes","floor":14},{"not_picked":["Tools of the Trade","Storm of Steel"],"picked":"Envenom","floor":16},{"not_picked":["Predator+1","Deflect"],"picked":"Tactician+1","floor":18},{"not_picked":["Slice","Quick Slash"],"picked":"Crippling Poison+1","floor":24},{"not_picked":["Unload","Blade Dance"],"picked":"PiercingWail","floor":28},{"not_picked":["Bane","Predator+1","Cloak And Dagger"],"picked":"SKIP","floor":30},{"not_picked":["Deadly Poison","Crippling Poison","Quick Slash"],"picked":"SKIP","floor":31},{"not_picked":["Deadly Poison","Crippling Poison","Quick Slash"],"picked":"SKIP","floor":31},{"not_picked":["After Image","Storm of Steel"],"picked":"Malaise","floor":33},{"not_picked":[],"picked":"Dodge and Roll+1","floor":35},{"not_picked":["Slice+1"],"picked":"SKIP","floor":40},{"not_picked":["Underhanded Strike+1"],"picked":"SKIP","floor":44},{"not_picked":[],"picked":"Backflip","floor":46},{"not_picked":["Blade Dance"],"picked":"SKIP","floor":47}],"player_experience":544014,"relics_obtained":[{"floor":7,"key":"Dream Catcher"},{"floor":9,"key":"Snake Skull"},{"floor":22,"key":"Nilry\u0027s Codex"},{"floor":26,"key":"Centennial Puzzle"},{"floor":39,"key":"FossilizedHelix"},{"floor":40,"key":"Ancient Tea Set"},{"floor":43,"key":"Boot"},{"floor":44,"key":"Gambling Chip"},{"floor":46,"key":"MawBank"}],"event_choices":[{"damage_healed":0,"gold_gain":0,"player_choice":"Entered Light","damage_taken":14,"max_hp_gain":0,"max_hp_loss":0,"event_name":"Shining Light","floor":4,"gold_loss":0,"cards_upgraded":["Defend_G","Poisoned Stab"]},{"damage_healed":0,"gold_gain":0,"player_choice":"Copied","damage_taken":0,"max_hp_gain":0,"max_hp_loss":0,"event_name":"Duplicator","floor":19,"gold_loss":0,"cards_obtained":["Footwork"]},{"cards_removed":["Strike_G"],"damage_healed":0,"gold_gain":0,"player_choice":"Gave Gold","damage_taken":0,"max_hp_gain":0,"max_hp_loss":0,"event_name":"Beggar","floor":20,"gold_loss":75},{"damage_healed":0,"gold_gain":0,"player_choice":"Traded Relic","damage_taken":0,"relics_obtained":["Nloth\u0027s Gift"],"max_hp_gain":0,"max_hp_loss":0,"event_name":"N\u0027loth","floor":21,"relics_lost":["Ring of the Snake"],"gold_loss":0},{"damage_healed":0,"gold_gain":0,"player_choice":"Obtained Book","damage_taken":16,"max_hp_gain":0,"max_hp_loss":0,"event_name":"Cursed Tome","floor":22,"gold_loss":0},{"damage_healed":0,"gold_gain":100,"player_choice":"Pray","damage_taken":0,"max_hp_gain":0,"max_hp_loss":0,"event_name":"Golden Shrine","floor":25,"gold_loss":0},{"damage_healed":0,"gold_gain":0,"player_choice":"Memory 1","damage_taken":0,"max_hp_gain":0,"max_hp_loss":0,"event_name":"SensoryStone","floor":36,"gold_loss":0},{"damage_healed":0,"gold_gain":0,"player_choice":"Max HP","damage_taken":0,"max_hp_gain":0,"max_hp_loss":4,"event_name":"Winding Halls","floor":37,"gold_loss":0},{"damage_healed":0,"gold_gain":0,"player_choice":"Fight","damage_taken":0,"max_hp_gain":0,"max_hp_loss":0,"event_name":"MindBloom","floor":39,"gold_loss":0},{"damage_healed":0,"gold_gain":0,"player_choice":"Leave","damage_taken":0,"max_hp_gain":0,"max_hp_loss":0,"event_name":"FaceTrader","floor":48,"gold_loss":0}],"is_beta":false,"boss_relics":[{"not_picked":["HoveringKite","White Beast Statue"],"picked":"Runic Pyramid"},{"not_picked":["Philosopher\u0027s Stone","Astrolabe"],"picked":"Busted Crown"}],"items_purged_floors":[38,42],"is_endless":false,"potions_floor_spawned":[2,5,7,14,16,28,31,33,39,44],"ascension_level":0}