{"gold_per_floor":[13,27,27,45,68,68,111,111,134,134,134,178,192,230,230,326,326,341,362,378,397,397],"floor_reached":22,"playtime":1805,"items_purged":[],"score":416,"play_id":"7cf7885b-7e21-4ef1-8bd0-5c36a820904d","local_time":"20190731202903","is_ascension_mode":true,"campfire_choices":[{"data":"Glass Knife","floor":6,"key":"SMITH"},{"floor":8,"key":"REST"},{"data":"Dagger Spray","floor":11,"key":"SMITH"},{"floor":15,"key":"REST"}],"neow_cost":"NO_GOLD","seed_source_timestamp":31218193950384,"circlet_count":0,"master_deck":["AscendersBane","Strike_G","Strike_G","Strike_G","Strike_G","Defend_G","Defend_G","Defend_G","Defend_G","Defend_G","Survivor","Neutralize","Glass Knife+1","Deadly Poison","Flying Knee","Predator","Dagger Spray+1","Deadly Poison","Finisher","PiercingWail","Cloak And Dagger","Glass Knife","PiercingWail","Noxious Fumes+1","Backstab"],"relics":["Ring of the Snake","Golden Idol","Vajra","Strawberry","Blood Vial","Oddly Smooth Stone","Philosopher\u0027s Stone"],"potions_floor_usage":[7,7,18,19,20],"damage_taken":[{"damage":0,"enemies":"Small Slimes","floor":1,"turns":4},{"damage":4,"enemies":"Jaw Worm","floor":2,"turns":5},{"damage":0,"enemies":"Cultist","floor":4,"turns":3},{"damage":6,"enemies":"Exordium Wildlife","floor":5,"turns":5},{"damage":10,"enemies":"Lagavulin","floor":7,"turns":4},{"damage":8,"enemies":"Gremlin Nob","floor":12,"turns":3},{"damage":0,"enemies":"Blue Slaver","floor":13,"turns":2},{"damage":16,"enemies":"3 Sentries","floor":14,"turns":4},{"damage":36,"enemies":"Slime Boss","floor":16,"turns":9},{"damage":5,"enemies":"2 Thieves","floor":18,"turns":3},{"damage":15,"enemies":"3 Byrds","floor":19,"turns":6},{"damage":9,"enemies":"3 Cultists","floor":20,"turns":4},{"damage":34,"enemies":"Shelled Parasite and Fungi","floor":21,"turns":5},{"damage":19,"enemies":"Snecko","floor":22,"turns":2}],"seed_played":"2334522688356645260","potions_obtained":[{"floor":2,"key":"Block Potion"},{"floor":4,"key":"FearPotion"},{"floor":12,"key":"Swift Potion"},{"floor":14,"key":"Weak Potion"},{"floor":18,"key":"Block Potion"}],"is_trial":false,"path_per_floor":["M","M","?","M","M","R","E","R","T","?","R","E","M","E","R","B",null,"M","M","M","M","M"],"character_chosen":"THE_SILENT","items_purchased":[],"campfire_rested":2,"item_purchase_floors":[],"current_hp_per_floor":[59,55,32,32,26,26,16,35,42,42,42,34,36,22,43,9,57,54,41,34,2,0],"gold":397,"neow_bonus":"THREE_RARE_CARDS","is_prod":false,"is_daily":false,"chose_seed":false,"campfire_upgraded":2,"win_rate":0,"timestamp":1564597743,"path_taken":["M","M","?","M","M","R","E","R","T","?","R","E","M","E","R","BOSS","M","M","M","?","M"],"build_version":"2019-07-17","purchased_purges":0,"victory":false,"max_hp_per_floor":[66,66,66,66,66,66,66,66,73,73,73,73,73,73,73,73,73,73,73,73,73,73],"card_choices":[{"not_picked":["Doppelganger","Venomology"],"picked":"Glass Knife","floor":0},{"not_picked":["Quick Slash","Prepared"],"picked":"Deadly Poison","floor":1},{"not_picked":["Underhanded Strike","Outmaneuver"],"picked":"Flying Knee","floor":2},{"not_picked":["Quick Slash","Cloak And Dagger"],"picked":"Predator","floor":4},{"not_picked":["Prepared","Well Laid Plans"],"picked":"Dagger Spray","floor":5},{"not_picked":["A Thousand Cuts","Sucker Punch"],"picked":"Deadly Poison","floor":7},{"not_picked":["Distraction","Blur"],"picked":"PiercingWail","floor":12},{"not_picked":["Sucker Punch","Slice"],"picked":"Cloak And Dagger","floor":13},{"not_picked":["Expertise","Underhanded Strike","All Out Attack"],"picked":"SKIP","floor":14},{"not_picked":["Unload","Envenom"],"picked":"Glass Knife","floor":16},{"not_picked":["Bane","Quick Slash"],"picked":"PiercingWail","floor":18},{"not_picked":["Masterful Stab","Acrobatics"],"picked":"Noxious Fumes+1","floor":19},{"not_picked":["Deadly Poison","Masterful Stab","Concentrate"],"picked":"SKIP","floor":20},{"not_picked":["Deadly Poison","Masterful Stab","Concentrate"],"picked":"SKIP","floor":20},{"not_picked":["Heel Hook","Dagger Spray"],"picked":"Backstab","floor":21}],"player_experience":800155,"relics_obtained":[{"floor":7,"key":"Vajra"},{"floor":9,"key":"Strawberry"},{"floor":12,"key":"Blood Vial"},{"floor":14,"key":"Oddly Smooth Stone"}],"event_choices":[{"damage_healed":0,"gold_gain":0,"player_choice":"Take Damage","damage_taken":23,"relics_obtained":["Golden Idol"],"max_hp_gain":0,"max_hp_loss":0,"event_name":"Golden Idol","floor":3,"gold_loss":0},{"damage_healed":0,"gold_gain":0,"cards_transformed":["Strike_G"],"player_choice":"Transformed","damage_taken":0,"max_hp_gain":0,"max_hp_loss":0,"event_name":"Transmorgrifier","floor":10,"gold_loss":0,"cards_obtained":["Finisher"]}],"is_beta":false,"boss_relics":[{"not_picked":["Ring of the Serpent","Busted Crown"],"picked":"Philosopher\u0027s Stone"}],"items_purged_floors":[],"is_endless":false,"potions_floor_spawned":[2,4,12,14,18],"killed_by":"Snecko","ascension_level":20}