{"gold_per_floor":[111,111,128,44,62,62,88,88,115,115],"floor_reached":10,"playtime":328,"items_purged":[],"score":122,"play_id":"bab1f3c6-d428-4a52-ad59-6269319efa85","local_time":"20181218122317","is_ascension_mode":true,"campfire_choices":[{"data":"Bash","floor":6,"key":"SMITH"},{"data":"Hemokinesis","floor":8,"key":"SMITH"}],"neow_cost":"CURSE","seed_source_timestamp":1755108445561,"circlet_count":0,"master_deck":["AscendersBane","Strike_R","Strike_R","Strike_R","Strike_R","Strike_R","Defend_R+1","Defend_R","Defend_R","Defend_R+1","Bash+1","Doubt","Reaper","Shrug It Off","Regret","Hemokinesis+1","Dropkick","Dropkick","Disarm"],"relics":["Burning Blood","War Paint","Anchor"],"potions_floor_usage":[7,7,10],"damage_taken":[{"damage":7,"enemies":"2 Louse","floor":1,"turns":4},{"damage":16,"enemies":"Cultist","floor":3,"turns":5},{"damage":7,"enemies":"Small Slimes","floor":5,"turns":4},{"damage":57,"enemies":"3 Sentries","floor":7,"turns":11},{"damage":41,"enemies":"Lagavulin","floor":10,"turns":7}],"seed_played":"-5214202056666601210","potions_obtained":[{"floor":3,"key":"SpeedPotion"},{"floor":5,"key":"Block Potion"},{"floor":7,"key":"Fruit Juice"}],"is_trial":false,"path_per_floor":["M","?","M","$","M","R","E","R","T","E"],"character_chosen":"IRONCLAD","items_purchased":["Dropkick"],"campfire_rested":0,"item_purchase_floors":[4],"current_hp_per_floor":[74,74,67,67,69,69,35,35,35,0],"gold":115,"neow_bonus":"THREE_RARE_CARDS","is_prod":false,"is_daily":false,"chose_seed":false,"campfire_upgraded":2,"win_rate":0,"timestamp":1545106997,"path_taken":["M","?","M","$","M","R","E","R","T","E"],"build_version":"2018-12-13","purchased_purges":0,"victory":false,"max_hp_per_floor":[75,75,75,75,75,75,80,80,80,80],"card_choices":[{"not_picked":["Juggernaut","Brutality"],"picked":"Reaper","floor":0},{"not_picked":["Seeing Red","Battle Trance"],"picked":"Shrug It Off","floor":1},{"not_picked":["Thunderclap","Intimidate"],"picked":"Hemokinesis","floor":3},{"not_picked":["Rage","Iron Wave"],"picked":"Dropkick","floor":5},{"not_picked":["Sever Soul","Searing Blow"],"picked":"Disarm","floor":7}],"player_experience":1337681,"relics_obtained":[{"floor":7,"key":"Anchor"}],"event_choices":[{"damage_healed":0,"gold_gain":0,"player_choice":"Box","damage_taken":0,"relics_obtained":["War Paint"],"max_hp_gain":0,"max_hp_loss":0,"event_name":"Big Fish","floor":2,"gold_loss":0,"cards_obtained":["Regret"]}],"is_beta":false,"boss_relics":[],"items_purged_floors":[],"is_endless":false,"potions_floor_spawned":[3,5,7],"killed_by":"Lagavulin","ascension_level":17}