{"gold_per_floor":[110,110,110,124,199,235,235,259,282,303,303,12,12,30,30,158,158,176,194,208,108,148,148,148,169,194,212,212,232,232,247,247,372,372,391,391,266,287,287,287,330,330,330,123,141,141,70,70,70,70],"floor_reached":51,"playtime":1303,"items_purged":["Strike_G","Strike_G","Underhanded Strike+1"],"score":750,"play_id":"1e34cbee-c958-43fd-b0a1-c752865c1382","local_time":"20181104113250","is_ascension_mode":false,"campfire_choices":[{"data":"Envenom","floor":7.0,"key":"SMITH"},{"data":"Deadly Poison","floor":11.0,"key":"SMITH"},{"data":"Noxious Fumes","floor":15.0,"key":"SMITH"},{"data":"Wraith Form v2","floor":23.0,"key":"SMITH"},{"data":"Neutralize","floor":28.0,"key":"SMITH"},{"data":"Cloak And Dagger","floor":30.0,"key":"SMITH"},{"data":"Dash","floor":32.0,"key":"SMITH"},{"data":"Leg Sweep","floor":40.0,"key":"SMITH"},{"data":"Catalyst","floor":42.0,"key":"SMITH"},{"data":"Backflip","floor":46,"key":"SMITH"},{"data":"Survivor","floor":49,"key":"SMITH"}],"neow_cost":"NONE","seed_source_timestamp":5215953347517,"circlet_count":0,"master_deck":["Defend_G+1","Defend_G+1","Survivor+1","Neutralize+1","Envenom+1","Poisoned Stab","Deadly Poison+1","Wraith Form v2+1","Noxious Fumes+1","Dash+1","Infinite Blades","Backflip+1","Cloak And Dagger+1","Die Die Die","Deadly Poison+1","Crippling Poison+1","Leg Sweep+1","Catalyst+1","Catalyst+1","Backflip+1","Infinite Blades"],"special_seed":0,"relics":["Ring of the Snake","NeowsBlessing","Golden Idol","Art of War","Boot","Snake Skull","Sozu","Red Mask","War Paint","Astrolabe","Matryoshka","Kunai","Prayer Wheel","Lee\u0027s Waffle","Ninja Scroll","Gremlin Horn"],"potions_floor_usage":[50],"damage_taken":[{"damage":0.0,"enemies":"2 Louse","floor":1.0,"turns":1.0},{"damage":0.0,"enemies":"Cultist","floor":4.0,"turns":1.0},{"damage":0.0,"enemies":"Gremlin Nob","floor":6.0,"turns":1.0},{"damage":0.0,"enemies":"Jaw Worm","floor":8.0,"turns":3.0},{"damage":16.0,"enemies":"Lots of Slimes","floor":10.0,"turns":5.0},{"damage":3.0,"enemies":"2 Fungi Beasts","floor":14.0,"turns":3.0},{"damage":3.0,"enemies":"The Guardian","floor":16.0,"turns":7.0},{"damage":0.0,"enemies":"Chosen","floor":18.0,"turns":4.0},{"damage":13.0,"enemies":"Spheric Guardian","floor":19.0,"turns":6.0},{"damage":7.0,"enemies":"Cultist and Chosen","floor":20.0,"turns":5.0},{"damage":4.0,"enemies":"Masked Bandits","floor":22.0,"turns":4.0},{"damage":12.0,"enemies":"3 Cultists","floor":25.0,"turns":6.0},{"damage":0.0,"enemies":"Snake Plant","floor":27.0,"turns":5.0},{"damage":0.0,"enemies":"Snecko","floor":29.0,"turns":4.0},{"damage":4.0,"enemies":"Centurion and Healer","floor":31.0,"turns":5.0},{"damage":18.0,"enemies":"Collector","floor":33.0,"turns":7.0},{"damage":0.0,"enemies":"3 Shapes","floor":35.0,"turns":5.0},{"damage":0.0,"enemies":"3 Darklings","floor":38.0,"turns":4.0},{"damage":19.0,"enemies":"Nemesis","floor":41.0,"turns":6.0},{"damage":0,"enemies":"4 Shapes","floor":45,"turns":4},{"damage":28,"enemies":"Awakened One","floor":50,"turns":9}],"seed_played":"9054861427763553181","potions_obtained":[{"floor":6.0,"key":"Poison Potion"},{"floor":8.0,"key":"Block Potion"},{"floor":10.0,"key":"LiquidBronze"},{"floor":16.0,"key":"GhostInAJar"}],"is_trial":false,"path_per_floor":["M","?","?","M","?","E","R","M","T","M","R","$","$","M","R","B",null,"M","M","M","$","?","R","?","M","T","M","R","M","R","M","R","B",null,"M","?","$","M","?","R","E","R","T","$","M","R","$","T","R","B",null],"character_chosen":"THE_SILENT","items_purchased":["Snake Skull","Noxious Fumes","Lee\u0027s Waffle","Infinite Blades"],"campfire_rested":0,"item_purchase_floors":[12,12,44,47],"current_hp_per_floor":[70,53,53,53,42,42,42,42,42,26,26,26,26,23,23,20,70,70,57,50,50,46,46,46,34,34,34,34,34,34,30,30,12,70,70,70,70,70,70,70,51,51,51,77,77,77,77,77,77,49],"gold":70,"neow_bonus":"THREE_ENEMY_KILL","is_prod":false,"is_daily":false,"chose_seed":false,"campfire_upgraded":11,"win_rate":0,"timestamp":1541302370,"path_taken":["M","?","?","?","?","E","R","M","T","M","R","?","$","?","R","BOSS","M","?","M","$","?","R","?","M","T","M","R","?","R","M","R","BOSS","M","?","$","?","?","R","E","R","T","?","M","R","$","?","R","BOSS"],"build_version":"2018-11-01","purchased_purges":3,"victory":true,"max_hp_per_floor":[70,70,70,70,70,70,70,70,70,70,70,70,70,70,70,70,70,70,70,70,70,70,70,70,70,70,70,70,70,70,70,70,70,70,70,70,70,70,70,70,70,70,70,77,77,77,77,77,77,77],"card_choices":[{"not_picked":["Slice","Reflex","Concentrate"],"picked":"SKIP","floor":1.0},{"not_picked":["Prepared","Choke"],"picked":"Poisoned Stab","floor":4.0},{"not_picked":["Outmaneuver","Endless Agony","Dagger Spray"],"picked":"SKIP","floor":6.0},{"not_picked":["Blade Dance","Deflect"],"picked":"Deadly Poison","floor":8.0},{"not_picked":["Prepared","Bane"],"picked":"Wraith Form v2","floor":10.0},{"not_picked":["Distraction","Bane","Dagger Spray"],"picked":"SKIP","floor":14.0},{"not_picked":["After Image","Die Die Die"],"picked":"Venomology","floor":16.0},{"not_picked":["Flying Knee","Blade Dance"],"picked":"Dash","floor":18.0},{"not_picked":["Poisoned Stab","Predator"],"picked":"Infinite Blades","floor":19.0},{"not_picked":["Terror","Bane+1","Expertise"],"picked":"SKIP","floor":20.0},{"not_picked":["Quick Slash","Bane+1"],"picked":"Backflip+1","floor":25.0},{"not_picked":["Concentrate","Riddle With Holes"],"picked":"Cloak And Dagger","floor":27.0},{"not_picked":["Dagger Spray","Deadly Poison","Blade Dance"],"picked":"SKIP","floor":29.0},{"not_picked":["Quick Slash+1","Flying Knee+1","Slice"],"picked":"SKIP","floor":31.0},{"not_picked":["Unload","Bullet Time"],"picked":"Die Die Die","floor":33.0},{"not_picked":["Slice","Tactician"],"picked":"Leg Sweep","floor":35.0},{"not_picked":["Dagger Throw","Poisoned Stab","Outmaneuver"],"picked":"SKIP","floor":38.0},{"not_picked":["Prepared+1","Cloak And Dagger+1"],"picked":"Catalyst","floor":41.0},{"not_picked":["PiercingWail","Backflip"],"picked":"Catalyst+1","floor":45},{"not_picked":["Quick Slash","Distraction+1"],"picked":"Backflip","floor":45}],"player_experience":851383,"relics_obtained":[{"floor":6.0,"key":"Art of War"},{"floor":9.0,"key":"Boot"},{"floor":22.0,"key":"Red Mask"},{"floor":26.0,"key":"War Paint"},{"floor":41.0,"key":"Matryoshka"},{"floor":43.0,"key":"Kunai"},{"floor":43.0,"key":"Prayer Wheel"},{"floor":48,"key":"Ninja Scroll"},{"floor":48,"key":"Gremlin Horn"}],"event_choices":[{"damage_healed":0.0,"max_hp_gain":0.0,"max_hp_loss":0.0,"gold_gain":0.0,"event_name":"Golden Idol","player_choice":"Take Damage","floor":2.0,"gold_loss":0.0,"damage_taken":17.0,"relics_obtained":["Golden Idol"]},{"damage_healed":0.0,"max_hp_gain":0.0,"max_hp_loss":0.0,"gold_gain":0.0,"cards_transformed":["Strike_G"],"event_name":"Transmorgrifier","player_choice":"Transformed","floor":3.0,"gold_loss":0.0,"damage_taken":0.0,"cards_obtained":["Envenom"]},{"damage_healed":0.0,"max_hp_gain":0.0,"max_hp_loss":0.0,"gold_gain":75.0,"event_name":"World of Goop","player_choice":"Gather Gold","floor":5.0,"gold_loss":0.0,"damage_taken":11.0},{"damage_healed":0.0,"max_hp_gain":0.0,"max_hp_loss":0.0,"gold_gain":0.0,"event_name":"Masked Bandits","player_choice":"Fought Bandits","floor":22.0,"gold_loss":0.0,"damage_taken":0.0},{"cards_removed":["Strike_G"],"damage_healed":0.0,"max_hp_gain":0.0,"max_hp_loss":0.0,"gold_gain":0.0,"event_name":"Wheel of Change","player_choice":"Card Removal","floor":24.0,"gold_loss":0.0,"damage_taken":0.0},{"cards_removed":["Venomology"],"damage_healed":0.0,"max_hp_gain":0.0,"max_hp_loss":0.0,"gold_gain":0.0,"event_name":"Purifier","player_choice":"Purged","floor":36.0,"gold_loss":0.0,"damage_taken":0.0},{"cards_removed":["Defend_G"],"damage_healed":0.0,"max_hp_gain":0.0,"max_hp_loss":0.0,"gold_gain":0.0,"event_name":"Falling","player_choice":"Removed Skill","floor":39.0,"gold_loss":0.0,"damage_taken":0.0}],"is_beta":false,"boss_relics":[{"not_picked":["Tiny House","HoveringKite"],"picked":"Sozu"},{"not_picked":["WristBlade","Ring of the Serpent"],"picked":"Astrolabe"}],"items_purged_floors":[12,21,37],"is_endless":false,"potions_floor_spawned":[6,8,10,16,19,22,27,38,45],"ascension_level":0}