{"gold_per_floor":[111,126,126,51,64,64,90,110,190,220,220,18,18,49,49,126,126,139,139,0,20,33,33,60,60,84,101,128,128,128,144,144,217,217,237,237,137,157,124,124,138,168,168,168,268,268,299,299,299,299,299,299,129,156,156],"floor_reached":56,"playtime":2440,"items_purged":["Strike_G","Strike_G","Defend_G"],"score":2337,"play_id":"9a96cdef-e099-4b7a-9058-a819b6a0cb30","local_time":"20181217003313","is_ascension_mode":true,"campfire_choices":[{"data":"Well Laid Plans","floor":6.0,"key":"SMITH"},{"data":"Grand Finale","floor":11.0,"key":"SMITH"},{"data":"Neutralize","floor":15.0,"key":"SMITH"},{"data":"Tactician","floor":23.0,"key":"SMITH"},{"data":"Backflip","floor":25.0,"key":"SMITH"},{"data":"Glass Knife","floor":30.0,"key":"SMITH"},{"floor":32.0,"key":"RECALL"},{"data":"Deadly Poison","floor":40.0,"key":"SMITH"},{"data":"After Image","floor":44,"key":"SMITH"},{"data":"Strike_G","floor":46,"key":"PURGE"},{"data":"Strike_G","floor":49,"key":"PURGE"},{"data":"Dagger Throw","floor":52,"key":"PURGE"}],"neow_cost":"TEN_PERCENT_HP_LOSS","seed_source_timestamp":43862428979305,"circlet_count":0,"master_deck":["AscendersBane","Defend_G","Defend_G+1","Defend_G+1","Defend_G+1","Strike_G+1","Survivor","Neutralize+1","Grand Finale+1","Masterful Stab","Tactician+1","After Image+1","Well Laid Plans+1","Deadly Poison+1","Caltrops+1","Tools of the Trade+1","After Image+1","Backflip+1","PiercingWail+1","Glass Knife+1","Crippling Poison+1","Leg Sweep+1","Corpse Explosion+1","Cloak And Dagger+1","Caltrops+1","Catalyst+1","Expertise+1","Cloak And Dagger+1","PiercingWail+1","Master of Strategy+1","Finesse+1","Backflip+1","Acrobatics+1"],"special_seed":0,"relics":["Ring of the Snake","Du-Vu Doll","Frozen Egg 2","Centennial Puzzle","ClockworkSouvenir","Blood Vial","Runic Pyramid","Toxic Egg 2","Regal Pillow","Kunai","Coffee Dripper","War Paint","Unceasing Top","Juzu Bracelet","Peace Pipe","Ninja Scroll","Mango"],"potions_floor_usage":[55],"damage_taken":[{"damage":0.0,"enemies":"2 Louse","floor":1.0,"turns":3.0},{"damage":0.0,"enemies":"Cultist","floor":2.0,"turns":4.0},{"damage":0.0,"enemies":"Jaw Worm","floor":5.0,"turns":5.0},{"damage":0.0,"enemies":"3 Sentries","floor":7.0,"turns":6.0},{"damage":6.0,"enemies":"3 Louse","floor":8.0,"turns":5.0},{"damage":6.0,"enemies":"Lagavulin","floor":10.0,"turns":6.0},{"damage":0.0,"enemies":"Gremlin Nob","floor":14.0,"turns":5.0},{"damage":20.0,"enemies":"Slime Boss","floor":16.0,"turns":8.0},{"damage":0.0,"enemies":"Spheric Guardian","floor":18.0,"turns":4.0},{"damage":17.0,"enemies":"Colosseum Slavers","floor":19.0,"turns":3.0},{"damage":3.0,"enemies":"3 Byrds","floor":21.0,"turns":2.0},{"damage":0.0,"enemies":"Sentry and Sphere","floor":22.0,"turns":6.0},{"damage":5.0,"enemies":"Book of Stabbing","floor":24.0,"turns":6.0},{"damage":0.0,"enemies":"Centurion and Healer","floor":27.0,"turns":4.0},{"damage":2.0,"enemies":"Gremlin Leader","floor":28.0,"turns":6.0},{"damage":0.0,"enemies":"Snecko","floor":31.0,"turns":4.0},{"damage":0.0,"enemies":"Champ","floor":33.0,"turns":14.0},{"damage":10.0,"enemies":"3 Darklings","floor":35.0,"turns":4.0},{"damage":0.0,"enemies":"3 Shapes","floor":38.0,"turns":5.0},{"damage":7.0,"enemies":"3 Darklings","floor":41.0,"turns":5.0},{"damage":16,"enemies":"Reptomancer","floor":42,"turns":6},{"damage":0,"enemies":"Mind Bloom Boss Battle","floor":45,"turns":7},{"damage":0,"enemies":"Nemesis","floor":47,"turns":7},{"damage":0,"enemies":"Time Eater","floor":50,"turns":15},{"damage":11,"enemies":"Shield and Spear","floor":54,"turns":5},{"damage":18,"enemies":"The Heart","floor":55,"turns":9}],"seed_played":"-2634712946083573757","potions_obtained":[{"floor":1.0,"key":"Energy Potion"},{"floor":2.0,"key":"Swift Potion"},{"floor":8.0,"key":"PowerPotion"},{"floor":24.0,"key":"SpeedPotion"},{"floor":28.0,"key":"Dexterity Potion"},{"floor":33.0,"key":"SkillPotion"},{"floor":38.0,"key":"SteroidPotion"},{"floor":42,"key":"SteroidPotion"}],"is_trial":false,"path_per_floor":["M","M","?","$","M","R","E","M","T","E","R","$","?","E","R","B",null,"M","?","?","M","M","R","E","R","T","M","E","T","R","M","R","B",null,"M","?","$","M","$","R","M","E","T","R","?","R","E","?","R","B",null,"R","$","E","B",null],"character_chosen":"THE_SILENT","items_purchased":["ClockworkSouvenir","Catalyst+1","Backflip+1"],"campfire_rested":0,"item_purchase_floors":[12,39,53],"current_hp_per_floor":[59,59,59,59,59,59,59,53,53,47,47,47,29,29,29,11,48,50,35,35,34,36,36,33,33,33,35,35,35,35,37,37,39,55,47,47,47,49,49,49,44,30,30,30,32,32,34,24,24,26,52,52,52,57,41],"gold":156,"neow_bonus":"THREE_RARE_CARDS","is_prod":false,"is_daily":false,"chose_seed":false,"campfire_upgraded":8,"win_rate":0,"timestamp":1544977993,"path_taken":["M","M","?","$","?","R","E","M","T","E","R","$","?","E","R","BOSS","M","?","?","M","M","R","E","R","T","M","E","?","R","?","R","BOSS","M","?","$","M","?","R","?","E","T","R","?","R","E","?","R","BOSS","R","$","E","BOSS"],"build_version":"2018-12-13","purchased_purges":3,"victory":true,"max_hp_per_floor":[60,60,60,60,60,60,60,60,60,60,60,60,60,60,60,60,60,60,60,60,60,60,60,60,60,60,60,60,60,60,60,60,60,60,60,60,60,60,60,60,60,60,60,60,60,60,60,60,60,60,60,60,60,74,74],"card_choices":[{"not_picked":["Unload","Storm of Steel"],"picked":"Grand Finale","floor":0.0},{"not_picked":["Outmaneuver","Accuracy"],"picked":"Masterful Stab","floor":1.0},{"not_picked":["Bane","Slice"],"picked":"Tactician","floor":2.0},{"not_picked":["Caltrops","Poisoned Stab"],"picked":"Dagger Throw","floor":5.0},{"not_picked":["Bouncing Flask","Poisoned Stab","Dagger Throw"],"picked":"SKIP","floor":7.0},{"not_picked":["Concentrate","Dodge and Roll","Cloak And Dagger"],"picked":"SKIP","floor":8.0},{"not_picked":["Dodge and Roll","Finisher"],"picked":"Caltrops+1","floor":10.0},{"not_picked":["Cloak And Dagger","Deflect"],"picked":"Tools of the Trade+1","floor":14.0},{"not_picked":["Tools of the Trade+1","Burst"],"picked":"After Image+1","floor":16.0},{"not_picked":["Slice","Cloak And Dagger","Blade Dance"],"picked":"SKIP","floor":18.0},{"not_picked":["Catalyst","Riddle With Holes"],"picked":"Backflip","floor":21.0},{"not_picked":["Sucker Punch","Outmaneuver","PiercingWail"],"picked":"SKIP","floor":22.0},{"not_picked":["Accuracy+1","Choke"],"picked":"PiercingWail+1","floor":24.0},{"not_picked":["Sucker Punch","Glass Knife","Dagger Throw"],"picked":"SKIP","floor":27.0},{"not_picked":["Sucker Punch","Dagger Throw"],"picked":"Glass Knife","floor":27.0},{"not_picked":["Poisoned Stab","Sucker Punch"],"picked":"Crippling Poison+1","floor":28.0},{"not_picked":["Infinite Blades+1","Slice"],"picked":"Leg Sweep+1","floor":31.0},{"not_picked":["Bullet Time+1","Die Die Die"],"picked":"Corpse Explosion+1","floor":33.0},{"not_picked":["Quick Slash+1","Dagger Spray"],"picked":"Cloak And Dagger+1","floor":35.0},{"not_picked":["Deflect+1","Heel Hook"],"picked":"Caltrops+1","floor":38.0},{"not_picked":["Outmaneuver+1","Dodge and Roll+1"],"picked":"Expertise+1","floor":41.0},{"not_picked":["Crippling Poison+1","Reflex+1","Bullet Time+1"],"picked":"SKIP","floor":42},{"not_picked":["Setup+1","Slice"],"picked":"Cloak And Dagger+1","floor":45},{"not_picked":["Poisoned Stab+1","Eviscerate+1"],"picked":"PiercingWail+1","floor":47},{"not_picked":["Panache+1","Dramatic Entrance"],"picked":"Master of Strategy+1","floor":48},{"not_picked":["Magnetism+1","Thinking Ahead+1"],"picked":"Finesse+1","floor":48},{"not_picked":["Dagger Spray","Deadly Poison+1"],"picked":"Acrobatics+1","floor":54}],"player_experience":1299889,"relics_obtained":[{"floor":7.0,"key":"Du-Vu Doll"},{"floor":9.0,"key":"Frozen Egg 2"},{"floor":10.0,"key":"Centennial Puzzle"},{"floor":14.0,"key":"Blood Vial"},{"floor":24.0,"key":"Toxic Egg 2"},{"floor":28.0,"key":"Regal Pillow"},{"floor":29.0,"key":"Kunai"},{"floor":42,"key":"Unceasing Top"},{"floor":43,"key":"Juzu Bracelet"},{"floor":45,"key":"Peace Pipe"},{"floor":47,"key":"Ninja Scroll"},{"floor":54,"key":"Mango"}],"event_choices":[{"damage_healed":0.0,"max_hp_gain":0.0,"max_hp_loss":0.0,"gold_gain":0.0,"event_name":"Match and Keep!","player_choice":"3 cards matched","floor":3.0,"gold_loss":0.0,"damage_taken":0.0,"cards_obtained":["After Image","Well Laid Plans","Deadly Poison"]},{"damage_healed":0.0,"max_hp_gain":0.0,"max_hp_loss":0.0,"gold_gain":0.0,"event_name":"Shining Light","player_choice":"Entered Light","floor":13.0,"gold_loss":0.0,"damage_taken":18.0,"cards_upgraded":["Strike_G","Defend_G"]},{"damage_healed":0.0,"max_hp_gain":0.0,"max_hp_loss":0.0,"gold_gain":0.0,"event_name":"Colosseum","player_choice":"Fight","floor":19.0,"gold_loss":0.0,"damage_taken":0.0},{"damage_healed":0.0,"max_hp_gain":0.0,"max_hp_loss":0.0,"gold_gain":0.0,"event_name":"Colosseum","player_choice":"Fled From Nobs","floor":19.0,"gold_loss":0.0,"damage_taken":0.0},{"damage_healed":0.0,"max_hp_gain":0.0,"max_hp_loss":0.0,"gold_gain":0.0,"event_name":"Masked Bandits","player_choice":"Paid Fearfully","floor":20.0,"gold_loss":139.0,"damage_taken":0.0},{"damage_healed":0.0,"max_hp_gain":0.0,"max_hp_loss":0.0,"gold_gain":0.0,"event_name":"WeMeetAgain","player_choice":"Gave Potion","floor":36.0,"gold_loss":0.0,"damage_taken":0.0,"relics_obtained":["War Paint"]},{"damage_healed":0,"gold_gain":0,"player_choice":"Fight","damage_taken":0,"max_hp_gain":0,"max_hp_loss":0,"event_name":"MindBloom","floor":45,"gold_loss":0},{"damage_healed":0,"gold_gain":0,"player_choice":"Memory 3","damage_taken":10,"max_hp_gain":0,"max_hp_loss":0,"event_name":"SensoryStone","floor":48,"gold_loss":0}],"is_beta":false,"boss_relics":[{"not_picked":["White Beast Statue","Calling Bell"],"picked":"Runic Pyramid"},{"not_picked":["Pandora\u0027s Box","HoveringKite"],"picked":"Coffee Dripper"}],"items_purged_floors":[4,37,53],"is_endless":false,"potions_floor_spawned":[1,2,8,19,24,28,33,38,42,47],"ascension_level":15}