{"gold_per_floor":[124,155,167,179,211,223,253,289,324,379,410,422,434,490,502,514],"floor_reached":16,"playtime":438,"items_purged":[],"score":274,"play_id":"fb4f4f1d-3284-4b5e-ac8c-ec7a4dde026f","local_time":"20190404202658","is_ascension_mode":true,"campfire_choices":[{"data":"Poisoned Stab","floor":6,"key":"SMITH"},{"data":"Flechettes","floor":13,"key":"SMITH"},{"data":"Neutralize","floor":15,"key":"SMITH"}],"neow_cost":"NONE","seed_source_timestamp":30254080608085,"circlet_count":0,"master_deck":["AscendersBane","Defend_G","Defend_G","Defend_G","Defend_G","Defend_G","Strike_G","Strike_G","Strike_G","Strike_G","Strike_G","Survivor","Neutralize+1","Flechettes+1","Poisoned Stab+1","Infinite Blades","Leg Sweep","Die Die Die","Backstab"],"relics":["Ring of the Snake","MawBank","Golden Idol","Happy Flower","Lantern","Vajra"],"potions_floor_usage":[11,14],"damage_taken":[{"damage":3,"enemies":"Cultist","floor":1,"turns":4},{"damage":0,"enemies":"Small Slimes","floor":2,"turns":4},{"damage":0,"enemies":"Jaw Worm","floor":5,"turns":4},{"damage":14,"enemies":"Large Slime","floor":7,"turns":7},{"damage":0,"enemies":"3 Louse","floor":8,"turns":3},{"damage":35,"enemies":"Lagavulin","floor":10,"turns":8},{"damage":3,"enemies":"Red Slaver","floor":11,"turns":4},{"damage":0,"enemies":"Gremlin Nob","floor":14,"turns":2},{"damage":6,"enemies":"Hexaghost","floor":16,"turns":9}],"seed_played":"3275898091345506507","potions_obtained":[{"floor":5,"key":"SkillPotion"},{"floor":7,"key":"SteroidPotion"},{"floor":11,"key":"Ancient Potion"}],"is_trial":false,"path_per_floor":["M","M","?","?","M","R","M","M","T","E","M","?","R","E","R","B"],"character_chosen":"THE_SILENT","items_purchased":[],"campfire_rested":0,"item_purchase_floors":[],"current_hp_per_floor":[56,56,56,56,56,56,42,42,42,7,4,4,4,4,4,0],"gold":514,"neow_bonus":"RANDOM_COMMON_RELIC","is_prod":false,"is_daily":false,"chose_seed":false,"campfire_upgraded":3,"win_rate":0,"timestamp":1554380818,"path_taken":["M","M","?","?","M","R","M","?","T","E","M","?","R","E","R","BOSS"],"build_version":"2019-01-23","purchased_purges":0,"victory":false,"max_hp_per_floor":[66,66,60,60,60,60,60,60,60,60,60,60,60,60,60,60],"card_choices":[{"not_picked":["Backflip","Expertise"],"picked":"Flechettes","floor":1},{"not_picked":["Outmaneuver","Flying Knee"],"picked":"Poisoned Stab","floor":2},{"not_picked":["Prepared","Underhanded Strike"],"picked":"Infinite Blades","floor":5},{"not_picked":["PiercingWail","Heel Hook"],"picked":"Leg Sweep","floor":7},{"not_picked":["Backflip","Poisoned Stab"],"picked":"Die Die Die","floor":8},{"not_picked":["Sucker Punch","Poisoned Stab","All Out Attack"],"picked":"SKIP","floor":10},{"not_picked":["PiercingWail","Masterful Stab"],"picked":"Backstab","floor":11},{"not_picked":["Dagger Throw","Underhanded Strike","Slice"],"picked":"SKIP","floor":14}],"player_experience":4052698,"relics_obtained":[{"floor":9,"key":"Happy Flower"},{"floor":10,"key":"Lantern"},{"floor":14,"key":"Vajra"}],"event_choices":[{"damage_healed":0,"gold_gain":0,"player_choice":"Lose Max HP","damage_taken":0,"relics_obtained":["Golden Idol"],"max_hp_gain":0,"max_hp_loss":6,"event_name":"Golden Idol","floor":3,"gold_loss":0},{"damage_healed":0,"gold_gain":0,"player_choice":"Ignored","damage_taken":0,"max_hp_gain":0,"max_hp_loss":0,"event_name":"Liars Game","floor":4,"gold_loss":0},{"damage_healed":0,"gold_gain":0,"player_choice":"Fled","damage_taken":0,"max_hp_gain":0,"max_hp_loss":0,"event_name":"Scrap Ooze","floor":12,"gold_loss":0}],"is_beta":false,"boss_relics":[],"items_purged_floors":[],"is_endless":false,"potions_floor_spawned":[5,7,10,11],"killed_by":"Hexaghost","ascension_level":20}