{"gold_per_floor":[114,125,125,141,66,99,115,15,38,101,101,101,101,124,124,124],"floor_reached":16,"playtime":581,"items_purged":["Defend_G","Strike_G"],"score":110,"play_id":"6ff1c633-68b5-464f-8285-6bd43803e61e","local_time":"20190103183100","is_ascension_mode":false,"campfire_choices":[{"data":"Blade Dance","floor":13,"key":"SMITH"},{"data":"Survivor","floor":15,"key":"SMITH"}],"neow_cost":"NONE","seed_source_timestamp":14741957148548,"circlet_count":0,"master_deck":["Defend_G","Defend_G","Defend_G","Defend_G","Strike_G","Strike_G","Strike_G+1","Strike_G","Survivor+1","Neutralize+1","Finisher+1","Blade Dance+1","Leg Sweep","Predator"],"relics":["Ring of the Snake","NeowsBlessing","Regal Pillow","Whetstone","Tiny Chest","Golden Idol","NlothsMask"],"potions_floor_usage":[1],"damage_taken":[{"damage":0,"enemies":"2 Louse","floor":1,"turns":1},{"damage":0,"enemies":"Cultist","floor":2,"turns":1},{"damage":0,"enemies":"Jaw Worm","floor":4,"turns":1},{"damage":4,"enemies":"Gremlin Nob","floor":6,"turns":3},{"damage":0,"enemies":"3 Louse","floor":7,"turns":3},{"damage":18,"enemies":"3 Sentries","floor":10,"turns":6},{"damage":10,"enemies":"Gremlin Gang","floor":14,"turns":5},{"damage":25,"enemies":"Hexaghost","floor":16,"turns":11}],"seed_played":"2323440782571972195","potions_obtained":[{"floor":1,"key":"Fruit Juice"},{"floor":2,"key":"Fire Potion"},{"floor":7,"key":"Fire Potion"},{"floor":14,"key":"Strength Potion"}],"is_trial":false,"path_per_floor":["M","M","?","M","$","E","M","$","T","E","?","?","R","M","R","B"],"character_chosen":"THE_SILENT","items_purchased":[],"campfire_rested":0,"item_purchase_floors":[],"current_hp_per_floor":[75,75,75,75,75,71,71,71,71,53,35,35,35,25,25,0],"gold":124,"neow_bonus":"THREE_ENEMY_KILL","is_prod":false,"is_daily":false,"chose_seed":false,"campfire_upgraded":2,"win_rate":0,"timestamp":1546536660,"path_taken":["M","M","?","?","$","E","M","?","T","E","?","?","R","M","R","BOSS"],"build_version":"2018-12-20","purchased_purges":2,"victory":false,"max_hp_per_floor":[75,75,75,75,75,75,75,75,75,75,75,75,75,75,75,75],"card_choices":[{"not_picked":["Dodge and Roll","Dagger Spray"],"picked":"Finisher","floor":1},{"not_picked":["Poisoned Stab","All Out Attack","Underhanded Strike"],"picked":"SKIP","floor":2},{"not_picked":["Predator","Blur"],"picked":"Blade Dance","floor":4},{"not_picked":["Dagger Spray","Slice"],"picked":"Leg Sweep","floor":6},{"not_picked":["Leg Sweep","Tactician"],"picked":"Predator","floor":7},{"not_picked":["Dash","Sucker Punch","Prepared"],"picked":"SKIP","floor":10},{"not_picked":["Deflect","Eviscerate","Dagger Spray"],"picked":"SKIP","floor":14}],"player_experience":394569,"relics_obtained":[{"floor":6,"key":"Regal Pillow"},{"floor":9,"key":"Whetstone"},{"floor":10,"key":"Tiny Chest"}],"event_choices":[{"damage_healed":0,"gold_gain":0,"player_choice":"Upgraded","damage_taken":0,"max_hp_gain":0,"max_hp_loss":0,"event_name":"Upgrade Shrine","floor":3,"gold_loss":0,"cards_upgraded":["Neutralize"]},{"damage_healed":0,"gold_gain":0,"player_choice":"Take Damage","damage_taken":18,"relics_obtained":["Golden Idol"],"max_hp_gain":0,"max_hp_loss":0,"event_name":"Golden Idol","floor":11,"gold_loss":0},{"damage_healed":0,"gold_gain":0,"player_choice":"Trade","damage_taken":0,"relics_obtained":["NlothsMask"],"max_hp_gain":0,"max_hp_loss":0,"event_name":"FaceTrader","floor":12,"gold_loss":0}],"is_beta":false,"boss_relics":[],"items_purged_floors":[5,8],"is_endless":false,"potions_floor_spawned":[1,2,7,14],"killed_by":"Hexaghost","ascension_level":0}