{"gold_per_floor":[117,63,63,75,22,22,22,22,22,22,52,52,52,73,73,167,167,180,24,24,24,36,36],"floor_reached":23,"playtime":466,"items_purged":["Strike_B"],"score":420,"play_id":"74b917d0-b600-4bce-a13a-cc0ba24e17bf","local_time":"20181120155030","is_ascension_mode":true,"campfire_choices":[{"data":"Beam Cell","floor":7,"key":"SMITH"},{"data":"Gash","floor":10,"key":"SMITH"},{"data":"Go for the Eyes","floor":15,"key":"SMITH"}],"neow_cost":"NONE","seed_source_timestamp":1745734284249317,"circlet_count":0,"master_deck":["AscendersBane","Strike_B+1","Defend_B","Defend_B","Defend_B","Defend_B","Zap+1","Dualcast","Gash+1","Gash+1","Beam Cell+1","Go for the Eyes+1","Reprogram","Reboot","Hologram","Steam"],"relics":["Cracked Core","NeowsBlessing","Juzu Bracelet","Pear","Kunai","Golden Idol","Busted Crown"],"potions_floor_usage":[],"damage_taken":[{"damage":0,"enemies":"Jaw Worm","floor":1,"turns":1},{"damage":0,"enemies":"Cultist","floor":4,"turns":1},{"damage":0,"enemies":"3 Sentries","floor":11,"turns":1},{"damage":4,"enemies":"Small Slimes","floor":14,"turns":3},{"damage":47,"enemies":"Slime Boss","floor":16,"turns":9},{"damage":15,"enemies":"3 Byrds","floor":18,"turns":5},{"damage":14,"enemies":"2 Thieves","floor":22,"turns":4},{"damage":23,"enemies":"Slavers","floor":23,"turns":2}],"seed_played":"-5112998454229609489","potions_obtained":[{"floor":4,"key":"FocusPotion"},{"floor":11,"key":"SpeedPotion"}],"is_trial":false,"path_per_floor":["M","$","?","M","?","?","R","?","T","R","E","?","?","M","R","B",null,"M","$","?","$","M","E"],"character_chosen":"DEFECT","items_purchased":["Gash","Hologram","Steam"],"campfire_rested":0,"item_purchase_floors":[2,19,19],"current_hp_per_floor":[64,64,69,69,69,46,46,46,56,56,56,56,56,52,52,5,60,45,45,45,45,31,8],"gold":36,"neow_bonus":"THREE_ENEMY_KILL","is_prod":false,"is_daily":false,"chose_seed":false,"campfire_upgraded":3,"win_rate":0,"timestamp":1542700230,"path_taken":["M","$","?","M","?","?","R","?","T","R","E","?","?","M","R","BOSS","M","$","?","?","M","E"],"build_version":"2018-11-15","purchased_purges":1,"victory":false,"max_hp_per_floor":[71,71,76,76,76,76,76,76,86,86,86,78,78,78,78,78,78,78,78,78,78,78,78],"card_choices":[{"not_picked":["Leap","Chaos"],"picked":"Gash","floor":1},{"not_picked":["Stack","Coolheaded"],"picked":"Beam Cell","floor":4},{"not_picked":["Stack","Redo"],"picked":"Go for the Eyes","floor":11},{"not_picked":["Redo","Barrage","Turbo"],"picked":"SKIP","floor":14},{"not_picked":["Thunder Strike","Core Surge"],"picked":"Reboot","floor":16},{"not_picked":["Barrage"],"picked":"SKIP","floor":18},{"not_picked":["Conserve Battery"],"picked":"SKIP","floor":22}],"player_experience":578953,"relics_obtained":[{"floor":9,"key":"Pear"},{"floor":11,"key":"Kunai"}],"event_choices":[{"damage_healed":0,"gold_gain":0,"player_choice":"Donut","damage_taken":0,"max_hp_gain":5,"max_hp_loss":0,"event_name":"Big Fish","floor":3,"gold_loss":0},{"damage_healed":0,"gold_gain":0,"player_choice":"Paid Gold","damage_taken":0,"relics_obtained":["Juzu Bracelet"],"max_hp_gain":0,"max_hp_loss":0,"event_name":"WeMeetAgain","floor":5,"gold_loss":53},{"damage_healed":0,"gold_gain":0,"player_choice":"Entered Light","damage_taken":23,"max_hp_gain":0,"max_hp_loss":0,"event_name":"Shining Light","floor":6,"gold_loss":0,"cards_upgraded":["Strike_B","Zap"]},{"damage_healed":0,"gold_gain":0,"player_choice":"Upgraded","damage_taken":0,"max_hp_gain":0,"max_hp_loss":0,"event_name":"Upgrade Shrine","floor":8,"gold_loss":0,"cards_upgraded":["Gash"]},{"damage_healed":0,"gold_gain":0,"player_choice":"Lose Max HP","damage_taken":0,"relics_obtained":["Golden Idol"],"max_hp_gain":0,"max_hp_loss":8,"event_name":"Golden Idol","floor":12,"gold_loss":0},{"damage_healed":0,"gold_gain":0,"cards_transformed":["Strike_B"],"player_choice":"Change","damage_taken":0,"max_hp_gain":0,"max_hp_loss":0,"event_name":"Living Wall","floor":13,"gold_loss":0,"cards_obtained":["Reprogram"]},{"cards_removed":["Strike_B"],"damage_healed":0,"gold_gain":0,"player_choice":"Elegance","damage_taken":0,"max_hp_gain":0,"max_hp_loss":0,"event_name":"Back to Basics","floor":20,"gold_loss":0}],"is_beta":true,"boss_relics":[{"not_picked":["Inserter","Velvet Choker"],"picked":"Busted Crown"}],"items_purged_floors":[19],"is_endless":false,"potions_floor_spawned":[4,11,22],"killed_by":"Slavers","ascension_level":20}