{"gold_per_floor":[115,115,115,129,24,55,55,55,55,55,105,124,156,172,172,243,243,263,293,26,36,36],"floor_reached":22,"playtime":1426,"items_purged":[],"score":384,"play_id":"0e048c67-181f-4fb6-a536-bbf3ce48fc45","local_time":"20190801193532","is_ascension_mode":true,"campfire_choices":[{"floor":7,"key":"REST"},{"floor":10,"key":"REST"},{"data":"Well Laid Plans","floor":15,"key":"SMITH"}],"neow_cost":"NONE","seed_source_timestamp":114787351126526,"circlet_count":0,"master_deck":["AscendersBane","Strike_G","Strike_G+1","Strike_G","Strike_G","Strike_G","Defend_G","Defend_G","Defend_G","Defend_G","Defend_G","Survivor","Neutralize","Bouncing Flask","Dagger Spray","Well Laid Plans+1","Cloak And Dagger+1","Bullet Time","Well Laid Plans","Deadly Poison","Dagger Spray","Dagger Spray","Predator","Burst","Footwork","Backflip"],"relics":["Ring of the Snake","Dream Catcher","Bottled Flame","Paper Crane","Gremlin Horn","Cursed Key","Tiny Chest","Medical Kit"],"potions_floor_usage":[6,6,13,16],"damage_taken":[{"damage":0,"enemies":"2 Louse","floor":1,"turns":4},{"damage":4,"enemies":"Small Slimes","floor":4,"turns":3},{"damage":15,"enemies":"Lagavulin","floor":6,"turns":7},{"damage":6,"enemies":"Cultist","floor":12,"turns":4},{"damage":6,"enemies":"3 Sentries","floor":13,"turns":4},{"damage":9,"enemies":"Large Slime","floor":14,"turns":5},{"damage":26,"enemies":"The Guardian","floor":16,"turns":10},{"damage":29,"enemies":"Spheric Guardian","floor":18,"turns":6},{"damage":21,"enemies":"2 Thieves","floor":21,"turns":4},{"damage":9,"enemies":"Snake Plant","floor":22,"turns":2}],"seed_played":"3980944329225959346","potions_obtained":[{"floor":1,"key":"Dexterity Potion"},{"floor":4,"key":"EntropicBrew"},{"floor":16,"key":"GamblersBrew"},{"floor":21,"key":"Explosive Potion"}],"is_trial":false,"path_per_floor":["M","?","?","M","$","E","R","?","T","R","?","M","E","M","R","B",null,"M","?","$","M","M"],"character_chosen":"THE_SILENT","items_purchased":["Well Laid Plans","Cloak And Dagger","Medical Kit","Backflip"],"campfire_rested":2,"item_purchase_floors":[5,5,20,20],"current_hp_per_floor":[65,65,58,54,54,39,60,38,38,59,59,53,47,38,38,12,57,28,28,28,7,0],"gold":36,"neow_bonus":"TEN_PERCENT_HP_BONUS","is_prod":false,"is_daily":false,"chose_seed":false,"campfire_upgraded":1,"win_rate":0,"timestamp":1564680932,"path_taken":["M","?","?","M","$","E","R","?","T","R","?","M","E","?","R","BOSS","M","?","$","M","?"],"build_version":"2019-07-17","purchased_purges":0,"victory":false,"max_hp_per_floor":[72,72,72,72,72,72,72,72,72,72,72,72,72,72,72,72,72,72,72,72,72,72],"card_choices":[{"not_picked":["Well Laid Plans","Deflect"],"picked":"Bouncing Flask","floor":1},{"not_picked":["Poisoned Stab","Quick Slash"],"picked":"Dagger Spray","floor":4},{"not_picked":["Finisher","Flying Knee"],"picked":"Bullet Time","floor":6},{"not_picked":["Blur","Cloak And Dagger"],"picked":"Well Laid Plans","floor":7},{"not_picked":["Prepared","Deflect"],"picked":"Deadly Poison","floor":10},{"not_picked":["Poisoned Stab","Prepared"],"picked":"Dagger Spray","floor":12},{"not_picked":["Unload","Masterful Stab"],"picked":"Dagger Spray","floor":13},{"not_picked":["Concentrate","Slice"],"picked":"Predator","floor":14},{"not_picked":["Grand Finale","Unload"],"picked":"Burst","floor":16},{"not_picked":["Outmaneuver","Blade Dance"],"picked":"Footwork","floor":18},{"not_picked":["Endless Agony","Choke","Dagger Spray"],"picked":"SKIP","floor":21}],"player_experience":812705,"relics_obtained":[{"floor":6,"key":"Bottled Flame"},{"floor":9,"key":"Paper Crane"},{"floor":13,"key":"Gremlin Horn"}],"event_choices":[{"damage_healed":0,"gold_gain":0,"player_choice":"Box","damage_taken":0,"relics_obtained":["Dream Catcher"],"max_hp_gain":0,"max_hp_loss":0,"event_name":"Big Fish","floor":2,"gold_loss":0,"cards_obtained":["Regret"]},{"cards_removed":["Regret"],"damage_healed":0,"gold_gain":0,"player_choice":"Card Removal","damage_taken":7,"max_hp_gain":0,"max_hp_loss":0,"event_name":"Golden Wing","floor":3,"gold_loss":0},{"damage_healed":0,"gold_gain":0,"player_choice":"Entered Light","damage_taken":22,"max_hp_gain":0,"max_hp_loss":0,"event_name":"Shining Light","floor":8,"gold_loss":0,"cards_upgraded":["Cloak And Dagger","Strike_G"]},{"damage_healed":0,"gold_gain":50,"player_choice":"Pray","damage_taken":0,"max_hp_gain":0,"max_hp_loss":0,"event_name":"Golden Shrine","floor":11,"gold_loss":0},{"damage_healed":0,"gold_gain":0,"player_choice":"Gave Potion","damage_taken":0,"relics_obtained":["Tiny Chest"],"max_hp_gain":0,"max_hp_loss":0,"event_name":"WeMeetAgain","floor":19,"gold_loss":0}],"is_beta":false,"boss_relics":[{"not_picked":["Ring of the Serpent","Runic Dome"],"picked":"Cursed Key"}],"items_purged_floors":[],"is_endless":false,"potions_floor_spawned":[1,4,16,21],"killed_by":"Snake Plant","ascension_level":20}