{"gold_per_floor":[366,71,71,91,105,105,105,105,131,131,164,178,3,3],"floor_reached":14,"playtime":360,"items_purged":["Normality","Strike_G"],"score":175,"play_id":"bc1f48c3-a3cb-43f9-a583-b18638a7dcd3","local_time":"20190301110605","is_ascension_mode":true,"campfire_choices":[{"data":"Neutralize","floor":6.0,"key":"SMITH"},{"data":"Flechettes","floor":10.0,"key":"SMITH"}],"neow_cost":"CURSE","seed_source_timestamp":5302557174376,"circlet_count":0,"master_deck":["AscendersBane","Defend_G","Defend_G","Defend_G","Defend_G","Defend_G","Strike_G","Strike_G","Strike_G","Survivor","Neutralize+1","Flechettes+1","Backstab","Tools of the Trade","Dagger Throw","Reflex","Calculated Gamble"],"special_seed":0,"relics":["Ring of the Snake","TwistedFunnel","WarpedTongs","Spirit Poop","Pen Nib","Potion Belt"],"potions_floor_usage":[],"damage_taken":[{"damage":13.0,"enemies":"Jaw Worm","floor":1.0,"turns":5.0},{"damage":1.0,"enemies":"Cultist","floor":4.0,"turns":4.0},{"damage":0.0,"enemies":"2 Louse","floor":5.0,"turns":2.0},{"damage":44.0,"enemies":"Gremlin Nob","floor":11.0,"turns":6.0},{"damage":3.0,"enemies":"Red Slaver","floor":12.0,"turns":5.0},{"damage":4,"enemies":"Large Slime","floor":14,"turns":2}],"seed_played":"1284630270296526471","potions_obtained":[{"floor":1.0,"key":"Fruit Juice"}],"is_trial":false,"path_per_floor":["M","$","?","M","M","R","?","?","T","R","E","M","$","M"],"character_chosen":"THE_SILENT","items_purchased":["TwistedFunnel","Calculated Gamble"],"campfire_rested":0,"item_purchase_floors":[2,13],"current_hp_per_floor":[51,51,51,50,50,50,50,50,50,50,6,3,3,0],"gold":3,"neow_bonus":"TWO_FIFTY_GOLD","is_prod":false,"is_daily":false,"chose_seed":false,"campfire_upgraded":2,"win_rate":0,"timestamp":1551409565,"path_taken":["M","$","?","M","?","R","?","?","T","R","E","M","$","M"],"build_version":"2019-01-23","purchased_purges":2,"victory":false,"max_hp_per_floor":[71,71,71,71,71,71,71,71,71,71,71,71,71,71],"card_choices":[{"not_picked":["Quick Slash","Blur","Flying Knee"],"picked":"SKIP","floor":1.0},{"not_picked":["Backflip","Underhanded Strike"],"picked":"Flechettes","floor":4.0},{"not_picked":["Prepared","Quick Slash"],"picked":"Backstab","floor":5.0},{"not_picked":["Deflect","Prepared"],"picked":"Dagger Throw","floor":11.0},{"not_picked":["Slice","Flying Knee"],"picked":"Reflex","floor":12.0}],"player_experience":3253056,"relics_obtained":[{"floor":9.0,"key":"Pen Nib"},{"floor":11.0,"key":"Potion Belt"}],"event_choices":[{"damage_healed":0.0,"max_hp_gain":0.0,"max_hp_loss":0.0,"gold_gain":0.0,"event_name":"Accursed Blacksmith","player_choice":"Rummage","floor":3.0,"gold_loss":0.0,"damage_taken":0.0,"relics_obtained":["WarpedTongs"],"cards_obtained":["Pain"]},{"damage_healed":0.0,"max_hp_gain":0.0,"max_hp_loss":0.0,"gold_gain":0.0,"cards_transformed":["Strike_G"],"event_name":"Living Wall","player_choice":"Change","floor":7.0,"gold_loss":0.0,"damage_taken":0.0,"cards_obtained":["Tools of the Trade"]},{"cards_removed":["Pain"],"damage_healed":0.0,"max_hp_gain":0.0,"max_hp_loss":0.0,"gold_gain":0.0,"event_name":"Bonfire Elementals","player_choice":"Offered Curse","floor":8.0,"gold_loss":0.0,"damage_taken":0.0,"relics_obtained":["Spirit Poop"]}],"is_beta":false,"boss_relics":[],"items_purged_floors":[2,13],"is_endless":false,"potions_floor_spawned":[1],"killed_by":"Large Slime","ascension_level":20}