{"gold_per_floor":[112,112,127,141,158,158,158,103,103,119,119,147,72,86,86,161,161,179,179,229,229,229,229,229],"floor_reached":24,"playtime":716,"items_purged":["Strike_G"],"score":388,"play_id":"dccac147-8fcf-4c2e-a1a3-d6edeb558cf0","local_time":"20190416164623","is_ascension_mode":true,"campfire_choices":[{"data":"A Thousand Cuts","floor":6.0,"key":"SMITH"},{"data":"Well Laid Plans","floor":15.0,"key":"SMITH"},{"data":"Outmaneuver","floor":23.0,"key":"SMITH"}],"neow_cost":"PERCENT_DAMAGE","seed_source_timestamp":41921800951894,"circlet_count":0,"master_deck":["AscendersBane","Defend_G+1","Defend_G+1","Defend_G+1","Defend_G+1","Defend_G+1","Strike_G+1","Strike_G+1","Strike_G+1","Survivor","Neutralize","A Thousand Cuts+1","Prepared","Footwork","Well Laid Plans+1","Unload","Outmaneuver+1","Infinite Blades","Acrobatics","Tools of the Trade"],"special_seed":0,"relics":["Ring of the Snake","Unceasing Top","Shuriken","StoneCalendar","The Specimen","Runic Dome"],"potions_floor_usage":[],"damage_taken":[{"damage":6.0,"enemies":"Jaw Worm","floor":1.0,"turns":7.0},{"damage":5.0,"enemies":"Cultist","floor":3.0,"turns":5.0},{"damage":2.0,"enemies":"2 Louse","floor":4.0,"turns":3.0},{"damage":1.0,"enemies":"Blue Slaver","floor":5.0,"turns":6.0},{"damage":0.0,"enemies":"Red Slaver","floor":10.0,"turns":5.0},{"damage":1.0,"enemies":"Lagavulin","floor":12.0,"turns":7.0},{"damage":0.0,"enemies":"Looter","floor":14.0,"turns":4.0},{"damage":4.0,"enemies":"Slime Boss","floor":16.0,"turns":6.0},{"damage":19.0,"enemies":"3 Byrds","floor":18.0,"turns":4.0},{"damage":32.0,"enemies":"Colosseum Slavers","floor":19.0,"turns":5.0},{"damage":16,"enemies":"Gremlin Leader","floor":24,"turns":4}],"seed_played":"-1240082026473739884","potions_obtained":[{"floor":4.0,"key":"Fruit Juice"},{"floor":14.0,"key":"Swift Potion"},{"floor":16.0,"key":"Weak Potion"},{"floor":18.0,"key":"FearPotion"}],"is_trial":false,"path_per_floor":["M","?","M","M","M","R","?","?","T","M","?","E","$","M","R","B",null,"M","?","?","?","?","R","E"],"character_chosen":"THE_SILENT","items_purchased":[],"campfire_rested":0,"item_purchase_floors":[],"current_hp_per_floor":[38,38,33,36,35,35,30,30,30,30,30,29,29,29,29,25,60,41,9,9,9,9,9,0],"gold":229,"neow_bonus":"THREE_RARE_CARDS","is_prod":false,"is_daily":false,"chose_seed":false,"campfire_upgraded":3,"win_rate":0,"timestamp":1555404383,"path_taken":["M","?","M","?","M","R","?","?","T","?","?","E","?","M","R","BOSS","M","?","?","?","?","R","E"],"build_version":"2019-01-23","purchased_purges":1,"victory":false,"max_hp_per_floor":[66,66,66,71,71,71,71,71,71,71,71,71,71,71,71,71,71,71,71,71,71,71,71,71],"card_choices":[{"not_picked":["Night Terror","Bullet Time"],"picked":"A Thousand Cuts","floor":0.0},{"not_picked":["Dagger Throw","PiercingWail"],"picked":"Prepared","floor":1.0},{"not_picked":["PiercingWail","Quick Slash"],"picked":"Footwork","floor":3.0},{"not_picked":["Poisoned Stab","Calculated Gamble"],"picked":"Well Laid Plans","floor":4.0},{"not_picked":["Blade Dance","PiercingWail"],"picked":"Unload","floor":5.0},{"not_picked":["Flying Knee","Slice"],"picked":"Outmaneuver","floor":10.0},{"not_picked":["Blur","Quick Slash"],"picked":"Infinite Blades","floor":12.0},{"not_picked":["Reflex","Deadly Poison"],"picked":"Acrobatics","floor":14.0},{"not_picked":["Doppelganger","Unload"],"picked":"Tools of the Trade","floor":16.0},{"not_picked":["Dagger Spray","Acrobatics","Underhanded Strike"],"picked":"SKIP","floor":18.0}],"player_experience":4325176,"relics_obtained":[{"floor":9.0,"key":"StoneCalendar"},{"floor":12.0,"key":"The Specimen"}],"event_choices":[{"cards_removed":["Strike_G"],"damage_healed":0.0,"max_hp_gain":0.0,"max_hp_loss":0.0,"gold_gain":0.0,"event_name":"Purifier","player_choice":"Purged","floor":2.0,"gold_loss":0.0,"damage_taken":0.0},{"damage_healed":0.0,"max_hp_gain":0.0,"max_hp_loss":0.0,"gold_gain":0.0,"event_name":"Scrap Ooze","player_choice":"Success","floor":7.0,"gold_loss":0.0,"damage_taken":5.0,"relics_obtained":["Unceasing Top"]},{"damage_healed":0.0,"max_hp_gain":0.0,"max_hp_loss":0.0,"gold_gain":0.0,"event_name":"WeMeetAgain","player_choice":"Paid Gold","floor":8.0,"gold_loss":55.0,"damage_taken":0.0,"relics_obtained":["Shuriken"]},{"damage_healed":0.0,"max_hp_gain":0.0,"max_hp_loss":0.0,"gold_gain":0.0,"event_name":"Liars Game","player_choice":"Ignored","floor":11.0,"gold_loss":0.0,"damage_taken":0.0},{"damage_healed":0.0,"max_hp_gain":0.0,"max_hp_loss":0.0,"gold_gain":0.0,"event_name":"Colosseum","player_choice":"Fight","floor":19.0,"gold_loss":0.0,"damage_taken":0.0},{"damage_healed":0.0,"max_hp_gain":0.0,"max_hp_loss":0.0,"gold_gain":0.0,"event_name":"Colosseum","player_choice":"Fled From Nobs","floor":19.0,"gold_loss":0.0,"damage_taken":0.0},{"damage_healed":0.0,"max_hp_gain":0.0,"max_hp_loss":0.0,"gold_gain":50.0,"event_name":"Nest","player_choice":"Stole From Cult","floor":20.0,"gold_loss":0.0,"damage_taken":0.0},{"damage_healed":0.0,"max_hp_gain":0.0,"max_hp_loss":0.0,"gold_gain":0.0,"event_name":"Cursed Tome","player_choice":"Ignored","floor":21.0,"gold_loss":0.0,"damage_taken":0.0},{"damage_healed":0.0,"max_hp_gain":0.0,"max_hp_loss":0.0,"gold_gain":0.0,"event_name":"Back to Basics","player_choice":"Simplicity","floor":22.0,"gold_loss":0.0,"damage_taken":0.0,"cards_upgraded":["Defend_G","Defend_G","Defend_G","Defend_G","Defend_G","Strike_G","Strike_G","Strike_G"]}],"is_beta":false,"boss_relics":[{"not_picked":["Orrery","Fusion Hammer"],"picked":"Runic Dome"}],"items_purged_floors":[13],"is_endless":false,"potions_floor_spawned":[4,14,16,18],"killed_by":"Gremlin Leader","ascension_level":20}