{"gold_per_floor":[361,4,4,16,16,16,47,47,47,64,84,84,101,81,81,158,158,178,78,89,89],"floor_reached":21,"playtime":740,"items_purged":["Strike_B","Strike_B"],"score":358,"play_id":"0660e508-4e71-4a85-beec-72b8c231d02b","local_time":"20190707113214","is_ascension_mode":true,"campfire_choices":[{"data":"Zap","floor":6.0,"key":"SMITH"},{"data":"Dualcast","floor":8.0,"key":"SMITH"},{"data":"Coolheaded","floor":12.0,"key":"SMITH"},{"data":"White Noise","floor":15.0,"key":"SMITH"}],"neow_cost":"TEN_PERCENT_HP_LOSS","seed_source_timestamp":9032791615232,"circlet_count":0,"master_deck":["AscendersBane","Strike_B","Defend_B","Defend_B","Defend_B","Defend_B","Zap+1","Dualcast+1","Hello World","Cold Snap","Rebound","White Noise+1","Coolheaded+1","Gash","Electrodynamics","Hologram+1","Compile Driver+1"],"special_seed":0,"relics":["Cracked Core","OrangePellets","Shuriken","Ornamental Fan","Philosopher\u0027s Stone"],"potions_floor_usage":[18],"damage_taken":[{"damage":11.0,"enemies":"Small Slimes","floor":1.0,"turns":3.0},{"damage":7.0,"enemies":"2 Louse","floor":4.0,"turns":3.0},{"damage":9.0,"enemies":"Gremlin Nob","floor":7.0,"turns":3.0},{"damage":0.0,"enemies":"Cultist","floor":10.0,"turns":3.0},{"damage":4.0,"enemies":"Looter","floor":11.0,"turns":4.0},{"damage":1.0,"enemies":"Large Slime","floor":13.0,"turns":4.0},{"damage":16.0,"enemies":"Hexaghost","floor":16.0,"turns":8.0},{"damage":2,"enemies":"Spheric Guardian","floor":18,"turns":3},{"damage":21,"enemies":"2 Thieves","floor":20,"turns":4},{"damage":41,"enemies":"Cultist and Chosen","floor":21,"turns":5}],"seed_played":"-6080011128780509591","potions_obtained":[{"floor":1.0,"key":"SteroidPotion"},{"floor":4.0,"key":"Swift Potion"},{"floor":11.0,"key":"SneckoOil"},{"floor":14.0,"key":"Poison Potion"}],"is_trial":false,"path_per_floor":["M","$","?","M","?","R","E","R","T","M","M","R","M","?","R","B",null,"M","$","M","M"],"character_chosen":"DEFECT","items_purchased":["OrangePellets","Cold Snap"],"campfire_rested":0,"item_purchase_floors":[2,2],"current_hp_per_floor":[53,53,53,46,39,39,30,30,30,30,26,26,25,25,25,9,50,48,48,27,0],"gold":89,"neow_bonus":"TWO_FIFTY_GOLD","is_prod":false,"is_daily":false,"chose_seed":false,"campfire_upgraded":4,"win_rate":0,"timestamp":1562470334,"path_taken":["M","$","?","M","?","R","E","R","T","M","M","R","M","?","R","BOSS","M","$","M","M"],"build_version":"2019-07-05","purchased_purges":2,"victory":false,"max_hp_per_floor":[64,64,64,64,64,64,64,64,64,64,64,64,64,64,64,64,64,64,64,64,64],"card_choices":[{"not_picked":["Compile Driver","Go for the Eyes"],"picked":"Hello World","floor":1.0},{"not_picked":["Go for the Eyes","Fusion","Rebound"],"picked":"SKIP","floor":4.0},{"not_picked":["Go for the Eyes","Fusion","Rebound"],"picked":"SKIP","floor":4.0},{"not_picked":["Go for the Eyes","Fusion"],"picked":"Rebound","floor":4.0},{"not_picked":["Buffer","Auto Shields"],"picked":"White Noise","floor":7.0},{"not_picked":["Streamline","Leap"],"picked":"Coolheaded","floor":10.0},{"not_picked":["Barrage","Steam"],"picked":"Gash","floor":11.0},{"not_picked":["Stack","Redo","Leap"],"picked":"SKIP","floor":13.0},{"not_picked":["Rainbow","Meteor Strike"],"picked":"Electrodynamics","floor":16.0},{"not_picked":["Ball Lightning","Redo"],"picked":"Hologram+1","floor":18},{"not_picked":["Steam","Scrape"],"picked":"Compile Driver+1","floor":20}],"player_experience":5706320,"relics_obtained":[{"floor":7.0,"key":"Shuriken"},{"floor":9.0,"key":"Ornamental Fan"}],"event_choices":[{"damage_healed":0.0,"max_hp_gain":0.0,"max_hp_loss":0.0,"gold_gain":0.0,"event_name":"Liars Game","player_choice":"Ignored","floor":3.0,"gold_loss":0.0,"damage_taken":0.0},{"cards_removed":["Strike_B"],"damage_healed":0.0,"max_hp_gain":0.0,"max_hp_loss":0.0,"gold_gain":0.0,"event_name":"Golden Wing","player_choice":"Card Removal","floor":5.0,"gold_loss":0.0,"damage_taken":7.0},{"damage_healed":0.0,"max_hp_gain":0.0,"max_hp_loss":0.0,"gold_gain":0.0,"event_name":"The Woman in Blue","player_choice":"Bought 1 Potion","floor":14.0,"gold_loss":0.0,"damage_taken":0.0}],"is_beta":false,"boss_relics":[{"not_picked":["Tiny House","Lizard Tail"],"picked":"Philosopher\u0027s Stone"}],"items_purged_floors":[2,19],"is_endless":false,"potions_floor_spawned":[1,4,11],"killed_by":"Cultist and Chosen","ascension_level":20}