{"gold_per_floor":[112,122,142,39,39,39,39,2,76,76,76,91,101,131,131,208,208,186,186,206,220,220,220,239,239,239,239,250,268,41,55,55,133,133,144,44,56,71,83,83,98,127,172,172,188,220,220,233,233,233,233,233,233,108,133,133],"floor_reached":57,"playtime":3912,"items_purged":["Strike_B","Lockon","Ball Lightning"],"score":2586,"play_id":"422ba91f-cf3a-4152-a0f4-01c69dbbbfe3","local_time":"20190304211018","is_ascension_mode":true,"campfire_choices":[{"data":"Defragment","floor":6.0,"key":"SMITH"},{"data":"Dualcast","floor":11.0,"key":"SMITH"},{"data":"Zap","floor":15.0,"key":"SMITH"},{"data":"Biased Cognition","floor":23.0,"key":"SMITH"},{"data":"Coolheaded","floor":25.0,"key":"SMITH"},{"data":"Defend_B","floor":27.0,"key":"PURGE"},{"data":"Recycle","floor":32.0,"key":"SMITH"},{"data":"Fission","floor":40.0,"key":"SMITH"},{"data":"Skim","floor":44.0,"key":"SMITH"},{"data":"Rebound","floor":47.0,"key":"PURGE"},{"floor":49.0,"key":"RECALL"},{"data":"Cold Snap","floor":53.0,"key":"PURGE"}],"neow_cost":"NONE","seed_source_timestamp":38371745480280,"circlet_count":0,"master_deck":["AscendersBane","Zap+1","Dualcast+1","Buffer+1","Coolheaded+1","Defragment+1","All For One","Self Repair","Cold Snap","Auto Shields","Meteor Strike","Biased Cognition+1","Turbo+1","Skim+1","Reboot","Recycle+1","Reinforced Body","Fission+1","Storm+1","Self Repair+1","Creative AI+1","Double Energy","Biased Cognition+1"],"special_seed":0,"relics":["Cracked Core","Peace Pipe","Nuclear Battery","Frozen Egg 2","TheAbacus","Pandora\u0027s Box","Ice Cream","Oddly Smooth Stone","Bag of Preparation","Unceasing Top"],"potions_floor_usage":[56,56],"damage_taken":[{"damage":0.0,"enemies":"2 Louse","floor":1.0,"turns":2.0},{"damage":7.0,"enemies":"Small Slimes","floor":2.0,"turns":4.0},{"damage":0.0,"enemies":"Jaw Worm","floor":3.0,"turns":6.0},{"damage":10.0,"enemies":"3 Louse","floor":12.0,"turns":3.0},{"damage":4.0,"enemies":"Exordium Wildlife","floor":13.0,"turns":3.0},{"damage":16.0,"enemies":"Gremlin Nob","floor":14.0,"turns":5.0},{"damage":28.0,"enemies":"Slime Boss","floor":16.0,"turns":9.0},{"damage":4.0,"enemies":"2 Thieves","floor":18.0,"turns":4.0},{"damage":5.0,"enemies":"3 Byrds","floor":20.0,"turns":5.0},{"damage":0.0,"enemies":"Cultist and Chosen","floor":21.0,"turns":7.0},{"damage":13.0,"enemies":"Colosseum Slavers","floor":22.0,"turns":5.0},{"damage":19.0,"enemies":"Snake Plant","floor":24.0,"turns":4.0},{"damage":0.0,"enemies":"Chosen and Byrds","floor":28.0,"turns":5.0},{"damage":0.0,"enemies":"Shelled Parasite and Fungi","floor":29.0,"turns":4.0},{"damage":0.0,"enemies":"Centurion and Healer","floor":31.0,"turns":8.0},{"damage":7.0,"enemies":"Automaton","floor":33.0,"turns":13.0},{"damage":9.0,"enemies":"3 Shapes","floor":35.0,"turns":4.0},{"damage":11.0,"enemies":"Orb Walker","floor":37.0,"turns":3.0},{"damage":0.0,"enemies":"Spire Growth","floor":38.0,"turns":4.0},{"damage":10.0,"enemies":"Sphere and 2 Shapes","floor":39.0,"turns":3.0},{"damage":5.0,"enemies":"Maw","floor":41.0,"turns":5.0},{"damage":26.0,"enemies":"Reptomancer","floor":42.0,"turns":8.0},{"damage":19.0,"enemies":"Writhing Mass","floor":45.0,"turns":4.0},{"damage":33.0,"enemies":"Nemesis","floor":46.0,"turns":5.0},{"damage":0.0,"enemies":"Jaw Worm Horde","floor":48.0,"turns":3.0},{"damage":31.0,"enemies":"Awakened One","floor":50.0,"turns":11.0},{"damage":15.0,"enemies":"Time Eater","floor":51.0,"turns":14.0},{"damage":22.0,"enemies":"Shield and Spear","floor":55.0,"turns":7.0},{"damage":48,"enemies":"The Heart","floor":56,"turns":8}],"seed_played":"-7589706210869428299","potions_obtained":[{"floor":12.0,"key":"Swift Potion"},{"floor":14.0,"key":"PowerPotion"},{"floor":16.0,"key":"Block Potion"},{"floor":18.0,"key":"SteroidPotion"},{"floor":21.0,"key":"FocusPotion"},{"floor":28.0,"key":"SkillPotion"},{"floor":45.0,"key":"FocusPotion"}],"is_trial":false,"path_per_floor":["M","M","M","$","?","R","?","$","T","?","R","M","M","E","R","B",null,"M","?","M","M","?","R","M","R","T","R","M","M","$","M","R","B",null,"M","$","M","M","M","R","M","E","T","R","M","E","R","M","R","B","B",null,"R","$","E","B",null],"character_chosen":"DEFECT","items_purchased":["Ball Lightning","Self Repair","TheAbacus"],"campfire_rested":0,"item_purchase_floors":[4,8,30],"current_hp_per_floor":[64,57,57,57,57,57,62,62,62,39,39,36,39,30,30,9,59,62,62,64,71,65,65,53,53,53,53,60,67,67,74,74,74,76,76,76,72,76,76,76,76,57,57,57,55,39,39,56,56,25,27,64,64,64,59,28],"gold":133,"neow_bonus":"TRANSFORM_CARD","is_prod":false,"is_daily":false,"chose_seed":false,"campfire_upgraded":8,"win_rate":0,"timestamp":1551705018,"path_taken":["M","M","M","$","?","R","?","?","T","?","R","?","M","E","R","BOSS","M","?","?","M","?","R","M","R","T","R","M","M","$","M","R","BOSS","M","$","M","M","M","R","M","E","T","R","M","E","R","M","R","BOSS","BOSS","R","$","E","BOSS"],"build_version":"2019-01-23","purchased_purges":3,"victory":true,"max_hp_per_floor":[71,71,71,71,71,71,76,76,76,76,76,76,76,76,76,76,76,76,76,76,76,76,76,76,76,76,76,76,76,76,76,76,76,76,76,76,76,76,76,76,76,76,76,76,76,76,76,76,76,76,76,76,76,76,76,76],"card_choices":[{"not_picked":["Conserve Battery","Auto Shields"],"picked":"Coolheaded","floor":1.0},{"not_picked":["Leap","Consume"],"picked":"Defragment","floor":2.0},{"not_picked":["Gash","Hologram"],"picked":"Cold Snap","floor":3.0},{"not_picked":["Storm","Stack"],"picked":"Cold Snap","floor":12.0},{"not_picked":["Sweeping Beam","Go for the Eyes"],"picked":"Auto Shields","floor":13.0},{"not_picked":["Steam","Melter"],"picked":"Meteor Strike","floor":14.0},{"not_picked":["Meteor Strike","Amplify"],"picked":"Biased Cognition","floor":16.0},{"not_picked":["Sweeping Beam","Rebound"],"picked":"Turbo+1","floor":18.0},{"not_picked":["Aggregate","Beam Cell"],"picked":"Skim","floor":20.0},{"not_picked":["Steam","Gash","Go for the Eyes"],"picked":"SKIP","floor":21.0},{"not_picked":["Consume","Compile Driver"],"picked":"Reboot","floor":24.0},{"not_picked":["Coolheaded","Go for the Eyes","Rebound"],"picked":"SKIP","floor":28.0},{"not_picked":["Beam Cell+1","Ball Lightning"],"picked":"Recycle","floor":29.0},{"not_picked":["Streamline","Coolheaded"],"picked":"Reinforced Body","floor":31.0},{"not_picked":["Thunder Strike","Multi-Cast"],"picked":"Fission","floor":33.0},{"not_picked":["Go for the Eyes","Leap","Compile Driver"],"picked":"SKIP","floor":35.0},{"not_picked":["Go for the Eyes","Leap","Compile Driver"],"picked":"SKIP","floor":35.0},{"not_picked":["Streamline","FTL"],"picked":"Creative AI+1","floor":37.0},{"not_picked":["Aggregate","Sweeping Beam","White Noise"],"picked":"SKIP","floor":38.0},{"not_picked":["Beam Cell","Compile Driver","Hologram"],"picked":"SKIP","floor":39.0},{"not_picked":["Hologram","Ball Lightning+1","Reinforced Body+1"],"picked":"SKIP","floor":41.0},{"not_picked":["Undo+1","Biased Cognition+1"],"picked":"Double Energy","floor":42.0},{"not_picked":["Ball Lightning","Beam Cell","Sweeping Beam"],"picked":"SKIP","floor":45.0},{"not_picked":["Beam Cell","White Noise","Scrape+1"],"picked":"SKIP","floor":46.0},{"not_picked":["Beam Cell","White Noise","Scrape+1"],"picked":"SKIP","floor":46.0},{"not_picked":["Compile Driver","Stack+1","Turbo"],"picked":"SKIP","floor":48.0},{"not_picked":["Beam Cell","Gash"],"picked":"Biased Cognition+1","floor":55.0}],"player_experience":3312604,"relics_obtained":[{"floor":14.0,"key":"Peace Pipe"},{"floor":26.0,"key":"Frozen Egg 2"},{"floor":42.0,"key":"Ice Cream"},{"floor":43.0,"key":"Oddly Smooth Stone"},{"floor":46.0,"key":"Bag of Preparation"},{"floor":55.0,"key":"Unceasing Top"}],"event_choices":[{"damage_healed":0.0,"max_hp_gain":0.0,"max_hp_loss":0.0,"gold_gain":0.0,"cards_transformed":["Strike_B"],"event_name":"Living Wall","player_choice":"Change","floor":5.0,"gold_loss":0.0,"damage_taken":0.0,"cards_obtained":["All For One"]},{"damage_healed":0.0,"max_hp_gain":5.0,"max_hp_loss":0.0,"gold_gain":0.0,"event_name":"Big Fish","player_choice":"Donut","floor":7.0,"gold_loss":0.0,"damage_taken":0.0},{"damage_healed":0.0,"max_hp_gain":0.0,"max_hp_loss":0.0,"gold_gain":0.0,"event_name":"Shining Light","player_choice":"Entered Light","floor":10.0,"gold_loss":0.0,"damage_taken":23.0,"cards_upgraded":["Strike_B","Defend_B"]},{"damage_healed":0.0,"max_hp_gain":0.0,"max_hp_loss":0.0,"gold_gain":0.0,"event_name":"Accursed Blacksmith","player_choice":"Forge","floor":19.0,"gold_loss":0.0,"damage_taken":0.0,"cards_upgraded":["Buffer"]},{"damage_healed":0.0,"max_hp_gain":0.0,"max_hp_loss":0.0,"gold_gain":0.0,"event_name":"Colosseum","player_choice":"Fight","floor":22.0,"gold_loss":0.0,"damage_taken":0.0},{"damage_healed":0.0,"max_hp_gain":0.0,"max_hp_loss":0.0,"gold_gain":0.0,"event_name":"Colosseum","player_choice":"Fled From Nobs","floor":22.0,"gold_loss":0.0,"damage_taken":0.0}],"is_beta":false,"boss_relics":[{"not_picked":["Empty Cage","Ectoplasm"],"picked":"Nuclear Battery"},{"not_picked":["Fusion Hammer","Calling Bell"],"picked":"Pandora\u0027s Box"}],"items_purged_floors":[4,36,54],"is_endless":false,"potions_floor_spawned":[12,14,16,18,21,28,31,33,39,42,45,48,55],"ascension_level":20}