{"gold_per_floor":[111,111,124,46,46,77,95,130,130,130],"floor_reached":10,"playtime":221,"items_purged":[],"score":202,"play_id":"786b4a62-6121-44dc-a876-815914b01521","local_time":"20181118152545","is_ascension_mode":true,"campfire_choices":[],"neow_cost":"NONE","seed_source_timestamp":1571694852200404,"circlet_count":0,"master_deck":["AscendersBane","Defend_G","Defend_G+1","Defend_G","Defend_G","Defend_G","Strike_G","Strike_G","Strike_G+1","Strike_G","Survivor","Neutralize","Tactician","Noxious Fumes","Deadly Poison","Escape Plan"],"relics":["Ring of the Snake","NeowsBlessing","Ice Cream","Mango","Du-Vu Doll"],"potions_floor_usage":[10],"damage_taken":[{"damage":0,"enemies":"Small Slimes","floor":1,"turns":1},{"damage":0,"enemies":"Cultist","floor":3,"turns":1},{"damage":0,"enemies":"Gremlin Nob","floor":6,"turns":1},{"damage":1,"enemies":"Jaw Worm","floor":7,"turns":4},{"damage":42,"enemies":"3 Sentries","floor":8,"turns":9},{"damage":33,"enemies":"Gremlin Nob","floor":10,"turns":3}],"seed_played":"-8731311617056216695","potions_obtained":[{"floor":1,"key":"FairyPotion"},{"floor":8,"key":"AttackPotion"}],"is_trial":false,"path_per_floor":["M","?","M","$","?","E","M","E","T","E"],"character_chosen":"THE_SILENT","items_purchased":["Noxious Fumes"],"campfire_rested":0,"item_purchase_floors":[4],"current_hp_per_floor":[59,59,59,59,39,39,38,20,20,0],"gold":130,"neow_bonus":"THREE_ENEMY_KILL","is_prod":false,"is_daily":false,"chose_seed":false,"campfire_upgraded":0,"win_rate":0,"timestamp":1542525945,"path_taken":["M","?","?","$","?","E","M","E","T","E"],"build_version":"2018-11-15","purchased_purges":0,"victory":false,"max_hp_per_floor":[66,66,66,66,66,66,66,80,80,80],"card_choices":[{"not_picked":["PiercingWail","Blade Dance"],"picked":"Tactician","floor":1},{"not_picked":["Bane","Quick Slash","Blade Dance"],"picked":"SKIP","floor":3},{"not_picked":["Accuracy","Dash"],"picked":"Deadly Poison","floor":6},{"not_picked":["Prepared","Bane","Outmaneuver"],"picked":"SKIP","floor":7},{"not_picked":["Heel Hook","Expertise"],"picked":"Escape Plan","floor":8}],"player_experience":530661,"relics_obtained":[{"floor":6,"key":"Ice Cream"},{"floor":8,"key":"Mango"},{"floor":9,"key":"Du-Vu Doll"}],"event_choices":[{"cards_removed":["Strike_G"],"damage_healed":0,"gold_gain":0,"player_choice":"Purged","damage_taken":0,"max_hp_gain":0,"max_hp_loss":0,"event_name":"Purifier","floor":2,"gold_loss":0},{"damage_healed":0,"gold_gain":0,"player_choice":"Entered Light","damage_taken":20,"max_hp_gain":0,"max_hp_loss":0,"event_name":"Shining Light","floor":5,"gold_loss":0,"cards_upgraded":["Strike_G","Defend_G"]}],"is_beta":true,"boss_relics":[],"items_purged_floors":[],"is_endless":false,"potions_floor_spawned":[1,8],"killed_by":"Gremlin Nob","ascension_level":20}