{"gold_per_floor":[119,294,309,325,183,183,193,193,193,143,153,170,170,189,189,294,294,259,559,578,210,228,228,68,68,68,68,81,92,92,92,92,197,197,210,225,100,118,128,158,158,158,158,176,176,176,86,102,102,102],"floor_reached":51,"playtime":1896,"items_purged":["Doubt","Writhe","Strike_G"],"score":721,"play_id":"330ec254-285c-47e0-a173-71feb928eb04","local_time":"20181015163319","is_ascension_mode":false,"campfire_choices":[{"data":"Bouncing Flask","floor":6.0,"key":"SMITH"},{"data":"Noxious Fumes","floor":8.0,"key":"SMITH"},{"data":"Deadly Poison","floor":13.0,"key":"SMITH"},{"data":"Neutralize","floor":15.0,"key":"SMITH"},{"data":"Catalyst","floor":23,"key":"SMITH"},{"data":"Survivor","floor":27,"key":"SMITH"},{"data":"Dash","floor":30,"key":"SMITH"},{"data":"Defend_G","floor":32,"key":"SMITH"},{"data":"Double Energy","floor":41,"key":"SMITH"},{"data":"Defend_G","floor":45,"key":"SMITH"},{"data":"Body Slam","floor":49,"key":"SMITH"}],"neow_cost":"NONE","seed_source_timestamp":20982283574885,"circlet_count":0,"master_deck":["Defend_G+1","Defend_G+1","Defend_G","Defend_G+1","Defend_G","Strike_G","Survivor+1","Neutralize+1","Dash+1","All Out Attack","Deadly Poison+1","Bouncing Flask+1","Noxious Fumes+1","Well Laid Plans+1","Wraith Form v2+1","Catalyst+1","Footwork+1","Backstab+1","Wraith Form v2+1","Good Instincts","Bloodletting+1","Wraith Form v2+1","Rebound+1","Loop+1","Blind+1","Double Energy+1","Auto Shields+1","Body Slam+1"],"special_seed":0,"relics":["Ring of the Snake","NeowsBlessing","Frozen Egg 2","Runic Pyramid","Old Coin","PrismaticShard","Enchiridion","Paper Crane","Eternal Feather","Pen Nib","Omamori","WarpedTongs"],"potions_floor_usage":[20,50,50],"damage_taken":[{"damage":0.0,"enemies":"2 Louse","floor":1.0,"turns":1.0},{"damage":0.0,"enemies":"Small Slimes","floor":3.0,"turns":1.0},{"damage":0.0,"enemies":"Cultist","floor":4.0,"turns":1.0},{"damage":5.0,"enemies":"Gremlin Gang","floor":7.0,"turns":3.0},{"damage":3.0,"enemies":"2 Fungi Beasts","floor":11.0,"turns":4.0},{"damage":2.0,"enemies":"Exordium Thugs","floor":12.0,"turns":5.0},{"damage":0.0,"enemies":"Blue Slaver","floor":14.0,"turns":4.0},{"damage":19.0,"enemies":"Slime Boss","floor":16.0,"turns":6.0},{"damage":7.0,"enemies":"2 Thieves","floor":18.0,"turns":5.0},{"damage":7,"enemies":"3 Byrds","floor":20,"turns":3},{"damage":5,"enemies":"Snake Plant","floor":22,"turns":4},{"damage":0,"enemies":"Snecko","floor":28,"turns":4},{"damage":0,"enemies":"Cultist and Chosen","floor":29,"turns":6},{"damage":12,"enemies":"Collector","floor":33,"turns":8},{"damage":0,"enemies":"3 Shapes","floor":35,"turns":5},{"damage":1,"enemies":"3 Darklings","floor":36,"turns":8},{"damage":6,"enemies":"Spire Growth","floor":38,"turns":5},{"damage":1,"enemies":"Transient","floor":39,"turns":5},{"damage":7,"enemies":"Nemesis","floor":40,"turns":9},{"damage":1,"enemies":"3 Darklings","floor":44,"turns":7},{"damage":5,"enemies":"Spire Growth","floor":48,"turns":5},{"damage":43,"enemies":"Donu and Deca","floor":50,"turns":10}],"seed_played":"-6379527698637512791","potions_obtained":[{"floor":3.0,"key":"Block Potion"},{"floor":11.0,"key":"GamblersBrew"},{"floor":14.0,"key":"LiquidBronze"},{"floor":22,"key":"Poison Potion"},{"floor":28,"key":"SkillPotion"},{"floor":42,"key":"Energy Potion"}],"is_trial":false,"path_per_floor":["M","?","M","M","$","R","M","R","T","?","M","M","R","M","R","B",null,"M","?","M","$","M","R","$","?","T","R","M","M","R","?","R","B",null,"M","M","$","M","M","E","R","?","T","M","R","?","?","M","R","B"],"character_chosen":"THE_SILENT","items_purchased":["Bouncing Flask","Footwork+1","PrismaticShard","Wraith Form v2+1"],"campfire_rested":0,"item_purchase_floors":[5,21,21,24],"current_hp_per_floor":[70,70,70,70,70,70,65,65,65,65,62,60,60,60,60,41,70,63,63,56,56,51,51,51,35,35,35,35,35,35,35,35,23,70,70,69,69,63,62,55,70,70,70,69,70,70,70,65,70,27],"gold":102,"neow_bonus":"THREE_ENEMY_KILL","is_prod":false,"is_daily":false,"chose_seed":false,"campfire_upgraded":11,"win_rate":0,"timestamp":1539592399,"path_taken":["M","?","?","M","$","R","M","R","T","?","M","M","R","M","R","BOSS","M","?","M","$","M","R","$","?","T","R","M","M","R","?","R","BOSS","M","M","$","M","M","E","R","?","T","M","R","?","?","M","R","BOSS"],"build_version":"2018-10-11","purchased_purges":3,"victory":true,"max_hp_per_floor":[70,70,70,70,70,70,70,70,70,70,70,70,70,70,70,70,70,70,70,70,70,70,70,70,70,70,70,70,70,70,70,70,70,70,70,70,70,70,70,70,70,70,70,70,70,70,70,70,70,70],"card_choices":[{"not_picked":["Blade Dance","Acrobatics"],"picked":"Dash","floor":1.0},{"not_picked":["Heel Hook","Slice"],"picked":"All Out Attack","floor":3.0},{"not_picked":["Blade Dance","PiercingWail"],"picked":"Deadly Poison","floor":4.0},{"not_picked":["Flying Knee","Poisoned Stab"],"picked":"Noxious Fumes","floor":7.0},{"not_picked":["PiercingWail","Sucker Punch"],"picked":"Well Laid Plans+1","floor":11.0},{"not_picked":["Blade Dance","PiercingWail","Outmaneuver"],"picked":"SKIP","floor":12.0},{"not_picked":["PiercingWail","Blade Dance","Grand Finale"],"picked":"SKIP","floor":14.0},{"not_picked":["Doppelganger","Night Terror"],"picked":"Wraith Form v2+1","floor":16.0},{"not_picked":["Well Laid Plans+1","Deflect"],"picked":"Catalyst","floor":18.0},{"not_picked":["Dagger Throw","Terror","Well Laid Plans+1"],"picked":"SKIP","floor":20},{"not_picked":["Jack Of All Trades","Pummel"],"picked":"Backstab+1","floor":22},{"not_picked":["Heavy Blade","Mind Blast+1"],"picked":"Good Instincts","floor":28},{"not_picked":["Dagger Throw+1","Gash"],"picked":"Bloodletting+1","floor":29},{"not_picked":["Rainbow","Dark Embrace+1"],"picked":"Wraith Form v2+1","floor":33},{"not_picked":["Endless Agony+1","Consume","Heavy Blade+1"],"picked":"SKIP","floor":35},{"not_picked":["Deadly Poison","Crippling Poison+1"],"picked":"Rebound+1","floor":36},{"not_picked":["Perfected Strike+1","Gash+1"],"picked":"Loop+1","floor":38},{"not_picked":["Acrobatics+1","Sadistic Nature+1"],"picked":"Blind+1","floor":39},{"not_picked":["Acrobatics","Uppercut+1"],"picked":"Double Energy","floor":40},{"not_picked":["Flying Knee","Slice+1"],"picked":"Auto Shields+1","floor":44},{"not_picked":["Entrench+1","Slice+1"],"picked":"Body Slam","floor":48}],"player_experience":213373,"relics_obtained":[{"floor":9.0,"key":"Frozen Egg 2"},{"floor":25,"key":"Enchiridion"},{"floor":26,"key":"Paper Crane"},{"floor":40,"key":"Pen Nib"},{"floor":43,"key":"Omamori"}],"event_choices":[{"event_name":"Liars Game","player_choice":"agreed","floor":2.0,"damage_taken":0.0},{"event_name":"The Cleric","player_choice":"Card Removal","floor":10.0,"damage_taken":0.0},{"event_name":"The Mausoleum","player_choice":"Yes","floor":19.0,"damage_taken":0.0},{"event_name":"Cursed Tome","player_choice":"Obtained Book","floor":25,"damage_taken":0},{"event_name":"Bonfire Elementals","player_choice":"BASIC","floor":31,"damage_taken":0},{"event_name":"The Lab","player_choice":"Got Potions","floor":42,"damage_taken":0},{"event_name":"Accursed Blacksmith","player_choice":"Rummage","floor":46,"damage_taken":0},{"event_name":"Designer","player_choice":"Full Service","floor":47,"damage_taken":0}],"is_beta":false,"boss_relics":[{"not_picked":["Ring of the Serpent","Velvet Choker"],"picked":"Runic Pyramid"},{"not_picked":["Runic Dome","WristBlade"],"picked":"Eternal Feather"}],"items_purged_floors":[5,21,37],"is_endless":false,"potions_floor_spawned":[3,11,14,16,22,28,35,40,44],"ascension_level":0}