{"gold_per_floor":[119,119,38,56,31,31,58,58,58,87,107,232,232,264,264,338,338,353,403,465,515,565,597,614,614,668,684,782,782,832,413,413,487,537,553,428,496,546,396,396,408,408,408,458,471,471,505,555,555,555,555,555,555,54,80,80],"floor_reached":57,"playtime":2613,"items_purged":["Strike_G","Defend_G","Defend_G","Defend_G","Defend_G"],"score":3199,"play_id":"e18162cc-f339-499d-8653-df0045bc150b","local_time":"20190410184806","is_ascension_mode":true,"campfire_choices":[{"data":"Glass Knife","floor":6.0,"key":"SMITH"},{"data":"Bouncing Flask","floor":8.0,"key":"SMITH"},{"data":"Neutralize","floor":13.0,"key":"SMITH"},{"data":"Well Laid Plans","floor":15.0,"key":"SMITH"},{"data":"Calculated Gamble","floor":25.0,"key":"SMITH"},{"data":"Tactician","floor":29.0,"key":"SMITH"},{"data":"Grand Finale","floor":32.0,"key":"SMITH"},{"data":"Acrobatics","floor":40,"key":"SMITH"},{"floor":42,"key":"RECALL"},{"data":"Backflip","floor":46,"key":"SMITH"},{"data":"Leg Sweep","floor":49,"key":"SMITH"},{"data":"Survivor","floor":53,"key":"SMITH"}],"neow_cost":"TEN_PERCENT_HP_LOSS","seed_source_timestamp":49680815701127,"circlet_count":0,"master_deck":["AscendersBane","Defend_G+1","Survivor+1","Neutralize+1","Glass Knife+1","Backstab","Bouncing Flask+1","Leg Sweep+1","Well Laid Plans+1","Grand Finale+1","Blur+1","Venomology+1","Reflex+1","Calculated Gamble+1","Tactician+1","Backflip+1","Acrobatics+1"],"special_seed":0,"relics":["Ring of the Snake","SsserpentHead","Orichalcum","Anchor","Meat on the Bone","Centennial Puzzle","Astrolabe","MutagenicStrength","Blood Vial","Art of War","Happy Flower","Torii","Tiny House","Ancient Tea Set","Molten Egg 2","Bronze Scales","Snake Skull","Paper Crane"],"potions_floor_usage":[41,47,50,51,55,56,56],"damage_taken":[{"damage":1.0,"enemies":"Small Slimes","floor":1.0,"turns":3.0},{"damage":1.0,"enemies":"Cultist","floor":4.0,"turns":3.0},{"damage":22.0,"enemies":"3 Sentries","floor":7.0,"turns":11.0},{"damage":17.0,"enemies":"Gremlin Nob","floor":10.0,"turns":4.0},{"damage":0.0,"enemies":"Jaw Worm","floor":11.0,"turns":2.0},{"damage":15.0,"enemies":"Lagavulin","floor":14.0,"turns":8.0},{"damage":0.0,"enemies":"Hexaghost","floor":16.0,"turns":9.0},{"damage":0.0,"enemies":"Shell Parasite","floor":18.0,"turns":6.0},{"damage":0.0,"enemies":"Chosen","floor":20.0,"turns":5.0},{"damage":33.0,"enemies":"Slavers","floor":23.0,"turns":6.0},{"damage":2.0,"enemies":"Snecko","floor":24.0,"turns":5.0},{"damage":5.0,"enemies":"Centurion and Healer","floor":27.0,"turns":5.0},{"damage":0.0,"enemies":"Collector","floor":33.0,"turns":9.0},{"damage":0.0,"enemies":"3 Darklings","floor":35.0,"turns":3.0},{"damage":0.0,"enemies":"3 Shapes","floor":37.0,"turns":2.0},{"damage":0,"enemies":"3 Darklings","floor":41,"turns":1},{"damage":0,"enemies":"4 Shapes","floor":45,"turns":1},{"damage":0,"enemies":"Reptomancer","floor":47,"turns":2},{"damage":0,"enemies":"Awakened One","floor":50,"turns":5},{"damage":0,"enemies":"Donu and Deca","floor":51,"turns":7},{"damage":1,"enemies":"Shield and Spear","floor":55,"turns":4},{"damage":2,"enemies":"The Heart","floor":56,"turns":9}],"seed_played":"-5894634090412725632","potions_obtained":[{"floor":4.0,"key":"Dexterity Potion"},{"floor":7.0,"key":"PowerPotion"},{"floor":18.0,"key":"Weak Potion"},{"floor":24.0,"key":"AttackPotion"},{"floor":34.0,"key":"SmokeBomb"}],"is_trial":false,"path_per_floor":["M","?","$","M","$","R","E","R","T","E","M","?","R","E","R","B",null,"M","?","M","?","?","E","M","R","T","M","T","R","?","$","R","B",null,"M","$","M","?","$","R","M","R","T","T","M","R","E","?","R","B","B",null,"R","$","E","B",null],"character_chosen":"THE_SILENT","items_purchased":["Bouncing Flask","Torii","Bronze Scales","Snake Skull"],"campfire_rested":0,"item_purchase_floors":[3,31,54,54],"current_hp_per_floor":[58,58,58,57,57,57,35,35,35,18,30,19,19,16,16,28,52,52,52,52,52,52,31,31,31,31,40,40,40,40,40,40,57,64,65,65,65,65,65,65,65,65,65,65,65,65,65,65,65,65,65,65,65,65,64,63],"gold":80,"neow_bonus":"THREE_RARE_CARDS","is_prod":false,"is_daily":false,"chose_seed":false,"campfire_upgraded":11,"win_rate":0,"timestamp":1554893286,"path_taken":["M","?","$","M","?","R","E","R","T","E","M","?","R","E","R","BOSS","M","?","?","?","?","E","M","R","T","M","?","R","?","$","R","BOSS","M","$","?","?","$","R","M","R","T","?","M","R","E","?","R","BOSS","BOSS","R","$","E","BOSS"],"build_version":"2019-01-23","purchased_purges":5,"victory":true,"max_hp_per_floor":[60,60,60,60,60,60,60,60,60,60,60,60,60,60,60,60,60,60,60,60,60,60,60,60,60,60,60,60,60,60,60,60,60,65,65,65,65,65,65,65,65,65,65,65,65,65,65,65,65,65,65,65,65,65,65,65],"card_choices":[{"not_picked":["Adrenaline","Storm of Steel"],"picked":"Glass Knife","floor":0.0},{"not_picked":["Bane","Flying Knee"],"picked":"Backstab","floor":1.0},{"not_picked":["Slice","Sucker Punch","Dagger Spray"],"picked":"SKIP","floor":4.0},{"not_picked":["Prepared","Terror"],"picked":"Leg Sweep","floor":7.0},{"not_picked":["Reflex","Blade Dance","Underhanded Strike"],"picked":"SKIP","floor":10.0},{"not_picked":["Outmaneuver","Heel Hook","PiercingWail"],"picked":"SKIP","floor":11.0},{"not_picked":["Blur","Malaise"],"picked":"Well Laid Plans","floor":14.0},{"not_picked":["Phantasmal Killer","Doppelganger"],"picked":"Grand Finale","floor":16.0},{"not_picked":["Slice","Blade Dance","Outmaneuver"],"picked":"SKIP","floor":18.0},{"not_picked":["Slice","Blade Dance","Outmaneuver"],"picked":"SKIP","floor":18.0},{"not_picked":["Dodge and Roll","Backflip"],"picked":"Calculated Gamble","floor":20.0},{"not_picked":["Blade Dance","Masterful Stab","Backflip"],"picked":"SKIP","floor":23.0},{"not_picked":["Blade Dance","Masterful Stab"],"picked":"Backflip","floor":23.0},{"not_picked":["Outmaneuver","Terror","Dagger Throw"],"picked":"SKIP","floor":24.0},{"not_picked":["Deflect","Blur","Heel Hook"],"picked":"SKIP","floor":27.0},{"not_picked":["Choke+1","Dagger Spray"],"picked":"Acrobatics","floor":34.0},{"not_picked":["Escape Plan","PiercingWail","Underhanded Strike"],"picked":"SKIP","floor":35.0},{"not_picked":["Well Laid Plans+1","Deadly Poison","Choke"],"picked":"SKIP","floor":37.0},{"not_picked":["Slice","Heel Hook","Dagger Throw"],"picked":"SKIP","floor":41},{"not_picked":["Cloak And Dagger","Tactician+1","Dagger Throw"],"picked":"SKIP","floor":45},{"not_picked":["Outmaneuver","Quick Slash","Infinite Blades"],"picked":"SKIP","floor":47},{"not_picked":["Sucker Punch+1","Flying Knee+1","Cloak And Dagger"],"picked":"SKIP","floor":55}],"player_experience":4211890,"relics_obtained":[{"floor":7.0,"key":"Orichalcum"},{"floor":9.0,"key":"Anchor"},{"floor":10.0,"key":"Meat on the Bone"},{"floor":14.0,"key":"Centennial Puzzle"},{"floor":23.0,"key":"Blood Vial"},{"floor":26.0,"key":"Art of War"},{"floor":28.0,"key":"Happy Flower"},{"floor":44,"key":"Ancient Tea Set"},{"floor":47,"key":"Molten Egg 2"},{"floor":55,"key":"Paper Crane"}],"event_choices":[{"damage_healed":0.0,"max_hp_gain":0.0,"max_hp_loss":0.0,"gold_gain":0.0,"event_name":"FaceTrader","player_choice":"Trade","floor":2.0,"gold_loss":0.0,"damage_taken":0.0,"relics_obtained":["SsserpentHead"]},{"damage_healed":0.0,"max_hp_gain":0.0,"max_hp_loss":0.0,"gold_gain":75.0,"event_name":"World of Goop","player_choice":"Gather Gold","floor":12.0,"gold_loss":0.0,"damage_taken":11.0},{"damage_healed":0.0,"max_hp_gain":0.0,"max_hp_loss":0.0,"gold_gain":0.0,"event_name":"Match and Keep!","player_choice":"0 cards matched","floor":19.0,"gold_loss":0.0,"damage_taken":0.0,"cards_obtained":[]},{"damage_healed":0.0,"max_hp_gain":0.0,"max_hp_loss":0.0,"gold_gain":0.0,"event_name":"The Library","player_choice":"Read","floor":21.0,"gold_loss":0.0,"damage_taken":0.0,"cards_obtained":["Tactician"]},{"damage_healed":0.0,"max_hp_gain":0.0,"max_hp_loss":0.0,"gold_gain":0.0,"event_name":"Drug Dealer","player_choice":"Inject Mutagens","floor":22.0,"gold_loss":0.0,"damage_taken":0.0,"relics_obtained":["MutagenicStrength"]},{"cards_removed":["Strike_G"],"damage_healed":0.0,"max_hp_gain":0.0,"max_hp_loss":0.0,"gold_gain":0.0,"event_name":"Purifier","player_choice":"Purged","floor":30.0,"gold_loss":0.0,"damage_taken":0.0},{"damage_healed":0,"gold_gain":0,"player_choice":"Memory 1","damage_taken":0,"max_hp_gain":0,"max_hp_loss":0,"event_name":"SensoryStone","floor":38,"gold_loss":0},{"damage_healed":0,"gold_gain":0,"player_choice":"Ignored","damage_taken":0,"max_hp_gain":0,"max_hp_loss":0,"event_name":"Tomb of Lord Red Mask","floor":48,"gold_loss":0}],"is_beta":false,"boss_relics":[{"not_picked":["Philosopher\u0027s Stone","Coffee Dripper"],"picked":"Astrolabe"},{"not_picked":["Cursed Key","Fusion Hammer"],"picked":"Tiny House"}],"items_purged_floors":[5,31,36,39,54],"is_endless":false,"potions_floor_spawned":[4,7,18,24,27,41],"ascension_level":20}