{"gold_per_floor":[112,112,187,187,207,207,223,251,275,310,338,350,381,67,67,169,169,189,189,288,97,107,107,117,117,143,175,175,190,205,35,35,132,132,149,165,182,193,40,40,53,66,66,0,0,0,0,0,0,0],"floor_reached":51,"playtime":2068,"items_purged":["Strike_B","Strike_B"],"score":777,"play_id":"148bf8b2-0577-4ddd-b015-e1e1d2db3d2f","local_time":"20190618205428","is_ascension_mode":false,"campfire_choices":[{"data":"Doom and Gloom","floor":6.0,"key":"SMITH"},{"floor":12.0,"key":"REST"},{"data":"Fusion","floor":15.0,"key":"SMITH"},{"data":"Recycle","floor":23.0,"key":"SMITH"},{"data":"Skim","floor":25.0,"key":"SMITH"},{"data":"Skim","floor":32.0,"key":"SMITH"},{"data":"Skim","floor":40.0,"key":"SMITH"},{"data":"Meteor Strike","floor":45.0,"key":"SMITH"},{"floor":49.0,"key":"RECALL"}],"neow_cost":"NONE","seed_source_timestamp":37261330356584,"circlet_count":0,"master_deck":["Defend_B+1","Defend_B+1","Defend_B+1","Defend_B+1","Zap+1","Dualcast+1","Fusion+1","Ball Lightning+1","Doom and Gloom+1","Skim+1","Capacitor+1","Skim+1","Creative AI+1","Self Repair+1","Recycle+1","Cold Snap+1","Skim+1","Hologram+1","White Noise+1","Skim+1","Hologram+1","Redo+1","Blizzard+1","Meteor Strike+1","Recycle+1","Double Energy+1","Recycle+1","White Noise+1"],"special_seed":0,"relics":["Cracked Core","PreservedInsect","Bronze Scales","MawBank","Mummified Hand","Orrery","Emotion Chip","TheAbacus","War Paint","Orichalcum","Runic Pyramid","Lantern","Incense Burner","Red Mask","Mark of the Bloom"],"potions_floor_usage":[50,50],"damage_taken":[{"damage":2.0,"enemies":"Small Slimes","floor":1.0,"turns":3.0},{"damage":2.0,"enemies":"2 Louse","floor":5.0,"turns":2.0},{"damage":3.0,"enemies":"Jaw Worm","floor":7.0,"turns":3.0},{"damage":11.0,"enemies":"Lagavulin","floor":8.0,"turns":6.0},{"damage":16.0,"enemies":"Gremlin Nob","floor":10.0,"turns":4.0},{"damage":9.0,"enemies":"2 Fungi Beasts","floor":11.0,"turns":3.0},{"damage":13.0,"enemies":"Large Slime","floor":13.0,"turns":3.0},{"damage":10.0,"enemies":"The Guardian","floor":16.0,"turns":9.0},{"damage":21.0,"enemies":"Chosen","floor":18.0,"turns":6.0},{"damage":5.0,"enemies":"Spheric Guardian","floor":22.0,"turns":4.0},{"damage":17.0,"enemies":"Chosen and Byrds","floor":24.0,"turns":5.0},{"damage":10.0,"enemies":"Book of Stabbing","floor":27.0,"turns":4.0},{"damage":28.0,"enemies":"Snake Plant","floor":29.0,"turns":4.0},{"damage":2.0,"enemies":"Shelled Parasite and Fungi","floor":30.0,"turns":2.0},{"damage":29.0,"enemies":"Collector","floor":33.0,"turns":6.0},{"damage":0.0,"enemies":"3 Shapes","floor":35.0,"turns":2.0},{"damage":14.0,"enemies":"Orb Walker","floor":36.0,"turns":3.0},{"damage":3.0,"enemies":"Sphere and 2 Shapes","floor":37.0,"turns":2.0},{"damage":8.0,"enemies":"3 Darklings","floor":38.0,"turns":2.0},{"damage":3.0,"enemies":"4 Shapes","floor":41.0,"turns":3.0},{"damage":10.0,"enemies":"Spire Growth","floor":42.0,"turns":2.0},{"damage":0,"enemies":"Awakened One","floor":50,"turns":3}],"seed_played":"-1285854230150085460","potions_obtained":[{"floor":10.0,"key":"SkillPotion"},{"floor":13.0,"key":"LiquidBronze"},{"floor":16.0,"key":"Fruit Juice"},{"floor":22.0,"key":"FairyPotion"},{"floor":27.0,"key":"FearPotion"},{"floor":35.0,"key":"GamblersBrew"},{"floor":38.0,"key":"Ancient Potion"}],"is_trial":false,"path_per_floor":["M","?","?","?","M","R","M","E","T","E","M","R","M","$","R","B",null,"M","?","?","$","M","R","M","R","T","E","?","M","M","$","R","B",null,"M","M","M","M","$","R","M","M","T","?","R","?","?","?","R","B",null],"character_chosen":"DEFECT","items_purchased":["Mummified Hand","TheAbacus","Blizzard","Lantern"],"campfire_rested":1,"item_purchase_floors":[14,21,31,39],"current_hp_per_floor":[73,66,55,55,53,53,50,39,39,23,14,36,23,23,23,18,80,66,66,66,66,68,68,58,58,58,55,55,34,39,39,39,17,80,80,80,80,79,79,79,80,77,77,77,77,77,76,76,76,76],"gold":0,"neow_bonus":"TRANSFORM_CARD","is_prod":false,"is_daily":false,"chose_seed":false,"campfire_upgraded":7,"win_rate":0,"timestamp":1560862468,"path_taken":["M","?","?","?","M","R","M","E","T","E","M","R","M","?","R","BOSS","M","?","?","?","M","R","M","R","T","E","?","M","?","$","R","BOSS","M","M","M","M","$","R","M","M","T","?","R","?","?","?","R","BOSS"],"build_version":"2019-01-23","purchased_purges":2,"victory":true,"max_hp_per_floor":[75,75,75,75,75,75,75,75,75,75,75,75,75,75,75,80,80,80,80,80,80,80,80,80,80,80,80,80,80,80,80,80,80,80,80,80,80,80,80,80,80,80,80,80,80,80,76,76,76,76],"card_choices":[{"not_picked":["Steam","Hello World"],"picked":"Ball Lightning","floor":1.0},{"not_picked":["Sweeping Beam","Tempest"],"picked":"Doom and Gloom","floor":5.0},{"not_picked":["Hello World","Gash"],"picked":"Skim","floor":7.0},{"not_picked":["Steam","Chaos"],"picked":"Capacitor","floor":8.0},{"not_picked":["FTL","Sweeping Beam","Compile Driver"],"picked":"SKIP","floor":10.0},{"not_picked":["Static Discharge","Streamline","Ball Lightning"],"picked":"SKIP","floor":11.0},{"not_picked":["Ball Lightning","Beam Cell"],"picked":"Skim","floor":13.0},{"not_picked":["Thunder Strike","Amplify"],"picked":"Creative AI","floor":16.0},{"not_picked":["Lockon","Cold Snap"],"picked":"Self Repair","floor":17.0},{"not_picked":["Coolheaded","Undo"],"picked":"Recycle","floor":17.0},{"not_picked":["Conserve Battery","Ball Lightning"],"picked":"Cold Snap","floor":17.0},{"not_picked":["Blizzard+1","Rebound+1"],"picked":"Skim","floor":18.0},{"not_picked":["Compile Driver","Hologram","Doom and Gloom"],"picked":"SKIP","floor":22.0},{"not_picked":["Compile Driver","Doom and Gloom"],"picked":"Hologram","floor":22.0},{"not_picked":["Lockon","Tempest","Ball Lightning"],"picked":"SKIP","floor":24.0},{"not_picked":["Reboot","Lockon+1"],"picked":"White Noise+1","floor":27.0},{"not_picked":["Auto Shields+1","Cold Snap+1"],"picked":"Hologram","floor":29.0},{"not_picked":["Gash+1","Coolheaded"],"picked":"Redo+1","floor":30.0},{"not_picked":["Creative AI","Echo Form"],"picked":"Meteor Strike","floor":33.0},{"not_picked":["Conserve Battery","Lockon+1"],"picked":"Recycle+1","floor":35.0},{"not_picked":["Cold Snap+1","Go for the Eyes+1"],"picked":"Double Energy+1","floor":36.0},{"not_picked":["Leap+1","Beam Cell+1","Coolheaded"],"picked":"SKIP","floor":37.0},{"not_picked":["Loop+1","Turbo+1"],"picked":"Recycle+1","floor":38.0},{"not_picked":["Doom and Gloom+1","Sunder"],"picked":"White Noise+1","floor":41.0},{"not_picked":["Doom and Gloom","Reinforced Body+1","Force Field+1"],"picked":"SKIP","floor":42.0}],"player_experience":5417141,"relics_obtained":[{"floor":8.0,"key":"PreservedInsect"},{"floor":9.0,"key":"Bronze Scales"},{"floor":10.0,"key":"MawBank"},{"floor":26.0,"key":"War Paint"},{"floor":27.0,"key":"Orichalcum"},{"floor":43.0,"key":"Incense Burner"}],"event_choices":[{"cards_removed":["Strike_B"],"damage_healed":0.0,"max_hp_gain":0.0,"max_hp_loss":0.0,"gold_gain":0.0,"event_name":"Golden Wing","player_choice":"Card Removal","floor":2.0,"gold_loss":0.0,"damage_taken":7.0},{"damage_healed":0.0,"max_hp_gain":0.0,"max_hp_loss":0.0,"gold_gain":75.0,"event_name":"World of Goop","player_choice":"Gather Gold","floor":3.0,"gold_loss":0.0,"damage_taken":11.0},{"damage_healed":0.0,"max_hp_gain":0.0,"max_hp_loss":0.0,"gold_gain":0.0,"event_name":"Liars Game","player_choice":"Ignored","floor":4.0,"gold_loss":0.0,"damage_taken":0.0},{"damage_healed":0.0,"max_hp_gain":0.0,"max_hp_loss":0.0,"gold_gain":0.0,"event_name":"The Mausoleum","player_choice":"Opened","floor":19.0,"gold_loss":0.0,"damage_taken":0.0,"relics_obtained":["Emotion Chip"]},{"damage_healed":0.0,"max_hp_gain":0.0,"max_hp_loss":0.0,"gold_gain":99.0,"event_name":"Nest","player_choice":"Stole From Cult","floor":20.0,"gold_loss":0.0,"damage_taken":0.0},{"damage_healed":0.0,"max_hp_gain":0.0,"max_hp_loss":0.0,"gold_gain":0.0,"event_name":"The Library","player_choice":"Read","floor":28.0,"gold_loss":0.0,"damage_taken":0.0,"cards_obtained":["Skim"]},{"damage_healed":0.0,"max_hp_gain":0.0,"max_hp_loss":0.0,"gold_gain":0.0,"event_name":"Tomb of Lord Red Mask","player_choice":"Paid","floor":44.0,"gold_loss":66.0,"damage_taken":0.0,"relics_obtained":["Red Mask"]},{"damage_healed":0.0,"max_hp_gain":0.0,"max_hp_loss":0.0,"gold_gain":0.0,"event_name":"MindBloom","player_choice":"Upgrade","floor":46.0,"gold_loss":0.0,"damage_taken":0.0,"cards_upgraded":["Defend_B","Defend_B","Defend_B","Defend_B","Zap","Ball Lightning","Capacitor","Creative AI","Self Repair","Cold Snap","Hologram","Hologram","Blizzard"],"relics_obtained":["Mark of the Bloom"]},{"damage_healed":0.0,"max_hp_gain":0.0,"max_hp_loss":4.0,"gold_gain":0.0,"event_name":"Winding Halls","player_choice":"Max HP","floor":47.0,"gold_loss":0.0,"damage_taken":0.0},{"damage_healed":0.0,"max_hp_gain":0.0,"max_hp_loss":0.0,"gold_gain":0.0,"event_name":"SensoryStone","player_choice":"Memory 1","floor":48.0,"gold_loss":0.0,"damage_taken":0.0}],"is_beta":false,"boss_relics":[{"not_picked":["Astrolabe","FrozenCore"],"picked":"Orrery"},{"not_picked":["Lizard Tail","Eternal Feather"],"picked":"Runic Pyramid"}],"items_purged_floors":[14,31],"is_endless":false,"potions_floor_spawned":[10,13,16,22,27,35,38,42],"ascension_level":0}