{"gold_per_floor":[112,112,127,52,52,86,8,23,23,23,34,34,53,85,85,188,188,203,203,303,303,203,203,237,237,264,64,64,84,100,118,118,220,220,238,88,88,107,107,107,107,132,190,218,243,255,279,307,319,331],"floor_reached":50,"playtime":2314,"items_purged":["Strike_B","Writhe","Strike_B","Defend_B"],"score":547,"play_id":"dfe62624-0213-473d-b6d6-a50f5c4b777a","local_time":"20190102005231","is_ascension_mode":false,"campfire_choices":[{"floor":10.0,"key":"RECALL"},{"data":"Defragment","floor":12.0,"key":"SMITH"},{"data":"Double Energy","floor":15.0,"key":"SMITH"},{"floor":23.0,"key":"REST"},{"floor":25.0,"key":"REST"},{"data":"Capacitor","floor":28.0,"key":"SMITH"},{"floor":32.0,"key":"REST"},{"data":"Buffer","floor":40.0,"key":"SMITH"},{"data":"Turbo","floor":46.0,"key":"SMITH"},{"data":"Storm","floor":49.0,"key":"SMITH"}],"neow_cost":"NONE","seed_source_timestamp":40601793556399,"circlet_count":0,"master_deck":["Strike_B","Strike_B","Defend_B","Zap","Dualcast","Defragment+1","Glacier","FTL+1","Double Energy+1","Melter+1","FTL+1","Turbo+1","Tempest","Electrodynamics","Coolheaded+1","Hologram","Multi-Cast","Thunder Strike+1","Capacitor+1","Storm+1","Self Repair","Buffer+1","Dramatic Entrance+1","Barrage+1","Echo Form"],"special_seed":0,"relics":["Cracked Core","NeowsBlessing","Molten Egg 2","Darkstone Periapt","Inserter","Bird Faced Urn","Question Card","Dream Catcher","Singing Bowl","Bag of Marbles","Nuclear Battery","MawBank","Anchor"],"potions_floor_usage":[50],"damage_taken":[{"damage":0.0,"enemies":"Jaw Worm","floor":1.0,"turns":1.0},{"damage":0.0,"enemies":"2 Louse","floor":3.0,"turns":1.0},{"damage":0.0,"enemies":"Gremlin Nob","floor":6.0,"turns":1.0},{"damage":0.0,"enemies":"Small Slimes","floor":8.0,"turns":3.0},{"damage":8.0,"enemies":"Blue Slaver","floor":11.0,"turns":4.0},{"damage":6.0,"enemies":"Exordium Wildlife","floor":13.0,"turns":4.0},{"damage":5.0,"enemies":"Lagavulin","floor":14.0,"turns":7.0},{"damage":25.0,"enemies":"The Guardian","floor":16.0,"turns":10.0},{"damage":5.0,"enemies":"Chosen","floor":18.0,"turns":3.0},{"damage":35.0,"enemies":"Colosseum Slavers","floor":20.0,"turns":3.0},{"damage":35.0,"enemies":"Colosseum Nobs","floor":20.0,"turns":4.0},{"damage":18.0,"enemies":"Slavers","floor":24.0,"turns":4.0},{"damage":12.0,"enemies":"Shell Parasite","floor":29.0,"turns":5.0},{"damage":3.0,"enemies":"Snecko","floor":30.0,"turns":5.0},{"damage":26.0,"enemies":"Snake Plant","floor":31.0,"turns":4.0},{"damage":32.0,"enemies":"Collector","floor":33.0,"turns":7.0},{"damage":34.0,"enemies":"3 Darklings","floor":35.0,"turns":5.0},{"damage":0.0,"enemies":"Orb Walker","floor":38.0,"turns":1.0},{"damage":6.0,"enemies":"Spire Growth","floor":42.0,"turns":5.0},{"damage":15.0,"enemies":"4 Shapes","floor":44.0,"turns":4.0},{"damage":13.0,"enemies":"Transient","floor":45.0,"turns":5.0},{"damage":18.0,"enemies":"Jaw Worm Horde","floor":47.0,"turns":3.0},{"damage":13.0,"enemies":"Maw","floor":48.0,"turns":7.0},{"damage":123,"enemies":"Awakened One","floor":50,"turns":7}],"seed_played":"-8952646972255631167","potions_obtained":[{"floor":1.0,"key":"Fruit Juice"},{"floor":13.0,"key":"Fruit Juice"},{"floor":14.0,"key":"EssenceOfSteel"},{"floor":24.0,"key":"Block Potion"},{"floor":30.0,"key":"Dexterity Potion"},{"floor":33.0,"key":"Regen Potion"}],"is_trial":false,"path_per_floor":["M","?","M","$","?","E","$","M","T","R","M","R","M","E","R","B",null,"M","?","?","?","$","R","E","R","T","$","R","M","M","M","R","B",null,"M","$","?","M","?","R","?","M","T","M","M","R","M","M","R","B"],"character_chosen":"DEFECT","items_purchased":["Double Energy","Capacitor"],"campfire_rested":3,"item_purchase_floors":[7,27],"current_hp_per_floor":[80,80,80,80,73,73,73,73,73,73,65,65,64,59,59,34,85,80,80,10,16,16,43,27,56,56,56,56,50,55,37,66,51,97,78,78,78,84,84,84,84,97,97,97,103,103,93,101,101,0],"gold":331,"neow_bonus":"THREE_ENEMY_KILL","is_prod":false,"is_daily":false,"chose_seed":false,"campfire_upgraded":6,"win_rate":0,"timestamp":1546386751,"path_taken":["M","?","M","$","?","E","?","M","T","R","M","R","M","E","R","BOSS","M","?","?","?","$","R","E","R","T","?","R","?","M","M","R","BOSS","M","$","?","M","?","R","?","M","T","M","M","R","?","M","R","BOSS"],"build_version":"2018-12-20","purchased_purges":4,"victory":false,"max_hp_per_floor":[80,80,80,80,80,80,80,80,80,80,80,80,85,85,85,85,85,85,85,85,91,91,91,91,93,93,93,93,93,95,97,97,97,97,99,99,99,101,101,101,101,101,101,101,103,103,105,107,107,107],"card_choices":[{"not_picked":["Darkness","Barrage"],"picked":"Defragment","floor":1.0},{"not_picked":["Storm","Rebound"],"picked":"Glacier","floor":3.0},{"not_picked":["Undo","Stack"],"picked":"FTL","floor":6.0},{"not_picked":["Redo","Barrage+1"],"picked":"Melter+1","floor":8.0},{"not_picked":["Hello World","Beam Cell+1"],"picked":"FTL+1","floor":11.0},{"not_picked":["Redo","FTL+1"],"picked":"Turbo","floor":13.0},{"not_picked":["Conserve Battery","BootSequence"],"picked":"Tempest","floor":14.0},{"not_picked":["All For One+1","Reboot"],"picked":"Electrodynamics","floor":16.0},{"not_picked":["Leap","Streamline+1"],"picked":"Coolheaded+1","floor":18.0},{"not_picked":["Barrage+1","Streamline+1"],"picked":"Hologram","floor":20.0},{"not_picked":["Barrage+1","Heatsinks+1","Streamline+1"],"picked":"Multi-Cast","floor":23.0},{"not_picked":["Recycle+1","Redo","Barrage+1"],"picked":"Thunder Strike+1","floor":24.0},{"not_picked":["Coolheaded+1","Turbo","Hologram","Heatsinks+1"],"picked":"Singing Bowl","floor":25.0},{"not_picked":["Rebound+1","Blizzard+1","Turbo"],"picked":"Storm","floor":29.0},{"not_picked":["Streamline+1","BootSequence","Ball Lightning+1","Blizzard+1"],"picked":"Singing Bowl","floor":30.0},{"not_picked":["Turbo+1","Go for the Eyes+1","Capacitor","Sweeping Beam+1"],"picked":"Singing Bowl","floor":31.0},{"not_picked":["Heatsinks","Thunder Strike+1","Ball Lightning+1"],"picked":"Self Repair","floor":32.0},{"not_picked":["All For One+1","Electrodynamics","Seek"],"picked":"Buffer","floor":33.0},{"not_picked":["Genetic Algorithm+1","Reinforced Body+1","Steam","Hologram+1"],"picked":"Singing Bowl","floor":35.0},{"not_picked":["Reinforced Body","Cold Snap+1","Turbo+1","Compile Driver+1"],"picked":"Singing Bowl","floor":38.0},{"not_picked":["Madness","Mind Blast+1","Jack Of All Trades"],"picked":"Dramatic Entrance+1","floor":39.0},{"not_picked":["Hologram+1","Gash+1","Chaos+1"],"picked":"Barrage+1","floor":42.0},{"not_picked":["Hologram+1","Rebound+1","FTL+1"],"picked":"Echo Form","floor":44.0},{"not_picked":["Chill+1","Hologram+1","Coolheaded","Doom and Gloom+1"],"picked":"Singing Bowl","floor":45.0},{"not_picked":["Rip and Tear+1","Coolheaded","Stack","Auto Shields"],"picked":"Singing Bowl","floor":47.0},{"not_picked":["Cold Snap+1","Reprogram+1","Recycle+1","Scrape+1"],"picked":"Singing Bowl","floor":48.0}],"player_experience":373529,"relics_obtained":[{"floor":6.0,"key":"Molten Egg 2"},{"floor":14.0,"key":"Darkstone Periapt"},{"floor":20.0,"key":"Bird Faced Urn"},{"floor":20.0,"key":"Question Card"},{"floor":24.0,"key":"Singing Bowl"},{"floor":26.0,"key":"Bag of Marbles"},{"floor":43.0,"key":"Anchor"}],"event_choices":[{"damage_healed":0.0,"max_hp_gain":0.0,"max_hp_loss":0.0,"gold_gain":0.0,"event_name":"Liars Game","player_choice":"Ignored","floor":2.0,"gold_loss":0.0,"damage_taken":0.0},{"cards_removed":["Defend_B"],"damage_healed":0.0,"max_hp_gain":0.0,"max_hp_loss":0.0,"gold_gain":0.0,"event_name":"Golden Wing","player_choice":"Card Removal","floor":5.0,"gold_loss":0.0,"damage_taken":7.0},{"damage_healed":0.0,"max_hp_gain":0.0,"max_hp_loss":0.0,"gold_gain":0.0,"event_name":"Ghosts","player_choice":"Ignored","floor":19.0,"gold_loss":0.0,"damage_taken":0.0},{"damage_healed":0.0,"max_hp_gain":0.0,"max_hp_loss":0.0,"gold_gain":0.0,"event_name":"Colosseum","player_choice":"Fight","floor":20.0,"gold_loss":0.0,"damage_taken":0.0},{"damage_healed":0.0,"max_hp_gain":0.0,"max_hp_loss":0.0,"gold_gain":0.0,"event_name":"Colosseum","player_choice":"Fought Nobs","floor":20.0,"gold_loss":0.0,"damage_taken":0.0},{"damage_healed":0.0,"max_hp_gain":0.0,"max_hp_loss":0.0,"gold_gain":0.0,"event_name":"The Mausoleum","player_choice":"Opened","floor":21.0,"gold_loss":0.0,"damage_taken":0.0,"relics_obtained":["Dream Catcher"],"cards_obtained":["Writhe"]},{"cards_removed":["Defend_B"],"damage_healed":0.0,"max_hp_gain":0.0,"max_hp_loss":0.0,"gold_gain":0.0,"event_name":"Falling","player_choice":"Removed Skill","floor":37.0,"gold_loss":0.0,"damage_taken":0.0},{"damage_healed":0.0,"max_hp_gain":0.0,"max_hp_loss":0.0,"gold_gain":0.0,"event_name":"SensoryStone","player_choice":"Memory 1","floor":39.0,"gold_loss":0.0,"damage_taken":0.0},{"damage_healed":0.0,"max_hp_gain":0.0,"max_hp_loss":0.0,"gold_gain":0.0,"event_name":"WeMeetAgain","player_choice":"Gave Potion","floor":41.0,"gold_loss":0.0,"damage_taken":0.0,"relics_obtained":["MawBank"]}],"is_beta":false,"boss_relics":[{"not_picked":["Black Star","Philosopher\u0027s Stone"],"picked":"Inserter"},{"not_picked":["Cursed Key","White Beast Statue"],"picked":"Nuclear Battery"}],"items_purged_floors":[4,22,27,36],"is_endless":false,"potions_floor_spawned":[1,13,14,20,24,30,33,38],"killed_by":"Awakened One","ascension_level":0}