{"gold_per_floor":[117,33,33,52,67,67,67,98,178,103,103],"floor_reached":11,"playtime":163,"items_purged":[],"score":142,"play_id":"80532755-83fc-4a97-a591-cc383ff229c0","local_time":"20181122220631","is_ascension_mode":true,"campfire_choices":[{"data":"Noxious Fumes","floor":7,"key":"SMITH"}],"neow_cost":"NONE","seed_source_timestamp":3087458204587,"circlet_count":0,"master_deck":["AscendersBane","Defend_G","Defend_G","Defend_G","Defend_G","Defend_G","Strike_G","Strike_G","Strike_G","Strike_G","Survivor","Neutralize","Acrobatics","Noxious Fumes+1","Footwork"],"relics":["Ring of the Snake","NeowsBlessing","Oddly Smooth Stone","Juzu Bracelet","Ornamental Fan"],"potions_floor_usage":[11],"damage_taken":[{"damage":0,"enemies":"Small Slimes","floor":1,"turns":1},{"damage":0,"enemies":"2 Louse","floor":4,"turns":1},{"damage":0,"enemies":"Cultist","floor":5,"turns":1},{"damage":7,"enemies":"Lagavulin","floor":8,"turns":10},{"damage":37,"enemies":"Gremlin Nob","floor":11,"turns":4}],"seed_played":"2677995375278988789","potions_obtained":[{"floor":1,"key":"GhostInAJar"}],"is_trial":false,"path_per_floor":["M","$","?","M","M","?","R","E","T","?","E"],"character_chosen":"THE_SILENT","items_purchased":["Noxious Fumes"],"campfire_rested":0,"item_purchase_floors":[2],"current_hp_per_floor":[59,59,59,59,59,41,41,34,34,34,0],"gold":103,"neow_bonus":"THREE_ENEMY_KILL","is_prod":false,"is_daily":false,"chose_seed":false,"campfire_upgraded":1,"win_rate":0,"timestamp":1542895591,"path_taken":["M","$","?","M","M","?","R","E","T","?","E"],"build_version":"2018-11-15","purchased_purges":0,"victory":false,"max_hp_per_floor":[66,66,66,66,66,66,66,66,66,66,66],"card_choices":[{"not_picked":["Endless Agony","Heel Hook"],"picked":"Acrobatics","floor":1},{"not_picked":["Flying Knee","Bane"],"picked":"Footwork","floor":4},{"not_picked":["Outmaneuver","Quick Slash","Deflect"],"picked":"SKIP","floor":5},{"not_picked":["Infinite Blades","Deflect","Storm of Steel"],"picked":"SKIP","floor":8}],"player_experience":1140176,"relics_obtained":[{"floor":8,"key":"Juzu Bracelet"},{"floor":9,"key":"Ornamental Fan"}],"event_choices":[{"damage_healed":0,"gold_gain":0,"player_choice":"Ignored","damage_taken":0,"max_hp_gain":0,"max_hp_loss":0,"event_name":"Liars Game","floor":3,"gold_loss":0},{"damage_healed":0,"gold_gain":0,"player_choice":"Success","damage_taken":18,"relics_obtained":["Oddly Smooth Stone"],"max_hp_gain":0,"max_hp_loss":0,"event_name":"Scrap Ooze","floor":6,"gold_loss":0},{"cards_removed":["Strike_G"],"damage_healed":0,"gold_gain":0,"player_choice":"Card Removal","damage_taken":0,"max_hp_gain":0,"max_hp_loss":0,"event_name":"The Cleric","floor":10,"gold_loss":75}],"is_beta":true,"boss_relics":[],"items_purged_floors":[],"is_endless":false,"potions_floor_spawned":[1],"killed_by":"Gremlin Nob","ascension_level":20}