{"gold_per_floor":[111,124,124,138,154,154,154,154,181,200,218,218,240,252,252,355,355,370,381,306,331,2,2,14,14,88,88,104,104,104,124,124,228,228,241,241,116,116,116,116,141,141,141,363,375,393,412,190,190,190],"floor_reached":51,"playtime":2031,"items_purged":["Strike_B","Strike_B","Defend_B","Strike_B"],"score":1102,"play_id":"c7226597-6681-4574-9d21-26769abd23c0","local_time":"20181011233551","is_ascension_mode":true,"campfire_choices":[{"data":"Defragment","floor":6,"key":"SMITH"},{"floor":8,"key":"REST"},{"data":"Zap","floor":12,"key":"SMITH"},{"data":"Capacitor","floor":15,"key":"SMITH"},{"floor":23,"key":"REST"},{"floor":25,"key":"REST"},{"floor":27,"key":"REST"},{"data":"Ghostly","floor":32,"key":"SMITH"},{"data":"Ghostly","floor":40,"key":"SMITH"},{"data":"Ghostly","floor":42,"key":"SMITH"},{"data":"Consume","floor":49,"key":"SMITH"}],"neow_cost":"NONE","seed_source_timestamp":648406512955,"circlet_count":0,"master_deck":["Strike_B","Defend_B","Defend_B","Zap+1","Dualcast","AscendersBane","White Noise","Stack","Defragment+1","Cold Snap","Zap","Echo Form","Capacitor+1","Cold Snap","Core Surge","Coolheaded+1","Ball Lightning+1","Recycle","White Noise","Compile Driver+1","Reinforced Body","Glacier","Ghostly+1","Ghostly+1","Ghostly+1","Ghostly","Ghostly","Machine Learning","Core Surge","Turbo+1","Capacitor","Consume+1"],"relics":["Cracked Core","Blood Vial","Juzu Bracelet","Odd Mushroom","Sozu","Red Mask","ClockworkSouvenir","Cables","Runic Pyramid","Question Card","Centennial Puzzle","Letter Opener"],"potions_floor_usage":[5,14,21,21],"damage_taken":[{"damage":7,"enemies":"Jaw Worm","floor":1,"turns":3},{"damage":0,"enemies":"Cultist","floor":2,"turns":4},{"damage":15,"enemies":"2 Louse","floor":4,"turns":3},{"damage":17,"enemies":"Exordium Thugs","floor":5,"turns":3},{"damage":14,"enemies":"Exordium Wildlife","floor":10,"turns":3},{"damage":1,"enemies":"2 Fungi Beasts","floor":11,"turns":2},{"damage":15,"enemies":"The Mushroom Lair","floor":13,"turns":5},{"damage":12,"enemies":"3 Louse","floor":14,"turns":3},{"damage":6,"enemies":"Hexaghost","floor":16,"turns":10},{"damage":23,"enemies":"Shell Parasite","floor":18,"turns":6},{"damage":14,"enemies":"3 Byrds","floor":19,"turns":5},{"damage":25,"enemies":"Masked Bandits","floor":21,"turns":5},{"damage":20,"enemies":"Centurion and Healer","floor":24,"turns":8},{"damage":14,"enemies":"Snake Plant","floor":28,"turns":4},{"damage":3,"enemies":"Shelled Parasite and Fungi","floor":31,"turns":5},{"damage":12,"enemies":"Automaton","floor":33,"turns":8},{"damage":9,"enemies":"3 Shapes","floor":35,"turns":5},{"damage":0,"enemies":"Giant Head","floor":41,"turns":11},{"damage":0,"enemies":"3 Darklings","floor":45,"turns":4},{"damage":4,"enemies":"Sphere and 2 Shapes","floor":46,"turns":5},{"damage":0,"enemies":"4 Shapes","floor":47,"turns":5},{"damage":30,"enemies":"Time Eater","floor":50,"turns":16}],"seed_played":"-2937696977780756852","potions_obtained":[{"floor":2,"key":"Weak Potion"},{"floor":4,"key":"Explosive Potion"},{"floor":10,"key":"FearPotion"},{"floor":14,"key":"EssenceOfSteel"},{"floor":16,"key":"Regen Potion"}],"is_trial":false,"path_per_floor":["M","M","?","M","M","R","?","R","T","M","M","R","?","M","R","B",null,"M","M","$","?","$","R","M","R","T","R","M","?","?","M","R","B",null,"M","T","$","$","?","R","E","R","T","?","M","M","M","$","R","B"],"character_chosen":"DEFECT","items_purchased":["ClockworkSouvenir","White Noise","Consume"],"campfire_rested":4,"item_purchase_floors":[22,22,48],"current_hp_per_floor":[63,65,65,52,37,37,37,59,59,47,48,48,35,25,25,21,62,41,29,29,15,15,37,19,41,41,63,51,51,37,34,34,24,34,27,27,27,27,27,27,29,29,29,29,31,29,31,31,31,3],"gold":190,"neow_bonus":"RANDOM_COMMON_RELIC","is_prod":false,"is_daily":false,"chose_seed":false,"campfire_upgraded":7,"win_rate":0,"timestamp":1539272151,"path_taken":["M","M","?","M","M","R","?","R","T","M","M","R","?","M","R","BOSS","M","M","$","?","$","R","M","R","T","R","M","?","?","M","R","BOSS","M","?","?","$","?","R","E","R","T","?","M","M","M","$","R","BOSS"],"build_version":"2018-10-04v2","purchased_purges":4,"victory":true,"max_hp_per_floor":[75,75,75,75,75,75,75,75,75,75,75,75,75,75,75,75,75,75,75,75,75,75,75,75,75,75,75,75,75,37,37,37,37,37,37,37,37,37,35,35,35,35,35,35,35,35,35,35,35,35],"card_choices":[{"not_picked":["Stack","Skim"],"picked":"White Noise","floor":1},{"not_picked":["Turbo","Beam Cell"],"picked":"Stack","floor":2},{"not_picked":["Go for the Eyes","Rebound"],"picked":"Defragment","floor":4},{"not_picked":["Go for the Eyes","Heatsinks"],"picked":"Cold Snap","floor":5},{"not_picked":["Barrage","Aggregate","Storm"],"picked":"SKIP","floor":10},{"not_picked":["Ball Lightning","Darkness"],"picked":"Echo Form","floor":11},{"not_picked":["Beam Cell","Conserve Battery"],"picked":"Capacitor","floor":13},{"not_picked":["Barrage","Rebound"],"picked":"Cold Snap","floor":14},{"not_picked":["Reboot","Thunder Strike"],"picked":"Core Surge","floor":16},{"not_picked":["Stack","Static Discharge"],"picked":"Coolheaded+1","floor":18},{"not_picked":["Steam Power","Fusion+1"],"picked":"Ball Lightning+1","floor":19},{"not_picked":["Coolheaded","Stack"],"picked":"Recycle","floor":21},{"not_picked":["Hologram","Turbo"],"picked":"Compile Driver+1","floor":24},{"not_picked":["Blizzard+1","Storm"],"picked":"Reinforced Body","floor":28},{"not_picked":["Steam","Leap"],"picked":"Machine Learning","floor":31},{"not_picked":["Multi-Cast","Hyperbeam"],"picked":"Core Surge","floor":33},{"not_picked":["Go for the Eyes","Reprogram"],"picked":"Turbo+1","floor":35},{"not_picked":["Sunder","Lockon","Sweeping Beam+1","Go for the Eyes"],"picked":"SKIP","floor":41},{"not_picked":["Go for the Eyes","Ball Lightning","Redo","Streamline"],"picked":"SKIP","floor":45},{"not_picked":["Scrape","Go for the Eyes","Leap","Beam Cell"],"picked":"SKIP","floor":46},{"not_picked":["Glacier","Steam+1","Heatsinks+1"],"picked":"Capacitor","floor":47}],"player_experience":111180,"relics_obtained":[{"floor":9,"key":"Juzu Bracelet"},{"floor":13,"key":"Odd Mushroom"},{"floor":21,"key":"Red Mask"},{"floor":26,"key":"Cables"},{"floor":36,"key":"Question Card"},{"floor":41,"key":"Centennial Puzzle"},{"floor":43,"key":"Letter Opener"}],"event_choices":[{"event_name":"Purifier","player_choice":"One Purge","floor":3,"damage_taken":0},{"event_name":"Match and Keep!","player_choice":"1 cards matched","floor":7,"damage_taken":0},{"event_name":"Mushrooms","player_choice":"Fought Mushrooms","floor":13,"damage_taken":0},{"event_name":"Masked Bandits","player_choice":"Fought Bandits","floor":21,"damage_taken":0},{"event_name":"The Library","player_choice":"Read","floor":29,"damage_taken":0},{"event_name":"Ghosts","player_choice":"Became a Ghost","floor":30,"damage_taken":0},{"event_name":"Winding Halls","player_choice":"Max HP","floor":39,"damage_taken":0},{"event_name":"Tomb of Lord Red Mask","player_choice":"Wore Mask","floor":44,"damage_taken":0}],"is_beta":false,"boss_relics":[{"not_picked":["Velvet Choker","Black Star"],"picked":"Sozu"},{"not_picked":["Calling Bell","Inserter"],"picked":"Runic Pyramid"}],"items_purged_floors":[20,22,37,48],"is_endless":false,"potions_floor_spawned":[2,4,10,14,16,24,31,41,45],"ascension_level":12}