{"gold_per_floor":[110,28,48,67,79,79,6,67,67,67,82,82,7,7,7,112,162,175,189,189,207,225,225,241,261,261,261,274,274,72,171,171,269,269,288,288,308,308,327,327,345,345,345,345,345,176,51,65,65,65],"floor_reached":51,"playtime":2000,"items_purged":["Strike_R","Strike_R","Bludgeon"],"score":764,"play_id":"07aeb5af-e323-4b7a-9b06-419a9f03efd6","local_time":"20190808201702","is_ascension_mode":false,"campfire_choices":[{"data":"Havoc","floor":6.0,"key":"SMITH"},{"data":"1","floor":10.0,"key":"LIFT"},{"data":"2","floor":12.0,"key":"LIFT"},{"data":"3","floor":15.0,"key":"LIFT"},{"data":"True Grit","floor":23.0,"key":"SMITH"},{"data":"Burning Pact","floor":27.0,"key":"SMITH"},{"data":"Spot Weakness","floor":32.0,"key":"SMITH"},{"data":"Exhume","floor":40,"key":"SMITH"},{"data":"Finesse","floor":42,"key":"SMITH"},{"data":"Flex","floor":45,"key":"SMITH"},{"data":"Thunderclap","floor":49,"key":"SMITH"}],"neow_cost":"NONE","seed_source_timestamp":5093056677813,"circlet_count":0,"master_deck":["Defend_R","Defend_R","Defend_R","Defend_R","Bash+1","Thunderclap+1","Flex+1","Finesse+1","Havoc+1","Spot Weakness+1","True Grit+1","Reaper+1","Dropkick+1","Second Wind+1","Burning Pact+1","Seeing Red+1","Demon Form+1","Dark Embrace+1","Dual Wield+1","Exhume+1","Feel No Pain+1","Sentinel+1"],"special_seed":0,"relics":["Burning Blood","Girya","Frozen Egg 2","Molten Egg 2","Tiny House","Darkstone Periapt","WingedGreaves","ClockworkSouvenir","Velvet Choker","Centennial Puzzle"],"potions_floor_usage":[33,33,33,33,50],"damage_taken":[{"damage":6.0,"enemies":"Cultist","floor":1.0,"turns":3.0},{"damage":1.0,"enemies":"Small Slimes","floor":3.0,"turns":2.0},{"damage":1.0,"enemies":"Jaw Worm","floor":4.0,"turns":3.0},{"damage":12.0,"enemies":"Exordium Wildlife","floor":5.0,"turns":5.0},{"damage":16.0,"enemies":"Gremlin Nob","floor":8.0,"turns":3.0},{"damage":4.0,"enemies":"Lots of Slimes","floor":11.0,"turns":3.0},{"damage":58.0,"enemies":"Hexaghost","floor":16.0,"turns":6.0},{"damage":18.0,"enemies":"Chosen","floor":18.0,"turns":5.0},{"damage":23.0,"enemies":"2 Thieves","floor":19.0,"turns":4.0},{"damage":21.0,"enemies":"Snake Plant","floor":21.0,"turns":3.0},{"damage":14.0,"enemies":"Centurion and Healer","floor":22.0,"turns":8.0},{"damage":15.0,"enemies":"Snecko","floor":24.0,"turns":5.0},{"damage":52.0,"enemies":"Shelled Parasite and Fungi","floor":25.0,"turns":6.0},{"damage":34.0,"enemies":"3 Cultists","floor":28.0,"turns":6.0},{"damage":18,"enemies":"Collector","floor":33,"turns":5},{"damage":27,"enemies":"Orb Walker","floor":35,"turns":5},{"damage":27,"enemies":"3 Darklings","floor":37,"turns":5},{"damage":39,"enemies":"Sphere and 2 Shapes","floor":39,"turns":8},{"damage":53,"enemies":"4 Shapes","floor":41,"turns":5},{"damage":15,"enemies":"Transient","floor":48,"turns":5},{"damage":58,"enemies":"Awakened One","floor":50,"turns":7}],"seed_played":"4929733875621003814","potions_obtained":[{"floor":1.0,"key":"SpeedPotion"},{"floor":17.0,"key":"EntropicBrew"},{"floor":21.0,"key":"Fire Potion"},{"floor":22.0,"key":"GamblersBrew"},{"floor":24.0,"key":"PowerPotion"},{"floor":41,"key":"Fire Potion"},{"floor":48,"key":"Ancient Potion"}],"is_trial":false,"path_per_floor":["M","$","M","M","M","R","$","?","T","R","M","R","$","T","R","B",null,"M","M","?","M","M","R","M","M","T","R","M","T","$","?","R","B",null,"M","?","M","?","M","R","M","R","T","?","R","$","$","M","R","B",null],"character_chosen":"IRONCLAD","items_purchased":["Finesse","Spot Weakness","ClockworkSouvenir","Feel No Pain+1"],"campfire_rested":0,"item_purchase_floors":[2,7,30,46],"current_hp_per_floor":[80,80,80,80,74,74,74,64,64,64,66,66,66,66,66,14,85,73,68,68,53,61,61,60,33,33,33,27,27,27,27,27,46,85,77,77,85,85,81,81,82,82,82,82,82,82,82,85,85,69],"gold":65,"neow_bonus":"TRANSFORM_CARD","is_prod":false,"is_daily":false,"chose_seed":false,"campfire_upgraded":8,"win_rate":0,"timestamp":1565266622,"path_taken":["M","?","M","?","M","R","$","?","T","R","M","R","$","?","R","BOSS","M","M","?","M","?","R","M","M","T","R","M","?","$","?","R","BOSS","M","?","?","?","M","R","?","R","T","?","R","?","$","?","R","BOSS"],"build_version":"2019-07-17","purchased_purges":3,"victory":true,"max_hp_per_floor":[80,80,80,80,80,80,80,80,80,80,80,80,80,80,80,80,85,85,85,85,85,85,85,85,85,85,85,85,85,85,85,85,85,85,85,85,85,85,85,85,85,85,85,85,85,85,85,85,85,85],"card_choices":[{"not_picked":["Body Slam","Flame Barrier"],"picked":"Flex","floor":1.0},{"not_picked":["Flex","Pommel Strike","Heavy Blade"],"picked":"SKIP","floor":3.0},{"not_picked":["Headbutt","Iron Wave"],"picked":"Bludgeon","floor":4.0},{"not_picked":["Havoc","Perfected Strike","Headbutt"],"picked":"SKIP","floor":5.0},{"not_picked":["Perfected Strike","Headbutt"],"picked":"Havoc","floor":5.0},{"not_picked":["Combust+1","Shrug It Off"],"picked":"True Grit","floor":11.0},{"not_picked":["Feed+1","Bludgeon+1"],"picked":"Reaper+1","floor":16.0},{"not_picked":["Second Wind","Headbutt+1"],"picked":"Dropkick+1","floor":17.0},{"not_picked":["Corruption+1","Disarm","Pommel Strike+1"],"picked":"SKIP","floor":18.0},{"not_picked":["Heavy Blade+1","Armaments","Clothesline+1"],"picked":"SKIP","floor":19.0},{"not_picked":["True Grit","Clothesline+1"],"picked":"Second Wind","floor":21.0},{"not_picked":["Entrench+1","Intimidate","Cleave+1"],"picked":"SKIP","floor":22.0},{"not_picked":["Pommel Strike+1","Fire Breathing+1"],"picked":"Burning Pact","floor":24.0},{"not_picked":["Armaments","Sentinel"],"picked":"Seeing Red+1","floor":25.0},{"not_picked":["True Grit","Thunderclap+1"],"picked":"Demon Form+1","floor":28.0},{"not_picked":["Immolate+1","Berserk+1"],"picked":"Dark Embrace+1","floor":33},{"not_picked":["Seeing Red","Armaments"],"picked":"Dual Wield+1","floor":35},{"not_picked":["Anger+1","Wild Strike+1"],"picked":"Exhume","floor":37},{"not_picked":["Rupture+1","Pommel Strike+1","Spot Weakness"],"picked":"SKIP","floor":39},{"not_picked":["Rampage+1","Clothesline+1","Reckless Charge+1"],"picked":"SKIP","floor":41},{"not_picked":["Havoc","Rampage+1"],"picked":"Sentinel+1","floor":48}],"player_experience":5885338,"relics_obtained":[{"floor":8.0,"key":"Girya"},{"floor":9.0,"key":"Frozen Egg 2"},{"floor":14.0,"key":"Molten Egg 2"},{"floor":26.0,"key":"Darkstone Periapt"},{"floor":29.0,"key":"WingedGreaves"},{"floor":43,"key":"Centennial Puzzle"}],"event_choices":[{"damage_healed":0.0,"max_hp_gain":0.0,"max_hp_loss":0.0,"gold_gain":0.0,"event_name":"Dead Adventurer","player_choice":"Searched \u00271\u0027 times","floor":8.0,"gold_loss":0.0,"damage_taken":0.0},{"cards_removed":["Strike_R"],"damage_healed":0.0,"max_hp_gain":0.0,"max_hp_loss":0.0,"gold_gain":0.0,"event_name":"Purifier","player_choice":"Purged","floor":20.0,"gold_loss":0.0,"damage_taken":0.0},{"damage_healed":0.0,"max_hp_gain":0.0,"max_hp_loss":0.0,"gold_gain":99.0,"event_name":"Nest","player_choice":"Stole From Cult","floor":31.0,"gold_loss":0.0,"damage_taken":0.0},{"damage_healed":0,"gold_gain":0,"player_choice":"Forge","damage_taken":0,"max_hp_gain":0,"max_hp_loss":0,"event_name":"Accursed Blacksmith","floor":36,"gold_loss":0,"cards_upgraded":["Second Wind"]},{"cards_removed":["Strike_R"],"damage_healed":0,"gold_gain":0,"player_choice":"Purged","damage_taken":0,"max_hp_gain":0,"max_hp_loss":0,"event_name":"Purifier","floor":38,"gold_loss":0},{"damage_healed":0,"gold_gain":0,"player_choice":"Ignored","damage_taken":0,"max_hp_gain":0,"max_hp_loss":0,"event_name":"Tomb of Lord Red Mask","floor":44,"gold_loss":0}],"is_beta":false,"boss_relics":[{"not_picked":["Lizard Tail","Black Blood"],"picked":"Tiny House"},{"not_picked":["White Beast Statue","Eternal Feather"],"picked":"Velvet Choker"}],"items_purged_floors":[13,46,47],"is_endless":false,"potions_floor_spawned":[1,21,22,24,41,48],"ascension_level":0}