{"gold_per_floor":[210,221,235,14,14,14,14,42,68,98,98,128,146,146],"floor_reached":14,"playtime":327,"items_purged":["Strike_B"],"score":196,"play_id":"1444dfbd-4fa3-401a-a0f1-31f62e64e440","local_time":"20190302163712","is_ascension_mode":true,"campfire_choices":[{"data":"Zap","floor":6,"key":"SMITH"},{"floor":11,"key":"REST"}],"neow_cost":"NONE","seed_source_timestamp":176766021283327,"circlet_count":0,"master_deck":["AscendersBane","Strike_B","Strike_B","Strike_B","Defend_B","Defend_B","Defend_B","Defend_B","Zap+1","Dualcast","Heatsinks","Blizzard+1","Loop+1","Panacea","Go for the Eyes","Coolheaded","Cold Snap"],"special_seed":0,"relics":["Cracked Core","Anchor","Pen Nib","The Courier","Ancient Tea Set"],"potions_floor_usage":[8,13],"damage_taken":[{"damage":4.0,"enemies":"Jaw Worm","floor":1.0,"turns":4.0},{"damage":4.0,"enemies":"Small Slimes","floor":2.0,"turns":3.0},{"damage":2.0,"enemies":"Cultist","floor":3.0,"turns":4.0},{"damage":27,"enemies":"Gremlin Nob","floor":8,"turns":4},{"damage":15,"enemies":"Lagavulin","floor":12,"turns":11},{"damage":11,"enemies":"Large Slime","floor":13,"turns":6},{"damage":4,"enemies":"Red Slaver","floor":14,"turns":2}],"seed_played":"-5638341701272342302","potions_obtained":[{"floor":1.0,"key":"Energy Potion"},{"floor":2.0,"key":"Fire Potion"}],"is_trial":false,"path_per_floor":["M","M","M","$","?","R","?","E","T","?","R","E","M","M"],"character_chosen":"DEFECT","items_purchased":["Panacea","Go for the Eyes"],"campfire_rested":1,"item_purchase_floors":[4,4],"current_hp_per_floor":[60,56,54,54,54,54,33,6,6,6,27,12,1,0],"gold":146,"neow_bonus":"HUNDRED_GOLD","is_prod":false,"is_daily":false,"chose_seed":false,"campfire_upgraded":1,"win_rate":0,"timestamp":1551515832,"path_taken":["M","M","M","$","?","R","?","E","T","?","R","E","M","M"],"build_version":"2019-01-23","purchased_purges":1,"victory":false,"max_hp_per_floor":[71,71,71,71,71,71,71,71,71,71,71,71,71,71],"card_choices":[{"not_picked":["White Noise","Scrape"],"picked":"Heatsinks","floor":1.0},{"not_picked":["Melter","Gash"],"picked":"Blizzard","floor":2.0},{"not_picked":["FTL","Scrape"],"picked":"Loop","floor":3.0},{"not_picked":["Conserve Battery","Hologram"],"picked":"Coolheaded","floor":8},{"not_picked":["Conserve Battery","Doom and Gloom"],"picked":"Cold Snap","floor":12},{"not_picked":["Darkness","Doom and Gloom","Aggregate"],"picked":"SKIP","floor":13}],"player_experience":1072110,"relics_obtained":[{"floor":8,"key":"Anchor"},{"floor":9,"key":"Pen Nib"},{"floor":12,"key":"Ancient Tea Set"}],"event_choices":[{"damage_healed":0,"gold_gain":0,"player_choice":"Leave","damage_taken":0,"max_hp_gain":0,"max_hp_loss":0,"event_name":"The Cleric","floor":5,"gold_loss":0},{"damage_healed":0,"gold_gain":0,"player_choice":"Entered Light","damage_taken":21,"max_hp_gain":0,"max_hp_loss":0,"event_name":"Shining Light","floor":7,"gold_loss":0,"cards_upgraded":["Loop","Blizzard"]},{"damage_healed":0,"gold_gain":30,"player_choice":"Searched \u00272\u0027 times","damage_taken":0,"relics_obtained":["The Courier"],"max_hp_gain":0,"max_hp_loss":0,"event_name":"Dead Adventurer","floor":10,"gold_loss":0}],"is_beta":false,"boss_relics":[],"items_purged_floors":[4],"is_endless":false,"potions_floor_spawned":[1,2],"killed_by":"Red Slaver","ascension_level":20}