{"gold_per_floor":[364,439,73,88,103,103,113,113,113,113,113,113],"floor_reached":12,"playtime":209,"items_purged":[],"score":136,"play_id":"cbff53e2-2381-45cc-b634-59951f9d7c3b","local_time":"20181012165506","is_ascension_mode":true,"campfire_choices":[{"data":"Zap","floor":6,"key":"SMITH"},{"data":"Consume","floor":8,"key":"SMITH"}],"neow_cost":"PERCENT_DAMAGE","seed_source_timestamp":148335942081092,"circlet_count":0,"master_deck":["Strike_B","Strike_B","Strike_B","Defend_B","Defend_B","Defend_B","Zap+1","Dualcast","AscendersBane","Conserve Battery","Self Repair","Consume+1","Coolheaded"],"relics":["Cracked Core","Singing Bowl","Nunchaku"],"potions_floor_usage":[5],"damage_taken":[{"damage":7,"enemies":"Jaw Worm","floor":1,"turns":3},{"damage":0,"enemies":"Cultist","floor":4,"turns":3},{"damage":7,"enemies":"2 Louse","floor":5,"turns":3},{"damage":7,"enemies":"Looter","floor":7,"turns":4},{"damage":56,"enemies":"Gremlin Nob","floor":12,"turns":4}],"seed_played":"-8092804715308054869","potions_obtained":[{"floor":1,"key":"Block Potion"},{"floor":5,"key":"GamblersBrew"}],"is_trial":false,"path_per_floor":["M","?","$","M","M","R","M","R","T","?","?"],"character_chosen":"DEFECT","items_purchased":["Singing Bowl","Self Repair"],"campfire_rested":0,"item_purchase_floors":[3,3],"current_hp_per_floor":[39,28,28,35,37,37,37,37,37,30,30,0],"gold":113,"neow_bonus":"TWO_FIFTY_GOLD","is_prod":false,"is_daily":false,"chose_seed":false,"campfire_upgraded":2,"win_rate":0,"timestamp":1539334506,"path_taken":["M","?","$","M","?","R","M","R","T","?","?","E"],"build_version":"2018-10-11","purchased_purges":0,"victory":false,"max_hp_per_floor":[71,71,71,71,73,73,73,73,73,73,73,73],"card_choices":[{"not_picked":["Reinforced Body","Leap"],"picked":"Conserve Battery","floor":1},{"not_picked":["Compile Driver","Reinforced Body"],"picked":"Consume","floor":4},{"not_picked":["Lockon","Coolheaded","Doom and Gloom"],"picked":"Singing Bowl","floor":5},{"not_picked":["Heatsinks","Barrage"],"picked":"Coolheaded","floor":7}],"player_experience":314445,"relics_obtained":[{"floor":9,"key":"Nunchaku"}],"event_choices":[{"event_name":"World of Goop","player_choice":"Gather Gold","floor":2,"damage_taken":0},{"event_name":"Golden Wing","player_choice":"Card Removal","floor":10,"damage_taken":0},{"event_name":"Bonfire Elementals","player_choice":"BASIC","floor":11,"damage_taken":0}],"is_beta":false,"boss_relics":[],"items_purged_floors":[],"is_endless":false,"potions_floor_spawned":[1,5],"killed_by":"Gremlin Nob","ascension_level":20}