{"gold_per_floor":[116,131,151,168,168,93,113,113,113,113,144,163,163,175,175,175],"floor_reached":16,"playtime":550,"items_purged":["Strike_G"],"score":208,"play_id":"ea28b59c-a214-4b76-97aa-bebfa849aed1","local_time":"20190128113800","is_ascension_mode":true,"campfire_choices":[{"data":"Acrobatics","floor":8.0,"key":"SMITH"},{"data":"Footwork","floor":10.0,"key":"SMITH"},{"data":"Neutralize","floor":15.0,"key":"SMITH"}],"neow_cost":"NONE","seed_source_timestamp":8557226144459,"circlet_count":0,"master_deck":["AscendersBane","Defend_G","Defend_G","Defend_G","Defend_G","Defend_G","Strike_G","Strike_G","Strike_G","Strike_G+1","Survivor+1","Neutralize+1","Footwork+1","Acrobatics+1","Backflip","Flechettes+1"],"special_seed":0,"relics":["Ring of the Snake","NeowsBlessing","Blood Vial"],"potions_floor_usage":[16],"damage_taken":[{"damage":0.0,"enemies":"Jaw Worm","floor":1.0,"turns":1.0},{"damage":0.0,"enemies":"Cultist","floor":2.0,"turns":1.0},{"damage":0.0,"enemies":"2 Louse","floor":3.0,"turns":2.0},{"damage":10.0,"enemies":"Large Slime","floor":4.0,"turns":13.0},{"damage":0.0,"enemies":"Exordium Wildlife","floor":7.0,"turns":3.0},{"damage":26.0,"enemies":"Lagavulin","floor":11.0,"turns":9.0},{"damage":0.0,"enemies":"3 Louse","floor":12.0,"turns":4.0},{"damage":0.0,"enemies":"Looter","floor":14.0,"turns":4.0},{"damage":12,"enemies":"Hexaghost","floor":16,"turns":9}],"seed_played":"8519215681874657304","potions_obtained":[{"floor":3.0,"key":"EssenceOfSteel"},{"floor":4.0,"key":"Dexterity Potion"},{"floor":12.0,"key":"Strength Potion"}],"is_trial":false,"path_per_floor":["M","M","M","M","?","$","M","R","T","R","E","M","?","M","R","B"],"character_chosen":"THE_SILENT","items_purchased":[],"campfire_rested":0,"item_purchase_floors":[],"current_hp_per_floor":[59,59,59,49,49,49,49,49,49,49,23,25,5,7,7,0],"gold":175,"neow_bonus":"THREE_ENEMY_KILL","is_prod":false,"is_daily":false,"chose_seed":false,"campfire_upgraded":3,"win_rate":0,"timestamp":1548646680,"path_taken":["M","M","M","M","?","$","M","R","T","R","E","?","?","M","R","BOSS"],"build_version":"2019-01-23","purchased_purges":1,"victory":false,"max_hp_per_floor":[66,66,66,66,66,66,66,66,66,66,66,66,66,66,66,66],"card_choices":[{"not_picked":["Quick Slash","PiercingWail"],"picked":"Footwork","floor":1.0},{"not_picked":["Leg Sweep","Dagger Spray"],"picked":"Acrobatics","floor":2.0},{"not_picked":["Leg Sweep","Underhanded Strike"],"picked":"Backflip","floor":3.0},{"not_picked":["Venomology","Terror"],"picked":"Flechettes","floor":4.0},{"not_picked":["Dash","Flying Knee","Bane"],"picked":"SKIP","floor":7.0},{"not_picked":["Sucker Punch","Catalyst","Riddle With Holes"],"picked":"SKIP","floor":11.0},{"not_picked":["Crippling Poison","Catalyst","PiercingWail"],"picked":"SKIP","floor":12.0},{"not_picked":["Distraction","Acrobatics","Blade Dance"],"picked":"SKIP","floor":14.0}],"player_experience":1368739,"relics_obtained":[{"floor":11.0,"key":"Blood Vial"}],"event_choices":[{"damage_healed":0.0,"max_hp_gain":0.0,"max_hp_loss":0.0,"gold_gain":0.0,"event_name":"Upgrade Shrine","player_choice":"Upgraded","floor":5.0,"gold_loss":0.0,"damage_taken":0.0,"cards_upgraded":["Flechettes"]},{"damage_healed":0.0,"max_hp_gain":0.0,"max_hp_loss":0.0,"gold_gain":0.0,"event_name":"Shining Light","player_choice":"Entered Light","floor":13.0,"gold_loss":0.0,"damage_taken":20.0,"cards_upgraded":["Strike_G","Survivor"]}],"is_beta":true,"boss_relics":[],"items_purged_floors":[6],"is_endless":false,"potions_floor_spawned":[3,4,12],"killed_by":"Hexaghost","ascension_level":20}