{"path_per_floor":["M","M","?","?","M","R","M","M","T","?","M","M","?","M","R","B",null,"M","M","$"],"character_chosen":"DEFECT","items_purchased":["Molten Egg 2"],"gold_per_floor":[112,131,131,131,141,141,151,161,184,184,200,213,213,225,225,329,359,376,395,82,82],"floor_reached":21,"campfire_rested":1,"playtime":994,"current_hp_per_floor":[71,71,71,71,60,60,52,25,25,25,25,40,40,29,51,12,80,65,25,25,0],"items_purged":["Defend_B"],"gold":82,"score":175,"play_id":"4533b5a9-3244-47f3-8ca6-8c5879acef10","local_time":"20180430225444","is_prod":false,"is_daily":false,"chose_seed":false,"is_ascension_mode":false,"campfire_upgraded":0,"timestamp":1525121684,"path_taken":["M","M","?","?","M","R","M","M","T","?","M","M","?","M","R","BOSS","M","M","$","M"],"build_version":"2018-04-27v3","seed_source_timestamp":0,"purchased_purges":1,"victory":false,"master_deck":["Strike_B","Strike_B","Strike_B","Strike_B","Defend_B","Defend_B","Zap","Dualcast","Clumsy","Barrage","Heatsinks","Hello World","Sunder","Normality","Nova","Defragment","Defragment","Thunder Strike+1","Ball Lightning","Reinforced Body","Storm"],"max_hp_per_floor":[75,75,75,75,75,75,75,75,75,75,75,75,75,75,75,75,80,80,80,80,80],"relics":["Cracked Core","Peace Pipe","Ancient Tea Set","Bronze Scales","DataDisk","Tiny House","Molten Egg 2"],"card_choices":[{"not_picked":["Coolheaded","Scrape"],"picked":"Barrage","floor":1.0},{"not_picked":["Stack","Coolheaded"],"picked":"Heatsinks","floor":2.0},{"not_picked":["Leap","Steam Power"],"picked":"Hello World","floor":7.0},{"not_picked":["Coolheaded","Sweeping Beam"],"picked":"Sunder","floor":8.0},{"not_picked":["Flux Capacitor","Impulse"],"picked":"Nova","floor":11.0},{"not_picked":["Ball Lightning","Rip and Tear"],"picked":"Defragment","floor":12.0},{"not_picked":["Beam Cell","Capacitor"],"picked":"Defragment","floor":14},{"not_picked":["Multi-Cast","Biased Cognition"],"picked":"Thunder Strike","floor":16},{"not_picked":["Go for the Eyes","Beam Cell"],"picked":"Ball Lightning","floor":17},{"not_picked":["Go for the Eyes","Turbo"],"picked":"Reinforced Body","floor":18},{"not_picked":["Sweeping Beam","Stack"],"picked":"Storm","floor":19}],"player_experience":33538,"potions_floor_usage":[14],"damage_taken":[{"damage":4.0,"enemies":"2 Louse","floor":1.0,"turns":3.0},{"damage":0.0,"enemies":"Small Slimes","floor":2.0,"turns":3.0},{"damage":11.0,"enemies":"Jaw Worm","floor":5.0,"turns":3.0},{"damage":8.0,"enemies":"Large Slime","floor":7.0,"turns":5.0},{"damage":27.0,"enemies":"Exordium Thugs","floor":8.0,"turns":5.0},{"damage":0.0,"enemies":"3 Louse","floor":11.0,"turns":2.0},{"damage":0.0,"enemies":"Large Slime","floor":12.0,"turns":5.0},{"damage":17,"enemies":"Gremlin Gang","floor":14,"turns":3},{"damage":39,"enemies":"Hexaghost","floor":16,"turns":8},{"damage":15,"enemies":"Chosen","floor":18,"turns":5},{"damage":40,"enemies":"2 Thieves","floor":19,"turns":5},{"damage":29,"enemies":"Slaver and Parasite","floor":21,"turns":2}],"event_choices":[{"event_name":"Living Wall","player_choice":"Forget","floor":3.0,"damage_taken":0.0},{"event_name":"Big Fish","player_choice":"Box","floor":4.0,"damage_taken":0.0},{"event_name":"Accursed Blacksmith","player_choice":"Rummage","floor":10.0,"damage_taken":0.0},{"event_name":"Shining Light","player_choice":"Ignored","floor":13,"damage_taken":0}],"boss_relics":[{"not_picked":["Lizard Tail","Runic Pyramid"],"picked":"Tiny House"}],"potions_floor_spawned":[1,5,7,11,14,16,19],"seed_played":"6437994579176773244","killed_by":"Slaver and Parasite","ascension_level":0,"is_trial":false}