{"gold_per_floor":[113,38,38,38,51,51,85,85,108,143,143],"floor_reached":11,"playtime":174,"items_purged":[],"score":192,"play_id":"5ab0bb08-2386-4840-ba53-4a3d092536bf","local_time":"20181012010044","is_ascension_mode":true,"campfire_choices":[{"data":"Zap","floor":6,"key":"SMITH"},{"data":"Loop","floor":8,"key":"SMITH"}],"neow_cost":"NONE","seed_source_timestamp":91095181813719,"circlet_count":0,"master_deck":["Strike_B","Strike_B","Strike_B","Defend_B","Defend_B","Defend_B","Defend_B","Zap+1","Dualcast","AscendersBane","Hologram","Reinforced Body","Conserve Battery","Loop+1","Defragment"],"special_seed":0,"relics":["Cracked Core","NeowsBlessing","Orichalcum","Golden Idol","Oddly Smooth Stone","Juzu Bracelet","WingedGreaves"],"potions_floor_usage":[11],"damage_taken":[{"damage":0.0,"enemies":"Jaw Worm","floor":1.0,"turns":1.0},{"damage":0,"enemies":"Cultist","floor":5,"turns":1},{"damage":0,"enemies":"Lagavulin","floor":7,"turns":1},{"damage":24,"enemies":"Gremlin Nob","floor":10,"turns":5},{"damage":16,"enemies":"The Mushroom Lair","floor":11,"turns":4}],"seed_played":"6254204769263856928","potions_obtained":[{"floor":5,"key":"Weak Potion"},{"floor":7,"key":"SteroidPotion"}],"is_trial":false,"path_per_floor":["M","?","?","?","M","R","E","R","T","E"],"character_chosen":"DEFECT","items_purchased":[],"campfire_rested":0,"item_purchase_floors":[],"current_hp_per_floor":[64,64,64,64,64,64,64,64,64,40,24],"gold":143,"neow_bonus":"THREE_ENEMY_KILL","is_prod":false,"is_daily":false,"chose_seed":false,"campfire_upgraded":2,"win_rate":0,"timestamp":1539277244,"path_taken":["M","?","?","?","M","R","E","R","T","E","?"],"build_version":"2018-10-04v2","purchased_purges":0,"victory":false,"max_hp_per_floor":[71,71,71,64,64,64,64,64,64,64,64],"card_choices":[{"not_picked":["Barrage","Chill"],"picked":"Hologram","floor":1.0},{"not_picked":["BootSequence","Coolheaded"],"picked":"Conserve Battery","floor":5},{"not_picked":["Turbo","Go for the Eyes"],"picked":"Loop","floor":7},{"not_picked":["Redo","Gash"],"picked":"Defragment","floor":10}],"player_experience":289151,"relics_obtained":[{"floor":7,"key":"Oddly Smooth Stone"},{"floor":9,"key":"Juzu Bracelet"},{"floor":10,"key":"WingedGreaves"}],"event_choices":[{"event_name":"WeMeetAgain","player_choice":"Gold","floor":2.0,"damage_taken":0.0},{"event_name":"Transmorgrifier","player_choice":"Transform","floor":3,"damage_taken":0},{"event_name":"Golden Idol","player_choice":"Lose Max HP","floor":4,"damage_taken":0},{"event_name":"Mushrooms","player_choice":"Fought Mushrooms","floor":11,"damage_taken":0}],"is_beta":false,"boss_relics":[],"items_purged_floors":[],"is_endless":false,"potions_floor_spawned":[5,7],"killed_by":"The Mushroom Lair","ascension_level":17}