{"gold_per_floor":[112,128,30,49,49,49,9,9,36,36,36,186,186,186],"floor_reached":14,"playtime":221,"items_purged":[],"score":152,"play_id":"9ecef235-3c90-4194-b0a8-2fe74fe62de7","local_time":"20190304125355","is_ascension_mode":true,"campfire_choices":[{"data":"Chaos","floor":6,"key":"SMITH"},{"data":"Dualcast","floor":10,"key":"SMITH"},{"data":"Zap","floor":13,"key":"SMITH"}],"neow_cost":"NONE","seed_source_timestamp":13416497387756,"circlet_count":0,"master_deck":["AscendersBane","Strike_B","Strike_B","Strike_B","Defend_B","Defend_B","Defend_B","Defend_B","Zap+1","Dualcast+1","Stack","Genetic Algorithm","Turbo","Chaos+1","Undo","Undo","Reinforced Body","Doubt"],"special_seed":0,"relics":["White Beast Statue","Pear","Potion Belt"],"potions_floor_usage":[14],"damage_taken":[{"damage":2.0,"enemies":"Cultist","floor":1.0,"turns":4.0},{"damage":14.0,"enemies":"Small Slimes","floor":2.0,"turns":4.0},{"damage":4,"enemies":"2 Louse","floor":4,"turns":5},{"damage":0,"enemies":"Looter","floor":7,"turns":4},{"damage":0,"enemies":"Gremlin Nob","floor":14,"turns":2}],"seed_played":"-2404791971174307116","potions_obtained":[{"floor":1.0,"key":"Strength Potion"},{"floor":2.0,"key":"Dexterity Potion"},{"floor":4,"key":"Regen Potion"}],"is_trial":false,"path_per_floor":["M","M","$","M","?","R","M","?","T","R","$","?","R","E"],"character_chosen":"DEFECT","items_purchased":["Turbo","Chaos"],"campfire_rested":0,"item_purchase_floors":[3,3],"current_hp_per_floor":[62,48,48,44,44,44,44,36,36,36,36,36,36,41],"gold":186,"neow_bonus":"BOSS_RELIC","is_prod":false,"is_daily":false,"chose_seed":false,"campfire_upgraded":3,"win_rate":0,"timestamp":1551675235,"path_taken":["M","M","$","?","?","R","M","?","T","R","$","?","R","E"],"build_version":"2019-01-23","purchased_purges":0,"victory":false,"max_hp_per_floor":[71,71,71,71,71,71,71,81,81,81,81,81,81,81],"card_choices":[{"not_picked":["Gash","Sweeping Beam"],"picked":"Stack","floor":1.0},{"not_picked":["Ball Lightning","Streamline"],"picked":"Genetic Algorithm","floor":2.0},{"not_picked":["Leap","Coolheaded"],"picked":"Undo","floor":4},{"not_picked":["Barrage","Hologram"],"picked":"Reinforced Body","floor":7}],"player_experience":3304819,"relics_obtained":[{"floor":9,"key":"Potion Belt"}],"event_choices":[{"damage_healed":0,"gold_gain":0,"cards_transformed":["Strike_B"],"player_choice":"Change","damage_taken":0,"max_hp_gain":0,"max_hp_loss":0,"event_name":"Living Wall","floor":5,"gold_loss":0,"cards_obtained":["Undo"]},{"damage_healed":0,"gold_gain":0,"player_choice":"Success","damage_taken":18,"relics_obtained":["Pear"],"max_hp_gain":0,"max_hp_loss":0,"event_name":"Scrap Ooze","floor":8,"gold_loss":0},{"damage_healed":0,"gold_gain":150,"player_choice":"AGREE","damage_taken":0,"max_hp_gain":0,"max_hp_loss":0,"event_name":"Liars Game","floor":12,"gold_loss":0,"cards_obtained":["Doubt"]}],"is_beta":false,"boss_relics":[],"items_purged_floors":[],"is_endless":false,"potions_floor_spawned":[1,2,4,7],"killed_by":"Gremlin Nob","ascension_level":20}