{"path_per_floor":["M","?","?","$","M","E","M","R","T","R","M","R","M","$","R","B",null,"M","?","?","?","M","E","M","E","T","R","M","M","R","M","R","B",null,"M","$","M","M","?","E","?","R","T","?","M","R","M","$","R"],"character_chosen":"IRONCLAD","items_purchased":["Molten Egg 2","Paper Frog"],"gold_per_floor":[117,117,117,42,55,382,392,392,392,392,403,403,423,81,81,178,178,195,118,118,68,79,111,122,147,147,147,160,177,177,192,192,291,291,301,176,187,200,200,229,229,229,229,229,246,246,266,12,12,12],"floor_reached":50,"campfire_rested":3,"playtime":1847,"current_hp_per_floor":[80,80,80,80,80,61,59,59,66,66,67,67,61,61,61,24,87,74,74,74,74,73,44,62,48,48,48,59,76,76,87,87,43,87,69,69,87,52,41,16,16,42,42,42,35,61,61,61,87,0],"items_purged":["Defend_R","Defend_R","Strike_R"],"gold":12,"score":512,"play_id":"27b5c30c-4253-47e0-a507-a328b3f487b5","local_time":"20180422185353","is_prod":false,"is_daily":false,"chose_seed":false,"is_ascension_mode":false,"campfire_upgraded":7,"timestamp":1524416033,"path_taken":["M","?","?","?","M","E","M","R","T","R","M","R","M","$","R","BOSS","M","?","?","?","M","E","M","E","T","R","M","M","R","?","R","BOSS","M","$","M","M","?","E","?","R","T","?","M","R","?","$","R","BOSS"],"build_version":"2018-04-19","seed_source_timestamp":0,"purchased_purges":3,"victory":false,"master_deck":["Strike_R+1","Strike_R+1","Strike_R+1","Defend_R+1","Bash+1","Clash+1","Evolve+1","Clash+1","Offering+1","Reaper+1","Spot Weakness+1","Thunderclap+1","Thunderclap+1","Immolate+1","Seeing Red+1","Madness","Madness","Flex+1","Whirlwind+1"],"max_hp_per_floor":[80,80,80,80,80,80,80,80,87,87,87,87,87,87,87,87,87,87,87,87,87,87,87,87,87,87,87,87,87,87,87,87,87,87,87,87,87,87,87,87,87,87,87,87,87,87,87,87,87,87],"relics":["Burning Blood","Old Coin","Strawberry","Molten Egg 2","Philosopher\u0027s Stone","Vajra","Champion Belt","Prayer Wheel","Bottled Lightning","Velvet Choker","Whetstone","Gambling Chip","Paper Frog"],"card_choices":[{"not_picked":["Intimidate","Shrug It Off"],"picked":"Clash","floor":5.0},{"not_picked":["Sword Boomerang","Clothesline"],"picked":"Evolve","floor":6.0},{"not_picked":["Reckless Charge","Heavy Blade"],"picked":"Clash","floor":7.0},{"not_picked":["Headbutt","Flex"],"picked":"Offering","floor":11.0},{"not_picked":["Demon Form","Immolate"],"picked":"Reaper","floor":16.0},{"not_picked":["Sword Boomerang","Pommel Strike"],"picked":"Spot Weakness","floor":25},{"not_picked":["Metallicize","Havoc"],"picked":"Thunderclap","floor":28},{"not_picked":["Warcry","Anger"],"picked":"Thunderclap","floor":31},{"not_picked":["Juggernaut","Offering"],"picked":"Immolate","floor":33},{"not_picked":["Thunderclap","Headbutt"],"picked":"Seeing Red","floor":38},{"not_picked":["Rampage","Rage"],"picked":"Flex","floor":40},{"not_picked":["Anger","Burning Pact"],"picked":"Whirlwind","floor":47}],"player_experience":221273,"potions_floor_usage":[24,28,33,40,40,50,50],"damage_taken":[{"damage":6.0,"enemies":"2 Louse","floor":1.0,"turns":3.0},{"damage":6.0,"enemies":"Cultist","floor":5.0,"turns":3.0},{"damage":25.0,"enemies":"Gremlin Nob","floor":6.0,"turns":4.0},{"damage":8.0,"enemies":"Jaw Worm","floor":7.0,"turns":3.0},{"damage":5.0,"enemies":"Looter","floor":11.0,"turns":2.0},{"damage":12.0,"enemies":"Gremlin Gang","floor":13.0,"turns":3.0},{"damage":43.0,"enemies":"Hexaghost","floor":16.0,"turns":6.0},{"damage":19.0,"enemies":"3 Byrds","floor":18.0,"turns":3.0},{"damage":16,"enemies":"Chosen","floor":22,"turns":2},{"damage":56,"enemies":"Gremlin Leader","floor":23,"turns":5},{"damage":12,"enemies":"3 Cultists","floor":24,"turns":3},{"damage":29,"enemies":"Book of Stabbing","floor":25,"turns":3},{"damage":7,"enemies":"Cultist and Chosen","floor":28,"turns":4},{"damage":9,"enemies":"Centurion and Healer","floor":29,"turns":2},{"damage":4,"enemies":"Chosen and Byrds","floor":31,"turns":2},{"damage":65,"enemies":"Champ","floor":33,"turns":8},{"damage":24,"enemies":"3 Shapes","floor":35,"turns":2},{"damage":4,"enemies":"3 Darklings","floor":37,"turns":2},{"damage":47,"enemies":"Maw","floor":38,"turns":5},{"damage":55,"enemies":"Nemesis","floor":40,"turns":5},{"damage":13,"enemies":"Sphere and 2 Shapes","floor":45,"turns":2},{"damage":6,"enemies":"4 Shapes","floor":47,"turns":1},{"damage":106,"enemies":"Awakened One","floor":50,"turns":6}],"event_choices":[{"event_name":"Purifier","player_choice":"One Purge","floor":2.0,"damage_taken":0.0},{"event_name":"Bonfire Elementals","player_choice":"BASIC","floor":3.0,"damage_taken":0.0},{"event_name":"Drug Dealer","player_choice":"Got JAXXED","floor":19,"damage_taken":0},{"event_name":"Addict","player_choice":"Gave JAX","floor":20,"damage_taken":0},{"event_name":"The Joust","player_choice":"Bet on Owner","floor":21,"damage_taken":0},{"event_name":"Winding Halls","player_choice":"Embrace Madness","floor":39,"damage_taken":0},{"event_name":"Mysterious Sphere","player_choice":"Ignore","floor":41,"damage_taken":0},{"event_name":"The Moai Head","player_choice":"Ignored","floor":44,"damage_taken":0}],"boss_relics":[{"not_picked":["Runic Cube","White Beast Statue"],"picked":"Velvet Choker"}],"potions_floor_spawned":[5,6,11,22,24,25,31,33,35,38,40],"seed_played":"-3862562704677780198","killed_by":"Awakened One","ascension_level":0,"is_trial":false}