{"gold_per_floor":[213,230,245,265,73,73,73,148,148,164,164,174,174,204,204,302,302,313,294,294,15,15,42,42,56,56,56,56,75,75,88,88,183,183,201,216,233,233,133,133,153,153,202,215,227,227,0,12,12,12],"floor_reached":51,"playtime":3464,"items_purged":["Strike_G","Pain"],"score":721,"play_id":"99a0859e-d4e2-4b5f-bd2f-8534a1beef58","local_time":"20181016180700","is_ascension_mode":false,"campfire_choices":[{"data":"Neutralize","floor":6.0,"key":"SMITH"},{"data":"Leg Sweep","floor":11.0,"key":"SMITH"},{"floor":13.0,"key":"REST"},{"floor":15.0,"key":"REST"},{"floor":24.0,"key":"REST"},{"data":"True Grit","floor":27.0,"key":"SMITH"},{"floor":30.0,"key":"REST"},{"floor":32.0,"key":"REST"},{"floor":40.0,"key":"REST"},{"data":"Bloodletting","floor":42.0,"key":"SMITH"},{"data":"Deadly Poison","floor":46,"key":"SMITH"},{"floor":49,"key":"REST"}],"neow_cost":"NONE","seed_source_timestamp":33996972018832,"circlet_count":0,"master_deck":["Defend_G","Defend_G","Defend_G","Defend_G","Defend_G","Strike_G","Strike_G","Strike_G","Strike_G","Survivor","Neutralize+1","Poisoned Stab","Escape Plan","Leg Sweep+1","Dagger Throw","Deadly Poison+1","Feed","Clash","Chill","Dramatic Entrance","Undo","Double Tap","Go for the Eyes+1","Feed","True Grit+1","Clash+1","Melter","Backstab+1","Barricade","Bloodletting+1","Hello World+1","Corruption+1","Catalyst+1","Glacier","Conserve Battery","Transmutation"],"special_seed":0,"relics":["Ring of the Snake","PrismaticShard","Mummified Hand","Art of War","Orrery","DollysMirror","Anchor","Ornamental Fan","Mango","WarpedTongs","WristBlade","Smiling Mask","Red Mask"],"potions_floor_usage":[50,50],"damage_taken":[{"damage":4.0,"enemies":"Jaw Worm","floor":1.0,"turns":6.0},{"damage":0.0,"enemies":"Cultist","floor":2.0,"turns":3.0},{"damage":0.0,"enemies":"2 Louse","floor":3.0,"turns":3.0},{"damage":12.0,"enemies":"2 Fungi Beasts","floor":4.0,"turns":5.0},{"damage":8.0,"enemies":"Lots of Slimes","floor":10.0,"turns":6.0},{"damage":5.0,"enemies":"Exordium Wildlife","floor":12.0,"turns":5.0},{"damage":12.0,"enemies":"Gremlin Nob","floor":14.0,"turns":4.0},{"damage":37.0,"enemies":"Slime Boss","floor":16.0,"turns":14.0},{"damage":0.0,"enemies":"3 Byrds","floor":18.0,"turns":7.0},{"damage":0.0,"enemies":"2 Thieves","floor":19.0,"turns":4.0},{"damage":43.0,"enemies":"Slavers","floor":23.0,"turns":19.0},{"damage":4.0,"enemies":"Snecko","floor":25.0,"turns":10.0},{"damage":20.0,"enemies":"Cultist and Chosen","floor":29.0,"turns":10.0},{"damage":11.0,"enemies":"3 Cultists","floor":31.0,"turns":6.0},{"damage":54.0,"enemies":"Champ","floor":33.0,"turns":19.0},{"damage":29.0,"enemies":"3 Darklings","floor":35.0,"turns":11.0},{"damage":5.0,"enemies":"3 Shapes","floor":36.0,"turns":8.0},{"damage":8.0,"enemies":"Reptomancer","floor":37.0,"turns":10.0},{"damage":0.0,"enemies":"4 Shapes","floor":41.0,"turns":8.0},{"damage":0.0,"enemies":"3 Darklings","floor":44.0,"turns":6.0},{"damage":3,"enemies":"Reptomancer","floor":45,"turns":5},{"damage":13,"enemies":"Spire Growth","floor":48,"turns":6},{"damage":44,"enemies":"Donu and Deca","floor":50,"turns":10}],"seed_played":"-7509023225876675354","potions_obtained":[{"floor":1.0,"key":"Fire Potion"},{"floor":4.0,"key":"PowerPotion"},{"floor":10.0,"key":"AttackPotion"},{"floor":14.0,"key":"Weak Potion"},{"floor":16.0,"key":"FearPotion"},{"floor":18.0,"key":"Poison Potion"},{"floor":23.0,"key":"EssenceOfSteel"},{"floor":33.0,"key":"Weak Potion"}],"is_trial":false,"path_per_floor":["M","M","M","M","$","R","$","?","T","M","R","M","R","E","R","B",null,"M","M","?","$","?","E","R","M","T","R","?","M","R","M","R","B",null,"M","M","M","?","$","R","M","R","T","M","M","R","?","M","R","B"],"character_chosen":"THE_SILENT","items_purchased":["PrismaticShard","DollysMirror"],"campfire_rested":7,"item_purchase_floors":[5,21],"current_hp_per_floor":[66,66,66,54,54,54,54,43,43,35,35,30,51,39,60,23,70,73,73,73,73,73,33,55,51,65,65,65,45,72,61,88,34,90,61,60,52,52,52,80,86,86,86,86,83,83,83,73,103,59],"gold":12,"neow_bonus":"HUNDRED_GOLD","is_prod":false,"is_daily":false,"chose_seed":false,"campfire_upgraded":5,"win_rate":0,"timestamp":1539684420,"path_taken":["M","M","M","M","$","R","$","?","T","M","R","M","R","E","R","BOSS","M","M","?","$","?","E","R","?","T","R","?","?","R","M","R","BOSS","M","?","M","?","$","R","M","R","T","M","M","R","?","M","R","BOSS"],"build_version":"2018-10-11","purchased_purges":2,"victory":true,"max_hp_per_floor":[70,70,70,70,70,70,70,70,70,70,70,70,70,70,70,70,70,73,73,73,73,73,76,76,76,90,90,90,90,90,90,90,90,90,90,94,94,94,94,94,100,100,100,100,100,100,100,103,103,103],"card_choices":[{"not_picked":["Blur","Quick Slash"],"picked":"Poisoned Stab","floor":1.0},{"not_picked":["Quick Slash","Cloak And Dagger","Acrobatics"],"picked":"SKIP","floor":2.0},{"not_picked":["Acrobatics","Flying Knee","Concentrate"],"picked":"SKIP","floor":3.0},{"not_picked":["Underhanded Strike","Setup"],"picked":"Escape Plan","floor":4.0},{"not_picked":["Bane","Cold Snap"],"picked":"Leg Sweep","floor":10.0},{"not_picked":["Slice","Havoc"],"picked":"Dagger Throw","floor":12.0},{"not_picked":["Shrug It Off","Terror"],"picked":"Deadly Poison","floor":14.0},{"not_picked":["Reboot","Envenom"],"picked":"Feed","floor":16.0},{"not_picked":["Deflect","Backstab"],"picked":"Clash","floor":17.0},{"not_picked":["Turbo","Impatience"],"picked":"Chill","floor":17.0},{"not_picked":["Sword Boomerang","Heavy Blade"],"picked":"Dramatic Entrance","floor":17.0},{"not_picked":["Swift Strike","Dash"],"picked":"Undo","floor":17.0},{"not_picked":["True Grit+1","Setup+1"],"picked":"Double Tap","floor":18.0},{"not_picked":["Havoc","Acrobatics+1"],"picked":"Go for the Eyes+1","floor":19.0},{"not_picked":["Go for the Eyes","Sword Boomerang+1"],"picked":"True Grit","floor":23.0},{"not_picked":["Intimidate","PiercingWail+1"],"picked":"Clash+1","floor":25.0},{"not_picked":["Deflect","Steam"],"picked":"Melter","floor":29.0},{"not_picked":["Fire Breathing","Anger"],"picked":"Backstab+1","floor":31.0},{"not_picked":["Master of Strategy","Magnetism"],"picked":"Barricade","floor":33.0},{"not_picked":["Storm","Expertise"],"picked":"Bloodletting","floor":35.0},{"not_picked":["Havoc+1","Second Wind"],"picked":"Hello World+1","floor":36.0},{"not_picked":["Clothesline+1","Disarm+1"],"picked":"Corruption+1","floor":37.0},{"not_picked":["Ball Lightning+1","Turbo+1"],"picked":"Catalyst+1","floor":41.0},{"not_picked":["Steam","Pummel+1"],"picked":"Glacier","floor":44.0},{"not_picked":["Flex+1","Pommel Strike"],"picked":"Conserve Battery","floor":45},{"not_picked":["Backflip+1","Clothesline"],"picked":"Transmutation","floor":48}],"player_experience":253576,"relics_obtained":[{"floor":9.0,"key":"Mummified Hand"},{"floor":14.0,"key":"Art of War"},{"floor":23.0,"key":"Ornamental Fan"},{"floor":26.0,"key":"Mango"},{"floor":43.0,"key":"Smiling Mask"}],"event_choices":[{"event_name":"World of Goop","player_choice":"Gather Gold","floor":8.0,"damage_taken":0.0},{"event_name":"Vampires","player_choice":"Ignored","floor":20.0,"damage_taken":0.0},{"event_name":"WeMeetAgain","player_choice":"Potion","floor":22.0,"damage_taken":0.0},{"event_name":"Accursed Blacksmith","player_choice":"Rummage","floor":28.0,"damage_taken":0.0},{"event_name":"Mysterious Sphere","player_choice":"Ignore","floor":38.0,"damage_taken":0.0},{"event_name":"Tomb of Lord Red Mask","player_choice":"Paid","floor":47,"damage_taken":0}],"is_beta":false,"boss_relics":[{"not_picked":["Runic Dome","Astrolabe"],"picked":"Orrery"},{"not_picked":["Busted Crown","HoveringKite"],"picked":"WristBlade"}],"items_purged_floors":[21,39],"is_endless":false,"potions_floor_spawned":[1,4,10,14,16,18,23,33,35,36],"ascension_level":0}