{"gold_per_floor":[119,43,43,43,43,43,56,69,69,69,80,80,92,109,109,183,183,200,233,233,233,10,10,45,45,70,99,99,118,136,136,136,136],"floor_reached":33,"playtime":924,"items_purged":[],"score":546,"play_id":"9dd0b41a-5e5d-4efb-a941-8c170af433d3","local_time":"20190301170230","is_ascension_mode":true,"campfire_choices":[{"data":"Zap","floor":6.0,"key":"SMITH"},{"data":"Coolheaded","floor":10.0,"key":"SMITH"},{"data":"Hologram","floor":12.0,"key":"SMITH"},{"data":"Coolheaded","floor":15.0,"key":"SMITH"},{"data":"Defragment","floor":23.0,"key":"SMITH"},{"floor":25.0,"key":"REST"},{"data":"Double Energy","floor":28.0,"key":"SMITH"},{"data":"Turbo","floor":32.0,"key":"SMITH"}],"neow_cost":"TEN_PERCENT_HP_LOSS","seed_source_timestamp":90983750362018,"circlet_count":0,"master_deck":["AscendersBane","Strike_B","Defend_B","Defend_B","Defend_B","Defend_B","Zap+1","Dualcast","Coolheaded+1","Blizzard","Turbo+1","Ball Lightning","Hologram+1","Coolheaded+1","Undo","Electrodynamics","Defragment+1","Capacitor","Double Energy+1","Self Repair+1","Chill+1","Coolheaded"],"special_seed":0,"relics":["Cracked Core","Sundial","White Beast Statue","Red Mask","Pen Nib","ClockworkSouvenir","Frozen Egg 2","Meat on the Bone"],"potions_floor_usage":[33,33],"damage_taken":[{"damage":1.0,"enemies":"Cultist","floor":1.0,"turns":4.0},{"damage":6.0,"enemies":"Small Slimes","floor":7.0,"turns":3.0},{"damage":7.0,"enemies":"Jaw Worm","floor":8.0,"turns":4.0},{"damage":0.0,"enemies":"Exordium Wildlife","floor":11.0,"turns":3.0},{"damage":2.0,"enemies":"Looter","floor":13.0,"turns":3.0},{"damage":13.0,"enemies":"Large Slime","floor":14.0,"turns":4.0},{"damage":23.0,"enemies":"Slime Boss","floor":16.0,"turns":9.0},{"damage":19.0,"enemies":"2 Thieves","floor":18.0,"turns":3.0},{"damage":12.0,"enemies":"Masked Bandits","floor":19.0,"turns":2.0},{"damage":18.0,"enemies":"Slavers","floor":24.0,"turns":3.0},{"damage":4.0,"enemies":"Book of Stabbing","floor":27.0,"turns":6.0},{"damage":0.0,"enemies":"Shell Parasite","floor":29.0,"turns":5.0},{"damage":2.0,"enemies":"Chosen and Byrds","floor":30.0,"turns":5.0},{"damage":33,"enemies":"Automaton","floor":33,"turns":14}],"seed_played":"-4618298694647395026","potions_obtained":[{"floor":1.0,"key":"Strength Potion"},{"floor":11.0,"key":"AttackPotion"},{"floor":16.0,"key":"Ancient Potion"},{"floor":18.0,"key":"FocusPotion"},{"floor":19.0,"key":"Swift Potion"},{"floor":24.0,"key":"SpeedPotion"},{"floor":27.0,"key":"SpeedPotion"},{"floor":29.0,"key":"PowerPotion"},{"floor":31.0,"key":"FearPotion"},{"floor":31.0,"key":"Swift Potion"}],"is_trial":false,"path_per_floor":["M","$","?","?","?","R","M","M","T","R","M","R","M","M","R","B",null,"M","?","?","T","$","R","E","R","T","E","R","M","M","?","R","B"],"character_chosen":"DEFECT","items_purchased":["Blizzard","ClockworkSouvenir"],"campfire_rested":1,"item_purchase_floors":[2,22],"current_hp_per_floor":[63,63,56,61,61,61,55,48,48,48,48,48,46,33,33,10,54,35,23,23,23,23,23,5,25,25,21,21,43,51,51,51,18],"gold":136,"neow_bonus":"REMOVE_TWO","is_prod":false,"is_daily":false,"chose_seed":false,"campfire_upgraded":7,"win_rate":0,"timestamp":1551430950,"path_taken":["M","$","?","?","?","R","?","M","T","R","M","R","M","M","R","BOSS","M","?","?","?","?","R","E","R","T","E","R","M","?","?","R","BOSS"],"build_version":"2019-01-23","purchased_purges":0,"victory":false,"max_hp_per_floor":[64,64,64,69,69,69,69,69,69,69,69,69,69,69,69,69,69,69,69,69,69,69,69,69,69,69,69,69,69,69,69,69,69],"card_choices":[{"not_picked":["Undo","Stack"],"picked":"Coolheaded","floor":1.0},{"not_picked":["Beam Cell","Redo"],"picked":"Turbo","floor":7.0},{"not_picked":["Cold Snap","Fusion"],"picked":"Ball Lightning","floor":8.0},{"not_picked":["Barrage","Sweeping Beam"],"picked":"Hologram","floor":11.0},{"not_picked":["Scrape","Tempest"],"picked":"Coolheaded","floor":13.0},{"not_picked":["Ball Lightning","Barrage"],"picked":"Undo","floor":14.0},{"not_picked":["Amplify","Creative AI"],"picked":"Electrodynamics","floor":16.0},{"not_picked":["Steam+1","Redo"],"picked":"Defragment","floor":18.0},{"not_picked":["Leap","Defragment"],"picked":"Capacitor","floor":19.0},{"not_picked":["Coolheaded","Redo"],"picked":"Double Energy","floor":24.0},{"not_picked":["Hello World+1","Undo+1"],"picked":"Self Repair+1","floor":27.0},{"not_picked":["Force Field","Melter"],"picked":"Chill+1","floor":29.0},{"not_picked":["Steam","Hello World+1"],"picked":"Coolheaded","floor":30.0}],"player_experience":1055384,"relics_obtained":[{"floor":9.0,"key":"Sundial"},{"floor":19.0,"key":"Red Mask"},{"floor":21.0,"key":"Pen Nib"},{"floor":24.0,"key":"Frozen Egg 2"},{"floor":27.0,"key":"Meat on the Bone"}],"event_choices":[{"cards_removed":["Strike_B"],"damage_healed":0.0,"max_hp_gain":0.0,"max_hp_loss":0.0,"gold_gain":0.0,"event_name":"Golden Wing","player_choice":"Card Removal","floor":3.0,"gold_loss":0.0,"damage_taken":7.0},{"damage_healed":0.0,"max_hp_gain":5.0,"max_hp_loss":0.0,"gold_gain":0.0,"event_name":"Big Fish","player_choice":"Donut","floor":4.0,"gold_loss":0.0,"damage_taken":0.0},{"damage_healed":0.0,"max_hp_gain":0.0,"max_hp_loss":0.0,"gold_gain":0.0,"event_name":"Liars Game","player_choice":"Ignored","floor":5.0,"gold_loss":0.0,"damage_taken":0.0},{"damage_healed":0.0,"max_hp_gain":0.0,"max_hp_loss":0.0,"gold_gain":0.0,"event_name":"Masked Bandits","player_choice":"Fought Bandits","floor":19.0,"gold_loss":0.0,"damage_taken":0.0},{"damage_healed":0.0,"max_hp_gain":0.0,"max_hp_loss":0.0,"gold_gain":0.0,"event_name":"Cursed Tome","player_choice":"Ignored","floor":20.0,"gold_loss":0.0,"damage_taken":0.0},{"damage_healed":0.0,"max_hp_gain":0.0,"max_hp_loss":0.0,"gold_gain":0.0,"event_name":"Lab","player_choice":"Got Potions","floor":31.0,"gold_loss":0.0,"damage_taken":0.0}],"is_beta":false,"boss_relics":[{"not_picked":["Velvet Choker","Ectoplasm"],"picked":"White Beast Statue"}],"items_purged_floors":[],"is_endless":false,"potions_floor_spawned":[1,11,16,18,19,24,27,29,30],"killed_by":"Automaton","ascension_level":20}