{"gold_per_floor":[112,129,148,163,180,180,512,57,57,57,77,97,114,130,130,207,207,217,233,503,91,10,10,41,41,41,75,94,110,110,126,126,200,200,211,222,240,295,155,155,172,172,198,198,210,237,237,264,264,264,264,264,264,82,109,109],"floor_reached":57,"playtime":3108,"items_purged":["Sweeping Beam","Ball Lightning","Stack"],"score":2916,"play_id":"43197906-2425-4b26-b0c8-5db2ab930db4","local_time":"20190223034502","is_ascension_mode":true,"campfire_choices":[{"data":"Streamline","floor":6.0,"key":"SMITH"},{"data":"Defragment","floor":10.0,"key":"SMITH"},{"data":"Hologram","floor":15.0,"key":"SMITH"},{"data":"Dualcast","floor":23.0,"key":"SMITH"},{"data":"Chill","floor":25.0,"key":"SMITH"},{"data":"Blizzard","floor":30.0,"key":"SMITH"},{"data":"Buffer","floor":32.0,"key":"SMITH"},{"data":"Seek","floor":40.0,"key":"SMITH"},{"data":"Turbo","floor":42.0,"key":"SMITH"},{"data":"Zap","floor":44.0,"key":"SMITH"},{"floor":47.0,"key":"RECALL"},{"data":"Skim","floor":49.0,"key":"SMITH"},{"data":"Consume","floor":53.0,"key":"PURGE"}],"neow_cost":"TEN_PERCENT_HP_LOSS","seed_source_timestamp":457334535791948,"circlet_count":0,"master_deck":["AscendersBane","Zap+1","Dualcast+1","Glacier","Reinforced Body","Go for the Eyes","Defragment+1","Streamline+1","Chill+1","Seek+1","Turbo+1","Conserve Battery","Self Repair","Hologram+1","Core Surge","Force Field","Tempest","Machine Learning","Rainbow","Buffer+1","Blizzard+1","Skim+1","Loop+1","Defragment+1","Cold Snap","Glacier","Compile Driver","Electrodynamics+1","Coolheaded+1","BootSequence","Heatsinks+1","Stack","Buffer+1","Turbo"],"special_seed":0,"relics":["Cracked Core","Turnip","Old Coin","Peace Pipe","DataDisk","Pandora\u0027s Box","Frozen Egg 2","Vajra","Bottled Flame","Cables","Sozu","Prayer Wheel","Calipers","Pen Nib","Dead Branch"],"potions_floor_usage":[],"damage_taken":[{"damage":1.0,"enemies":"Cultist","floor":1.0,"turns":4.0},{"damage":0.0,"enemies":"Small Slimes","floor":2.0,"turns":3.0},{"damage":5.0,"enemies":"2 Louse","floor":3.0,"turns":4.0},{"damage":0.0,"enemies":"Blue Slaver","floor":4.0,"turns":6.0},{"damage":0.0,"enemies":"Gremlin Gang","floor":5.0,"turns":7.0},{"damage":0.0,"enemies":"Lagavulin","floor":7.0,"turns":8.0},{"damage":0.0,"enemies":"3 Louse","floor":11.0,"turns":4.0},{"damage":1.0,"enemies":"Lots of Slimes","floor":12.0,"turns":5.0},{"damage":0.0,"enemies":"Exordium Thugs","floor":13.0,"turns":6.0},{"damage":4.0,"enemies":"Blue Slaver","floor":14.0,"turns":2.0},{"damage":39.0,"enemies":"Hexaghost","floor":16.0,"turns":15.0},{"damage":21.0,"enemies":"Chosen","floor":18.0,"turns":4.0},{"damage":0.0,"enemies":"Spheric Guardian","floor":19.0,"turns":6.0},{"damage":0.0,"enemies":"Gremlin Leader","floor":24.0,"turns":8.0},{"damage":13.0,"enemies":"Book of Stabbing","floor":27.0,"turns":7.0},{"damage":0.0,"enemies":"Cultist and Chosen","floor":28.0,"turns":6.0},{"damage":0.0,"enemies":"Snecko","floor":29.0,"turns":5.0},{"damage":15.0,"enemies":"Shelled Parasite and Fungi","floor":31.0,"turns":6.0},{"damage":0.0,"enemies":"Champ","floor":33.0,"turns":8.0},{"damage":0.0,"enemies":"3 Shapes","floor":35.0,"turns":4.0},{"damage":13.0,"enemies":"Orb Walker","floor":36.0,"turns":3.0},{"damage":6.0,"enemies":"Maw","floor":37.0,"turns":9.0},{"damage":0.0,"enemies":"2 Orb Walkers","floor":38.0,"turns":3.0},{"damage":2.0,"enemies":"Transient","floor":41.0,"turns":6.0},{"damage":0.0,"enemies":"4 Shapes","floor":45.0,"turns":3.0},{"damage":3.0,"enemies":"Nemesis","floor":46.0,"turns":9.0},{"damage":16.0,"enemies":"Giant Head","floor":48.0,"turns":11.0},{"damage":3.0,"enemies":"Donu and Deca","floor":50.0,"turns":13.0},{"damage":9.0,"enemies":"Time Eater","floor":51.0,"turns":15.0},{"damage":34,"enemies":"Shield and Spear","floor":55,"turns":12},{"damage":2,"enemies":"The Heart","floor":56,"turns":17}],"seed_played":"-5752611818025068238","potions_obtained":[{"floor":2.0,"key":"Block Potion"},{"floor":3.0,"key":"GamblersBrew"},{"floor":16.0,"key":"FearPotion"},{"floor":19.0,"key":"Weak Potion"},{"floor":24.0,"key":"AttackPotion"},{"floor":31.0,"key":"Energy Potion"}],"is_trial":false,"path_per_floor":["M","M","M","M","M","R","E","$","T","R","M","M","M","M","R","B",null,"M","M","?","$","$","R","E","R","T","E","M","M","R","M","R","B",null,"M","M","M","?","$","R","M","R","T","R","M","E","R","E","R","B","B",null,"R","$","E","B",null],"character_chosen":"DEFECT","items_purchased":["Seek","Turbo","Peace Pipe","Frozen Egg 2","Loop+1","Defragment+1","Heatsinks+1","Turbo"],"campfire_rested":0,"item_purchase_floors":[8,8,8,21,21,22,39,54],"current_hp_per_floor":[63,63,58,58,58,58,58,58,58,58,58,57,64,60,60,28,55,41,48,24,24,24,24,31,31,31,25,32,39,39,31,31,38,58,64,51,52,52,52,52,57,57,57,57,57,61,61,52,52,56,54,62,62,62,35,40],"gold":109,"neow_bonus":"ONE_RARE_RELIC","is_prod":false,"is_daily":false,"chose_seed":false,"campfire_upgraded":11,"win_rate":0,"timestamp":1550864702,"path_taken":["M","M","M","M","M","R","E","$","T","R","M","M","M","?","R","BOSS","M","M","?","?","$","R","E","R","T","E","M","M","R","M","R","BOSS","M","?","?","?","$","R","M","R","T","R","M","E","R","E","R","BOSS","BOSS","R","$","E","BOSS"],"build_version":"2019-01-23","purchased_purges":3,"victory":true,"max_hp_per_floor":[64,64,64,64,64,64,64,64,64,64,64,64,64,64,64,64,64,64,64,64,64,64,64,64,64,64,64,64,64,64,64,64,64,64,64,64,64,64,64,64,64,64,64,64,64,64,64,64,64,64,64,64,64,64,64,64],"card_choices":[{"not_picked":["Turbo","Ball Lightning"],"picked":"Glacier","floor":1.0},{"not_picked":["Stack","Go for the Eyes"],"picked":"Reinforced Body","floor":2.0},{"not_picked":["Steam Power","Steam"],"picked":"Go for the Eyes","floor":3.0},{"not_picked":["Hologram","Gash"],"picked":"Defragment","floor":4.0},{"not_picked":["White Noise","Rebound"],"picked":"Streamline","floor":5.0},{"not_picked":["Sunder","Steam Power"],"picked":"Chill","floor":7.0},{"not_picked":["Beam Cell","Genetic Algorithm"],"picked":"Conserve Battery","floor":11.0},{"not_picked":["Hello World","Conserve Battery"],"picked":"Self Repair","floor":12.0},{"not_picked":["Amplify","Doom and Gloom"],"picked":"Hologram","floor":13.0},{"not_picked":["Leap","FTL","Force Field"],"picked":"SKIP","floor":14.0},{"not_picked":["Rainbow","All For One"],"picked":"Core Surge","floor":16.0},{"not_picked":["Leap","Stack"],"picked":"Blizzard","floor":18.0},{"not_picked":["Compile Driver+1","Sweeping Beam"],"picked":"Skim","floor":19.0},{"not_picked":["Self Repair+1","Consume"],"picked":"Cold Snap","floor":24.0},{"not_picked":["Chaos","Streamline"],"picked":"Glacier","floor":27.0},{"not_picked":["Leap","Go for the Eyes"],"picked":"Compile Driver","floor":28.0},{"not_picked":["Sweeping Beam","Self Repair+1","Beam Cell"],"picked":"SKIP","floor":29.0},{"not_picked":["Scrape","Barrage+1","Conserve Battery"],"picked":"SKIP","floor":31.0},{"not_picked":["Hyperbeam","Amplify"],"picked":"Electrodynamics+1","floor":33.0},{"not_picked":["Steam","Defragment+1"],"picked":"Coolheaded+1","floor":35.0},{"not_picked":["Redo","Coolheaded"],"picked":"BootSequence","floor":36.0},{"not_picked":["Static Discharge+1","Gash","Chill+1"],"picked":"SKIP","floor":37.0},{"not_picked":["Aggregate","Self Repair+1"],"picked":"Stack","floor":38.0},{"not_picked":["Chaos","Rip and Tear"],"picked":"Stack","floor":41.0},{"not_picked":["Genetic Algorithm","Hologram","Chill"],"picked":"SKIP","floor":41.0},{"not_picked":["Ball Lightning+1","Steam Power+1","Barrage"],"picked":"SKIP","floor":45.0},{"not_picked":["Chaos","Beam Cell","Streamline"],"picked":"SKIP","floor":45.0},{"not_picked":["Redo","Hologram","Doom and Gloom"],"picked":"SKIP","floor":46.0},{"not_picked":["Melter+1","Compile Driver+1"],"picked":"Buffer+1","floor":48.0},{"not_picked":["Go for the Eyes+1","Conserve Battery","Leap"],"picked":"SKIP","floor":55}],"player_experience":929318,"relics_obtained":[{"floor":7.0,"key":"Old Coin"},{"floor":9.0,"key":"DataDisk"},{"floor":24.0,"key":"Vajra"},{"floor":26.0,"key":"Bottled Flame"},{"floor":27.0,"key":"Cables"},{"floor":38.0,"key":"Prayer Wheel"},{"floor":46.0,"key":"Calipers"},{"floor":48.0,"key":"Pen Nib"},{"floor":55,"key":"Dead Branch"}],"event_choices":[{"damage_healed":0.0,"max_hp_gain":0.0,"max_hp_loss":0.0,"gold_gain":270.0,"event_name":"Knowing Skull","player_choice":"GOLD GOLD GOLD ","floor":20.0,"potions_obtained":[],"gold_loss":0.0,"damage_taken":24.0,"cards_obtained":[]},{"damage_healed":0.0,"max_hp_gain":0.0,"max_hp_loss":0.0,"gold_gain":0.0,"event_name":"Mysterious Sphere","player_choice":"Fight","floor":38.0,"gold_loss":0.0,"damage_taken":0.0}],"is_beta":false,"boss_relics":[{"not_picked":["Lizard Tail","FrozenCore"],"picked":"Pandora\u0027s Box"},{"not_picked":["Calling Bell","Philosopher\u0027s Stone"],"picked":"Sozu"}],"items_purged_floors":[21,39,54],"is_endless":false,"potions_floor_spawned":[2,3,4,16,19,24,31,35,36],"ascension_level":20}