{"path_per_floor":["M","M","?","?","M","R","$","E","T","?","E","R","?","$","R"],"character_chosen":"THE_SILENT","items_purchased":[],"gold_per_floor":[113,126,126,201,217,217,217,275,298,298,333,333,293,218,218,218],"floor_reached":16,"campfire_rested":1,"playtime":435,"item_purchase_floors":[],"current_hp_per_floor":[57,57,44,33,33,33,33,22,22,22,5,5,5,5,39,0],"items_purged":["Strike_G"],"gold":218,"score":180,"play_id":"9af629ab-d9fa-4810-8135-0740fda2961e","local_time":"20180615170749","is_prod":false,"is_daily":false,"chose_seed":false,"is_ascension_mode":true,"campfire_upgraded":2,"win_rate":0,"timestamp":1529053669,"campfire_choices":[{"data":"Neutralize","floor":6,"key":"SMITH"},{"data":"All Out Attack","floor":12,"key":"SMITH"},{"floor":15,"key":"REST"}],"path_taken":["M","M","?","?","?","R","$","E","T","?","E","R","?","?","R","BOSS"],"build_version":"2018-06-14v2","seed_source_timestamp":27719953272327,"purchased_purges":1,"victory":false,"master_deck":["Defend_G","Defend_G","Defend_G+1","Defend_G","Defend_G","Strike_G","Strike_G","Strike_G","Strike_G","Survivor","Neutralize+1","AscendersBane","Dagger Throw+1","Dagger Throw","Escape Plan","All Out Attack+1"],"max_hp_per_floor":[66,66,66,66,66,66,66,66,66,66,66,66,66,66,66,66],"relics":["Ring of the Snake","Regal Pillow","Tiny Chest","Anchor","Potion Belt"],"card_choices":[{"not_picked":["Outmaneuver","Backstab"],"picked":"Dagger Throw","floor":1},{"not_picked":["Accuracy","Quick Slash"],"picked":"Dagger Throw","floor":2},{"not_picked":["Quick Slash","Dagger Spray"],"picked":"Escape Plan","floor":5},{"not_picked":["Bane","Prepared","Flying Knee"],"picked":"SKIP","floor":8},{"not_picked":["Underhanded Strike","Sucker Punch"],"picked":"All Out Attack","floor":11}],"player_experience":612339,"potions_floor_usage":[11,16,16],"damage_taken":[{"damage":2,"enemies":"2 Louse","floor":1,"turns":4},{"damage":0,"enemies":"Small Slimes","floor":2,"turns":3},{"damage":0,"enemies":"Cultist","floor":5,"turns":3},{"damage":11,"enemies":"3 Sentries","floor":8,"turns":10},{"damage":17,"enemies":"Lagavulin","floor":11,"turns":9},{"damage":66,"enemies":"Slime Boss","floor":16,"turns":8}],"relics_obtained":[{"floor":8,"key":"Tiny Chest"},{"floor":9,"key":"Anchor"},{"floor":11,"key":"Potion Belt"}],"event_choices":[{"event_name":"Shining Light","player_choice":"Entered Light","floor":3,"damage_taken":0},{"event_name":"World of Goop","player_choice":"Gather Gold","floor":4,"damage_taken":0},{"event_name":"Liars Game","player_choice":"disagreed","floor":10,"damage_taken":0},{"event_name":"The Woman in Blue","player_choice":"Bought 3 Potions","floor":13,"damage_taken":0}],"boss_relics":[],"items_purged_floors":[14],"is_endless":false,"potions_floor_spawned":[2,8],"seed_played":"-2442833776659401387","killed_by":"Slime Boss","ascension_level":14,"potions_obtained":[{"floor":2,"key":"GamblersBrew"},{"floor":8,"key":"Energy Potion"},{"floor":13,"key":"FairyPotion"},{"floor":13,"key":"EssenceOfSteel"},{"floor":13,"key":"SkillPotion"}],"is_trial":false}