{"gold_per_floor":[361,436,182,199,215,215,244,261,261,261,309,309,336,347,347,447,447,467,479,479,331,331,331,351,384,455,483,483,498,498,521,521,626,626,641,641,641,651,666,697,712,712,712,725,735,70,70,86,86,86],"floor_reached":51,"playtime":1559,"items_purged":["Dualcast","Strike_B","Strike_B"],"score":932,"play_id":"a819abbf-2f1f-41b7-8ecb-5407c297bac7","local_time":"20180923180508","is_ascension_mode":true,"campfire_choices":[{"data":"Zap","floor":6.0,"key":"SMITH"},{"floor":15.0,"key":"REST"},{"floor":23.0,"key":"DIG"},{"floor":28.0,"key":"REST"},{"data":"Go for the Eyes","floor":30.0,"key":"SMITH"},{"data":"Hologram","floor":32,"key":"SMITH"},{"floor":42,"key":"DIG"},{"data":"Seek","floor":47,"key":"SMITH"},{"floor":49,"key":"DIG"}],"neow_cost":"TEN_PERCENT_HP_LOSS","seed_source_timestamp":191652789039343,"circlet_count":0,"master_deck":["Defend_B","Defend_B","Zap+1","Streamline+1","Gash","Gash","Gash","Hologram+1","Finesse","Gash","Gash","Seek+1","Conserve Battery+1","Glacier","FTL+1","Go for the Eyes+1","All For One","Scrape+1","Echo Form+1","Steam+1","FTL+1","Beam Cell+1","Double Energy+1","FTL","Scrape+1"],"special_seed":0,"relics":["Cracked Core","Blood Vial","Du-Vu Doll","Shovel","Art of War","Dead Branch","Empty Cage","MutagenicStrength","Ornamental Fan","Regal Pillow","Shuriken","Ancient Tea Set","Oddly Smooth Stone","Astrolabe","Bag of Marbles","Pen Nib","Pantograph","Pear","Membership Card","Singing Bowl","Mango"],"potions_floor_usage":[33,33,40,45,50],"damage_taken":[{"damage":5.0,"enemies":"Small Slimes","floor":1.0,"turns":4.0},{"damage":7.0,"enemies":"Jaw Worm","floor":4.0,"turns":3.0},{"damage":1.0,"enemies":"2 Louse","floor":5.0,"turns":2.0},{"damage":30.0,"enemies":"Gremlin Nob","floor":7.0,"turns":4.0},{"damage":1.0,"enemies":"Blue Slaver","floor":8.0,"turns":3.0},{"damage":18.0,"enemies":"3 Sentries","floor":13.0,"turns":6.0},{"damage":2.0,"enemies":"Red Slaver","floor":14.0,"turns":3.0},{"damage":27.0,"enemies":"The Guardian","floor":16.0,"turns":8.0},{"damage":5.0,"enemies":"Chosen","floor":18.0,"turns":3.0},{"damage":27.0,"enemies":"Shell Parasite","floor":19.0,"turns":4.0},{"damage":0.0,"enemies":"3 Cultists","floor":24.0,"turns":2.0},{"damage":12.0,"enemies":"Gremlin Leader","floor":25.0,"turns":7.0},{"damage":25.0,"enemies":"Book of Stabbing","floor":27.0,"turns":5.0},{"damage":9.0,"enemies":"Cultist and Chosen","floor":29.0,"turns":5.0},{"damage":34,"enemies":"Automaton","floor":33,"turns":8},{"damage":0,"enemies":"Orb Walker","floor":35,"turns":2},{"damage":0,"enemies":"3 Darklings","floor":38,"turns":2},{"damage":0,"enemies":"Reptomancer","floor":39,"turns":3},{"damage":13,"enemies":"2 Orb Walkers","floor":40,"turns":3},{"damage":0,"enemies":"Maw","floor":41,"turns":2},{"damage":0,"enemies":"Sphere and 2 Shapes","floor":44,"turns":2},{"damage":0,"enemies":"Spire Growth","floor":45,"turns":1},{"damage":2,"enemies":"4 Shapes","floor":48,"turns":4},{"damage":7,"enemies":"Time Eater","floor":50,"turns":7}],"seed_played":"6962238573972200258","potions_obtained":[{"floor":4.0,"key":"Regen Potion"},{"floor":7.0,"key":"Block Potion"},{"floor":13.0,"key":"Dexterity Potion"},{"floor":16.0,"key":"Explosive Potion"},{"floor":19.0,"key":"Swift Potion"},{"floor":27.0,"key":"PowerPotion"},{"floor":33,"key":"EssenceOfSteel"},{"floor":39,"key":"AttackPotion"},{"floor":40,"key":"AttackPotion"},{"floor":41,"key":"SkillPotion"}],"is_trial":false,"path_per_floor":["M","?","$","M","M","R","E","M","T","?","T","?","E","M","R","B",null,"M","M","?","$","?","R","M","E","T","E","R","M","R","T","R","B",null,"M","?","?","M","M","E","M","R","T","M","M","$","R","M","R","B"],"character_chosen":"DEFECT","items_purchased":["Gash","Blood Vial","AttackPotion","Pear","Membership Card","Singing Bowl","SteroidPotion"],"campfire_rested":2,"item_purchase_floors":[3,3,21,46,46,46,46],"current_hp_per_floor":[63,52,52,47,48,48,20,21,21,21,21,21,20,20,40,15,68,63,38,38,38,38,38,40,30,30,7,42,35,35,35,35,3,68,68,68,68,68,68,55,57,57,57,59,61,71,71,73,87,87],"gold":86,"neow_bonus":"TWO_FIFTY_GOLD","is_prod":false,"is_daily":false,"chose_seed":false,"campfire_upgraded":4,"win_rate":1,"timestamp":1537697108,"path_taken":["M","?","$","M","M","R","E","M","T","?","?","?","E","?","R","BOSS","M","M","?","$","?","R","?","E","T","E","R","M","R","?","R","BOSS","M","?","?","M","?","E","M","R","T","M","M","$","R","M","R","BOSS"],"build_version":"2018-09-20","purchased_purges":3,"victory":true,"max_hp_per_floor":[68,68,68,68,68,68,68,68,68,68,68,68,68,68,68,68,68,68,68,68,68,68,68,68,68,68,68,68,68,68,68,68,68,68,68,68,68,68,68,68,68,68,68,68,68,78,78,80,94,94],"card_choices":[{"not_picked":["Tempest","Sunder"],"picked":"Streamline","floor":1.0},{"not_picked":["Hello World","Tempest"],"picked":"Sunder","floor":4.0},{"not_picked":["Go for the Eyes","Barrage"],"picked":"Gash","floor":5.0},{"not_picked":["Auto Shields","Double Energy"],"picked":"Gash","floor":7.0},{"not_picked":["Biased Cognition","Auto Shields"],"picked":"Hologram","floor":8.0},{"not_picked":["Chill","Doom and Gloom"],"picked":"Gash","floor":13.0},{"not_picked":["Loop","Defragment"],"picked":"Gash","floor":14.0},{"not_picked":["Machine Learning","Fission"],"picked":"Seek","floor":16.0},{"not_picked":["Heatsinks","Static Discharge","Streamline+1"],"picked":"SKIP","floor":18.0},{"not_picked":["Barrage","Leap"],"picked":"Conserve Battery+1","floor":19.0},{"not_picked":["Redo","Aggregate"],"picked":"Glacier","floor":24.0},{"not_picked":["Blizzard","Darkness"],"picked":"FTL+1","floor":25.0},{"not_picked":["Creative AI","Double Energy","Compile Driver"],"picked":"SKIP","floor":27.0},{"not_picked":["Streamline","Consume+1"],"picked":"Go for the Eyes","floor":29.0},{"not_picked":["Fission","Hyperbeam"],"picked":"All For One","floor":33},{"not_picked":["Recycle","Streamline","Aggregate"],"picked":"SKIP","floor":35},{"not_picked":["Cold Snap+1","Go for the Eyes"],"picked":"Beam Cell+1","floor":38},{"not_picked":["Beam Cell","Electrodynamics"],"picked":"Double Energy+1","floor":39},{"not_picked":["Coolheaded","Skim","Beam Cell"],"picked":"SKIP","floor":40},{"not_picked":["Redo+1","Conserve Battery"],"picked":"FTL","floor":41},{"not_picked":["Compile Driver","Coolheaded"],"picked":"Scrape+1","floor":44},{"not_picked":["White Noise","Go for the Eyes+1","Consume"],"picked":"SKIP","floor":45},{"not_picked":["Barrage","Recycle+1","Coolheaded+1"],"picked":"Singing Bowl","floor":48}],"player_experience":111429,"relics_obtained":[{"floor":7.0,"key":"Du-Vu Doll"},{"floor":9.0,"key":"Shovel"},{"floor":11.0,"key":"Art of War"},{"floor":13.0,"key":"Dead Branch"},{"floor":23.0,"key":"Ornamental Fan"},{"floor":25.0,"key":"Regal Pillow"},{"floor":26.0,"key":"Shuriken"},{"floor":27.0,"key":"Ancient Tea Set"},{"floor":31,"key":"Oddly Smooth Stone"},{"floor":40,"key":"Bag of Marbles"},{"floor":42,"key":"Pen Nib"},{"floor":43,"key":"Pantograph"},{"floor":49,"key":"Mango"}],"event_choices":[{"event_name":"World of Goop","player_choice":"Gather Gold","floor":2.0,"damage_taken":0.0},{"event_name":"Upgrade Shrine","player_choice":"Upgraded","floor":10.0,"damage_taken":0.0},{"event_name":"Match and Keep!","player_choice":"1 cards matched","floor":12.0,"damage_taken":0.0},{"event_name":"Drug Dealer","player_choice":"Inject Mutagens","floor":20.0,"damage_taken":0.0},{"event_name":"Cursed Tome","player_choice":"Ignored","floor":22.0,"damage_taken":0.0},{"event_name":"SensoryStone","player_choice":"Memory 1","floor":36,"damage_taken":0},{"event_name":"Duplicator","player_choice":"One dupe","floor":37,"damage_taken":0}],"is_beta":false,"boss_relics":[{"not_picked":["Runic Pyramid","Nuclear Battery"],"picked":"Empty Cage"},{"not_picked":["Eternal Feather","Velvet Choker"],"picked":"Astrolabe"}],"items_purged_floors":[3,21,46],"is_endless":false,"potions_floor_spawned":[4,7,13,16,19,27,33,39,40,41,48],"ascension_level":3}