{"gold_per_floor":[112,123,137,43,43,43,75,75,75,75,75,75,88,105,105,184,234,252,252,76,76,76,76,76],"floor_reached":24,"playtime":500,"items_purged":["Strike_B"],"score":384,"play_id":"265d53b1-8cb1-4822-8803-2c486fa11258","local_time":"20190223220225","is_ascension_mode":true,"campfire_choices":[{"data":"Defragment","floor":6,"key":"SMITH"},{"data":"Coolheaded","floor":8,"key":"SMITH"},{"data":"Coolheaded","floor":12,"key":"SMITH"},{"data":"Turbo","floor":15,"key":"SMITH"},{"data":"Go for the Eyes","floor":23,"key":"SMITH"}],"neow_cost":"NONE","seed_source_timestamp":525943594178523,"circlet_count":0,"master_deck":["AscendersBane","Strike_B","Defend_B","Defend_B","Defend_B+1","Defend_B","Zap+1","Dualcast","Coolheaded+1","Defragment+1","Melter+1","Coolheaded+1","FTL","Turbo","Turbo+1","Core Surge","Reinforced Body","Capacitor","Undo","Go for the Eyes+1","Thunder Strike","Blizzard"],"relics":["Cracked Core","NeowsBlessing","StoneCalendar","Ice Cream","Tiny House"],"potions_floor_usage":[16,16],"damage_taken":[{"damage":0,"enemies":"Cultist","floor":1,"turns":1},{"damage":0,"enemies":"Jaw Worm","floor":2,"turns":1},{"damage":0,"enemies":"2 Louse","floor":3,"turns":1},{"damage":16,"enemies":"3 Sentries","floor":7,"turns":8},{"damage":2,"enemies":"Looter","floor":13,"turns":3},{"damage":4,"enemies":"3 Louse","floor":14,"turns":4},{"damage":9,"enemies":"Hexaghost","floor":16,"turns":9},{"damage":36,"enemies":"Shell Parasite","floor":18,"turns":5},{"damage":14,"enemies":"Colosseum Slavers","floor":19,"turns":5},{"damage":26,"enemies":"Gremlin Leader","floor":24,"turns":2}],"seed_played":"-3453555854839277282","potions_obtained":[{"floor":13,"key":"Regen Potion"},{"floor":14,"key":"Fire Potion"},{"floor":16,"key":"GamblersBrew"},{"floor":17,"key":"PowerPotion"}],"is_trial":false,"path_per_floor":["M","M","M","$","?","R","E","R","T","?","T","R","M","M","R","B",null,"M","?","$","?","?","R","E"],"character_chosen":"DEFECT","items_purchased":["Coolheaded","FTL","Undo","Go for the Eyes"],"campfire_rested":0,"item_purchase_floors":[4,4,20,20],"current_hp_per_floor":[64,64,64,64,69,69,53,53,53,30,30,30,28,24,24,30,70,34,20,20,20,20,20,0],"gold":76,"neow_bonus":"THREE_ENEMY_KILL","is_prod":false,"is_daily":false,"chose_seed":false,"campfire_upgraded":5,"win_rate":0,"timestamp":1550930545,"path_taken":["M","?","M","$","?","R","E","R","T","?","?","R","M","M","R","BOSS","M","?","$","?","?","R","E"],"build_version":"2019-01-23","purchased_purges":1,"victory":false,"max_hp_per_floor":[71,71,71,71,76,76,76,76,76,76,76,76,76,76,76,76,81,81,81,81,81,81,81,81],"card_choices":[{"not_picked":["Steam","Go for the Eyes"],"picked":"Coolheaded","floor":1},{"not_picked":["Hologram","Gash"],"picked":"Defragment","floor":2},{"not_picked":["Rebound","Aggregate"],"picked":"Melter","floor":3},{"not_picked":["Streamline","Meteor Strike"],"picked":"Turbo","floor":7},{"not_picked":["Compile Driver","Static Discharge"],"picked":"Turbo","floor":13},{"not_picked":["Rip and Tear","Fusion","Leap"],"picked":"SKIP","floor":14},{"not_picked":["Amplify","Meteor Strike"],"picked":"Core Surge","floor":16},{"not_picked":["Consume","Ball Lightning"],"picked":"Reinforced Body","floor":17},{"not_picked":["Coolheaded","Leap"],"picked":"Capacitor","floor":18}],"player_experience":949239,"relics_obtained":[{"floor":7,"key":"StoneCalendar"},{"floor":9,"key":"Ice Cream"}],"event_choices":[{"damage_healed":0,"gold_gain":0,"player_choice":"Donut","damage_taken":0,"max_hp_gain":5,"max_hp_loss":0,"event_name":"Big Fish","floor":5,"gold_loss":0},{"damage_healed":0,"gold_gain":0,"player_choice":"Entered Light","damage_taken":23,"max_hp_gain":0,"max_hp_loss":0,"event_name":"Shining Light","floor":10,"gold_loss":0,"cards_upgraded":["Melter","Zap"]},{"damage_healed":0,"gold_gain":0,"player_choice":"Fight","damage_taken":0,"max_hp_gain":0,"max_hp_loss":0,"event_name":"Colosseum","floor":19,"gold_loss":0},{"damage_healed":0,"gold_gain":0,"player_choice":"Fled From Nobs","damage_taken":0,"max_hp_gain":0,"max_hp_loss":0,"event_name":"Colosseum","floor":19,"gold_loss":0},{"damage_healed":0,"gold_gain":0,"cards_transformed":["Strike_B","Strike_B"],"player_choice":"Became Test Subject","damage_taken":0,"max_hp_gain":0,"max_hp_loss":0,"event_name":"Drug Dealer","floor":22,"gold_loss":0,"cards_obtained":["Thunder Strike","Blizzard"]}],"is_beta":false,"boss_relics":[{"not_picked":["Ectoplasm","Philosopher\u0027s Stone"],"picked":"Tiny House"}],"items_purged_floors":[20],"is_endless":false,"potions_floor_spawned":[13,14,16],"killed_by":"Gremlin Leader","ascension_level":20}