{"gold_per_floor":[112,112,127,52,52,82,101,126,174,198,210,269,71,102,102,174,174,184,200,100,100,100,128,154,154,177,177],"floor_reached":27,"playtime":1038,"items_purged":["Strike_B","Strike_B"],"score":594,"play_id":"fe10c6fc-668c-4f3a-8433-db50de1d22b5","local_time":"20190111124902","is_ascension_mode":true,"campfire_choices":[{"data":"Consume","floor":11.0,"key":"SMITH"},{"data":"Defragment","floor":15.0,"key":"SMITH"},{"data":"Rainbow","floor":25,"key":"SMITH"}],"neow_cost":"NONE","seed_source_timestamp":3496783827948,"circlet_count":0,"master_deck":["AscendersBane","Defend_B","Defend_B+1","Zap","Dualcast","Ball Lightning","White Noise","Genetic Algorithm","Consume+1","Echo Form","Chill","Defragment+1","Panacea","Reinforced Body+1","Rainbow+1","Conserve Battery","Compile Driver"],"special_seed":0,"relics":["Cracked Core","NeowsBlessing","Dodecahedron","Dream Catcher","MawBank","Bag of Marbles","Bottled Lightning","Snecko Eye","Boot","War Paint"],"potions_floor_usage":[23],"damage_taken":[{"damage":0.0,"enemies":"2 Louse","floor":1.0,"turns":1.0},{"damage":0.0,"enemies":"Small Slimes","floor":3.0,"turns":1.0},{"damage":0.0,"enemies":"3 Sentries","floor":6.0,"turns":1.0},{"damage":3.0,"enemies":"Jaw Worm","floor":7.0,"turns":4.0},{"damage":38.0,"enemies":"Gremlin Nob","floor":8.0,"turns":4.0},{"damage":11.0,"enemies":"Blue Slaver","floor":10.0,"turns":5.0},{"damage":0.0,"enemies":"Lagavulin","floor":14.0,"turns":7.0},{"damage":18.0,"enemies":"Hexaghost","floor":16.0,"turns":10.0},{"damage":7,"enemies":"Chosen","floor":18,"turns":6},{"damage":0,"enemies":"3 Byrds","floor":19,"turns":5},{"damage":15,"enemies":"Gremlin Leader","floor":23,"turns":6},{"damage":34,"enemies":"Slavers","floor":27,"turns":9}],"seed_played":"-8114169306374436623","potions_obtained":[{"floor":8.0,"key":"FairyPotion"},{"floor":10.0,"key":"SpeedPotion"},{"floor":16.0,"key":"Fire Potion"},{"floor":18,"key":"FearPotion"}],"is_trial":false,"path_per_floor":["M","?","M","?","$","E","M","E","T","M","R","T","$","E","R","B",null,"M","M","$","?","$","E","T","R","T","E"],"character_chosen":"DEFECT","items_purchased":["Defragment","Panacea"],"campfire_rested":0,"item_purchase_floors":[13,13],"current_hp_per_floor":[64,64,64,64,64,64,61,23,23,12,12,12,12,12,12,1,54,47,47,47,47,47,32,32,32,32,0],"gold":177,"neow_bonus":"THREE_ENEMY_KILL","is_prod":false,"is_daily":false,"chose_seed":false,"campfire_upgraded":3,"win_rate":0,"timestamp":1547182142,"path_taken":["M","?","M","?","?","E","M","E","T","M","R","?","$","E","R","BOSS","M","M","$","?","$","E","?","R","T","E"],"build_version":"2019-01-10","purchased_purges":2,"victory":false,"max_hp_per_floor":[71,71,71,71,71,71,71,71,71,71,71,71,71,71,71,71,71,71,71,71,71,71,71,71,71,71,71],"card_choices":[{"not_picked":["Leap","Rebound"],"picked":"Ball Lightning","floor":1.0},{"not_picked":["Beam Cell","Double Energy","Sweeping Beam"],"picked":"SKIP","floor":3.0},{"not_picked":["Streamline","Stack"],"picked":"Genetic Algorithm","floor":6.0},{"not_picked":["Streamline","Sweeping Beam"],"picked":"Consume","floor":7.0},{"not_picked":["Gash","Sweeping Beam"],"picked":"Echo Form","floor":8.0},{"not_picked":["Sweeping Beam","Chaos"],"picked":"Chill","floor":10.0},{"not_picked":["Chill","Beam Cell"],"picked":"Reinforced Body","floor":14.0},{"not_picked":["Biased Cognition","Hyperbeam"],"picked":"Rainbow","floor":16.0},{"not_picked":["Beam Cell","Hologram+1","Melter"],"picked":"SKIP","floor":18},{"not_picked":["Compile Driver","Barrage","Leap"],"picked":"SKIP","floor":19},{"not_picked":["Conserve Battery","Undo","Hologram"],"picked":"SKIP","floor":23}],"player_experience":1935664,"relics_obtained":[{"floor":6.0,"key":"Dodecahedron"},{"floor":8.0,"key":"Dream Catcher"},{"floor":9.0,"key":"MawBank"},{"floor":12.0,"key":"Bag of Marbles"},{"floor":14.0,"key":"Bottled Lightning"},{"floor":23,"key":"Boot"},{"floor":24,"key":"War Paint"}],"event_choices":[{"damage_healed":0.0,"max_hp_gain":0.0,"max_hp_loss":0.0,"gold_gain":0.0,"cards_transformed":["Strike_B"],"event_name":"Living Wall","player_choice":"Change","floor":2.0,"gold_loss":0.0,"damage_taken":0.0,"cards_obtained":["White Noise"]},{"cards_removed":["Strike_B"],"damage_healed":0.0,"max_hp_gain":0.0,"max_hp_loss":0.0,"gold_gain":0.0,"event_name":"The Cleric","player_choice":"Card Removal","floor":4.0,"gold_loss":75.0,"damage_taken":0.0},{"damage_healed":0,"gold_gain":0,"cards_transformed":["Defend_B","Defend_B"],"player_choice":"Became Test Subject","damage_taken":0,"max_hp_gain":0,"max_hp_loss":0,"event_name":"Drug Dealer","floor":21,"gold_loss":0,"cards_obtained":["Conserve Battery","Compile Driver"]}],"is_beta":false,"boss_relics":[{"not_picked":["Astrolabe","Nuclear Battery"],"picked":"Snecko Eye"}],"items_purged_floors":[13,20],"is_endless":false,"potions_floor_spawned":[8,10,14,16,18],"killed_by":"Slavers","ascension_level":20}