{"gold_per_floor":[110,35,47,59,9,9,36,36,36,47,47,65,130,142,142,142],"floor_reached":16,"playtime":925,"items_purged":["Strike_R"],"score":102,"play_id":"43148e7f-faed-41c5-8cea-56e6d3fb8125","local_time":"20180625000839","is_ascension_mode":false,"campfire_choices":[{"data":"Rampage","floor":6.0,"key":"SMITH"},{"data":"Bash","floor":11.0,"key":"SMITH"},{"data":"Reaper","floor":15,"key":"SMITH"}],"neow_cost":"","seed_source_timestamp":0,"circlet_count":0,"master_deck":["Strike_R","Strike_R","Defend_R","Defend_R","Defend_R","Bash+1","Body Slam","Ghostly Armor","Rampage+1","Thunderclap","Seeing Red+1","Reaper+1","Seeing Red+1"],"special_seed":0,"relics":["Burning Blood","Toxic Egg 2","Torii","Dream Catcher"],"potions_floor_usage":[],"damage_taken":[{"damage":10.0,"enemies":"Small Slimes","floor":1.0,"turns":3.0},{"damage":15.0,"enemies":"Cultist","floor":3.0,"turns":4.0},{"damage":5.0,"enemies":"2 Louse","floor":4.0,"turns":3.0},{"damage":33.0,"enemies":"3 Sentries","floor":7.0,"turns":8.0},{"damage":0.0,"enemies":"Looter","floor":10.0,"turns":4.0},{"damage":9,"enemies":"Gremlin Gang","floor":12,"turns":5},{"damage":18,"enemies":"3 Sentries","floor":13,"turns":8},{"damage":9,"enemies":"3 Louse","floor":14,"turns":3},{"damage":52,"enemies":"The Guardian","floor":16,"turns":9}],"seed_played":"71741900688993499","potions_obtained":[{"floor":3.0,"key":"Strength Potion"},{"floor":10.0,"key":"SpeedPotion"},{"floor":13,"key":"Strength Potion"}],"is_trial":false,"path_per_floor":["M","$","M","M","?","R","E","?","T","M","R","M","?","M","R"],"character_chosen":"IRONCLAD","items_purchased":[],"campfire_rested":0,"item_purchase_floors":[],"current_hp_per_floor":[68,68,59,60,60,60,33,33,33,39,39,36,38,47,47,0],"gold":142,"neow_bonus":"","is_prod":false,"is_daily":false,"chose_seed":false,"campfire_upgraded":3,"win_rate":0,"timestamp":1529878119,"path_taken":["M","$","M","M","?","R","E","?","T","M","R","M","?","M","R","BOSS"],"build_version":"2018-06-21v2","purchased_purges":1,"victory":false,"max_hp_per_floor":[72,72,72,72,72,72,72,72,72,72,72,72,72,72,72,72],"card_choices":[{"not_picked":["Armaments","Headbutt"],"picked":"Body Slam","floor":1.0},{"not_picked":["Twin Strike","Searing Blow"],"picked":"Ghostly Armor","floor":3.0},{"not_picked":["Iron Wave","Headbutt"],"picked":"Rampage","floor":4.0},{"not_picked":["Feel No Pain","Anger"],"picked":"Thunderclap","floor":7.0},{"not_picked":["Entrench+1","Rampage"],"picked":"Seeing Red+1","floor":10.0},{"not_picked":["Iron Wave","Sword Boomerang"],"picked":"Reaper","floor":12},{"not_picked":["Thunderclap","Hemokinesis"],"picked":"Seeing Red+1","floor":14}],"player_experience":288469,"relics_obtained":[{"floor":7.0,"key":"Toxic Egg 2"},{"floor":9.0,"key":"Torii"}],"event_choices":[{"event_name":"The Cleric","player_choice":"Card Removal","floor":5.0,"damage_taken":0.0},{"event_name":"Liars Game","player_choice":"disagreed","floor":8.0,"damage_taken":0.0},{"event_name":"Dead Adventurer","player_choice":"Searched \u00272\u0027 times","floor":13,"damage_taken":0}],"boss_relics":[],"items_purged_floors":[],"is_endless":false,"potions_floor_spawned":[3,10,13,14],"killed_by":"The Guardian","ascension_level":0}