{"gold_per_floor":[112,112,37,37,37,63,63,96,96,109,124,124,140,156,156,156],"floor_reached":16,"playtime":503,"items_purged":["Strike_B"],"score":320,"play_id":"adac287b-bd32-45d3-b44f-ac3d37cd3e44","local_time":"20181220143506","is_ascension_mode":true,"campfire_choices":[{"data":"Zap","floor":12,"key":"SMITH"},{"data":"Loop","floor":15,"key":"SMITH"}],"neow_cost":"NONE","seed_source_timestamp":15827565148290,"circlet_count":0,"master_deck":["AscendersBane","Strike_B","Strike_B","Strike_B","Defend_B","Defend_B","Defend_B","Defend_B","Zap+1","Dualcast","White Noise","BootSequence","Auto Shields","Glacier","Undo","Loop+1","Amplify"],"relics":["Cracked Core","NeowsBlessing","Potion Belt","Ancient Tea Set"],"potions_floor_usage":[14,14,16],"damage_taken":[{"damage":0,"enemies":"2 Louse","floor":1,"turns":1},{"damage":0,"enemies":"Lagavulin","floor":6,"turns":1},{"damage":0,"enemies":"3 Sentries","floor":8,"turns":1},{"damage":2,"enemies":"Jaw Worm","floor":10,"turns":2},{"damage":2,"enemies":"Cultist","floor":11,"turns":5},{"damage":6,"enemies":"2 Fungi Beasts","floor":13,"turns":5},{"damage":0,"enemies":"Gremlin Gang","floor":14,"turns":3},{"damage":70,"enemies":"Slime Boss","floor":16,"turns":12}],"seed_played":"7683447172274953868","potions_obtained":[{"floor":1,"key":"Explosive Potion"},{"floor":6,"key":"Swift Potion"},{"floor":11,"key":"Regen Potion"}],"is_trial":false,"path_per_floor":["M","?","$","?","?","E","$","E","T","M","M","R","M","M","R","B"],"character_chosen":"DEFECT","items_purchased":[],"campfire_rested":0,"item_purchase_floors":[],"current_hp_per_floor":[64,59,59,59,59,59,59,59,59,57,55,55,49,49,49,0],"gold":156,"neow_bonus":"THREE_ENEMY_KILL","is_prod":false,"is_daily":false,"chose_seed":false,"campfire_upgraded":2,"win_rate":0,"timestamp":1545287706,"path_taken":["M","?","$","?","?","E","?","E","T","?","M","R","M","M","R","BOSS"],"build_version":"2018-12-13","purchased_purges":1,"victory":false,"max_hp_per_floor":[71,71,71,71,71,71,71,71,71,71,71,71,71,71,71,71],"card_choices":[{"not_picked":["Redo","Steam"],"picked":"White Noise","floor":1},{"not_picked":["Barrage","Cold Snap"],"picked":"BootSequence","floor":6},{"not_picked":["Turbo","Compile Driver"],"picked":"Auto Shields","floor":8},{"not_picked":["Static Discharge","Ball Lightning"],"picked":"Glacier","floor":10},{"not_picked":["Barrage","Scrape"],"picked":"Undo","floor":11},{"not_picked":["Barrage","Rebound"],"picked":"Loop","floor":13},{"not_picked":["Rebound","Steam Power"],"picked":"Amplify","floor":14}],"player_experience":1406401,"relics_obtained":[{"floor":8,"key":"Ancient Tea Set"}],"event_choices":[{"damage_healed":0,"gold_gain":0,"player_choice":"Success","damage_taken":5,"relics_obtained":["Potion Belt"],"max_hp_gain":0,"max_hp_loss":0,"event_name":"Scrap Ooze","floor":2,"gold_loss":0},{"damage_healed":0,"gold_gain":0,"player_choice":"Ignored","damage_taken":0,"max_hp_gain":0,"max_hp_loss":0,"event_name":"Liars Game","floor":4,"gold_loss":0},{"damage_healed":0,"gold_gain":0,"player_choice":"Leave","damage_taken":0,"max_hp_gain":0,"max_hp_loss":0,"event_name":"The Cleric","floor":5,"gold_loss":0}],"is_beta":false,"boss_relics":[],"items_purged_floors":[3],"is_endless":false,"potions_floor_spawned":[1,6,11],"killed_by":"Slime Boss","ascension_level":20}