{"gold_per_floor":[16,16,32,44,60,60,91,16,16,16,16],"floor_reached":11,"playtime":206,"items_purged":["Strike_R"],"score":146,"play_id":"65a07dc2-326e-4a54-8321-ea98ad0151a9","local_time":"20190801124651","is_ascension_mode":true,"campfire_choices":[{"data":"Armaments","floor":6.0,"key":"SMITH"}],"neow_cost":"NO_GOLD","seed_source_timestamp":326052842268297,"circlet_count":0,"master_deck":["AscendersBane","Strike_R","Strike_R","Strike_R","Defend_R","Defend_R","Defend_R","Defend_R","Bash","Bludgeon","Battle Trance","Burning Pact","Body Slam","Armaments+1"],"special_seed":0,"relics":["Burning Blood","Bag of Marbles","Art of War","Blue Candle"],"potions_floor_usage":[],"damage_taken":[{"damage":4.0,"enemies":"Small Slimes","floor":1.0,"turns":3.0},{"damage":6.0,"enemies":"Cultist","floor":3.0,"turns":3.0},{"damage":7.0,"enemies":"Jaw Worm","floor":4.0,"turns":3.0},{"damage":11.0,"enemies":"2 Fungi Beasts","floor":5.0,"turns":4.0},{"damage":47.0,"enemies":"Gremlin Nob","floor":7.0,"turns":4.0},{"damage":13,"enemies":"Lots of Slimes","floor":11,"turns":2}],"seed_played":"-6650714888806348262","potions_obtained":[],"is_trial":false,"path_per_floor":["M","?","M","M","M","R","E","$","T","?","M"],"character_chosen":"IRONCLAD","items_purchased":[],"campfire_rested":0,"item_purchase_floors":[],"current_hp_per_floor":[70,70,70,69,64,64,23,23,23,12,0],"gold":16,"neow_bonus":"THREE_RARE_CARDS","is_prod":false,"is_daily":false,"chose_seed":false,"campfire_upgraded":1,"win_rate":0,"timestamp":1564631211,"path_taken":["M","?","?","M","M","R","E","$","T","?","M"],"build_version":"2019-07-17","purchased_purges":1,"victory":false,"max_hp_per_floor":[75,75,75,75,75,75,75,75,75,75,75],"card_choices":[{"not_picked":["Exhume","Limit Break"],"picked":"Bludgeon","floor":0.0},{"not_picked":["Warcry","Clash"],"picked":"Battle Trance","floor":1.0},{"not_picked":["Rage","Burning Pact"],"picked":"Body Slam","floor":3.0},{"not_picked":["Sword Boomerang","Dropkick","Whirlwind"],"picked":"SKIP","floor":4.0},{"not_picked":["Carnage","Whirlwind"],"picked":"Armaments","floor":5.0},{"not_picked":["Anger","Twin Strike","Pommel Strike"],"picked":"SKIP","floor":7.0}],"player_experience":719280,"relics_obtained":[{"floor":7.0,"key":"Bag of Marbles"},{"floor":9.0,"key":"Art of War"}],"event_choices":[{"damage_healed":0.0,"max_hp_gain":0.0,"max_hp_loss":0.0,"gold_gain":0.0,"cards_transformed":["Strike_R"],"event_name":"Transmorgrifier","player_choice":"Transformed","floor":2.0,"gold_loss":0.0,"damage_taken":0.0,"cards_obtained":["Burning Pact"]},{"damage_healed":0.0,"max_hp_gain":0.0,"max_hp_loss":0.0,"gold_gain":0.0,"event_name":"Scrap Ooze","player_choice":"Success","floor":10.0,"gold_loss":0.0,"damage_taken":11.0,"relics_obtained":["Blue Candle"]}],"is_beta":false,"boss_relics":[],"items_purged_floors":[8],"is_endless":false,"potions_floor_spawned":[],"killed_by":"Lots of Slimes","ascension_level":20}