{"gold_per_floor":[117,117,42,60,335,335,354,254,554,554,570,570,586,625,625,625],"floor_reached":16,"playtime":346,"items_purged":["Strike_R","Regret"],"score":200,"play_id":"0ae3d8d8-7dee-4e02-8d65-bcca548470cc","local_time":"20190413201712","is_ascension_mode":true,"campfire_choices":[{"data":"Carnage","floor":6,"key":"SMITH"},{"data":"Uppercut","floor":12,"key":"SMITH"},{"data":"True Grit","floor":15,"key":"SMITH"}],"neow_cost":"NONE","seed_source_timestamp":30509234862113,"circlet_count":0,"master_deck":["AscendersBane","Strike_R","Strike_R","Strike_R","Defend_R","Defend_R","Defend_R","Defend_R","Bash","Juggernaut","Carnage+1","True Grit+1","Uppercut+1"],"special_seed":0,"relics":["Burning Blood","Old Coin","Golden Idol","Frozen Egg 2"],"potions_floor_usage":[],"damage_taken":[{"damage":2.0,"enemies":"Small Slimes","floor":1.0,"turns":5.0},{"damage":7,"enemies":"Cultist","floor":4,"turns":4},{"damage":3,"enemies":"2 Louse","floor":7,"turns":3},{"damage":9,"enemies":"Red Slaver","floor":11,"turns":3},{"damage":6,"enemies":"Blue Slaver","floor":13,"turns":3},{"damage":38,"enemies":"3 Sentries","floor":14,"turns":8},{"damage":36,"enemies":"Hexaghost","floor":16,"turns":9}],"seed_played":"7736654399344187316","potions_obtained":[{"floor":1.0,"key":"Ancient Potion"},{"floor":11,"key":"SpeedPotion"}],"is_trial":false,"path_per_floor":["M","?","$","M","?","R","M","$","T","?","M","R","M","E","R","B"],"character_chosen":"IRONCLAD","items_purchased":[],"campfire_rested":0,"item_purchase_floors":[],"current_hp_per_floor":[72,72,72,71,71,71,74,74,74,68,65,65,65,33,33,0],"gold":625,"neow_bonus":"ONE_RANDOM_RARE_CARD","is_prod":false,"is_daily":false,"chose_seed":false,"campfire_upgraded":3,"win_rate":0,"timestamp":1555157832,"path_taken":["M","?","$","?","?","R","?","$","T","?","M","R","M","E","R","BOSS"],"build_version":"2019-01-23","purchased_purges":2,"victory":false,"max_hp_per_floor":[75,75,75,75,75,75,75,75,75,68,68,68,68,68,68,68],"card_choices":[{"not_picked":["Havoc","Cleave"],"picked":"Carnage","floor":1.0},{"not_picked":["Flex","Infernal Blade","Warcry"],"picked":"SKIP","floor":4},{"not_picked":["Entrench","Flame Barrier","Clothesline"],"picked":"SKIP","floor":7},{"not_picked":["Perfected Strike","Havoc"],"picked":"Uppercut","floor":11},{"not_picked":["Flex","Havoc","Anger"],"picked":"SKIP","floor":13},{"not_picked":["Searing Blow","Infernal Blade","Armaments"],"picked":"SKIP","floor":14}],"player_experience":4254956,"relics_obtained":[{"floor":9,"key":"Old Coin"},{"floor":14,"key":"Frozen Egg 2"}],"event_choices":[{"damage_healed":0,"gold_gain":0,"cards_transformed":["Strike_R"],"player_choice":"Transformed","damage_taken":0,"max_hp_gain":0,"max_hp_loss":0,"event_name":"Transmorgrifier","floor":2,"gold_loss":0,"cards_obtained":["True Grit"]},{"damage_healed":0,"gold_gain":275,"player_choice":"Desecrate","damage_taken":0,"max_hp_gain":0,"max_hp_loss":0,"event_name":"Golden Shrine","floor":5,"gold_loss":0,"cards_obtained":["Regret"]},{"damage_healed":0,"gold_gain":0,"player_choice":"Lose Max HP","damage_taken":0,"relics_obtained":["Golden Idol"],"max_hp_gain":0,"max_hp_loss":7,"event_name":"Golden Idol","floor":10,"gold_loss":0}],"is_beta":false,"boss_relics":[],"items_purged_floors":[3,8],"is_endless":false,"potions_floor_spawned":[1,11,14],"killed_by":"Hexaghost","ascension_level":20}