{"gold_per_floor":[119,131,131,56,70,70,94,109,109,109,109,128,128,203,203,297,297,312,293,23,37,60,60,60,60],"floor_reached":25,"playtime":639,"items_purged":["Strike_G","Strike_G"],"score":390,"play_id":"4bf571ca-f8e1-40cb-b531-5644530d783b","local_time":"20190303173047","is_ascension_mode":true,"campfire_choices":[{"data":"Bouncing Flask","floor":6.0,"key":"SMITH"},{"data":"Catalyst","floor":13,"key":"SMITH"},{"data":"Neutralize","floor":15,"key":"SMITH"},{"data":"Well Laid Plans","floor":23,"key":"SMITH"}],"neow_cost":"NONE","seed_source_timestamp":22717857509593,"circlet_count":0,"master_deck":["AscendersBane","Defend_G","Defend_G","Defend_G","Defend_G","Defend_G","Strike_G","Strike_G","Survivor","Neutralize+1","Bouncing Flask+1","Tactician","Escape Plan","Blade Dance","Catalyst+1","Adrenaline","Reflex+1","Well Laid Plans+1","Expertise","Backflip"],"special_seed":0,"relics":["Ring of the Snake","NeowsBlessing","Golden Idol","Cursed Key"],"potions_floor_usage":[18,21,22],"damage_taken":[{"damage":0.0,"enemies":"2 Louse","floor":1.0,"turns":1.0},{"damage":0.0,"enemies":"Jaw Worm","floor":2.0,"turns":1.0},{"damage":0.0,"enemies":"Small Slimes","floor":5.0,"turns":1.0},{"damage":6,"enemies":"Blue Slaver","floor":7,"turns":6},{"damage":12,"enemies":"2 Fungi Beasts","floor":8,"turns":5},{"damage":8,"enemies":"Red Slaver","floor":12,"turns":4},{"damage":20,"enemies":"Hexaghost","floor":16,"turns":9},{"damage":7,"enemies":"Spheric Guardian","floor":18,"turns":5},{"damage":10,"enemies":"2 Thieves","floor":19,"turns":4},{"damage":5,"enemies":"Chosen and Byrds","floor":21,"turns":4},{"damage":27,"enemies":"Sentry and Sphere","floor":22,"turns":5},{"damage":0,"enemies":"Cultist and Chosen","floor":25,"turns":1}],"seed_played":"3868571900343602160","potions_obtained":[{"floor":1.0,"key":"Regen Potion"},{"floor":5.0,"key":"Energy Potion"},{"floor":19,"key":"Poison Potion"},{"floor":22,"key":"AttackPotion"}],"is_trial":false,"path_per_floor":["M","M","?","$","M","R","M","M","T","?","?","M","R","?","R","B",null,"M","M","$","M","M","R","$","M"],"character_chosen":"THE_SILENT","items_purchased":["Well Laid Plans","Expertise"],"campfire_rested":0,"item_purchase_floors":[20,20],"current_hp_per_floor":[59,59,59,59,59,59,53,41,41,41,46,38,38,27,27,7,51,59,49,49,44,17,17,17,17],"gold":60,"neow_bonus":"THREE_ENEMY_KILL","is_prod":false,"is_daily":false,"chose_seed":false,"campfire_upgraded":4,"win_rate":0,"timestamp":1551605447,"path_taken":["M","M","?","$","M","R","M","M","T","?","?","M","R","?","R","BOSS","M","M","$","M","M","R","$","M"],"build_version":"2019-01-23","purchased_purges":2,"victory":false,"max_hp_per_floor":[66,66,60,60,60,60,60,60,60,60,65,65,65,65,65,65,65,65,65,65,65,65,65,65,65],"card_choices":[{"not_picked":["Endless Agony","Heel Hook"],"picked":"Bouncing Flask","floor":1.0},{"not_picked":["Deflect","Skewer"],"picked":"Tactician","floor":2.0},{"not_picked":["Outmaneuver","Prepared","Skewer"],"picked":"SKIP","floor":5.0},{"not_picked":["Slice","Concentrate"],"picked":"Escape Plan","floor":7},{"not_picked":["Predator","Deflect","Backflip"],"picked":"SKIP","floor":8},{"not_picked":["Flying Knee","Dodge and Roll"],"picked":"Catalyst","floor":12},{"not_picked":["Storm of Steel","Envenom"],"picked":"Adrenaline","floor":16},{"not_picked":["Concentrate+1","Flechettes","Blur"],"picked":"SKIP","floor":18},{"not_picked":["Dagger Spray","Dodge and Roll"],"picked":"Reflex+1","floor":19},{"not_picked":["Eviscerate","Masterful Stab","Endless Agony"],"picked":"SKIP","floor":21},{"not_picked":["PiercingWail","Dagger Spray"],"picked":"Backflip","floor":22}],"player_experience":3282704,"relics_obtained":[],"event_choices":[{"damage_healed":0.0,"max_hp_gain":0.0,"max_hp_loss":6.0,"gold_gain":0.0,"event_name":"Golden Idol","player_choice":"Lose Max HP","floor":3.0,"gold_loss":0.0,"damage_taken":0.0,"relics_obtained":["Golden Idol"]},{"damage_healed":0,"gold_gain":0,"cards_transformed":["Strike_G"],"player_choice":"Change","damage_taken":0,"max_hp_gain":0,"max_hp_loss":0,"event_name":"Living Wall","floor":10,"gold_loss":0,"cards_obtained":["Blade Dance"]},{"damage_healed":0,"gold_gain":0,"player_choice":"Donut","damage_taken":0,"max_hp_gain":5,"max_hp_loss":0,"event_name":"Big Fish","floor":11,"gold_loss":0},{"damage_healed":0,"gold_gain":75,"player_choice":"Gather Gold","damage_taken":11,"max_hp_gain":0,"max_hp_loss":0,"event_name":"World of Goop","floor":14,"gold_loss":0}],"is_beta":false,"boss_relics":[{"not_picked":["Fusion Hammer","Snecko Eye"],"picked":"Cursed Key"}],"items_purged_floors":[4,20],"is_endless":false,"potions_floor_spawned":[1,5,19,22],"killed_by":"Cultist and Chosen","ascension_level":20}