{"gold_per_floor":[210,224,240,33,33,33,68,81,138,148,73,73,9,19,19,19],"floor_reached":16,"playtime":919,"items_purged":["Strike_G"],"score":204,"play_id":"247cbd91-7cb9-4046-9aff-3b4e3d42c567","local_time":"20190102215450","is_ascension_mode":true,"campfire_choices":[{"data":"Apotheosis","floor":6.0,"key":"SMITH"},{"data":"Footwork","floor":12.0,"key":"SMITH"},{"data":"Neutralize","floor":15,"key":"SMITH"}],"neow_cost":"NONE","seed_source_timestamp":34201098154292,"circlet_count":0,"master_deck":["AscendersBane","Defend_G","Defend_G","Defend_G","Defend_G","Defend_G","Strike_G","Strike_G","Strike_G","Strike_G","Survivor","Neutralize+1","Footwork+1","Backflip","Apotheosis+1","Acrobatics","Acrobatics"],"special_seed":0,"relics":["Ring of the Snake","Strawberry","Tiny Chest"],"potions_floor_usage":[14],"damage_taken":[{"damage":12.0,"enemies":"Small Slimes","floor":1.0,"turns":5.0},{"damage":1.0,"enemies":"2 Louse","floor":2.0,"turns":4.0},{"damage":0.0,"enemies":"Jaw Worm","floor":3.0,"turns":4.0},{"damage":37.0,"enemies":"Gremlin Nob","floor":7.0,"turns":5.0},{"damage":4.0,"enemies":"Exordium Wildlife","floor":8.0,"turns":5.0},{"damage":14.0,"enemies":"Lots of Slimes","floor":10.0,"turns":6.0},{"damage":4,"enemies":"Large Slime","floor":14,"turns":12},{"damage":0,"enemies":"The Guardian","floor":16,"turns":1}],"seed_played":"8170629557496918446","potions_obtained":[{"floor":2.0,"key":"SmokeBomb"},{"floor":8.0,"key":"Regen Potion"}],"is_trial":false,"path_per_floor":["M","M","M","$","?","R","E","M","T","M","$","R","?","M","R","B"],"character_chosen":"THE_SILENT","items_purchased":["Apotheosis"],"campfire_rested":0,"item_purchase_floors":[4],"current_hp_per_floor":[47,46,46,46,51,51,21,17,17,3,3,3,3,14,14,14],"gold":19,"neow_bonus":"HUNDRED_GOLD","is_prod":false,"is_daily":false,"chose_seed":false,"campfire_upgraded":3,"win_rate":0,"timestamp":1546437290,"path_taken":["M","M","M","$","?","R","E","M","T","M","$","R","?","M","R","BOSS"],"build_version":"2018-12-20","purchased_purges":1,"victory":false,"max_hp_per_floor":[66,66,66,66,71,71,78,78,78,78,78,78,78,78,78,78],"card_choices":[{"not_picked":["Dagger Throw","Sucker Punch"],"picked":"Footwork","floor":1.0},{"not_picked":["Dagger Spray","Sucker Punch","Setup"],"picked":"SKIP","floor":2.0},{"not_picked":["Flechettes","Slice"],"picked":"Backflip","floor":3.0},{"not_picked":["Deflect","Underhanded Strike","Crippling Poison"],"picked":"SKIP","floor":7.0},{"not_picked":["Reflex","Backstab","Deflect"],"picked":"SKIP","floor":8.0},{"not_picked":["Cloak And Dagger","Flechettes"],"picked":"Acrobatics","floor":10.0},{"not_picked":["Slice","Crippling Poison"],"picked":"Acrobatics","floor":14}],"player_experience":1677020,"relics_obtained":[{"floor":7.0,"key":"Strawberry"},{"floor":9.0,"key":"Tiny Chest"}],"event_choices":[{"damage_healed":0.0,"max_hp_gain":5.0,"max_hp_loss":0.0,"gold_gain":0.0,"event_name":"Big Fish","player_choice":"Donut","floor":5.0,"gold_loss":0.0,"damage_taken":0.0},{"damage_healed":0,"gold_gain":0,"player_choice":"Left Gold","damage_taken":0,"max_hp_gain":0,"max_hp_loss":0,"event_name":"World of Goop","floor":13,"gold_loss":64}],"is_beta":false,"boss_relics":[],"items_purged_floors":[11],"is_endless":false,"potions_floor_spawned":[2,8],"killed_by":"The Guardian","ascension_level":20}