{"gold_per_floor":[12,31,49,68,80,80,80,80,152,152,167,187,204,214,214,287,287,300,300],"floor_reached":19,"playtime":559,"items_purged":[],"score":430,"play_id":"6ecc0fee-16a2-471d-bfea-48c5f2e6054b","local_time":"20190223001032","is_ascension_mode":true,"campfire_choices":[{"data":"Hologram","floor":6,"key":"SMITH"},{"data":"Loop","floor":8,"key":"SMITH"},{"data":"Zap","floor":10,"key":"SMITH"},{"data":"Thunder Strike","floor":15,"key":"SMITH"}],"neow_cost":"NO_GOLD","seed_source_timestamp":447172167000534,"circlet_count":0,"master_deck":["AscendersBane","Strike_B","Strike_B","Strike_B","Defend_B","Defend_B","Defend_B","Defend_B","Zap+1","Dualcast","Loop+1","Turbo","Cold Snap","Capacitor","Hologram+1","Ball Lightning","Thunder Strike+1","Recycle","Seek"],"relics":["Cracked Core","Bird Faced Urn","Pantograph","Sozu"],"potions_floor_usage":[5,16,16],"damage_taken":[{"damage":0,"enemies":"Cultist","floor":1,"turns":3},{"damage":12,"enemies":"Jaw Worm","floor":2,"turns":4},{"damage":0,"enemies":"2 Louse","floor":3,"turns":2},{"damage":3,"enemies":"Exordium Thugs","floor":4,"turns":5},{"damage":18,"enemies":"Exordium Wildlife","floor":5,"turns":5},{"damage":19,"enemies":"3 Louse","floor":11,"turns":5},{"damage":7,"enemies":"Looter","floor":12,"turns":3},{"damage":11,"enemies":"Large Slime","floor":13,"turns":6},{"damage":9,"enemies":"Red Slaver","floor":14,"turns":2},{"damage":0,"enemies":"Slime Boss","floor":16,"turns":6},{"damage":10,"enemies":"Chosen","floor":18,"turns":5},{"damage":63,"enemies":"Colosseum Slavers","floor":19,"turns":4}],"seed_played":"-222976222432550841","potions_obtained":[{"floor":1,"key":"SkillPotion"},{"floor":3,"key":"FocusPotion"},{"floor":5,"key":"FocusPotion"}],"is_trial":false,"path_per_floor":["M","M","M","M","M","R","?","R","T","R","M","M","M","M","R","B",null,"M","?"],"character_chosen":"DEFECT","items_purchased":[],"campfire_rested":0,"item_purchase_floors":[],"current_hp_per_floor":[64,54,56,55,41,41,41,41,41,41,26,21,14,5,5,34,62,54,0],"gold":300,"neow_bonus":"ONE_RARE_RELIC","is_prod":false,"is_daily":false,"chose_seed":false,"campfire_upgraded":4,"win_rate":0,"timestamp":1550851832,"path_taken":["M","M","M","M","?","R","?","R","T","R","?","M","M","?","R","BOSS","M","?"],"build_version":"2019-01-23","purchased_purges":0,"victory":false,"max_hp_per_floor":[71,71,71,71,71,71,71,71,71,71,71,71,71,71,71,71,71,71,71],"card_choices":[{"not_picked":["Rebound","Consume"],"picked":"Loop","floor":1},{"not_picked":["Sweeping Beam","Compile Driver"],"picked":"Turbo","floor":2},{"not_picked":["Ball Lightning","Sweeping Beam"],"picked":"Cold Snap","floor":3},{"not_picked":["Gash","Barrage"],"picked":"Capacitor","floor":4},{"not_picked":["Redo","Compile Driver"],"picked":"Hologram","floor":5},{"not_picked":["Scrape","Leap"],"picked":"Ball Lightning","floor":11},{"not_picked":["Chill","Steam"],"picked":"Thunder Strike","floor":12},{"not_picked":["Aggregate","Turbo","Sweeping Beam"],"picked":"SKIP","floor":13},{"not_picked":["Force Field","Loop"],"picked":"Recycle","floor":14},{"not_picked":["Reboot","Amplify"],"picked":"Seek","floor":16},{"not_picked":["Melter","Fusion","Streamline"],"picked":"SKIP","floor":18}],"player_experience":920369,"relics_obtained":[{"floor":9,"key":"Pantograph"}],"event_choices":[{"cards_removed":["Strike_B"],"damage_healed":0,"gold_gain":0,"player_choice":"Offered Basic","damage_taken":0,"max_hp_gain":0,"max_hp_loss":0,"event_name":"Bonfire Elementals","floor":7,"gold_loss":0},{"damage_healed":0,"gold_gain":0,"player_choice":"Fight","damage_taken":0,"max_hp_gain":0,"max_hp_loss":0,"event_name":"Colosseum","floor":19,"gold_loss":0}],"is_beta":false,"boss_relics":[{"not_picked":["Philosopher\u0027s Stone","Orrery"],"picked":"Sozu"}],"items_purged_floors":[],"is_endless":false,"potions_floor_spawned":[1,3,5,13],"killed_by":"Colosseum Slavers","ascension_level":20}