{"path_per_floor":["M","$","M","M","M","R","E","R","T","$","M","M","E","?","R","B",null,"M","?","?","$","?","R","$","E","T","E","M","M","E","$","R","B",null,"M","?","M","M","$","R","?","E","T","M","$","R","E","M","R","B"],"character_chosen":"THE_SILENT","items_purchased":["Ninja Scroll","Footwork","Endless Agony","Deadly Poison","Adrenaline","Infinite Blades","Leg Sweep"],"gold_per_floor":[219,219,237,249,260,260,290,290,359,9,26,39,69,124,124,201,201,217,217,217,91,91,91,91,120,172,199,211,224,253,92,92,163,163,174,174,193,210,140,140,140,170,247,260,178,178,210,220,220,220],"floor_reached":51,"campfire_rested":5,"playtime":2318,"item_purchase_floors":[10,10,10,21,31,39,45],"current_hp_per_floor":[60,60,54,40,37,37,16,16,16,16,16,16,14,13,13,13,56,56,56,56,56,70,70,70,68,68,68,68,58,54,54,75,61,72,72,62,62,59,59,75,75,75,75,75,75,75,75,62,75,74],"items_purged":["Writhe"],"gold":220,"score":1515,"play_id":"4f7106c6-9785-45cd-bd29-98db0c8069b0","local_time":"20180615135500","is_prod":false,"is_daily":false,"chose_seed":false,"is_ascension_mode":true,"campfire_upgraded":3,"win_rate":0,"timestamp":1529042100,"campfire_choices":[{"data":"Glass Knife","floor":6,"key":"SMITH"},{"data":"Neutralize","floor":8,"key":"SMITH"},{"data":"Footwork","floor":15,"key":"SMITH"},{"floor":23,"key":"REST"},{"floor":32,"key":"REST"},{"floor":40,"key":"REST"},{"floor":46,"key":"REST"},{"floor":49,"key":"REST"}],"path_taken":["M","$","M","M","M","R","E","R","T","$","M","M","E","?","R","BOSS","M","?","?","$","?","R","?","E","T","E","?","M","E","$","R","BOSS","M","?","M","?","?","R","?","E","T","?","$","R","E","M","R","BOSS"],"build_version":"2018-06-14","seed_source_timestamp":14256841060970,"purchased_purges":1,"victory":true,"master_deck":["Defend_G","Defend_G+1","Defend_G","Defend_G","Defend_G","Strike_G+1","Strike_G","Strike_G","Strike_G","Strike_G","Survivor","Neutralize+1","AscendersBane","Glass Knife+1","Dagger Spray","Blur","Footwork+1","Endless Agony+1","Poisoned Stab","Slice","Deadly Poison","Poisoned Stab","Blur","Venomology","Adrenaline","Storm of Steel","Backflip+1","Panacea","Panacea+1","Apotheosis","Infinite Blades","Skewer","Leg Sweep","Deflect","Poisoned Stab+1"],"max_hp_per_floor":[70,70,70,70,70,70,70,70,70,70,70,70,70,70,70,70,70,70,70,70,70,70,70,70,75,75,75,75,75,75,75,75,75,75,75,75,75,75,75,75,75,75,75,75,75,75,75,75,75,75],"relics":["Ring of the Snake","Thread and Needle","Kunai","Ninja Scroll","Snake Skull","Boot","Fusion Hammer","Bag of Preparation","Dead Branch","Oddly Smooth Stone","Whetstone","Regal Pillow","Busted Crown","Tingsha","War Paint","Tiny Chest","Molten Egg 2"],"card_choices":[{"not_picked":["Acrobatics","Concentrate","Bouncing Flask"],"picked":"SKIP","floor":1},{"not_picked":["Dodge and Roll","Prepared","Accuracy"],"picked":"SKIP","floor":3},{"not_picked":["Flying Knee","Backflip"],"picked":"Glass Knife","floor":4},{"not_picked":["PiercingWail","Bouncing Flask"],"picked":"Dagger Spray","floor":5},{"not_picked":["Acrobatics","Cloak And Dagger"],"picked":"Blur","floor":7},{"not_picked":["Quick Slash","Prepared"],"picked":"Poisoned Stab","floor":11},{"not_picked":["Underhanded Strike","Bane"],"picked":"Slice","floor":12},{"not_picked":["Malaise","Doppelganger","Choke"],"picked":"SKIP","floor":13},{"not_picked":["Slice","Quick Slash","Flying Knee"],"picked":"SKIP","floor":18},{"not_picked":["Night Terror","Acrobatics","Eviscerate"],"picked":"SKIP","floor":25},{"not_picked":["Slice","Dagger Spray"],"picked":"Poisoned Stab","floor":27},{"not_picked":["Masterful Stab","Deflect","PiercingWail+1"],"picked":"SKIP","floor":28},{"not_picked":["Slice","Riddle With Holes"],"picked":"Blur","floor":29},{"not_picked":["Dash","Accuracy"],"picked":"Venomology","floor":30},{"not_picked":["Tactician","Grand Finale"],"picked":"Storm of Steel","floor":33},{"not_picked":[],"picked":"Backflip+1","floor":35},{"not_picked":[],"picked":"Panacea","floor":36},{"not_picked":[],"picked":"Panacea","floor":36},{"not_picked":[],"picked":"Apotheosis","floor":36},{"not_picked":["Masterful Stab"],"picked":"SKIP","floor":37},{"not_picked":["All Out Attack"],"picked":"SKIP","floor":38},{"not_picked":["Expertise"],"picked":"SKIP","floor":42},{"not_picked":["Skewer"],"picked":"SKIP","floor":44},{"not_picked":[],"picked":"Skewer","floor":44},{"not_picked":[],"picked":"Deflect","floor":47},{"not_picked":[],"picked":"Poisoned Stab+1","floor":48}],"player_experience":607299,"potions_floor_usage":[7,16,25,25,29,33,38,38,42,48,50,50],"damage_taken":[{"damage":3,"enemies":"Jaw Worm","floor":1,"turns":5},{"damage":6,"enemies":"2 Louse","floor":3,"turns":4},{"damage":14,"enemies":"Cultist","floor":4,"turns":7},{"damage":3,"enemies":"Blue Slaver","floor":5,"turns":4},{"damage":21,"enemies":"Gremlin Nob","floor":7,"turns":4},{"damage":0,"enemies":"Looter","floor":11,"turns":3},{"damage":0,"enemies":"2 Fungi Beasts","floor":12,"turns":1},{"damage":2,"enemies":"Lagavulin","floor":13,"turns":6},{"damage":1,"enemies":"3 Sentries","floor":14,"turns":6},{"damage":0,"enemies":"The Guardian","floor":16,"turns":15},{"damage":0,"enemies":"Spheric Guardian","floor":18,"turns":3},{"damage":7,"enemies":"Gremlin Leader","floor":25,"turns":7},{"damage":0,"enemies":"Slavers","floor":27,"turns":5},{"damage":0,"enemies":"Chosen","floor":28,"turns":3},{"damage":10,"enemies":"Snake Plant","floor":29,"turns":4},{"damage":4,"enemies":"Gremlin Leader","floor":30,"turns":5},{"damage":14,"enemies":"Automaton","floor":33,"turns":11},{"damage":0,"enemies":"Orb Walker","floor":35,"turns":3},{"damage":0,"enemies":"3 Shapes","floor":37,"turns":4},{"damage":16,"enemies":"Transient","floor":38,"turns":5},{"damage":0,"floor":41,"turns":7},{"damage":0,"enemies":"Nemesis","floor":42,"turns":4},{"damage":0,"enemies":"Spire Growth","floor":44,"turns":3},{"damage":0,"enemies":"2 Orb Walkers","floor":47,"turns":4},{"damage":13,"enemies":"Sphere and 2 Shapes","floor":48,"turns":5},{"damage":1,"enemies":"Awakened One","floor":50,"turns":16}],"relics_obtained":[{"floor":7,"key":"Thread and Needle"},{"floor":9,"key":"Kunai"},{"floor":13,"key":"Snake Skull"},{"floor":14,"key":"Boot"},{"floor":25,"key":"Dead Branch"},{"floor":26,"key":"Oddly Smooth Stone"},{"floor":27,"key":"Whetstone"},{"floor":30,"key":"Regal Pillow"},{"floor":41,"key":"Tingsha"},{"floor":42,"key":"War Paint"},{"floor":43,"key":"Tiny Chest"},{"floor":47,"key":"Molten Egg 2"}],"event_choices":[{"event_name":"Dead Adventurer","player_choice":"Searched \u00271\u0027 times","floor":14,"damage_taken":0},{"event_name":"The Lab","player_choice":"Got Potions","floor":19,"damage_taken":0},{"event_name":"The Mausoleum","player_choice":"Yes","floor":20,"damage_taken":0},{"event_name":"The Library","player_choice":"Heal","floor":22,"damage_taken":0},{"event_name":"SensoryStone","player_choice":"Memory 3","floor":36,"damage_taken":0},{"event_name":"MindBloom","player_choice":"Fight","floor":41,"damage_taken":0}],"boss_relics":[{"not_picked":["Runic Dome","Tiny House"],"picked":"Fusion Hammer"},{"not_picked":["Empty Cage","White Beast Statue"],"picked":"Busted Crown"}],"items_purged_floors":[21],"is_endless":false,"potions_floor_spawned":[4,5,11,12,18,28,35,37,44,47],"seed_played":"-3129264447481583736","ascension_level":13,"potions_obtained":[{"floor":4,"key":"Block Potion"},{"floor":5,"key":"Dexterity Potion"},{"floor":11,"key":"Fire Potion"},{"floor":12,"key":"EssenceOfSteel"},{"floor":18,"key":"Swift Potion"},{"floor":19,"key":"Fruit Juice"},{"floor":28,"key":"GamblersBrew"},{"floor":44,"key":"PowerPotion"}],"is_trial":false}