{"gold_per_floor":[110,121,121,139,156,190,204,204,228,228,243,243,277,4,4,76,76,76,76,76,16,16,16,16,16,16,16,16,16,16,16,16,16,16,16,16,16,16,16,16,16,16,16,16],"floor_reached":44,"playtime":3841,"items_purged":[],"score":1033,"play_id":"cbcd363c-4860-457b-b43a-067261d7bd7a","local_time":"20190530113654","is_ascension_mode":true,"campfire_choices":[{"floor":8.0,"key":"REST"},{"data":"Metallicize","floor":10.0,"key":"SMITH"},{"floor":12.0,"key":"REST"},{"floor":15.0,"key":"REST"},{"data":"Barricade","floor":23,"key":"SMITH"},{"floor":32,"key":"REST"},{"data":"Offering","floor":40,"key":"SMITH"}],"neow_cost":"NONE","seed_source_timestamp":60455539983903,"circlet_count":0,"master_deck":["AscendersBane","Defend_R","Defend_R","Defend_R","Defend_R","Bash+1","Metallicize+1","Shrug It Off","Pommel Strike","Barricade+1","Shrug It Off","Headbutt","Anger","Corruption","Entrench","Offering+1","Feed","Feel No Pain","Warcry","Impervious","Feel No Pain","Shockwave","Bite","Bite","Bite","Bite","Bite","Reaper","Rage+1","Magnetism","The Bomb","Corruption","Feel No Pain"],"special_seed":0,"relics":["Burning Blood","Bronze Scales","Bag of Preparation","Art of War","Ectoplasm","Lantern","Blue Candle","Bottled Lightning","Regal Pillow","Sozu","Dodecahedron","Darkstone Periapt"],"potions_floor_usage":[33],"damage_taken":[{"damage":14.0,"enemies":"Jaw Worm","floor":1.0,"turns":4.0},{"damage":3.0,"enemies":"Cultist","floor":2.0,"turns":3.0},{"damage":4.0,"enemies":"2 Louse","floor":4.0,"turns":4.0},{"damage":15.0,"enemies":"Gremlin Gang","floor":5.0,"turns":8.0},{"damage":25.0,"enemies":"3 Sentries","floor":6.0,"turns":12.0},{"damage":35.0,"enemies":"Large Slime","floor":7.0,"turns":7.0},{"damage":16.0,"enemies":"Exordium Wildlife","floor":11.0,"turns":7.0},{"damage":31.0,"enemies":"Gremlin Nob","floor":13.0,"turns":4.0},{"damage":21.0,"enemies":"Slime Boss","floor":16.0,"turns":12.0},{"damage":12.0,"enemies":"3 Byrds","floor":18.0,"turns":4.0},{"damage":18.0,"enemies":"2 Thieves","floor":21.0,"turns":4.0},{"damage":21,"enemies":"Gremlin Leader","floor":24,"turns":7},{"damage":12,"enemies":"Snake Plant","floor":25,"turns":6},{"damage":6,"enemies":"Sentry and Sphere","floor":27,"turns":8},{"damage":6,"enemies":"Cultist and Chosen","floor":28,"turns":8},{"damage":42,"enemies":"Slavers","floor":29,"turns":9},{"damage":6,"enemies":"3 Cultists","floor":30,"turns":6},{"damage":75,"enemies":"Automaton","floor":33,"turns":14},{"damage":12,"enemies":"3 Shapes","floor":35,"turns":5},{"damage":6,"enemies":"3 Darklings","floor":36,"turns":5},{"damage":28,"enemies":"Spire Growth","floor":38,"turns":8},{"damage":6,"enemies":"Nemesis","floor":41,"turns":11},{"damage":29,"enemies":"4 Shapes","floor":42,"turns":7},{"damage":81,"enemies":"Reptomancer","floor":44,"turns":3}],"seed_played":"8239725527732074288","potions_obtained":[{"floor":1.0,"key":"LiquidBronze"},{"floor":4.0,"key":"Block Potion"},{"floor":7.0,"key":"Dexterity Potion"},{"floor":13.0,"key":"BloodPotion"},{"floor":16.0,"key":"AttackPotion"},{"floor":28,"key":"SteroidPotion"},{"floor":29,"key":"Fire Potion"},{"floor":30,"key":"Swift Potion"}],"is_trial":false,"path_per_floor":["M","M","?","M","M","E","M","R","T","R","M","R","E","$","R","B",null,"M","?","?","M","?","R","E","M","T","M","M","E","M","?","R","B",null,"M","M","?","M","?","R","E","M","T","E"],"character_chosen":"IRONCLAD","items_purchased":["Corruption","Art of War","Entrench"],"campfire_rested":4,"item_purchase_floors":[14,14,14],"current_hp_per_floor":[67,70,70,72,63,44,15,39,39,39,29,53,28,28,52,37,71,65,65,65,64,64,64,49,46,46,49,52,19,19,19,54,9,53,61,67,57,59,77,77,77,66,66,0],"gold":16,"neow_bonus":"TEN_PERCENT_HP_BONUS","is_prod":false,"is_daily":false,"chose_seed":false,"campfire_upgraded":3,"win_rate":0,"timestamp":1559209014,"path_taken":["M","M","?","M","?","E","M","R","T","R","M","R","E","$","R","BOSS","M","?","?","?","?","R","E","M","T","?","M","E","M","?","R","BOSS","M","M","?","M","?","R","E","M","T","E"],"build_version":"2019-01-23","purchased_purges":0,"victory":false,"max_hp_per_floor":[82,82,82,82,82,82,82,82,82,82,82,82,82,82,82,82,82,82,82,82,85,85,85,85,88,88,91,94,97,97,67,67,67,67,67,67,67,67,77,77,77,77,77,77],"card_choices":[{"not_picked":["Infernal Blade","Entrench"],"picked":"Metallicize","floor":1.0},{"not_picked":["Sever Soul","Havoc","Warcry"],"picked":"SKIP","floor":2.0},{"not_picked":["Evolve","Heavy Blade"],"picked":"Shrug It Off","floor":4.0},{"not_picked":["Dropkick","Anger"],"picked":"Pommel Strike","floor":5.0},{"not_picked":["Sentinel","Heavy Blade"],"picked":"Barricade","floor":6.0},{"not_picked":["Perfected Strike","Sever Soul"],"picked":"Shrug It Off","floor":7.0},{"not_picked":["Bloodletting","True Grit"],"picked":"Headbutt","floor":11.0},{"not_picked":["Limit Break","Dual Wield"],"picked":"Anger","floor":13.0},{"not_picked":["Double Tap","Brutality"],"picked":"Offering","floor":16.0},{"not_picked":["Anger","Perfected Strike","Wild Strike"],"picked":"SKIP","floor":18.0},{"not_picked":["Twin Strike","Armaments"],"picked":"Feel No Pain","floor":21.0},{"not_picked":["Headbutt","Warcry","Sentinel"],"picked":"SKIP","floor":24},{"not_picked":["Headbutt","Sentinel"],"picked":"Warcry","floor":24},{"not_picked":["Iron Wave+1","Warcry"],"picked":"Impervious","floor":25},{"not_picked":["Spot Weakness","Heavy Blade"],"picked":"Feel No Pain","floor":27},{"not_picked":["Shrug It Off","Whirlwind"],"picked":"Shockwave","floor":28},{"not_picked":["Seeing Red","Carnage"],"picked":"Bludgeon","floor":29},{"not_picked":["Thunderclap","Sword Boomerang+1","Headbutt"],"picked":"SKIP","floor":30},{"not_picked":["Double Tap","Berserk"],"picked":"Reaper","floor":33},{"not_picked":["Clash","Clothesline"],"picked":"Rage+1","floor":35},{"not_picked":["Flex","Twin Strike+1","Sentinel"],"picked":"SKIP","floor":36},{"not_picked":["Deep Breath","Trip"],"picked":"Magnetism","floor":37},{"not_picked":["Metamorphosis","PanicButton"],"picked":"The Bomb","floor":37},{"not_picked":["Body Slam","Clothesline"],"picked":"Corruption","floor":38},{"not_picked":["Heavy Blade","Body Slam","Inflame+1"],"picked":"SKIP","floor":41},{"not_picked":["Demon Form","True Grit"],"picked":"Feel No Pain","floor":42}],"player_experience":624815,"relics_obtained":[{"floor":6.0,"key":"Bronze Scales"},{"floor":13.0,"key":"Bag of Preparation"},{"floor":20.0,"key":"Lantern"},{"floor":24,"key":"Blue Candle"},{"floor":26,"key":"Bottled Lightning"},{"floor":29,"key":"Regal Pillow"},{"floor":41,"key":"Dodecahedron"},{"floor":43,"key":"Darkstone Periapt"}],"event_choices":[{"damage_healed":0.0,"max_hp_gain":0.0,"max_hp_loss":0.0,"gold_gain":0.0,"event_name":"Upgrade Shrine","player_choice":"Upgraded","floor":3.0,"gold_loss":0.0,"damage_taken":0.0,"cards_upgraded":["Bash"]},{"damage_healed":0.0,"max_hp_gain":0.0,"max_hp_loss":0.0,"gold_gain":0.0,"cards_transformed":["Strike_R","Strike_R"],"event_name":"Drug Dealer","player_choice":"Became Test Subject","floor":19.0,"gold_loss":0.0,"damage_taken":0.0,"cards_obtained":["Feed","Combust"]},{"damage_healed":0.0,"max_hp_gain":0.0,"max_hp_loss":0.0,"gold_gain":0.0,"event_name":"Wheel of Change","player_choice":"Relic","floor":20.0,"gold_loss":0.0,"damage_taken":0.0},{"cards_removed":["Combust"],"damage_healed":0,"gold_gain":0,"player_choice":"Purged","damage_taken":0,"max_hp_gain":0,"max_hp_loss":0,"event_name":"Purifier","floor":22,"gold_loss":0},{"damage_healed":0,"gold_gain":0,"player_choice":"Became a vampire","damage_taken":0,"max_hp_gain":0,"max_hp_loss":30,"event_name":"Vampires","floor":31,"gold_loss":0,"cards_obtained":["Bite","Bite","Bite","Bite","Bite"]},{"damage_healed":0,"gold_gain":0,"player_choice":"Memory 3","damage_taken":10,"max_hp_gain":0,"max_hp_loss":0,"event_name":"SensoryStone","floor":37,"gold_loss":0},{"cards_removed":["Bludgeon"],"damage_healed":8,"gold_gain":0,"player_choice":"Offered Rare","damage_taken":0,"max_hp_gain":10,"max_hp_loss":0,"event_name":"Bonfire Elementals","floor":39,"gold_loss":0}],"is_beta":false,"boss_relics":[{"not_picked":["Coffee Dripper","Eternal Feather"],"picked":"Ectoplasm"},{"not_picked":["Busted Crown","Black Blood"],"picked":"Sozu"}],"items_purged_floors":[],"is_endless":false,"potions_floor_spawned":[1,4,7,13,16,18,28,29,30,41],"killed_by":"Reptomancer","ascension_level":19}