{"gold_per_floor":[117,137,33,33,33,33,58,58,58,93,93,113,147,162,162,233,233,248,277,17,17,32,64,64,93,141,175,194,228,228],"floor_reached":30,"playtime":1116,"items_purged":["Riddle With Holes","Underhanded Strike"],"score":823,"play_id":"9679d546-a85e-4f66-a172-23580370620f","local_time":"20190317083154","is_ascension_mode":true,"campfire_choices":[{"data":"Deadly Poison","floor":6.0,"key":"SMITH"},{"data":"Poisoned Stab","floor":8.0,"key":"SMITH"},{"data":"Tools of the Trade","floor":11.0,"key":"SMITH"},{"data":"Caltrops","floor":15.0,"key":"SMITH"},{"data":"Night Terror","floor":24.0,"key":"SMITH"}],"neow_cost":"NONE","seed_source_timestamp":0,"circlet_count":0,"master_deck":["AscendersBane","Survivor+1","Neutralize+1","Night Terror+1","Poisoned Stab+1","Deflect+1","Tools of the Trade+1","Caltrops+1","Backstab+1","Expertise","Deadly Poison+1","Catalyst+1","Well Laid Plans"],"special_seed":0,"relics":["Pandora\u0027s Box","Whetstone","Singing Bowl","Regal Pillow","Dream Catcher","Empty Cage","Red Mask","Membership Card","Snake Skull","War Paint","Smiling Mask","Vajra"],"potions_floor_usage":[30],"damage_taken":[{"damage":5.0,"enemies":"2 Louse","floor":1.0,"turns":3.0},{"damage":8.0,"enemies":"Jaw Worm","floor":2.0,"turns":2.0},{"damage":29.0,"enemies":"3 Sentries","floor":7.0,"turns":8.0},{"damage":0.0,"enemies":"Gremlin Nob","floor":10.0,"turns":3.0},{"damage":0.0,"enemies":"Small Slimes","floor":12.0,"turns":2.0},{"damage":25.0,"enemies":"3 Sentries","floor":13.0,"turns":7.0},{"damage":7.0,"enemies":"3 Louse","floor":14.0,"turns":2.0},{"damage":0.0,"enemies":"Hexaghost","floor":16.0,"turns":6.0},{"damage":14.0,"enemies":"Shell Parasite","floor":18.0,"turns":5.0},{"damage":5.0,"enemies":"Masked Bandits","floor":19.0,"turns":5.0},{"damage":0.0,"enemies":"Spheric Guardian","floor":22.0,"turns":3.0},{"damage":9.0,"enemies":"Book of Stabbing","floor":23.0,"turns":5.0},{"damage":4.0,"enemies":"Gremlin Leader","floor":25.0,"turns":3.0},{"damage":34.0,"enemies":"Slavers","floor":27.0,"turns":6.0},{"damage":0.0,"enemies":"Chosen and Byrds","floor":28.0,"turns":3.0},{"damage":3.0,"enemies":"Gremlin Leader","floor":29.0,"turns":3.0},{"damage":0,"enemies":"Snake Plant","floor":30,"turns":1}],"seed_played":"7285396904508027924","potions_obtained":[{"floor":2.0,"key":"EssenceOfSteel"},{"floor":10.0,"key":"GhostInAJar"},{"floor":12.0,"key":"LiquidBronze"},{"floor":16.0,"key":"Poison Potion"},{"floor":19.0,"key":"Ancient Potion"},{"floor":22.0,"key":"EssenceOfSteel"},{"floor":23.0,"key":"Dexterity Potion"},{"floor":29.0,"key":"AttackPotion"}],"is_trial":false,"path_per_floor":["M","M","$","?","?","R","E","R","T","E","R","M","E","M","R","B",null,"M","?","$","?","M","E","R","E","T","E","M","E","M"],"character_chosen":"THE_SILENT","items_purchased":["Deadly Poison","Membership Card"],"campfire_rested":0,"item_purchase_floors":[3,20],"current_hp_per_floor":[54,46,46,66,66,66,37,37,37,39,39,41,18,13,13,15,61,49,44,44,44,46,39,39,37,37,3,5,4,4],"gold":228,"neow_bonus":"BOSS_RELIC","is_prod":false,"is_daily":false,"chose_seed":false,"campfire_upgraded":5,"win_rate":0,"timestamp":1552782714,"path_taken":["M","M","$","?","?","R","E","R","T","E","R","M","E","M","R","BOSS","M","?","$","?","?","E","R","E","T","E","M","E","M"],"build_version":"2019-01-23","purchased_purges":2,"victory":false,"max_hp_per_floor":[66,66,66,66,66,66,66,66,66,68,68,70,72,74,74,76,76,78,78,78,78,80,82,82,84,84,84,86,88,88],"card_choices":[{"not_picked":["Dagger Throw","Bane","Deflect"],"picked":"SKIP","floor":1.0},{"not_picked":["Slice","Poisoned Stab"],"picked":"Expertise","floor":2.0},{"not_picked":["Dagger Spray","All Out Attack","Deflect"],"picked":"SKIP","floor":7.0},{"not_picked":["Doppelganger","Quick Slash","Prepared"],"picked":"Singing Bowl","floor":10.0},{"not_picked":["Dagger Throw","Slice","Quick Slash"],"picked":"Singing Bowl","floor":12.0},{"not_picked":["Cloak And Dagger","Doppelganger","Underhanded Strike"],"picked":"Singing Bowl","floor":13.0},{"not_picked":["Masterful Stab","Acrobatics","Slice"],"picked":"Singing Bowl","floor":14.0},{"not_picked":["Glass Knife","Unload","Envenom"],"picked":"Singing Bowl","floor":16.0},{"not_picked":["PiercingWail","Distraction","Skewer"],"picked":"Singing Bowl","floor":18.0},{"not_picked":["Prepared","Quick Slash"],"picked":"Catalyst","floor":19.0},{"not_picked":["Backflip","PiercingWail","Sucker Punch"],"picked":"Singing Bowl","floor":22.0},{"not_picked":["Outmaneuver","Backflip","Prepared"],"picked":"Singing Bowl","floor":23.0},{"not_picked":["PiercingWail","Quick Slash+1","Bane"],"picked":"Singing Bowl","floor":25.0},{"not_picked":["Outmaneuver","Envenom"],"picked":"Well Laid Plans","floor":27.0},{"not_picked":["Prepared","Deflect","Catalyst"],"picked":"Singing Bowl","floor":28.0},{"not_picked":["Poisoned Stab+1","Infinite Blades","Cloak And Dagger+1"],"picked":"Singing Bowl","floor":29.0}],"player_experience":3642861,"relics_obtained":[{"floor":7.0,"key":"Whetstone"},{"floor":9.0,"key":"Singing Bowl"},{"floor":10.0,"key":"Regal Pillow"},{"floor":13.0,"key":"Dream Catcher"},{"floor":19.0,"key":"Red Mask"},{"floor":23.0,"key":"Snake Skull"},{"floor":25.0,"key":"War Paint"},{"floor":27.0,"key":"Smiling Mask"},{"floor":29.0,"key":"Vajra"}],"event_choices":[{"damage_healed":22.0,"max_hp_gain":0.0,"max_hp_loss":0.0,"gold_gain":0.0,"event_name":"Big Fish","player_choice":"Banana","floor":4.0,"gold_loss":0.0,"damage_taken":0.0},{"damage_healed":0.0,"max_hp_gain":0.0,"max_hp_loss":0.0,"gold_gain":0.0,"event_name":"Liars Game","player_choice":"Ignored","floor":5.0,"gold_loss":0.0,"damage_taken":0.0},{"damage_healed":0.0,"max_hp_gain":0.0,"max_hp_loss":0.0,"gold_gain":0.0,"event_name":"Masked Bandits","player_choice":"Fought Bandits","floor":19.0,"gold_loss":0.0,"damage_taken":0.0},{"damage_healed":0.0,"max_hp_gain":0.0,"max_hp_loss":0.0,"gold_gain":0.0,"event_name":"Accursed Blacksmith","player_choice":"Forge","floor":21.0,"gold_loss":0.0,"damage_taken":0.0,"cards_upgraded":["Catalyst"]}],"is_beta":false,"boss_relics":[{"not_picked":["Lizard Tail","Snecko Eye"],"picked":"Empty Cage"}],"items_purged_floors":[3,20],"is_endless":false,"potions_floor_spawned":[2,10,12,16,19,22,23,29],"killed_by":"Snake Plant","ascension_level":20}