{"gold_per_floor":[119,129,22,22,22,22,47,47,47,57,84,116,135,135,135,230,230,249,263,306,306,325,325,325,325,325,369,56,71,95,129,129,220,220,245,92,314,330,348,387,387,65,65,90,133,133,156,177,177,177],"floor_reached":51,"playtime":5770,"items_purged":["Strike_G+1"],"score":1397,"play_id":"abcd1f08-4854-4781-b012-47c199afdc66","local_time":"20190508195114","is_ascension_mode":true,"campfire_choices":[{"data":"Neutralize","floor":6,"key":"SMITH"},{"floor":8,"key":"REST"},{"floor":15,"key":"REST"},{"floor":23,"key":"REST"},{"floor":25,"key":"REST"},{"floor":32,"key":"REST"},{"floor":41,"key":"RECALL"},{"floor":49,"key":"REST"}],"neow_cost":"NONE","seed_source_timestamp":105010764758931,"circlet_count":0,"master_deck":["AscendersBane","Defend_G+1","Defend_G+1","Defend_G+1","Defend_G+1","Strike_G+1","Survivor","Neutralize+1","Quick Slash","Deflect","Leg Sweep","Deadly Poison","Backflip","Dagger Spray","Dagger Throw","Predator","Caltrops","Outmaneuver+1","Calculated Gamble","Backflip","Backflip","Poisoned Stab+1","Caltrops+1","Blur","Storm of Steel","Backstab+1","Footwork+1","Concentrate","Glass Knife+1","Footwork+1","Escape Plan+1"],"relics":["Ring of the Snake","Gremlin Horn","Tough Bandages","Odd Mushroom","Gambling Chip","Golden Idol","Fusion Hammer","Red Mask","Molten Egg 2","Frozen Egg 2","Mummified Hand","Dead Branch","Runic Pyramid","Lantern","Turnip","Bottled Lightning","PreservedInsect"],"potions_floor_usage":[7,12,20,29,29,30,33,47],"damage_taken":[{"damage":0,"enemies":"2 Louse","floor":1,"turns":6},{"damage":16,"enemies":"Jaw Worm","floor":2,"turns":7},{"damage":27,"enemies":"Lagavulin","floor":7,"turns":9},{"damage":0,"enemies":"Cultist","floor":10,"turns":4},{"damage":2,"enemies":"The Mushroom Lair","floor":11,"turns":4},{"damage":4,"enemies":"3 Sentries","floor":12,"turns":7},{"damage":0,"enemies":"2 Fungi Beasts","floor":13,"turns":2},{"damage":38,"enemies":"Hexaghost","floor":16,"turns":11},{"damage":1,"enemies":"Spheric Guardian","floor":18,"turns":7},{"damage":17,"enemies":"Chosen","floor":19,"turns":8},{"damage":0,"enemies":"Masked Bandits","floor":20,"turns":3},{"damage":15,"enemies":"Centurion and Healer","floor":22,"turns":12},{"damage":2,"enemies":"Slavers","floor":27,"turns":6},{"damage":16,"enemies":"Sentry and Sphere","floor":29,"turns":4},{"damage":0,"enemies":"3 Cultists","floor":30,"turns":4},{"damage":2,"enemies":"Gremlin Leader","floor":31,"turns":5},{"damage":39,"enemies":"Collector","floor":33,"turns":16},{"damage":0,"enemies":"3 Darklings","floor":35,"turns":2},{"damage":0,"enemies":"Orb Walker","floor":38,"turns":2},{"damage":0,"enemies":"3 Darklings","floor":39,"turns":3},{"damage":0,"enemies":"Reptomancer","floor":40,"turns":5},{"damage":0,"enemies":"Sphere and 2 Shapes","floor":44,"turns":4},{"damage":0,"enemies":"Giant Head","floor":45,"turns":6},{"damage":0,"enemies":"Maw","floor":47,"turns":7},{"damage":0,"enemies":"3 Darklings","floor":48,"turns":4},{"damage":12,"enemies":"Donu and Deca","floor":50,"turns":12}],"seed_played":"-1103231377042995656","potions_obtained":[{"floor":2,"key":"FearPotion"},{"floor":11,"key":"AttackPotion"},{"floor":13,"key":"Poison Potion"},{"floor":19,"key":"Energy Potion"},{"floor":22,"key":"EntropicBrew"},{"floor":29,"key":"Swift Potion"},{"floor":33,"key":"FearPotion"},{"floor":39,"key":"Strength Potion"},{"floor":44,"key":"Regen Potion"},{"floor":47,"key":"Fire Potion"}],"is_trial":false,"path_per_floor":["M","M","$","?","?","R","E","R","T","M","?","E","M","?","R","B",null,"M","M","?","?","M","R","?","R","T","E","$","M","M","E","R","B",null,"M","$","?","M","M","E","R","$","T","M","E","?","M","M","R","B",null],"character_chosen":"THE_SILENT","items_purchased":["Leg Sweep","Deadly Poison","Mummified Hand","Caltrops+1","Footwork+1","Turnip"],"campfire_rested":6,"item_purchase_floors":[3,3,28,28,36,42],"current_hp_per_floor":[59,43,43,36,36,36,9,28,28,28,26,22,22,22,40,2,46,45,28,28,28,13,31,31,49,49,47,47,31,31,29,47,8,47,47,47,47,47,47,47,47,47,47,47,47,47,60,60,60,48],"gold":177,"neow_bonus":"REMOVE_CARD","is_prod":false,"is_daily":false,"chose_seed":false,"campfire_upgraded":1,"win_rate":0,"timestamp":1557337874,"path_taken":["M","M","$","?","?","R","E","R","T","?","?","E","M","?","R","BOSS","M","M","?","?","M","R","?","R","T","E","$","M","M","E","R","BOSS","M","$","?","M","M","E","R","$","T","M","E","?","?","M","R","BOSS"],"build_version":"2019-01-23","purchased_purges":1,"victory":true,"max_hp_per_floor":[66,66,66,66,66,66,66,66,66,66,66,66,66,60,60,60,60,60,60,60,60,60,60,60,60,60,60,60,60,60,60,60,60,60,60,60,60,60,60,60,60,60,60,60,60,60,60,60,60,60],"card_choices":[{"not_picked":["Catalyst","Dodge and Roll"],"picked":"Quick Slash","floor":1},{"not_picked":["Sucker Punch","Flying Knee"],"picked":"Deflect","floor":2},{"not_picked":["Deadly Poison","Finisher"],"picked":"Dagger Spray","floor":7},{"not_picked":["Deflect","Expertise"],"picked":"Dagger Throw","floor":10},{"not_picked":["Deflect","Sucker Punch"],"picked":"Predator","floor":11},{"not_picked":["All Out Attack","Venomology","Endless Agony"],"picked":"SKIP","floor":12},{"not_picked":["Underhanded Strike","Prepared"],"picked":"Caltrops","floor":13},{"not_picked":["Slice","Expertise"],"picked":"Outmaneuver+1","floor":18},{"not_picked":["Catalyst","Choke"],"picked":"Calculated Gamble","floor":19},{"not_picked":["Underhanded Strike","Prepared"],"picked":"Backflip","floor":20},{"not_picked":["Backstab","Riddle With Holes"],"picked":"Backflip","floor":22},{"not_picked":["Underhanded Strike+1","Grand Finale+1"],"picked":"Poisoned Stab+1","floor":27},{"not_picked":["Endless Agony+1","Cloak And Dagger+1","Quick Slash+1"],"picked":"SKIP","floor":29},{"not_picked":["Calculated Gamble","Endless Agony+1"],"picked":"Blur","floor":30},{"not_picked":["Tactician","Deflect+1","Heel Hook+1"],"picked":"SKIP","floor":31},{"not_picked":["Tools of the Trade+1","After Image+1"],"picked":"Storm of Steel","floor":33},{"not_picked":["Dagger Spray+1","Catalyst"],"picked":"Backstab+1","floor":35},{"not_picked":["Deadly Poison","Flechettes+1"],"picked":"Concentrate","floor":38},{"not_picked":["Blade Dance+1","All Out Attack+1","Outmaneuver"],"picked":"SKIP","floor":39},{"not_picked":["Underhanded Strike+1","Flying Knee+1"],"picked":"Glass Knife+1","floor":40},{"not_picked":["Slice+1","Deflect","Flying Knee+1"],"picked":"SKIP","floor":44},{"not_picked":["Blade Dance","Setup","Dagger Throw+1"],"picked":"SKIP","floor":45},{"not_picked":["Deflect","Bane+1"],"picked":"Footwork+1","floor":47},{"not_picked":["Cloak And Dagger","Flying Knee+1"],"picked":"Escape Plan+1","floor":48}],"player_experience":570516,"relics_obtained":[{"floor":7,"key":"Gremlin Horn"},{"floor":9,"key":"Tough Bandages"},{"floor":11,"key":"Odd Mushroom"},{"floor":12,"key":"Gambling Chip"},{"floor":20,"key":"Red Mask"},{"floor":26,"key":"Molten Egg 2"},{"floor":27,"key":"Frozen Egg 2"},{"floor":31,"key":"Dead Branch"},{"floor":40,"key":"Lantern"},{"floor":43,"key":"Bottled Lightning"},{"floor":45,"key":"PreservedInsect"}],"event_choices":[{"cards_removed":["Defend_G"],"damage_healed":0,"gold_gain":0,"player_choice":"Card Removal","damage_taken":7,"max_hp_gain":0,"max_hp_loss":0,"event_name":"Golden Wing","floor":4,"gold_loss":0},{"damage_healed":0,"gold_gain":0,"cards_transformed":["Strike_G"],"player_choice":"Transformed","damage_taken":0,"max_hp_gain":0,"max_hp_loss":0,"event_name":"Transmorgrifier","floor":5,"gold_loss":0,"cards_obtained":["Backflip"]},{"damage_healed":0,"gold_gain":0,"player_choice":"Fought Mushrooms","damage_taken":0,"max_hp_gain":0,"max_hp_loss":0,"event_name":"Mushrooms","floor":11,"gold_loss":0},{"damage_healed":0,"gold_gain":0,"player_choice":"Lose Max HP","damage_taken":0,"relics_obtained":["Golden Idol"],"max_hp_gain":0,"max_hp_loss":6,"event_name":"Golden Idol","floor":14,"gold_loss":0},{"damage_healed":0,"gold_gain":0,"player_choice":"Fought Bandits","damage_taken":0,"max_hp_gain":0,"max_hp_loss":0,"event_name":"Masked Bandits","floor":20,"gold_loss":0},{"damage_healed":0,"gold_gain":0,"player_choice":"Ignored","damage_taken":0,"max_hp_gain":0,"max_hp_loss":0,"event_name":"Ghosts","floor":21,"gold_loss":0},{"damage_healed":0,"gold_gain":0,"player_choice":"Simplicity","damage_taken":0,"max_hp_gain":0,"max_hp_loss":0,"event_name":"Back to Basics","floor":24,"gold_loss":0,"cards_upgraded":["Defend_G","Defend_G","Defend_G","Defend_G","Strike_G","Strike_G","Strike_G"]},{"damage_healed":0,"gold_gain":222,"player_choice":"Wore Mask","damage_taken":0,"max_hp_gain":0,"max_hp_loss":0,"event_name":"Tomb of Lord Red Mask","floor":37,"gold_loss":0},{"cards_removed":["Strike_G"],"damage_healed":0,"gold_gain":0,"player_choice":"Removed Attack","damage_taken":0,"max_hp_gain":0,"max_hp_loss":0,"event_name":"Falling","floor":46,"gold_loss":0}],"is_beta":false,"boss_relics":[{"not_picked":["Busted Crown","Empty Cage"],"picked":"Fusion Hammer"},{"not_picked":["HoveringKite","Tiny House"],"picked":"Runic Pyramid"}],"items_purged_floors":[36],"is_endless":false,"potions_floor_spawned":[2,11,13,19,22,27,29,33,39,44,47],"ascension_level":17}