{"gold_per_floor":[118,268,343,358,358,358,384,384,384,384,396,115,115,115],"floor_reached":14,"playtime":208,"items_purged":["Doubt"],"score":222,"play_id":"ca91db0a-86be-4c2e-b1ab-bcab9c3dc086","local_time":"20190118220737","is_ascension_mode":true,"campfire_choices":[{"data":"Darkness","floor":6.0,"key":"SMITH"},{"data":"Defragment","floor":10.0,"key":"SMITH"},{"data":"Dualcast","floor":13.0,"key":"SMITH"}],"neow_cost":"NONE","seed_source_timestamp":36802644928969,"circlet_count":0,"master_deck":["AscendersBane","Strike_B","Strike_B","Strike_B","Strike_B","Defend_B","Defend_B","Defend_B","Defend_B","Zap","Dualcast+1","Self Repair","Darkness+1","Defragment+1","Glacier"],"special_seed":0,"relics":["Cracked Core","NeowsBlessing","Emotion Chip","Du-Vu Doll","Sundial","Calipers","Lantern"],"potions_floor_usage":[14],"damage_taken":[{"damage":0.0,"enemies":"2 Louse","floor":1.0,"turns":1.0},{"damage":0.0,"enemies":"Small Slimes","floor":4.0,"turns":1.0},{"damage":0.0,"enemies":"3 Sentries","floor":7.0,"turns":2.0},{"damage":11.0,"enemies":"Jaw Worm","floor":11.0,"turns":4.0},{"damage":40,"enemies":"Gremlin Gang","floor":14,"turns":3}],"seed_played":"-1073158397879901034","potions_obtained":[{"floor":7.0,"key":"Energy Potion"}],"is_trial":false,"path_per_floor":["M","?","?","M","?","R","E","T","T","R","M","$","R","M"],"character_chosen":"DEFECT","items_purchased":["Glacier","Lantern"],"campfire_rested":0,"item_purchase_floors":[12,12],"current_hp_per_floor":[64,64,53,53,27,27,34,34,34,34,30,30,30,0],"gold":115,"neow_bonus":"THREE_ENEMY_KILL","is_prod":false,"is_daily":false,"chose_seed":false,"campfire_upgraded":3,"win_rate":0,"timestamp":1547820457,"path_taken":["M","?","?","M","?","R","E","?","T","R","M","$","R","M"],"build_version":"2019-01-17","purchased_purges":1,"victory":false,"max_hp_per_floor":[71,71,71,71,71,71,71,71,71,71,71,71,71,71],"card_choices":[{"not_picked":["Turbo","Rebound"],"picked":"Self Repair","floor":1.0},{"not_picked":["Conserve Battery","Beam Cell"],"picked":"Darkness","floor":4.0},{"not_picked":["Cold Snap","Gash"],"picked":"Defragment","floor":7.0},{"not_picked":["Rebound","Ball Lightning","Compile Driver"],"picked":"SKIP","floor":11.0}],"player_experience":2016768,"relics_obtained":[{"floor":7.0,"key":"Du-Vu Doll"},{"floor":8.0,"key":"Sundial"},{"floor":9.0,"key":"Calipers"}],"event_choices":[{"damage_healed":0.0,"max_hp_gain":0.0,"max_hp_loss":0.0,"gold_gain":150.0,"event_name":"Liars Game","player_choice":"AGREE","floor":2.0,"gold_loss":0.0,"damage_taken":0.0,"cards_obtained":["Doubt"]},{"damage_healed":0.0,"max_hp_gain":0.0,"max_hp_loss":0.0,"gold_gain":75.0,"event_name":"World of Goop","player_choice":"Gather Gold","floor":3.0,"gold_loss":0.0,"damage_taken":11.0},{"damage_healed":0.0,"max_hp_gain":0.0,"max_hp_loss":0.0,"gold_gain":0.0,"event_name":"Scrap Ooze","player_choice":"Success","floor":5.0,"gold_loss":0.0,"damage_taken":26.0,"relics_obtained":["Emotion Chip"]}],"is_beta":false,"boss_relics":[],"items_purged_floors":[12],"is_endless":false,"potions_floor_spawned":[7],"killed_by":"Gremlin Gang","ascension_level":20}