{"gold_per_floor":[109,34,53,65,65,90,90,123,123,123,140,154,166,197,197,276,276,289,339,339,3,23,23,37,56,56,56,56,70,70,88,88,164,164,178,70,70,70,133,133,83,111,136,136,186,217,267,337,337,337,337,337,337,87,116,116],"floor_reached":57,"playtime":3459,"items_purged":["Writhe","Strike_B","Defend_B"],"score":2960,"play_id":"a11c0e8b-f299-4d2c-baaf-23a5d9ec7c23","local_time":"20190423145958","is_ascension_mode":true,"campfire_choices":[{"data":"Skim","floor":7.0,"key":"SMITH"},{"data":"Dualcast","floor":10.0,"key":"SMITH"},{"data":"Zap","floor":15.0,"key":"SMITH"},{"data":"Biased Cognition","floor":23.0,"key":"SMITH"},{"data":"Recycle","floor":28.0,"key":"SMITH"},{"data":"Loop","floor":30.0,"key":"SMITH"},{"data":"Seek","floor":32.0,"key":"SMITH"},{"data":"Coolheaded","floor":40.0,"key":"SMITH"},{"data":"Biased Cognition","floor":44.0,"key":"SMITH"},{"floor":49.0,"key":"RECALL"},{"data":"Panacea","floor":53.0,"key":"SMITH"}],"neow_cost":"NONE","seed_source_timestamp":78758890867374,"circlet_count":0,"master_deck":["AscendersBane","Defend_B","Defend_B","Defend_B","Zap+1","Dualcast+1","Cold Snap","Skim+1","Seek+1","Ball Lightning","Reinforced Body","Ball Lightning","Biased Cognition+1","Beam Cell+1","Sweeping Beam+1","Redo+1","Loop+1","Panacea+1","Recycle+1","Hologram+1","Skim+1","Biased Cognition+1","Glacier","Coolheaded+1","Panacea+1","Coolheaded+1","Recycle"],"special_seed":0,"relics":["Philosopher\u0027s Stone","StoneCalendar","Sundial","Bronze Scales","Pantograph","Mummified Hand","Astrolabe","Symbiotic Virus","Medical Kit","Smiling Mask","Orrery","SsserpentHead","Nunchaku","Kunai","Ornamental Fan"],"potions_floor_usage":[56],"damage_taken":[{"damage":4.0,"enemies":"Cultist","floor":1.0,"turns":4.0},{"damage":1.0,"enemies":"2 Louse","floor":3.0,"turns":2.0},{"damage":1.0,"enemies":"Jaw Worm","floor":4.0,"turns":5.0},{"damage":14.0,"enemies":"3 Sentries","floor":6.0,"turns":7.0},{"damage":4.0,"enemies":"Lagavulin","floor":8.0,"turns":7.0},{"damage":2.0,"enemies":"Exordium Wildlife","floor":11.0,"turns":4.0},{"damage":2.0,"enemies":"2 Fungi Beasts","floor":12.0,"turns":3.0},{"damage":0.0,"enemies":"Red Slaver","floor":13.0,"turns":3.0},{"damage":21.0,"enemies":"Gremlin Nob","floor":14.0,"turns":4.0},{"damage":0.0,"enemies":"The Guardian","floor":16.0,"turns":8.0},{"damage":0.0,"enemies":"Spheric Guardian","floor":18.0,"turns":3.0},{"damage":0.0,"enemies":"Chosen","floor":22.0,"turns":4.0},{"damage":15.0,"enemies":"Snake Plant","floor":24.0,"turns":3.0},{"damage":19.0,"enemies":"Centurion and Healer","floor":25.0,"turns":4.0},{"damage":12.0,"enemies":"Shelled Parasite and Fungi","floor":29.0,"turns":3.0},{"damage":0.0,"enemies":"Cultist and Chosen","floor":31.0,"turns":4.0},{"damage":4.0,"enemies":"Automaton","floor":33.0,"turns":6.0},{"damage":16.0,"enemies":"3 Darklings","floor":35.0,"turns":4.0},{"damage":0.0,"enemies":"3 Shapes","floor":39.0,"turns":4.0},{"damage":0.0,"enemies":"Giant Head","floor":42.0,"turns":8.0},{"damage":0.0,"enemies":"Reptomancer","floor":46.0,"turns":5.0},{"damage":0.0,"enemies":"3 Darklings","floor":48.0,"turns":4.0},{"damage":33.0,"enemies":"Donu and Deca","floor":50.0,"turns":8.0},{"damage":44.0,"enemies":"Time Eater","floor":51.0,"turns":14.0},{"damage":0.0,"enemies":"Shield and Spear","floor":55.0,"turns":5.0},{"damage":41,"enemies":"The Heart","floor":56,"turns":7}],"seed_played":"-7996029394876268147","potions_obtained":[{"floor":3.0,"key":"Block Potion"},{"floor":4.0,"key":"GamblersBrew"},{"floor":6.0,"key":"Swift Potion"},{"floor":12.0,"key":"EssenceOfSteel"},{"floor":14.0,"key":"GamblersBrew"},{"floor":16.0,"key":"SkillPotion"},{"floor":29.0,"key":"Energy Potion"},{"floor":39.0,"key":"PowerPotion"},{"floor":42.0,"key":"FocusPotion"},{"floor":48.0,"key":"PowerPotion"}],"is_trial":false,"path_per_floor":["M","$","M","M","T","E","R","E","T","R","M","M","M","E","R","B",null,"M","?","?","$","M","R","M","M","T","?","R","M","R","M","R","B",null,"M","$","?","?","M","R","$","E","T","R","?","E","?","M","R","B","B",null,"R","$","E","B",null],"character_chosen":"DEFECT","items_purchased":["Skim","Panacea","Medical Kit","Coolheaded","Fruit Juice","GamblersBrew"],"campfire_rested":0,"item_purchase_floors":[2,21,21,36,54,54],"current_hp_per_floor":[60,60,59,58,58,44,44,40,40,40,38,36,36,15,15,40,63,63,63,63,63,63,63,48,29,29,29,29,17,17,17,17,38,63,47,47,47,47,47,47,47,47,47,47,47,47,47,47,47,34,15,54,54,59,59,31],"gold":116,"neow_bonus":"BOSS_RELIC","is_prod":false,"is_daily":false,"chose_seed":false,"campfire_upgraded":10,"win_rate":0,"timestamp":1556002798,"path_taken":["M","?","M","M","?","E","R","E","T","R","M","M","?","E","R","BOSS","M","?","?","?","?","R","M","M","T","?","R","?","R","M","R","BOSS","M","$","?","?","?","R","$","E","T","R","?","E","?","?","R","BOSS","BOSS","R","$","E","BOSS"],"build_version":"2019-01-23","purchased_purges":3,"victory":true,"max_hp_per_floor":[71,71,71,71,71,71,71,71,71,71,71,71,71,71,71,71,71,71,71,71,71,71,71,71,71,71,71,71,71,71,71,71,71,71,71,71,71,71,71,71,71,71,71,71,67,67,67,67,67,67,67,67,67,72,72,72],"card_choices":[{"not_picked":["Stack","Go for the Eyes"],"picked":"Cold Snap","floor":1.0},{"not_picked":["FTL","Fusion","Redo"],"picked":"SKIP","floor":3.0},{"not_picked":["BootSequence","Stack","Force Field"],"picked":"SKIP","floor":4.0},{"not_picked":["Genetic Algorithm","Compile Driver"],"picked":"Seek","floor":6.0},{"not_picked":["Go for the Eyes","Auto Shields"],"picked":"Ball Lightning","floor":8.0},{"not_picked":["Aggregate","Stack","Sweeping Beam"],"picked":"SKIP","floor":11.0},{"not_picked":["Rebound","Steam","Force Field"],"picked":"SKIP","floor":12.0},{"not_picked":["Ball Lightning","Doom and Gloom"],"picked":"Reinforced Body","floor":13.0},{"not_picked":["Leap","Double Energy"],"picked":"Ball Lightning","floor":14.0},{"not_picked":["Amplify","Multi-Cast"],"picked":"Biased Cognition","floor":16.0},{"not_picked":["Force Field","Gash"],"picked":"Loop","floor":18.0},{"not_picked":["Chaos","Reinforced Body"],"picked":"Recycle","floor":22.0},{"not_picked":["Streamline","Stack","Beam Cell"],"picked":"SKIP","floor":24.0},{"not_picked":["Steam","BootSequence"],"picked":"Hologram+1","floor":25.0},{"not_picked":["Ball Lightning","Stack+1","Reinforced Body"],"picked":"SKIP","floor":29.0},{"not_picked":["Redo","FTL","Cold Snap"],"picked":"SKIP","floor":31.0},{"not_picked":["Echo Form","All For One"],"picked":"Biased Cognition","floor":33.0},{"not_picked":["Chill","Lockon+1"],"picked":"Glacier","floor":34.0},{"not_picked":["Beam Cell+1","Scrape+1","Force Field+1"],"picked":"SKIP","floor":35.0},{"not_picked":["Forethought","Deep Breath"],"picked":"Panacea","floor":37.0},{"not_picked":["Leap","Streamline+1","Static Discharge+1"],"picked":"SKIP","floor":39.0},{"not_picked":["Multi-Cast","Streamline+1","Go for the Eyes"],"picked":"SKIP","floor":42.0},{"not_picked":["Leap","Rip and Tear"],"picked":"Coolheaded+1","floor":46.0},{"not_picked":["Steam","Redo","Rip and Tear"],"picked":"SKIP","floor":48.0},{"not_picked":["Steam","Redo","Rip and Tear"],"picked":"SKIP","floor":48.0},{"not_picked":["Fusion","Barrage+1"],"picked":"Recycle","floor":55.0}],"player_experience":4458672,"relics_obtained":[{"floor":5.0,"key":"StoneCalendar"},{"floor":6.0,"key":"Sundial"},{"floor":8.0,"key":"Bronze Scales"},{"floor":9.0,"key":"Pantograph"},{"floor":14.0,"key":"Mummified Hand"},{"floor":26.0,"key":"Smiling Mask"},{"floor":42.0,"key":"Nunchaku"},{"floor":46.0,"key":"Kunai"},{"floor":55.0,"key":"Ornamental Fan"}],"event_choices":[{"damage_healed":0.0,"max_hp_gain":0.0,"max_hp_loss":0.0,"gold_gain":50.0,"event_name":"Nest","player_choice":"Stole From Cult","floor":19.0,"gold_loss":0.0,"damage_taken":0.0},{"damage_healed":0.0,"max_hp_gain":0.0,"max_hp_loss":0.0,"gold_gain":0.0,"event_name":"The Mausoleum","player_choice":"Opened","floor":20.0,"gold_loss":0.0,"damage_taken":0.0,"relics_obtained":["Symbiotic Virus"],"cards_obtained":["Writhe"]},{"damage_healed":0.0,"max_hp_gain":0.0,"max_hp_loss":0.0,"gold_gain":0.0,"event_name":"Duplicator","player_choice":"Copied","floor":27.0,"gold_loss":0.0,"damage_taken":0.0,"cards_obtained":["Skim"]},{"damage_healed":0.0,"max_hp_gain":0.0,"max_hp_loss":0.0,"gold_gain":0.0,"event_name":"SensoryStone","player_choice":"Memory 1","floor":37.0,"gold_loss":0.0,"damage_taken":0.0},{"damage_healed":0.0,"max_hp_gain":0.0,"max_hp_loss":0.0,"gold_gain":0.0,"event_name":"FaceTrader","player_choice":"Trade","floor":38.0,"gold_loss":0.0,"damage_taken":0.0,"relics_obtained":["SsserpentHead"]},{"damage_healed":0.0,"max_hp_gain":0.0,"max_hp_loss":4.0,"gold_gain":0.0,"event_name":"Winding Halls","player_choice":"Max HP","floor":45.0,"gold_loss":0.0,"damage_taken":0.0},{"damage_healed":0.0,"max_hp_gain":0.0,"max_hp_loss":0.0,"gold_gain":0.0,"event_name":"Upgrade Shrine","player_choice":"Upgraded","floor":47.0,"gold_loss":0.0,"damage_taken":0.0,"cards_upgraded":["Panacea"]}],"is_beta":false,"boss_relics":[{"not_picked":["Tiny House","Fusion Hammer"],"picked":"Astrolabe"},{"not_picked":["Lizard Tail","Black Star"],"picked":"Orrery"}],"items_purged_floors":[36,41,54],"is_endless":false,"potions_floor_spawned":[3,4,6,12,14,16,29,39,42,48],"ascension_level":20}