{"gold_per_floor":[16,27,127,142,158,158,170,186,186,186,197,1,28,40,40,114,114,132,150,150,150,160,160,173,173,255,285,285,285,185,203,203,277,277,293,293,168,181,140,140],"floor_reached":40,"playtime":1918,"items_purged":["Strike_G","Defend_G","A Thousand Cuts"],"score":827,"play_id":"05d35097-e10a-4a97-b38c-840567c10fa7","local_time":"20181114194412","is_ascension_mode":true,"campfire_choices":[{"data":"Neutralize","floor":6.0,"key":"SMITH"},{"data":"Glass Knife","floor":10.0,"key":"SMITH"},{"data":"Malaise","floor":15.0,"key":"SMITH"},{"data":"Calculated Gamble","floor":23.0,"key":"SMITH"},{"data":"Prepared","floor":28.0,"key":"SMITH"},{"data":"Ghostly","floor":32.0,"key":"SMITH"}],"neow_cost":"NO_GOLD","seed_source_timestamp":0,"circlet_count":0,"master_deck":["AscendersBane","Defend_G","Defend_G","Defend_G","Survivor","Neutralize+1","Heel Hook","Adrenaline","Deadly Poison","Glass Knife+1","Heel Hook","Footwork","Malaise+1","Ghostly+1","Ghostly","Ghostly","Calculated Gamble+1","Prepared+1","Poisoned Stab","Purity","Heel Hook"],"special_seed":0,"relics":["Ring of the Snake","Blue Candle","Meat on the Bone","Runic Pyramid","Dodecahedron","Pear","Runic Dome"],"potions_floor_usage":[40],"damage_taken":[{"damage":8.0,"enemies":"Small Slimes","floor":1.0,"turns":8.0},{"damage":0.0,"enemies":"Cultist","floor":2.0,"turns":4.0},{"damage":2.0,"enemies":"2 Louse","floor":4.0,"turns":3.0},{"damage":20.0,"enemies":"Large Slime","floor":5.0,"turns":9.0},{"damage":0.0,"enemies":"Looter","floor":7.0,"turns":3.0},{"damage":18.0,"enemies":"3 Louse","floor":8.0,"turns":5.0},{"damage":0.0,"enemies":"Large Slime","floor":11.0,"turns":4.0},{"damage":3.0,"enemies":"Lagavulin","floor":13.0,"turns":6.0},{"damage":2.0,"enemies":"Exordium Wildlife","floor":14.0,"turns":5.0},{"damage":4.0,"enemies":"The Guardian","floor":16.0,"turns":12.0},{"damage":1.0,"enemies":"Spheric Guardian","floor":18.0,"turns":5.0},{"damage":6.0,"enemies":"2 Thieves","floor":19.0,"turns":4.0},{"damage":9.0,"enemies":"Snake Plant","floor":22.0,"turns":5.0},{"damage":0.0,"enemies":"Centurion and Healer","floor":24.0,"turns":7.0},{"damage":11.0,"enemies":"Gremlin Leader","floor":27.0,"turns":7.0},{"damage":2.0,"enemies":"Cultist and Chosen","floor":31.0,"turns":6.0},{"damage":18.0,"enemies":"Automaton","floor":33.0,"turns":4.0},{"damage":11.0,"enemies":"Orb Walker","floor":35.0,"turns":4.0},{"damage":5.0,"enemies":"3 Darklings","floor":38.0,"turns":4.0},{"damage":27,"enemies":"Nemesis","floor":40,"turns":5}],"seed_played":"8774416170094583907","potions_obtained":[{"floor":4.0,"key":"FearPotion"},{"floor":7.0,"key":"PowerPotion"},{"floor":13.0,"key":"Weak Potion"},{"floor":27.0,"key":"Strength Potion"},{"floor":31.0,"key":"Weak Potion"},{"floor":35.0,"key":"EssenceOfSteel"}],"is_trial":false,"path_per_floor":["M","M","?","M","M","R","M","M","T","R","M","$","E","M","R","B",null,"M","M","?","?","M","R","M","?","T","E","R","?","$","M","R","B",null,"M","?","$","M","$","E"],"character_chosen":"THE_SILENT","items_purchased":["Heel Hook","Footwork","Heel Hook"],"campfire_rested":0,"item_purchase_floors":[12,12,39],"current_hp_per_floor":[51,51,51,49,29,29,29,11,11,11,11,11,8,18,18,26,56,55,49,33,33,24,24,24,24,24,35,35,35,35,33,33,27,39,28,28,28,23,23,0],"gold":140,"neow_bonus":"REMOVE_TWO","is_prod":false,"is_daily":false,"chose_seed":false,"campfire_upgraded":6,"win_rate":0,"timestamp":1542195852,"path_taken":["M","M","?","M","M","R","M","M","T","R","?","$","E","M","R","BOSS","M","?","?","?","M","R","M","?","T","E","R","?","$","M","R","BOSS","M","?","$","M","$","E"],"build_version":"2018-11-13","purchased_purges":3,"victory":false,"max_hp_per_floor":[66,66,66,66,66,66,66,66,66,66,66,66,66,66,66,66,66,66,66,33,33,33,33,33,33,33,43,43,43,43,43,43,43,43,43,43,43,43,43,43],"card_choices":[{"not_picked":["Dodge and Roll","Caltrops"],"picked":"Heel Hook","floor":1.0},{"not_picked":["Dodge and Roll","Dagger Throw"],"picked":"Adrenaline","floor":2.0},{"not_picked":["Poisoned Stab","Dodge and Roll","Dagger Throw"],"picked":"SKIP","floor":4.0},{"not_picked":["Underhanded Strike","Concentrate","Sucker Punch"],"picked":"SKIP","floor":5.0},{"not_picked":["Underhanded Strike","Concentrate","Sucker Punch"],"picked":"SKIP","floor":5.0},{"not_picked":["All Out Attack","Blade Dance"],"picked":"Deadly Poison","floor":7.0},{"not_picked":["Prepared","Outmaneuver"],"picked":"Glass Knife","floor":8.0},{"not_picked":["Concentrate","Crippling Poison","Terror"],"picked":"SKIP","floor":11.0},{"not_picked":["Predator","Cloak And Dagger"],"picked":"Malaise","floor":13.0},{"not_picked":["Backflip","Leg Sweep","Deflect"],"picked":"SKIP","floor":14.0},{"not_picked":["Backflip","Leg Sweep","Deflect"],"picked":"SKIP","floor":14.0},{"not_picked":["Dagger Spray","Crippling Poison","Leg Sweep"],"picked":"SKIP","floor":18.0},{"not_picked":["Backstab","Flying Knee","Dagger Throw"],"picked":"SKIP","floor":19.0},{"not_picked":["Reflex","Finisher"],"picked":"Prepared","floor":22.0},{"not_picked":["Concentrate","Outmaneuver","Dagger Throw"],"picked":"SKIP","floor":24.0},{"not_picked":["Leg Sweep","Deadly Poison","Quick Slash"],"picked":"SKIP","floor":27.0},{"not_picked":["Dagger Spray","Acrobatics","Deadly Poison"],"picked":"SKIP","floor":31.0},{"not_picked":["Dash","Backflip","Poisoned Stab+1"],"picked":"SKIP","floor":35.0},{"not_picked":["PanicButton","Apotheosis"],"picked":"Purity","floor":36.0},{"not_picked":["Prepared","Sucker Punch","Deflect"],"picked":"SKIP","floor":38.0}],"player_experience":1052870,"relics_obtained":[{"floor":9.0,"key":"Blue Candle"},{"floor":13.0,"key":"Meat on the Bone"},{"floor":26.0,"key":"Dodecahedron"},{"floor":27.0,"key":"Pear"}],"event_choices":[{"damage_healed":0.0,"max_hp_gain":0.0,"max_hp_loss":0.0,"gold_gain":100.0,"event_name":"Wheel of Change","player_choice":"Gold","floor":3.0,"gold_loss":0.0,"damage_taken":0.0},{"damage_healed":0.0,"max_hp_gain":0.0,"max_hp_loss":33.0,"gold_gain":0.0,"event_name":"Ghosts","player_choice":"Became a Ghost","floor":20.0,"gold_loss":0.0,"damage_taken":0.0,"cards_obtained":["Ghostly","Ghostly","Ghostly"]},{"damage_healed":0.0,"max_hp_gain":0.0,"max_hp_loss":0.0,"gold_gain":0.0,"event_name":"The Library","player_choice":"Read","floor":21.0,"gold_loss":0.0,"damage_taken":0.0,"cards_obtained":["Calculated Gamble"]},{"damage_healed":0.0,"max_hp_gain":0.0,"max_hp_loss":0.0,"gold_gain":0.0,"cards_transformed":["Strike_G","Strike_G"],"event_name":"Drug Dealer","player_choice":"Became Test Subject","floor":25.0,"gold_loss":0.0,"damage_taken":0.0,"cards_obtained":["Poisoned Stab","A Thousand Cuts"]},{"cards_removed":["Strike_G"],"damage_healed":0.0,"max_hp_gain":0.0,"max_hp_loss":0.0,"gold_gain":0.0,"event_name":"Back to Basics","player_choice":"Elegance","floor":29.0,"gold_loss":0.0,"damage_taken":0.0},{"damage_healed":0.0,"max_hp_gain":0.0,"max_hp_loss":0.0,"gold_gain":0.0,"event_name":"SensoryStone","player_choice":"Memory 1","floor":36.0,"gold_loss":0.0,"damage_taken":0.0}],"is_beta":true,"boss_relics":[{"not_picked":["Eternal Feather","White Beast Statue"],"picked":"Runic Pyramid"},{"not_picked":["Pandora\u0027s Box","WristBlade"],"picked":"Runic Dome"}],"items_purged_floors":[12,30,37],"is_endless":false,"potions_floor_spawned":[4,7,8,11,13,27,31,35],"killed_by":"Nemesis","ascension_level":18}