{"gold_per_floor":[117,132,132,149,149,149,26,26,51,51,77,77,91,111,111,232,232,251,173,173,197,49,83,83,102,102,127,152,152,152,173,173,299,299,322,322,335,235,235,235,259,259,285,410,445,235,235,249,249,249],"floor_reached":51,"playtime":4769,"items_purged":["Defend_R","Bite+1","Defend_R"],"score":1065,"play_id":"b549d775-3300-42e0-ad05-9290f9e71983","local_time":"20190726215520","is_ascension_mode":true,"campfire_choices":[{"data":"Battle Trance","floor":6,"key":"SMITH"},{"data":"Bash","floor":8,"key":"SMITH"},{"data":"Impervious","floor":10,"key":"SMITH"},{"data":"Defend_R","floor":15,"key":"SMITH"},{"data":"Offering","floor":24,"key":"SMITH"},{"data":"Shockwave","floor":29,"key":"SMITH"},{"data":"J.A.X.","floor":32,"key":"SMITH"},{"data":"Entrench","floor":40,"key":"SMITH"},{"data":"Shrug It Off","floor":42,"key":"SMITH"},{"data":"Impervious","floor":49,"key":"SMITH"}],"neow_cost":"TEN_PERCENT_HP_LOSS","seed_source_timestamp":547331380814950,"circlet_count":0,"master_deck":["Defend_R","Defend_R+1","Bash+1","Sever Soul+1","Battle Trance+1","Impervious+1","Body Slam+1","Dropkick+1","Body Slam+1","Pommel Strike+1","Offering+1","Shrug It Off+1","Shockwave+1","Bite+1","Bite+1","Bite+1","Bite+1","Reaper+1","Dropkick+1","Rampage+1","Entrench+1","Shrug It Off+1","J.A.X.+1","Body Slam+1","Good Instincts+1","Impervious+1"],"relics":["Burning Blood","Nunchaku","Molten Egg 2","Orichalcum","Ancient Tea Set","Golden Idol","Philosopher\u0027s Stone","Bag of Preparation","Letter Opener","Mark of Pain","Potion Belt","Pocketwatch","Question Card"],"potions_floor_usage":[16,16,25,33,45,50,50,50,50,50],"damage_taken":[{"damage":9,"enemies":"2 Louse","floor":1,"turns":4},{"damage":1,"enemies":"Cultist","floor":2,"turns":3},{"damage":2,"enemies":"Jaw Worm","floor":4,"turns":3},{"damage":15,"enemies":"Gremlin Nob","floor":11,"turns":4},{"damage":6,"enemies":"Blue Slaver","floor":13,"turns":3},{"damage":6,"enemies":"Looter","floor":14,"turns":2},{"damage":35,"enemies":"The Guardian","floor":16,"turns":10},{"damage":0,"enemies":"Chosen","floor":18,"turns":1},{"damage":6,"enemies":"Spheric Guardian","floor":21,"turns":3},{"damage":6,"enemies":"Gremlin Leader","floor":23,"turns":4},{"damage":16,"enemies":"Snake Plant","floor":25,"turns":2},{"damage":18,"enemies":"Shelled Parasite and Fungi","floor":27,"turns":4},{"damage":0,"enemies":"Centurion and Healer","floor":28,"turns":4},{"damage":9,"enemies":"Cultist and Chosen","floor":31,"turns":1},{"damage":22,"enemies":"Champ","floor":33,"turns":7},{"damage":8,"enemies":"3 Shapes","floor":35,"turns":3},{"damage":0,"enemies":"Orb Walker","floor":37,"turns":1},{"damage":27,"enemies":"3 Darklings","floor":41,"turns":6},{"damage":4,"enemies":"Mind Bloom Boss Battle","floor":44,"turns":3},{"damage":9,"enemies":"Reptomancer","floor":45,"turns":3},{"damage":9,"enemies":"Sphere and 2 Shapes","floor":48,"turns":3},{"damage":9,"enemies":"Donu and Deca","floor":50,"turns":2}],"seed_played":"7286107628272653901","potions_obtained":[{"floor":4,"key":"Explosive Potion"},{"floor":11,"key":"Energy Potion"},{"floor":21,"key":"SpeedPotion"},{"floor":23,"key":"Weak Potion"},{"floor":25,"key":"EssenceOfSteel"},{"floor":27,"key":"FairyPotion"},{"floor":33,"key":"Poison Potion"},{"floor":37,"key":"Energy Potion"},{"floor":48,"key":"EntropicBrew"}],"is_trial":false,"path_per_floor":["M","M","?","M","T","R","$","R","T","R","E","?","M","M","R","B",null,"M","$","?","M","$","E","R","M","T","M","M","R","?","M","R","B",null,"M","?","M","$","?","R","M","R","T","?","E","$","?","M","R","B",null],"character_chosen":"IRONCLAD","items_purchased":["Impervious","Body Slam+1","Shockwave","Dropkick+1","Good Instincts"],"campfire_rested":0,"item_purchase_floors":[7,7,19,22,46],"current_hp_per_floor":[69,72,72,72,72,72,72,72,72,72,63,45,45,45,45,16,58,64,64,50,50,50,50,50,40,40,46,50,50,50,50,50,49,50,50,50,50,50,50,50,49,49,49,50,50,50,50,50,50,50],"gold":249,"neow_bonus":"ONE_RARE_RELIC","is_prod":false,"is_daily":false,"chose_seed":false,"campfire_upgraded":10,"win_rate":0,"timestamp":1564196120,"path_taken":["M","M","?","?","?","R","$","R","T","R","E","?","M","M","R","BOSS","M","$","?","M","$","E","R","M","T","M","M","R","?","M","R","BOSS","M","?","M","$","?","R","M","R","T","?","E","$","?","M","R","BOSS"],"build_version":"2019-07-17","purchased_purges":3,"victory":true,"max_hp_per_floor":[72,72,72,72,72,72,72,72,72,72,72,72,72,72,72,72,72,72,72,50,50,50,50,50,50,50,50,50,50,50,50,50,50,50,50,50,50,50,50,50,50,50,50,50,50,50,50,50,50,50],"card_choices":[{"not_picked":["Armaments","Disarm","True Grit"],"picked":"SKIP","floor":1},{"not_picked":["Seeing Red","True Grit"],"picked":"Sever Soul","floor":2},{"not_picked":["Clash","Anger"],"picked":"Battle Trance","floor":4},{"not_picked":["Seeing Red","Flex"],"picked":"Dropkick+1","floor":11},{"not_picked":["Headbutt+1","Pommel Strike+1"],"picked":"Body Slam+1","floor":13},{"not_picked":["Dark Embrace","True Grit"],"picked":"Pommel Strike+1","floor":14},{"not_picked":["Berserk","Reaper+1"],"picked":"Offering","floor":16},{"not_picked":["Fire Breathing","Spot Weakness"],"picked":"Shrug It Off","floor":18},{"not_picked":["Headbutt+1","Iron Wave+1"],"picked":"Reaper+1","floor":21},{"not_picked":["Ghostly Armor","Thunderclap+1"],"picked":"Rampage+1","floor":23},{"not_picked":["Disarm+1","Headbutt+1"],"picked":"Entrench","floor":25},{"not_picked":["Shockwave+1","Anger+1"],"picked":"Shrug It Off+1","floor":27},{"not_picked":["Power Through","Clash+1","Warcry"],"picked":"SKIP","floor":28},{"not_picked":["Sever Soul+1","Thunderclap+1","Hemokinesis+1"],"picked":"SKIP","floor":31},{"not_picked":["Double Tap","Dark Embrace"],"picked":"Offering","floor":33},{"not_picked":["Warcry+1","Pommel Strike+1","Flex"],"picked":"SKIP","floor":35},{"not_picked":["Entrench","Sword Boomerang+1","Iron Wave+1"],"picked":"SKIP","floor":37},{"not_picked":["Flex+1","Warcry"],"picked":"Body Slam+1","floor":41},{"not_picked":["Perfected Strike+1","Anger+1","Cleave+1"],"picked":"SKIP","floor":45},{"not_picked":["Perfected Strike+1","Anger+1","Cleave+1"],"picked":"SKIP","floor":45},{"not_picked":["Iron Wave+1","Whirlwind+1","Perfected Strike+1"],"picked":"Impervious","floor":48}],"player_experience":319380,"relics_obtained":[{"floor":5,"key":"Molten Egg 2"},{"floor":9,"key":"Orichalcum"},{"floor":11,"key":"Ancient Tea Set"},{"floor":23,"key":"Bag of Preparation"},{"floor":26,"key":"Letter Opener"},{"floor":43,"key":"Potion Belt"},{"floor":44,"key":"Pocketwatch"},{"floor":45,"key":"Question Card"}],"event_choices":[{"damage_healed":0,"gold_gain":0,"player_choice":"Upgraded","damage_taken":0,"max_hp_gain":0,"max_hp_loss":0,"event_name":"Upgrade Shrine","floor":3,"gold_loss":0,"cards_upgraded":["Sever Soul"]},{"damage_healed":0,"gold_gain":0,"player_choice":"Take Damage","damage_taken":18,"relics_obtained":["Golden Idol"],"max_hp_gain":0,"max_hp_loss":0,"event_name":"Golden Idol","floor":12,"gold_loss":0},{"damage_healed":0,"gold_gain":0,"player_choice":"Became a vampire","damage_taken":0,"max_hp_gain":0,"max_hp_loss":22,"event_name":"Vampires","floor":20,"gold_loss":0,"cards_obtained":["Bite","Bite","Bite","Bite","Bite"]},{"damage_healed":0,"gold_gain":0,"player_choice":"Obtain J.A.X.","damage_taken":0,"max_hp_gain":0,"max_hp_loss":0,"event_name":"Drug Dealer","floor":30,"gold_loss":0,"cards_obtained":["J.A.X."]},{"cards_removed":["Offering"],"damage_healed":0,"gold_gain":0,"player_choice":"Removed Skill","damage_taken":0,"max_hp_gain":0,"max_hp_loss":0,"event_name":"Falling","floor":36,"gold_loss":0},{"damage_healed":0,"gold_gain":0,"player_choice":"Ignored","damage_taken":0,"max_hp_gain":0,"max_hp_loss":0,"event_name":"Mysterious Sphere","floor":39,"gold_loss":0},{"damage_healed":0,"gold_gain":0,"player_choice":"Fight","damage_taken":0,"max_hp_gain":0,"max_hp_loss":0,"event_name":"MindBloom","floor":44,"gold_loss":0},{"damage_healed":0,"gold_gain":0,"player_choice":"Upgraded","damage_taken":0,"max_hp_gain":0,"max_hp_loss":0,"event_name":"Upgrade Shrine","floor":47,"gold_loss":0,"cards_upgraded":["Good Instincts"]}],"is_beta":false,"boss_relics":[{"not_picked":["Busted Crown","Runic Pyramid"],"picked":"Philosopher\u0027s Stone"},{"not_picked":["Astrolabe","Cursed Key"],"picked":"Mark of Pain"}],"items_purged_floors":[22,38,46],"is_endless":false,"potions_floor_spawned":[4,11,21,23,25,27,33,37,41,48],"ascension_level":7}