{"gold_per_floor":[115,133,133,151,171,70,70,86,86,86,100,100,120,143,143,143],"floor_reached":16,"playtime":386,"items_purged":["Clumsy"],"score":94,"play_id":"6bdbf9de-3665-4e03-8de6-ac875bcb7355","local_time":"20190804031553","is_ascension_mode":false,"campfire_choices":[{"data":"Dualcast","floor":7.0,"key":"SMITH"},{"data":"Defragment","floor":10.0,"key":"SMITH"},{"data":"Beam Cell","floor":12.0,"key":"SMITH"},{"data":"Defragment","floor":15.0,"key":"SMITH"}],"neow_cost":"CURSE","seed_source_timestamp":7675456879333,"circlet_count":0,"master_deck":["Strike_B","Strike_B","Strike_B","Strike_B","Defend_B","Defend_B","Defend_B","Defend_B","Zap+1","Dualcast+1","Beam Cell+1","Defragment+1","Streamline","Streamline","Turbo","Gash","Conserve Battery","Defragment+1"],"special_seed":0,"relics":["Cracked Core","Unceasing Top","Molten Egg 2","Odd Mushroom"],"potions_floor_usage":[16,16],"damage_taken":[{"damage":1.0,"enemies":"Cultist","floor":1.0,"turns":3.0},{"damage":2.0,"enemies":"2 Louse","floor":2.0,"turns":2.0},{"damage":0.0,"enemies":"Small Slimes","floor":4.0,"turns":3.0},{"damage":4.0,"enemies":"3 Louse","floor":5.0,"turns":4.0},{"damage":2.0,"enemies":"Blue Slaver","floor":8.0,"turns":3.0},{"damage":14.0,"enemies":"Exordium Thugs","floor":11.0,"turns":3.0},{"damage":8.0,"enemies":"2 Fungi Beasts","floor":13.0,"turns":3.0},{"damage":1.0,"enemies":"The Mushroom Lair","floor":14.0,"turns":3.0},{"damage":45,"enemies":"The Guardian","floor":16,"turns":8}],"seed_played":"-5148788140513882927","potions_obtained":[{"floor":4.0,"key":"Energy Potion"},{"floor":13.0,"key":"FocusPotion"},{"floor":14.0,"key":"SteroidPotion"}],"is_trial":false,"path_per_floor":["M","M","?","M","M","$","R","M","T","R","M","R","M","?","R","B"],"character_chosen":"DEFECT","items_purchased":["Turbo"],"campfire_rested":0,"item_purchase_floors":[6],"current_hp_per_floor":[74,72,72,72,68,68,68,66,66,66,52,52,44,43,43,0],"gold":143,"neow_bonus":"ONE_RARE_RELIC","is_prod":false,"is_daily":false,"chose_seed":false,"campfire_upgraded":4,"win_rate":0,"timestamp":1564910153,"path_taken":["M","?","?","M","M","$","R","?","T","R","M","R","M","?","R","BOSS"],"build_version":"2019-07-17","purchased_purges":1,"victory":false,"max_hp_per_floor":[75,75,75,75,75,75,75,75,75,75,75,75,75,75,75,75],"card_choices":[{"not_picked":["Coolheaded","Steam"],"picked":"Beam Cell","floor":1.0},{"not_picked":["Rebound","Melter"],"picked":"Defragment","floor":2.0},{"not_picked":["Stack","Chill"],"picked":"Streamline","floor":4.0},{"not_picked":["Fusion","Static Discharge"],"picked":"Streamline","floor":5.0},{"not_picked":["Redo","Fusion"],"picked":"Gash","floor":8.0},{"not_picked":["Redo","Barrage+1","Leap"],"picked":"SKIP","floor":11.0},{"not_picked":["Loop","Storm"],"picked":"Conserve Battery","floor":13.0},{"not_picked":["Barrage+1","Loop"],"picked":"Defragment","floor":14.0}],"player_experience":1616847,"relics_obtained":[{"floor":9.0,"key":"Molten Egg 2"},{"floor":14.0,"key":"Odd Mushroom"}],"event_choices":[{"damage_healed":0.0,"max_hp_gain":0.0,"max_hp_loss":0.0,"gold_gain":0.0,"event_name":"Upgrade Shrine","player_choice":"Upgraded","floor":3.0,"gold_loss":0.0,"damage_taken":0.0,"cards_upgraded":["Zap"]},{"damage_healed":0.0,"max_hp_gain":0.0,"max_hp_loss":0.0,"gold_gain":0.0,"event_name":"Mushrooms","player_choice":"Fought Mushrooms","floor":14.0,"gold_loss":0.0,"damage_taken":0.0}],"is_beta":false,"boss_relics":[],"items_purged_floors":[6],"is_endless":false,"potions_floor_spawned":[4,13,14],"killed_by":"The Guardian","ascension_level":0}