{"gold_per_floor":[114,125,7,7,7,32,44,56,68,80,126,138,150,176,188,275,287,312,41,55,73,87,87,87],"floor_reached":24,"playtime":508,"items_purged":["Strike_B"],"score":412,"play_id":"e18ca2f5-d4bd-4517-8982-8935dee77fa6","local_time":"20181217194510","is_ascension_mode":true,"campfire_choices":[{"data":"Loop","floor":7.0,"key":"SMITH"},{"data":"Buffer","floor":10.0,"key":"SMITH"},{"data":"Zap","floor":12,"key":"SMITH"},{"data":"Dualcast","floor":15,"key":"SMITH"},{"floor":23,"key":"REST"}],"neow_cost":"NONE","seed_source_timestamp":27612466636373,"circlet_count":0,"master_deck":["AscendersBane","Strike_B","Strike_B","Strike_B","Defend_B","Defend_B","Defend_B","Zap+1","Dualcast+1","Loop+1","Buffer+1","Melter","Electrodynamics","Recycle+1","Defragment","Core Surge"],"special_seed":0,"relics":["Cracked Core","NeowsBlessing","MawBank","Cables","Bird Faced Urn","Lizard Tail","Sundial"],"potions_floor_usage":[16,18],"damage_taken":[{"damage":0.0,"enemies":"Jaw Worm","floor":1.0,"turns":1.0},{"damage":0.0,"enemies":"Cultist","floor":2.0,"turns":1.0},{"damage":0.0,"enemies":"Lagavulin","floor":6.0,"turns":1.0},{"damage":20,"enemies":"3 Sentries","floor":11,"turns":6},{"damage":0,"enemies":"2 Louse","floor":14,"turns":3},{"damage":38,"enemies":"Hexaghost","floor":16,"turns":9},{"damage":10,"enemies":"2 Thieves","floor":18,"turns":3},{"damage":7,"enemies":"3 Byrds","floor":20,"turns":2},{"damage":29,"enemies":"Snake Plant","floor":21,"turns":5},{"damage":18,"enemies":"Chosen and Byrds","floor":22,"turns":4},{"damage":82,"enemies":"Book of Stabbing","floor":24,"turns":5}],"seed_played":"-7729915276061173559","potions_obtained":[{"floor":6.0,"key":"FocusPotion"},{"floor":16,"key":"Block Potion"},{"floor":20,"key":"Strength Potion"}],"is_trial":false,"path_per_floor":["M","M","$","?","T","E","R","$","T","R","E","R","$","M","R","B",null,"M","$","M","M","M","R","E"],"character_chosen":"DEFECT","items_purchased":["Loop","Sundial"],"campfire_rested":1,"item_purchase_floors":[3,19],"current_hp_per_floor":[64,64,64,64,64,64,64,64,64,64,44,44,44,48,48,14,57,53,53,52,27,17,38,0],"gold":87,"neow_bonus":"THREE_ENEMY_KILL","is_prod":false,"is_daily":false,"chose_seed":false,"campfire_upgraded":4,"win_rate":0,"timestamp":1545047110,"path_taken":["M","M","$","?","?","E","R","$","T","R","E","R","?","M","R","BOSS","M","$","?","M","M","R","E"],"build_version":"2018-12-13","purchased_purges":1,"victory":false,"max_hp_per_floor":[71,71,71,71,71,71,71,71,71,71,71,71,71,71,71,71,71,71,71,71,71,71,71,71],"card_choices":[{"not_picked":["Cold Snap","Leap","Scrape"],"picked":"SKIP","floor":1.0},{"not_picked":["Doom and Gloom","Steam","Reprogram"],"picked":"SKIP","floor":2.0},{"not_picked":["Reprogram","Rip and Tear"],"picked":"Melter","floor":6.0},{"not_picked":["Turbo","BootSequence","Redo"],"picked":"SKIP","floor":11},{"not_picked":["Conserve Battery","Chaos","Barrage"],"picked":"SKIP","floor":14},{"not_picked":["Machine Learning","Meteor Strike"],"picked":"Electrodynamics","floor":16},{"not_picked":["Sweeping Beam","Cold Snap"],"picked":"Recycle+1","floor":18},{"not_picked":["Conserve Battery","Turbo","Static Discharge"],"picked":"SKIP","floor":20},{"not_picked":["Hologram","Recycle"],"picked":"Defragment","floor":21},{"not_picked":["Gash","Sweeping Beam"],"picked":"Core Surge","floor":22}],"player_experience":1323438,"relics_obtained":[{"floor":6.0,"key":"MawBank"},{"floor":9.0,"key":"Cables"},{"floor":11,"key":"Bird Faced Urn"}],"event_choices":[{"damage_healed":0.0,"max_hp_gain":0.0,"max_hp_loss":0.0,"gold_gain":0.0,"cards_transformed":["Defend_B"],"event_name":"Living Wall","player_choice":"Change","floor":4.0,"gold_loss":0.0,"damage_taken":0.0,"cards_obtained":["Buffer"]}],"is_beta":false,"boss_relics":[{"not_picked":["Nuclear Battery","Calling Bell"],"picked":"Lizard Tail"}],"items_purged_floors":[3],"is_endless":false,"potions_floor_spawned":[6,16,20],"killed_by":"Book of Stabbing","ascension_level":16}