{"gold_per_floor":[116,116,116,135,59,92,106,106,129,146,156,156,166,176,176,272,272,292,302,22,22,40,40],"floor_reached":23,"playtime":658,"items_purged":["Strike_R"],"score":302,"play_id":"876add8c-3d9f-4cfe-8a79-0cffcb6e9e8b","local_time":"20180922002251","is_ascension_mode":true,"campfire_choices":[{"data":"Rupture","floor":8,"key":"SMITH"},{"data":"Limit Break","floor":12,"key":"SMITH"},{"floor":15,"key":"REST"}],"neow_cost":"NONE","seed_source_timestamp":42439631701195,"circlet_count":0,"master_deck":["Strike_R","Strike_R","Defend_R+1","Defend_R+1","Defend_R","Defend_R","Bash","AscendersBane","Hemokinesis","Combust","Rupture+1","Limit Break+1","Seeing Red","Whirlwind","Flex","Offering"],"special_seed":0,"relics":["Burning Blood","Centennial Puzzle","Happy Flower","War Paint","Coffee Dripper","Chemical X"],"potions_floor_usage":[4,7,13,14,16,19],"damage_taken":[{"damage":1.0,"enemies":"Cultist","floor":1.0,"turns":3.0},{"damage":4,"enemies":"Small Slimes","floor":4,"turns":4},{"damage":59,"enemies":"Gremlin Nob","floor":6,"turns":5},{"damage":4,"enemies":"2 Louse","floor":7,"turns":3},{"damage":12,"enemies":"Large Slime","floor":10,"turns":5},{"damage":10,"enemies":"Gremlin Gang","floor":11,"turns":4},{"damage":17,"enemies":"Lots of Slimes","floor":13,"turns":3},{"damage":17,"enemies":"Red Slaver","floor":14,"turns":3},{"damage":21,"enemies":"The Guardian","floor":16,"turns":9},{"damage":6,"enemies":"2 Thieves","floor":18,"turns":1},{"damage":20,"enemies":"Spheric Guardian","floor":19,"turns":3},{"damage":18,"enemies":"Snake Plant","floor":22,"turns":3},{"damage":43,"enemies":"Book of Stabbing","floor":23,"turns":4}],"seed_played":"2885304927915350145","potions_obtained":[{"floor":4,"key":"Fruit Juice"},{"floor":6,"key":"Block Potion"},{"floor":7,"key":"Strength Potion"},{"floor":11,"key":"BloodPotion"},{"floor":14,"key":"SkillPotion"},{"floor":18,"key":"AttackPotion"}],"is_trial":false,"path_per_floor":["M","?","?","M","$","E","M","R","T","M","M","R","M","M","R","B",null,"M","M","$","?","M"],"character_chosen":"IRONCLAD","items_purchased":["Rupture","Chemical X"],"campfire_rested":1,"item_purchase_floors":[5,20],"current_hp_per_floor":[77,77,77,84,84,31,33,33,33,27,23,23,20,9,34,19,69,69,55,55,55,43,0],"gold":40,"neow_bonus":"RANDOM_COMMON_RELIC","is_prod":false,"is_daily":false,"chose_seed":false,"campfire_upgraded":2,"win_rate":0,"timestamp":1537546971,"path_taken":["M","?","?","?","?","E","M","R","T","?","M","R","M","?","R","BOSS","M","M","?","?","M","E"],"build_version":"2018-09-20","purchased_purges":1,"victory":false,"max_hp_per_floor":[80,80,80,85,85,85,85,85,85,85,85,85,85,85,85,85,85,85,85,85,85,85,85],"card_choices":[{"not_picked":["Wild Strike","Headbutt"],"picked":"Hemokinesis","floor":1.0},{"not_picked":["Blood for Blood","Carnage"],"picked":"Combust","floor":4},{"not_picked":["Burning Pact","Pummel"],"picked":"Limit Break","floor":6},{"not_picked":["Armaments","Clothesline","Perfected Strike"],"picked":"SKIP","floor":7},{"not_picked":["True Grit","Clothesline","Sentinel"],"picked":"SKIP","floor":10},{"not_picked":["Shockwave","Clothesline"],"picked":"Seeing Red","floor":11},{"not_picked":["Uppercut","True Grit"],"picked":"Whirlwind","floor":13},{"not_picked":["Whirlwind","Iron Wave"],"picked":"Flex","floor":14},{"not_picked":["Demon Form","Barricade"],"picked":"Offering","floor":16},{"not_picked":["Ghostly Armor","Clash+1","Heavy Blade"],"picked":"SKIP","floor":18},{"not_picked":["Armaments","True Grit+1","Wild Strike+1"],"picked":"SKIP","floor":19},{"not_picked":["Heavy Blade","Flame Barrier","Body Slam+1"],"picked":"SKIP","floor":22}],"player_experience":80989,"relics_obtained":[{"floor":6,"key":"Happy Flower"},{"floor":9,"key":"War Paint"}],"event_choices":[{"event_name":"Match and Keep!","player_choice":"0 cards matched","floor":2.0,"damage_taken":0.0},{"event_name":"Living Wall","player_choice":"Forget","floor":3,"damage_taken":0},{"event_name":"Back to Basics","player_choice":"Elegance","floor":21,"damage_taken":0}],"is_beta":false,"boss_relics":[{"not_picked":["Snecko Eye","Orrery"],"picked":"Coffee Dripper"}],"items_purged_floors":[20],"is_endless":false,"potions_floor_spawned":[4,6,7,11,14,18],"killed_by":"Book of Stabbing","ascension_level":11}