{"gold_per_floor":[117,117,130,130,143,143,170,170,170,184,40,40,53,53,53,149,149,161,61,47,47,62,62,88,88,88,88,38,38,38,38,38,142,142,153,167,50,65,0,0,20,20,20,40,53,99,99,113,113,113],"floor_reached":51,"playtime":2159,"items_purged":["Strike_G","Strike_G","Strike_G","Defend_G"],"score":765,"play_id":"2279c545-529d-4450-a63f-4bff0d460292","local_time":"20181029230917","is_ascension_mode":false,"campfire_choices":[{"data":"Bouncing Flask","floor":6.0,"key":"SMITH"},{"data":"Malaise","floor":8.0,"key":"SMITH"},{"data":"Well Laid Plans","floor":12.0,"key":"SMITH"},{"data":"Survivor","floor":15.0,"key":"SMITH"},{"data":"Wraith Form v2","floor":23.0,"key":"SMITH"},{"data":"Noxious Fumes","floor":25.0,"key":"SMITH"},{"data":"Footwork","floor":27.0,"key":"SMITH"},{"data":"Defend_G","floor":29.0,"key":"SMITH"},{"data":"Defend_G","floor":32.0,"key":"SMITH"},{"data":"Catalyst","floor":40.0,"key":"SMITH"},{"data":"Deadly Poison","floor":42,"key":"SMITH"},{"data":"Burst","floor":47,"key":"SMITH"},{"data":"Backflip","floor":49,"key":"SMITH"}],"neow_cost":"NONE","seed_source_timestamp":43168480303727,"circlet_count":0,"master_deck":["Defend_G+1","Defend_G+1","Defend_G","Survivor+1","Neutralize+1","Bouncing Flask+1","Malaise+1","Dark Shackles","Well Laid Plans+1","Wraith Form v2+1","Escape Plan+1","Noxious Fumes+1","Footwork+1","Calculated Gamble","PiercingWail","Burst+1","Deadly Poison+1","Catalyst+1","Parasite","Escape Plan","Parasite","Backflip+1","PiercingWail+1","Parasite","Parasite"],"special_seed":0,"relics":["Ring of the Snake","Bottled Lightning","Pantograph","Philosopher\u0027s Stone","Smiling Mask","Juzu Bracelet","Cursed Key","Red Mask","Bronze Scales","Bag of Marbles"],"potions_floor_usage":[50,50,50],"damage_taken":[{"damage":0.0,"enemies":"Cultist","floor":1.0,"turns":4.0},{"damage":0.0,"enemies":"Small Slimes","floor":3.0,"turns":3.0},{"damage":0.0,"enemies":"Jaw Worm","floor":5.0,"turns":3.0},{"damage":19.0,"enemies":"3 Sentries","floor":7.0,"turns":11.0},{"damage":2.0,"enemies":"Exordium Wildlife","floor":10.0,"turns":6.0},{"damage":0.0,"enemies":"Looter","floor":13.0,"turns":4.0},{"damage":0.0,"enemies":"The Guardian","floor":16.0,"turns":11.0},{"damage":0.0,"enemies":"Shell Parasite","floor":18.0,"turns":6.0},{"damage":13.0,"enemies":"2 Thieves","floor":20.0,"turns":5.0},{"damage":0.0,"enemies":"Snecko","floor":22.0,"turns":7.0},{"damage":53.0,"enemies":"Slavers","floor":24.0,"turns":9.0},{"damage":5.0,"enemies":"Champ","floor":33.0,"turns":15.0},{"damage":0.0,"enemies":"3 Shapes","floor":35.0,"turns":7.0},{"damage":0.0,"enemies":"Orb Walker","floor":36.0,"turns":4.0},{"damage":0.0,"enemies":"4 Shapes","floor":38.0,"turns":5.0},{"damage":1,"enemies":"Writhing Mass","floor":41,"turns":5},{"damage":5,"enemies":"Spire Growth","floor":44,"turns":4},{"damage":0,"enemies":"Maw","floor":45,"turns":5},{"damage":0,"enemies":"Writhing Mass","floor":48,"turns":4},{"damage":42,"enemies":"Time Eater","floor":50,"turns":6}],"seed_played":"8184508175056347080","potions_obtained":[{"floor":3.0,"key":"Poison Potion"},{"floor":10.0,"key":"Regen Potion"},{"floor":13.0,"key":"Strength Potion"},{"floor":20.0,"key":"EssenceOfSteel"},{"floor":24.0,"key":"LiquidBronze"},{"floor":35.0,"key":"Strength Potion"},{"floor":41,"key":"LiquidBronze"},{"floor":44,"key":"Regen Potion"},{"floor":48,"key":"Dexterity Potion"}],"is_trial":false,"path_per_floor":["M","?","M","?","M","R","E","R","T","M","$","R","M","$","R","B",null,"M","$","M","?","M","R","E","R","T","R","$","R","?","?","R","B",null,"M","M","$","M","?","R","M","R","T","M","M","T","R","M","R","B"],"character_chosen":"THE_SILENT","items_purchased":["Well Laid Plans","Catalyst"],"campfire_rested":0,"item_purchase_floors":[11,37],"current_hp_per_floor":[70,75,75,75,75,75,56,56,56,54,54,54,54,54,54,75,75,75,75,62,62,62,62,23,23,23,23,23,23,23,23,23,43,75,75,75,75,75,75,75,74,74,74,69,69,69,69,69,69,43],"gold":113,"neow_bonus":"UPGRADE_CARD","is_prod":false,"is_daily":false,"chose_seed":false,"campfire_upgraded":13,"win_rate":0,"timestamp":1540825757,"path_taken":["M","?","M","?","M","R","E","R","T","M","?","R","M","$","R","BOSS","M","$","M","?","M","R","E","R","T","R","$","R","?","?","R","BOSS","M","M","$","M","?","R","M","R","T","M","M","?","R","M","R","BOSS"],"build_version":"2018-10-25v2","purchased_purges":4,"victory":true,"max_hp_per_floor":[70,75,75,75,75,75,75,75,75,75,75,75,75,75,75,75,75,75,75,75,75,75,75,75,75,75,75,75,75,75,75,75,75,75,75,75,75,75,75,75,75,75,75,75,75,75,75,75,75,75],"card_choices":[{"not_picked":["Quick Slash","Backflip"],"picked":"Bouncing Flask","floor":1.0},{"not_picked":["Terror","Concentrate","Poisoned Stab"],"picked":"SKIP","floor":3.0},{"not_picked":["Dodge and Roll","Quick Slash","Acrobatics"],"picked":"SKIP","floor":5.0},{"not_picked":["Dagger Spray","Outmaneuver","Prepared"],"picked":"SKIP","floor":7.0},{"not_picked":["Riddle With Holes","Deflect","Endless Agony"],"picked":"SKIP","floor":10.0},{"not_picked":["Slice","Underhanded Strike","Masterful Stab"],"picked":"SKIP","floor":13.0},{"not_picked":["Tools of the Trade","After Image"],"picked":"Wraith Form v2","floor":16.0},{"not_picked":["Acrobatics","Prepared"],"picked":"Escape Plan+1","floor":18.0},{"not_picked":["Quick Slash","Dodge and Roll","Caltrops+1"],"picked":"SKIP","floor":20.0},{"not_picked":["Leg Sweep","Dodge and Roll"],"picked":"Footwork","floor":22.0},{"not_picked":["Terror","Finisher","Underhanded Strike"],"picked":"SKIP","floor":24.0},{"not_picked":["Unload","Venomology"],"picked":"Burst","floor":33.0},{"not_picked":["Outmaneuver","Finisher+1"],"picked":"Deadly Poison","floor":35.0},{"not_picked":["Underhanded Strike+1","Eviscerate+1","Poisoned Stab"],"picked":"SKIP","floor":36.0},{"not_picked":["Poisoned Stab","Terror+1","Eviscerate"],"picked":"SKIP","floor":38.0},{"not_picked":["Cloak And Dagger+1","Deflect"],"picked":"Escape Plan","floor":41},{"not_picked":["Outmaneuver+1","Finisher"],"picked":"Backflip","floor":44},{"not_picked":["Flechettes","Distraction"],"picked":"PiercingWail+1","floor":45},{"not_picked":["Quick Slash+1","Dagger Spray+1","Outmaneuver+1"],"picked":"SKIP","floor":48}],"player_experience":730821,"relics_obtained":[{"floor":7.0,"key":"Bottled Lightning"},{"floor":9.0,"key":"Pantograph"},{"floor":24.0,"key":"Smiling Mask"},{"floor":26.0,"key":"Juzu Bracelet"},{"floor":43,"key":"Bronze Scales"},{"floor":46,"key":"Bag of Marbles"}],"event_choices":[{"damage_healed":0.0,"max_hp_gain":5.0,"max_hp_loss":0.0,"gold_gain":0.0,"event_name":"Big Fish","player_choice":"Donut","floor":2.0,"gold_loss":0.0,"damage_taken":0.0},{"damage_healed":0.0,"max_hp_gain":0.0,"max_hp_loss":0.0,"gold_gain":0.0,"event_name":"Match and Keep!","player_choice":"2 cards matched","floor":4.0,"gold_loss":0.0,"damage_taken":0.0,"cards_obtained":["Malaise","Dark Shackles"]},{"damage_healed":0.0,"max_hp_gain":0.0,"max_hp_loss":0.0,"gold_gain":0.0,"event_name":"The Library","player_choice":"Read","floor":21.0,"gold_loss":0.0,"damage_taken":0.0,"cards_obtained":["Noxious Fumes"]},{"cards_removed":["Strike_G"],"damage_healed":0.0,"max_hp_gain":0.0,"max_hp_loss":0.0,"gold_gain":0.0,"event_name":"Back to Basics","player_choice":"Elegance","floor":30.0,"gold_loss":0.0,"damage_taken":0.0},{"damage_healed":0.0,"max_hp_gain":0.0,"max_hp_loss":0.0,"gold_gain":0.0,"cards_transformed":["Defend_G","Strike_G"],"event_name":"Drug Dealer","player_choice":"Became Test Subject","floor":31.0,"gold_loss":0.0,"damage_taken":0.0,"cards_obtained":["Calculated Gamble","PiercingWail"]},{"damage_healed":0.0,"max_hp_gain":0.0,"max_hp_loss":0.0,"gold_gain":0.0,"event_name":"Tomb of Lord Red Mask","player_choice":"Paid","floor":39.0,"gold_loss":65.0,"damage_taken":0.0,"relics_obtained":["Red Mask"]}],"is_beta":false,"boss_relics":[{"not_picked":["Pandora\u0027s Box","Black Star"],"picked":"Philosopher\u0027s Stone"},{"not_picked":["Sozu","Snecko Eye"],"picked":"Cursed Key"}],"items_purged_floors":[11,19,28,37],"is_endless":false,"potions_floor_spawned":[3,10,13,20,22,24,35,41,44,48],"ascension_level":0}