{"gold_per_floor":[115,63,77,77,127,155,155,167,244,254,284,284,284,300,300,376,376,396,396,396,410,48,48,48,65,111,111,124,124,143,155,155,155],"floor_reached":33,"playtime":738,"items_purged":[],"score":564,"play_id":"3d69a6fa-4d51-4450-896d-e38d55293347","local_time":"20190223020146","is_ascension_mode":true,"campfire_choices":[{"data":"Beam Cell","floor":7.0,"key":"SMITH"},{"data":"Hologram","floor":12.0,"key":"SMITH"},{"data":"Blizzard","floor":15.0,"key":"SMITH"},{"data":"Turbo","floor":23.0,"key":"SMITH"},{"data":"Dualcast","floor":27.0,"key":"SMITH"},{"data":"Zap","floor":29,"key":"SMITH"},{"data":"Capacitor","floor":32,"key":"SMITH"}],"neow_cost":"NONE","seed_source_timestamp":453582855363604,"circlet_count":0,"master_deck":["AscendersBane","Strike_B+1","Strike_B+1","Strike_B+1","Defend_B+1","Defend_B+1","Defend_B+1","Defend_B+1","Zap+1","Dualcast+1","Compile Driver","Hologram+1","Streamline+1","Beam Cell+1","Cold Snap","Compile Driver","Blizzard+1","Cold Snap","Electrodynamics","Glacier+1","Turbo+1","Capacitor+1","Stack","Coolheaded+1","Compile Driver","Chill"],"special_seed":0,"relics":["Cracked Core","NeowsBlessing","Smiling Mask","Pear","Ice Cream","Coffee Dripper","Medical Kit","Happy Flower"],"potions_floor_usage":[28,31],"damage_taken":[{"damage":0.0,"enemies":"Cultist","floor":1.0,"turns":1.0},{"damage":0.0,"enemies":"Small Slimes","floor":3.0,"turns":1.0},{"damage":0.0,"enemies":"Gremlin Nob","floor":6.0,"turns":1.0},{"damage":0.0,"enemies":"2 Louse","floor":8.0,"turns":1.0},{"damage":8.0,"enemies":"Blue Slaver","floor":10.0,"turns":3.0},{"damage":27.0,"enemies":"Lagavulin","floor":11.0,"turns":5.0},{"damage":7.0,"enemies":"Exordium Wildlife","floor":14.0,"turns":4.0},{"damage":4.0,"enemies":"Hexaghost","floor":16.0,"turns":9.0},{"damage":12.0,"enemies":"Chosen","floor":18.0,"turns":5.0},{"damage":16.0,"enemies":"Shell Parasite","floor":21.0,"turns":6.0},{"damage":0.0,"enemies":"Centurion and Healer","floor":25.0,"turns":6.0},{"damage":0,"enemies":"Cultist and Chosen","floor":28,"turns":5},{"damage":7,"enemies":"Sentry and Sphere","floor":30,"turns":4},{"damage":3,"enemies":"Snecko","floor":31,"turns":5},{"damage":6,"enemies":"Automaton","floor":33,"turns":2}],"seed_played":"-1176050536872048703","potions_obtained":[{"floor":6.0,"key":"LiquidBronze"},{"floor":10.0,"key":"Fire Potion"},{"floor":25.0,"key":"SteroidPotion"},{"floor":28,"key":"Ancient Potion"}],"is_trial":false,"path_per_floor":["M","$","M","?","?","E","R","M","T","M","E","R","?","M","R","B",null,"M","?","?","M","$","R","?","M","T","R","M","R","M","M","R","B"],"character_chosen":"DEFECT","items_purchased":["Hologram","Medical Kit","Capacitor","Stack"],"campfire_rested":0,"item_purchase_floors":[2,22,22,22],"current_hp_per_floor":[64,64,64,57,50,50,50,50,60,52,25,25,25,18,18,14,64,52,52,52,36,36,36,13,13,13,13,13,13,6,3,3,0],"gold":155,"neow_bonus":"THREE_ENEMY_KILL","is_prod":false,"is_daily":false,"chose_seed":false,"campfire_upgraded":7,"win_rate":0,"timestamp":1550858506,"path_taken":["M","$","M","?","?","E","R","?","T","M","E","R","?","M","R","BOSS","M","?","?","M","$","R","?","M","T","R","M","R","M","?","R","BOSS"],"build_version":"2019-01-23","purchased_purges":0,"victory":false,"max_hp_per_floor":[71,71,71,71,71,71,71,71,81,81,81,81,81,81,81,81,81,81,81,81,81,81,81,86,86,86,86,86,86,86,86,86,86],"card_choices":[{"not_picked":["Stack","Streamline"],"picked":"Compile Driver","floor":1.0},{"not_picked":["Leap","Fusion"],"picked":"Streamline","floor":3.0},{"not_picked":["Hologram","Creative AI"],"picked":"Beam Cell","floor":6.0},{"not_picked":["Reinforced Body","Redo"],"picked":"Cold Snap","floor":8.0},{"not_picked":["Sweeping Beam","White Noise"],"picked":"Compile Driver","floor":10.0},{"not_picked":["Hello World","Gash"],"picked":"Blizzard","floor":11.0},{"not_picked":["Sweeping Beam","Barrage"],"picked":"Cold Snap","floor":14.0},{"not_picked":["Fission","Machine Learning"],"picked":"Electrodynamics","floor":16.0},{"not_picked":["Genetic Algorithm","Cold Snap"],"picked":"Glacier+1","floor":18.0},{"not_picked":["Barrage","Conserve Battery"],"picked":"Turbo","floor":21.0},{"not_picked":["Redo","Chaos"],"picked":"Coolheaded+1","floor":25.0},{"not_picked":["Tempest","Go for the Eyes"],"picked":"Compile Driver","floor":28},{"not_picked":["White Noise","Barrage","Conserve Battery"],"picked":"SKIP","floor":30},{"not_picked":["Rebound+1","Gash"],"picked":"Chill","floor":31}],"player_experience":926089,"relics_obtained":[{"floor":6.0,"key":"Smiling Mask"},{"floor":9.0,"key":"Pear"},{"floor":11.0,"key":"Ice Cream"},{"floor":26.0,"key":"Happy Flower"}],"event_choices":[{"cards_removed":["Strike_B"],"damage_healed":0.0,"max_hp_gain":0.0,"max_hp_loss":0.0,"gold_gain":0.0,"event_name":"Golden Wing","player_choice":"Card Removal","floor":4.0,"gold_loss":0.0,"damage_taken":7.0},{"damage_healed":0.0,"max_hp_gain":0.0,"max_hp_loss":0.0,"gold_gain":50.0,"event_name":"FaceTrader","player_choice":"Touch","floor":5.0,"gold_loss":0.0,"damage_taken":7.0},{"damage_healed":0.0,"max_hp_gain":0.0,"max_hp_loss":0.0,"gold_gain":0.0,"event_name":"Living Wall","player_choice":"Grow","floor":13.0,"gold_loss":0.0,"damage_taken":0.0,"cards_upgraded":["Streamline"]},{"damage_healed":0.0,"max_hp_gain":0.0,"max_hp_loss":0.0,"gold_gain":0.0,"event_name":"Back to Basics","player_choice":"Simplicity","floor":19.0,"gold_loss":0.0,"damage_taken":0.0,"cards_upgraded":["Strike_B","Strike_B","Strike_B","Defend_B","Defend_B","Defend_B","Defend_B"]},{"damage_healed":0.0,"max_hp_gain":0.0,"max_hp_loss":0.0,"gold_gain":0.0,"event_name":"Vampires","player_choice":"Ignored","floor":20.0,"gold_loss":0.0,"damage_taken":0.0},{"damage_healed":0.0,"max_hp_gain":5.0,"max_hp_loss":0.0,"gold_gain":0.0,"event_name":"Forgotten Altar","player_choice":"Shed Blood","floor":24.0,"gold_loss":0.0,"damage_taken":28.0}],"is_beta":false,"boss_relics":[{"not_picked":["Velvet Choker","Nuclear Battery"],"picked":"Coffee Dripper"}],"items_purged_floors":[],"is_endless":false,"potions_floor_spawned":[6,10,14,25,28],"killed_by":"Automaton","ascension_level":20}