{"gold_per_floor":[116,116,216,227,65,65,77,77,77,77,89,118,131,148,148,222,222,233,158,170,189,199,199,249,249,329,361,361,83,101,135,135,211,211,223,98,110,123,141,168,168,185,185,185,239,256,106,140,140,140,140,140,140,7,33,33],"floor_reached":56,"playtime":4475,"items_purged":["Strike_G","Strike_G","Strike_G","Strike_G"],"score":2308,"play_id":"8194bc89-eccc-4d1d-ac36-381fc52105a5","local_time":"20190218122426","is_ascension_mode":true,"campfire_choices":[{"data":"Deadly Poison","floor":6.0,"key":"SMITH"},{"data":"Neutralize","floor":8.0,"key":"SMITH"},{"data":"Footwork","floor":10.0,"key":"SMITH"},{"data":"Noxious Fumes","floor":15.0,"key":"SMITH"},{"data":"Tools of the Trade","floor":23.0,"key":"SMITH"},{"floor":25.0,"key":"RECALL"},{"data":"Footwork","floor":28.0,"key":"SMITH"},{"data":"Apotheosis","floor":32.0,"key":"SMITH"},{"data":"Blade Dance","floor":41.0,"key":"SMITH"},{"data":"Wraith Form v2","floor":44.0,"key":"SMITH"},{"data":"Survivor","floor":49.0,"key":"SMITH"},{"data":"Backflip","floor":53.0,"key":"SMITH"}],"neow_cost":"NONE","seed_source_timestamp":9702391826422,"circlet_count":0,"master_deck":["AscendersBane","Defend_G","Defend_G","Defend_G","Defend_G","Defend_G","Survivor+1","Neutralize+1","Die Die Die","Footwork+1","Deadly Poison+1","Backflip+1","Noxious Fumes+1","Backflip","Tools of the Trade+1","Footwork+1","Apotheosis+1","Blade Dance+1","Wraith Form v2+1","Cloak And Dagger+1","Noxious Fumes"],"special_seed":0,"relics":["Ring of the Snake","Art of War","Dead Branch","Paper Crane","Busted Crown","Matryoshka","FossilizedHelix","Red Mask","Runic Pyramid","PreservedInsect","Bronze Scales","Unceasing Top","Pen Nib","Letter Opener"],"potions_floor_usage":[56,56],"damage_taken":[{"damage":4.0,"enemies":"Small Slimes","floor":1.0,"turns":3.0},{"damage":0.0,"enemies":"2 Louse","floor":4.0,"turns":4.0},{"damage":1.0,"enemies":"Cultist","floor":7.0,"turns":4.0},{"damage":0.0,"enemies":"2 Fungi Beasts","floor":11.0,"turns":3.0},{"damage":5.0,"enemies":"3 Sentries","floor":12.0,"turns":3.0},{"damage":0.0,"enemies":"Large Slime","floor":13.0,"turns":4.0},{"damage":0.0,"enemies":"Blue Slaver","floor":14.0,"turns":4.0},{"damage":0.0,"enemies":"Hexaghost","floor":16.0,"turns":9.0},{"damage":0.0,"enemies":"Spheric Guardian","floor":18.0,"turns":5.0},{"damage":0.0,"enemies":"Chosen","floor":20.0,"turns":5.0},{"damage":0.0,"enemies":"Centurion and Healer","floor":21.0,"turns":8.0},{"damage":0.0,"enemies":"Snake Plant","floor":22.0,"turns":5.0},{"damage":29.0,"enemies":"Gremlin Leader","floor":27.0,"turns":10.0},{"damage":0.0,"enemies":"Snecko","floor":30.0,"turns":6.0},{"damage":14.0,"enemies":"Masked Bandits","floor":31.0,"turns":5.0},{"damage":8.0,"enemies":"Automaton","floor":33.0,"turns":11.0},{"damage":0.0,"enemies":"Orb Walker","floor":35.0,"turns":4.0},{"damage":0.0,"enemies":"3 Darklings","floor":37.0,"turns":6.0},{"damage":0.0,"enemies":"Writhing Mass","floor":38.0,"turns":8.0},{"damage":0.0,"enemies":"Spire Growth","floor":39.0,"turns":6.0},{"damage":0.0,"enemies":"Giant Head","floor":40.0,"turns":11.0},{"damage":0.0,"enemies":"4 Shapes","floor":42.0,"turns":6.0},{"damage":0.0,"enemies":"2 Orb Walkers","floor":45.0,"turns":4.0},{"damage":0.0,"enemies":"Transient","floor":46.0,"turns":6.0},{"damage":0.0,"enemies":"Reptomancer","floor":48.0,"turns":6.0},{"damage":0.0,"enemies":"Awakened One","floor":50.0,"turns":16.0},{"damage":0.0,"enemies":"Time Eater","floor":51.0,"turns":15.0},{"damage":43,"enemies":"Shield and Spear","floor":55,"turns":7},{"damage":23,"enemies":"The Heart","floor":56,"turns":8}],"seed_played":"2599346939158721026","potions_obtained":[{"floor":4.0,"key":"PowerPotion"},{"floor":7.0,"key":"Ancient Potion"},{"floor":13.0,"key":"GhostInAJar"},{"floor":33.0,"key":"Regen Potion"},{"floor":37.0,"key":"SkillPotion"}],"is_trial":false,"path_per_floor":["M","?","?","M","$","R","M","R","T","R","M","E","M","M","R","B",null,"M","$","M","M","M","R","?","R","T","E","R","$","M","?","R","B",null,"M","$","M","M","M","E","R","M","T","R","?","M","$","E","R","B","B",null,"R","$","E","B"],"character_chosen":"THE_SILENT","items_purchased":["Art of War","Apotheosis","Noxious Fumes","Swift Potion"],"campfire_rested":0,"item_purchase_floors":[5,29,54,54],"current_hp_per_floor":[55,48,48,48,48,48,47,47,47,47,47,42,42,42,42,42,60,60,60,60,60,60,60,60,60,60,31,31,31,31,17,17,9,52,52,52,66,66,66,66,66,66,66,66,66,66,66,66,66,66,66,66,66,66,23,0],"gold":33,"neow_bonus":"ONE_RANDOM_RARE_CARD","is_prod":false,"is_daily":false,"chose_seed":false,"campfire_upgraded":11,"win_rate":0,"timestamp":1550463866,"path_taken":["M","?","?","M","$","R","M","R","T","R","M","E","?","M","R","BOSS","M","$","M","M","M","R","?","R","T","E","R","$","M","?","R","BOSS","M","$","M","M","M","E","R","M","T","R","?","M","$","E","R","BOSS","BOSS","R","$","E","BOSS"],"build_version":"2019-01-23","purchased_purges":4,"victory":false,"max_hp_per_floor":[66,66,66,66,66,66,66,66,66,66,66,66,66,66,66,66,66,66,66,66,66,66,66,66,66,66,66,66,66,66,66,66,66,66,66,66,66,66,66,66,66,66,66,66,66,66,66,66,66,66,66,66,66,66,66,66],"card_choices":[{"not_picked":["Flying Knee","Prepared"],"picked":"Footwork","floor":1.0},{"not_picked":["Outmaneuver","Dash"],"picked":"Deadly Poison","floor":4.0},{"not_picked":["Underhanded Strike","Poisoned Stab"],"picked":"Backflip","floor":7.0},{"not_picked":["Quick Slash","Skewer","Acrobatics"],"picked":"SKIP","floor":11.0},{"not_picked":["Acrobatics","Accuracy","Expertise"],"picked":"SKIP","floor":12.0},{"not_picked":["Bane","Dodge and Roll"],"picked":"Noxious Fumes","floor":13.0},{"not_picked":["Bane","Eviscerate"],"picked":"Backflip","floor":14.0},{"not_picked":["Grand Finale","Glass Knife"],"picked":"Tools of the Trade","floor":16.0},{"not_picked":["Dagger Spray"],"picked":"SKIP","floor":18.0},{"not_picked":["Acrobatics"],"picked":"SKIP","floor":20.0},{"not_picked":["Flechettes"],"picked":"SKIP","floor":21.0},{"not_picked":["Bane"],"picked":"SKIP","floor":22.0},{"not_picked":[],"picked":"Footwork","floor":27.0},{"not_picked":["Flying Knee"],"picked":"SKIP","floor":30.0},{"not_picked":[],"picked":"Blade Dance","floor":31.0},{"not_picked":[],"picked":"Wraith Form v2","floor":33.0},{"not_picked":["Flying Knee+1"],"picked":"SKIP","floor":35.0},{"not_picked":[],"picked":"Cloak And Dagger+1","floor":37.0},{"not_picked":["All Out Attack"],"picked":"SKIP","floor":38.0},{"not_picked":["Quick Slash"],"picked":"SKIP","floor":39.0},{"not_picked":["Backflip"],"picked":"SKIP","floor":40.0},{"not_picked":["Predator"],"picked":"SKIP","floor":42.0},{"not_picked":["Terror"],"picked":"SKIP","floor":46.0},{"not_picked":["Cloak And Dagger"],"picked":"SKIP","floor":48.0},{"not_picked":["Well Laid Plans"],"picked":"SKIP","floor":55}],"player_experience":2894331,"relics_obtained":[{"floor":9.0,"key":"Dead Branch"},{"floor":12.0,"key":"Paper Crane"},{"floor":26.0,"key":"Matryoshka"},{"floor":27.0,"key":"FossilizedHelix"},{"floor":31.0,"key":"Red Mask"},{"floor":40.0,"key":"PreservedInsect"},{"floor":43.0,"key":"Bronze Scales"},{"floor":45.0,"key":"Unceasing Top"},{"floor":48.0,"key":"Pen Nib"},{"floor":55,"key":"Letter Opener"}],"event_choices":[{"cards_removed":["Strike_G"],"damage_healed":0.0,"max_hp_gain":0.0,"max_hp_loss":0.0,"gold_gain":0.0,"event_name":"Golden Wing","player_choice":"Card Removal","floor":2.0,"gold_loss":0.0,"damage_taken":7.0},{"damage_healed":0.0,"max_hp_gain":0.0,"max_hp_loss":0.0,"gold_gain":100.0,"event_name":"Wheel of Change","player_choice":"Gold","floor":3.0,"gold_loss":0.0,"damage_taken":0.0},{"damage_healed":0.0,"max_hp_gain":0.0,"max_hp_loss":0.0,"gold_gain":50.0,"event_name":"Nest","player_choice":"Stole From Cult","floor":24.0,"gold_loss":0.0,"damage_taken":0.0},{"damage_healed":0.0,"max_hp_gain":0.0,"max_hp_loss":0.0,"gold_gain":0.0,"event_name":"Masked Bandits","player_choice":"Fought Bandits","floor":31.0,"gold_loss":0.0,"damage_taken":0.0},{"damage_healed":0.0,"max_hp_gain":0.0,"max_hp_loss":0.0,"gold_gain":0.0,"event_name":"Mysterious Sphere","player_choice":"Fight","floor":45.0,"gold_loss":0.0,"damage_taken":0.0}],"is_beta":false,"boss_relics":[{"not_picked":["White Beast Statue","Snecko Eye"],"picked":"Busted Crown"},{"not_picked":["Tiny House","Astrolabe"],"picked":"Runic Pyramid"}],"items_purged_floors":[19,29,36,47],"is_endless":false,"potions_floor_spawned":[4,7,12,13,21,22,27,33,37,42,48,55],"killed_by":"The Heart","ascension_level":20}