{"gold_per_floor":[110,128,42,42,42,42,59,59,83,101,0,0,21,21,21,125,125,106,125,50,50,65,65,65,65,118,131,131,131,131,141,141,237,237,247,247,247,259,259,259,289,302,302,302,302,302,302,312,312,312],"floor_reached":51,"playtime":2002,"items_purged":["Strike_B"],"score":861,"play_id":"de016f2b-d812-4089-9f4c-0ea04a9c576a","local_time":"20190617122849","is_ascension_mode":false,"campfire_choices":[{"data":"Defragment","floor":6.0,"key":"SMITH"},{"data":"Dualcast","floor":8.0,"key":"SMITH"},{"data":"Defragment","floor":12.0,"key":"SMITH"},{"data":"Creative AI","floor":15.0,"key":"SMITH"},{"data":"Coolheaded","floor":23.0,"key":"SMITH"},{"data":"Zap","floor":25.0,"key":"SMITH"},{"data":"Heatsinks","floor":29.0,"key":"SMITH"},{"data":"Biased Cognition","floor":32.0,"key":"SMITH"},{"floor":40,"key":"RECALL"},{"data":"Blizzard","floor":44,"key":"SMITH"},{"floor":47,"key":"REST"},{"floor":49,"key":"REST"}],"neow_cost":"PERCENT_DAMAGE","seed_source_timestamp":152385287610,"circlet_count":0,"master_deck":["Zap+1","Dualcast+1","Defragment+1","BootSequence+1","Heatsinks+1","Cold Snap+1","Cold Snap+1","Chill+1","Defragment+1","Cold Snap+1","Creative AI+1","Biased Cognition+1","Cold Snap+1","Turbo+1","Coolheaded+1","Ghostly+1","Ghostly+1","Ghostly+1","Ghostly+1","Turbo+1","Amplify+1","FTL+1","Seek+1","Blizzard+1","Blizzard+1","Capacitor+1","Defragment+1","Ball Lightning+1","Blizzard+1","Blizzard+1"],"special_seed":0,"relics":["Cracked Core","Happy Flower","Odd Mushroom","Nuclear Battery","Orichalcum","Pandora\u0027s Box","Mark of the Bloom","Ornamental Fan","Dream Catcher"],"potions_floor_usage":[50,50],"damage_taken":[{"damage":0.0,"enemies":"Cultist","floor":1.0,"turns":2.0},{"damage":2.0,"enemies":"2 Louse","floor":2.0,"turns":3.0},{"damage":0.0,"enemies":"Small Slimes","floor":7.0,"turns":3.0},{"damage":0.0,"enemies":"Blue Slaver","floor":10.0,"turns":3.0},{"damage":0.0,"enemies":"The Mushroom Lair","floor":13.0,"turns":5.0},{"damage":14.0,"enemies":"Slime Boss","floor":16.0,"turns":7.0},{"damage":6.0,"enemies":"2 Thieves","floor":18.0,"turns":5.0},{"damage":0.0,"enemies":"Spheric Guardian","floor":19.0,"turns":3.0},{"damage":0.0,"enemies":"Chosen and Byrds","floor":22.0,"turns":8.0},{"damage":2.0,"enemies":"Snake Plant","floor":27.0,"turns":5.0},{"damage":0.0,"enemies":"Centurion and Healer","floor":31.0,"turns":13.0},{"damage":0.0,"enemies":"Champ","floor":33.0,"turns":13.0},{"damage":0.0,"enemies":"Orb Walker","floor":35.0,"turns":4.0},{"damage":0,"enemies":"3 Shapes","floor":38,"turns":5},{"damage":0,"enemies":"Nemesis","floor":41,"turns":7},{"damage":0,"enemies":"Maw","floor":42,"turns":6},{"damage":0,"enemies":"Writhing Mass","floor":48,"turns":6},{"damage":0,"enemies":"Time Eater","floor":50,"turns":8}],"seed_played":"-6014414420003266518","potions_obtained":[{"floor":1.0,"key":"SpeedPotion"},{"floor":10.0,"key":"Dexterity Potion"},{"floor":13.0,"key":"Ancient Potion"},{"floor":16.0,"key":"PowerPotion"},{"floor":27.0,"key":"Block Potion"}],"is_trial":false,"path_per_floor":["M","M","$","?","$","R","M","R","T","M","$","R","?","$","R","B",null,"M","M","$","?","M","R","$","R","T","M","?","R","?","M","R","B",null,"M","?","?","M","?","R","E","M","T","R","?","?","R","M","R","B",null],"character_chosen":"DEFECT","items_purchased":["Heatsinks","Cold Snap","Defragment","Cold Snap"],"campfire_rested":2,"item_purchase_floors":[3,3,11,11],"current_hp_per_floor":[54,52,52,52,52,52,52,52,52,52,52,52,52,52,52,38,75,69,69,69,69,69,69,69,69,69,67,37,37,37,37,37,37,37,37,37,37,37,37,37,37,37,37,37,37,37,37,37,37,37],"gold":312,"neow_bonus":"REMOVE_TWO","is_prod":false,"is_daily":false,"chose_seed":false,"campfire_upgraded":9,"win_rate":0,"timestamp":1560745729,"path_taken":["M","?","$","?","?","R","M","R","T","M","$","R","?","?","R","BOSS","M","M","$","?","M","R","$","R","T","M","?","R","?","?","R","BOSS","M","?","?","M","?","R","E","M","T","R","?","?","R","M","R","BOSS"],"build_version":"2019-01-23","purchased_purges":1,"victory":true,"max_hp_per_floor":[75,75,75,75,75,75,75,75,75,75,75,75,75,75,75,75,75,75,75,75,75,75,75,75,75,75,75,37,37,37,37,37,37,37,37,37,37,37,37,37,37,37,37,37,37,37,37,37,37,37],"card_choices":[{"not_picked":["Heatsinks","Turbo"],"picked":"Defragment","floor":1.0},{"not_picked":["Hologram","Fusion"],"picked":"BootSequence","floor":2.0},{"not_picked":["BootSequence","Conserve Battery"],"picked":"Cold Snap","floor":7.0},{"not_picked":["Melter","Turbo"],"picked":"Chill","floor":10.0},{"not_picked":["Stack","Steam"],"picked":"Creative AI","floor":13.0},{"not_picked":["Thunder Strike","Seek"],"picked":"Biased Cognition","floor":16.0},{"not_picked":["Glacier","Double Energy"],"picked":"Cold Snap+1","floor":18.0},{"not_picked":["Barrage","Stack"],"picked":"Turbo+1","floor":19.0},{"not_picked":["BootSequence","Reprogram+1"],"picked":"Coolheaded","floor":22.0},{"not_picked":["Conserve Battery","Auto Shields","Fusion"],"picked":"SKIP","floor":27.0},{"not_picked":["Gash","Conserve Battery"],"picked":"Turbo+1","floor":31.0},{"not_picked":["Reboot","Multi-Cast"],"picked":"Amplify","floor":33.0},{"not_picked":["Steam","Auto Shields"],"picked":"Defragment","floor":35.0},{"not_picked":["Hologram+1","Sweeping Beam"],"picked":"Ball Lightning","floor":38},{"not_picked":["Leap+1","Melter+1"],"picked":"Blizzard+1","floor":41},{"not_picked":["Static Discharge","Barrage+1"],"picked":"Blizzard","floor":42},{"not_picked":["Steam","Hologram+1","Leap+1"],"picked":"SKIP","floor":48}],"player_experience":5337152,"relics_obtained":[{"floor":9.0,"key":"Happy Flower"},{"floor":13.0,"key":"Odd Mushroom"},{"floor":26.0,"key":"Orichalcum"},{"floor":41,"key":"Ornamental Fan"},{"floor":43,"key":"Dream Catcher"}],"event_choices":[{"damage_healed":0.0,"max_hp_gain":0.0,"max_hp_loss":0.0,"gold_gain":0.0,"event_name":"NoteForYourself","player_choice":"Ignored","floor":4.0,"gold_loss":0.0,"damage_taken":0.0},{"damage_healed":0.0,"max_hp_gain":0.0,"max_hp_loss":0.0,"gold_gain":0.0,"event_name":"Mushrooms","player_choice":"Fought Mushrooms","floor":13.0,"gold_loss":0.0,"damage_taken":0.0},{"damage_healed":0.0,"max_hp_gain":0.0,"max_hp_loss":0.0,"gold_gain":0.0,"event_name":"Vampires","player_choice":"Ignored","floor":21.0,"gold_loss":0.0,"damage_taken":0.0},{"damage_healed":0.0,"max_hp_gain":0.0,"max_hp_loss":38.0,"gold_gain":0.0,"event_name":"Ghosts","player_choice":"Became a Ghost","floor":28.0,"gold_loss":0.0,"damage_taken":0.0,"cards_obtained":["Ghostly","Ghostly","Ghostly","Ghostly","Ghostly"]},{"damage_healed":0.0,"max_hp_gain":0.0,"max_hp_loss":0.0,"gold_gain":0.0,"event_name":"Lab","player_choice":"Got Potions","floor":30.0,"gold_loss":0.0,"damage_taken":0.0},{"damage_healed":0.0,"max_hp_gain":0.0,"max_hp_loss":0.0,"gold_gain":0.0,"event_name":"Tomb of Lord Red Mask","player_choice":"Ignored","floor":36.0,"gold_loss":0.0,"damage_taken":0.0},{"damage_healed":0,"gold_gain":0,"player_choice":"Ignored","damage_taken":0,"max_hp_gain":0,"max_hp_loss":0,"event_name":"Mysterious Sphere","floor":37,"gold_loss":0},{"damage_healed":0,"gold_gain":0,"player_choice":"Upgrade","damage_taken":0,"relics_obtained":["Mark of the Bloom"],"max_hp_gain":0,"max_hp_loss":0,"event_name":"MindBloom","floor":39,"gold_loss":0,"cards_upgraded":["BootSequence","Cold Snap","Cold Snap","Chill","Cold Snap","Ghostly","Ghostly","Ghostly","Ghostly","Ghostly","Amplify","FTL","Seek","Blizzard","Blizzard","Capacitor","Defragment","Ball Lightning"]},{"damage_healed":0,"gold_gain":0,"player_choice":"Memory 1","damage_taken":0,"max_hp_gain":0,"max_hp_loss":0,"event_name":"SensoryStone","floor":45,"gold_loss":0},{"cards_removed":["Ghostly"],"damage_healed":0,"gold_gain":0,"player_choice":"Removed Skill","damage_taken":0,"max_hp_gain":0,"max_hp_loss":0,"event_name":"Falling","floor":46,"gold_loss":0}],"is_beta":false,"boss_relics":[{"not_picked":["FrozenCore","Snecko Eye"],"picked":"Nuclear Battery"},{"not_picked":["Orrery","Calling Bell"],"picked":"Pandora\u0027s Box"}],"items_purged_floors":[20],"is_endless":false,"potions_floor_spawned":[1,10,13,16,19,27,33,41,48],"ascension_level":0}