{"gold_per_floor":[219,232,244,244,169,180,199,199,247,261,278,178,197,213,213,309,309,324,340,136,155,155,155,180,30,83,5,5,5,25,25,25,124,124,134,134,134,146,246,246,246,246,246,71,90,105,105,125,125,125],"floor_reached":51,"playtime":1814,"items_purged":["Strike_G","Strike_G","Strike_G","Strike_G","Defend_G"],"score":686,"play_id":"36e80264-4cdd-4081-801c-253dc5d57081","local_time":"20181030232521","is_ascension_mode":false,"campfire_choices":[{"data":"Well Laid Plans","floor":8,"key":"SMITH"},{"data":"Corpse Explosion","floor":15,"key":"SMITH"},{"data":"Well Laid Plans","floor":23,"key":"SMITH"},{"data":"Noxious Fumes","floor":29,"key":"SMITH"},{"data":"Wraith Form v2","floor":32,"key":"SMITH"},{"data":"Wraith Form v2","floor":40,"key":"SMITH"},{"data":"Night Terror","floor":42,"key":"SMITH"},{"data":"Grand Finale","floor":47,"key":"SMITH"},{"data":"Deadly Poison","floor":49,"key":"SMITH"}],"neow_cost":"NONE","seed_source_timestamp":47044714720647,"circlet_count":0,"master_deck":["Defend_G","Defend_G","Defend_G","Strike_G","Survivor","Neutralize","Backstab","All Out Attack","Corpse Explosion+1","Well Laid Plans+1","Unload","Unload","Deadly Poison+1","Noxious Fumes+1","Well Laid Plans+1","Grand Finale+1","Crippling Poison+1","Wraith Form v2+1","Night Terror+1","Wraith Form v2+1","Backflip","Noxious Fumes+1","Well Laid Plans+1","Dodge and Roll+1"],"relics":["Ring of the Snake","Happy Flower","Eternal Feather","Bottled Lightning","Boot","Philosopher\u0027s Stone","Gremlin Horn"],"potions_floor_usage":[24,50,50],"damage_taken":[{"damage":0,"enemies":"2 Louse","floor":1,"turns":3},{"damage":0,"enemies":"Cultist","floor":2,"turns":3},{"damage":0,"enemies":"Small Slimes","floor":3,"turns":1},{"damage":0,"enemies":"Red Slaver","floor":6,"turns":4},{"damage":0,"enemies":"Looter","floor":7,"turns":4},{"damage":1,"enemies":"Exordium Wildlife","floor":10,"turns":3},{"damage":7,"enemies":"Large Slime","floor":11,"turns":6},{"damage":0,"enemies":"Looter","floor":13,"turns":2},{"damage":2,"enemies":"Blue Slaver","floor":14,"turns":3},{"damage":27,"enemies":"The Guardian","floor":16,"turns":11},{"damage":0,"enemies":"3 Byrds","floor":18,"turns":2},{"damage":0,"enemies":"Chosen","floor":19,"turns":4},{"damage":32,"enemies":"Snake Plant","floor":21,"turns":5},{"damage":0,"enemies":"Slavers","floor":24,"turns":1},{"damage":7,"enemies":"Centurion and Healer","floor":30,"turns":5},{"damage":28,"enemies":"Collector","floor":33,"turns":6},{"damage":13,"enemies":"Orb Walker","floor":35,"turns":4},{"damage":14,"enemies":"3 Darklings","floor":38,"turns":4},{"damage":7,"enemies":"Mind Bloom Boss Battle","floor":39,"turns":6},{"damage":4,"enemies":"Spire Growth","floor":45,"turns":5},{"damage":2,"enemies":"Transient","floor":46,"turns":5},{"damage":18,"enemies":"4 Shapes","floor":48,"turns":4},{"damage":44,"enemies":"Awakened One","floor":50,"turns":13}],"seed_played":"7586758667294654981","potions_obtained":[{"floor":3,"key":"SkillPotion"},{"floor":7,"key":"FearPotion"},{"floor":11,"key":"Fire Potion"},{"floor":30,"key":"Energy Potion"},{"floor":35,"key":"PowerPotion"}],"is_trial":false,"path_per_floor":["M","M","M","?","$","M","M","R","T","M","M","$","M","M","R","B",null,"M","M","$","M","?","R","E","$","T","$","?","R","M","?","R","B",null,"M","?","$","M","?","R","?","R","T","$","M","M","R","M","R","B"],"character_chosen":"THE_SILENT","items_purchased":["Noxious Fumes","Wraith Form v2"],"campfire_rested":0,"item_purchase_floors":[20,27],"current_hp_per_floor":[70,70,70,70,70,70,70,70,70,69,62,62,62,60,60,33,70,70,70,70,38,38,47,47,47,47,47,47,59,52,52,64,36,70,57,57,57,43,36,48,48,60,60,60,56,54,66,48,60,16],"gold":125,"neow_bonus":"HUNDRED_GOLD","is_prod":false,"is_daily":false,"chose_seed":false,"campfire_upgraded":9,"win_rate":0,"timestamp":1540913121,"path_taken":["M","M","M","?","$","M","M","R","T","M","M","$","M","M","R","BOSS","M","M","$","M","?","R","E","$","T","$","?","R","M","?","R","BOSS","M","?","$","M","?","R","?","R","T","$","?","M","R","M","R","BOSS"],"build_version":"2018-10-25v2","purchased_purges":5,"victory":true,"max_hp_per_floor":[70,70,70,70,70,70,70,70,70,70,70,70,70,70,70,70,70,70,70,70,70,70,70,70,70,70,70,70,70,70,70,70,70,70,70,70,70,70,70,70,70,70,70,70,70,70,70,70,70,70],"card_choices":[{"not_picked":["Deflect","Cloak And Dagger"],"picked":"Backstab","floor":1},{"not_picked":["Prepared","Sucker Punch"],"picked":"All Out Attack","floor":2},{"not_picked":["Flying Knee","PiercingWail","Expertise"],"picked":"SKIP","floor":3},{"not_picked":["Masterful Stab","Dagger Spray","Crippling Poison"],"picked":"SKIP","floor":6},{"not_picked":["Flechettes","Deadly Poison"],"picked":"Well Laid Plans","floor":7},{"not_picked":["Calculated Gamble","Sucker Punch","Blade Dance"],"picked":"SKIP","floor":10},{"not_picked":["Heel Hook","Choke"],"picked":"Unload","floor":11},{"not_picked":["Flying Knee","Calculated Gamble","Blur"],"picked":"SKIP","floor":13},{"not_picked":["Prepared","Dagger Throw","PiercingWail"],"picked":"SKIP","floor":14},{"not_picked":["Die Die Die","Bullet Time"],"picked":"Unload","floor":16},{"not_picked":["Flying Knee+1","Slice+1","Flechettes"],"picked":"SKIP","floor":18},{"not_picked":["Terror+1","Poisoned Stab+1"],"picked":"Deadly Poison","floor":19},{"not_picked":["Blade Dance+1","Deadly Poison"],"picked":"Well Laid Plans","floor":21},{"not_picked":["Sucker Punch+1","Poisoned Stab+1"],"picked":"Crippling Poison+1","floor":24},{"not_picked":["Blur","Poisoned Stab","Concentrate"],"picked":"SKIP","floor":30},{"not_picked":["Grand Finale","After Image"],"picked":"Wraith Form v2","floor":33},{"not_picked":["Noxious Fumes","Flechettes+1","Flying Knee"],"picked":"SKIP","floor":35},{"not_picked":["PiercingWail","Deadly Poison","Underhanded Strike"],"picked":"SKIP","floor":38},{"not_picked":["Cloak And Dagger","Bane+1"],"picked":"Backflip","floor":39},{"not_picked":["Envenom","Masterful Stab+1"],"picked":"Noxious Fumes+1","floor":45},{"not_picked":["Sucker Punch","Flechettes+1"],"picked":"Well Laid Plans+1","floor":46},{"not_picked":["Tactician","Blur"],"picked":"Dodge and Roll+1","floor":48}],"player_experience":758709,"relics_obtained":[{"floor":9,"key":"Happy Flower"},{"floor":24,"key":"Bottled Lightning"},{"floor":26,"key":"Boot"},{"floor":43,"key":"Gremlin Horn"}],"event_choices":[{"damage_healed":0,"gold_gain":0,"player_choice":"1 cards matched","damage_taken":0,"max_hp_gain":0,"max_hp_loss":0,"event_name":"Match and Keep!","floor":4,"gold_loss":0,"cards_obtained":["Corpse Explosion"]},{"damage_healed":0,"gold_gain":0,"player_choice":"1 cards matched","damage_taken":0,"max_hp_gain":0,"max_hp_loss":0,"event_name":"Match and Keep!","floor":22,"gold_loss":0,"cards_obtained":["Grand Finale"]},{"damage_healed":0,"gold_gain":0,"player_choice":"Ignored","damage_taken":0,"max_hp_gain":0,"max_hp_loss":0,"event_name":"Cursed Tome","floor":28,"gold_loss":0},{"damage_healed":0,"gold_gain":0,"player_choice":"Read","damage_taken":0,"max_hp_gain":0,"max_hp_loss":0,"event_name":"The Library","floor":31,"gold_loss":0,"cards_obtained":["Night Terror"]},{"damage_healed":0,"gold_gain":0,"player_choice":"Ignored","damage_taken":0,"max_hp_gain":0,"max_hp_loss":0,"event_name":"Tomb of Lord Red Mask","floor":36,"gold_loss":0},{"damage_healed":0,"gold_gain":0,"player_choice":"Fight","damage_taken":0,"max_hp_gain":0,"max_hp_loss":0,"event_name":"MindBloom","floor":39,"gold_loss":0},{"cards_removed":["Defend_G"],"damage_healed":0,"gold_gain":0,"player_choice":"Removed Skill","damage_taken":0,"max_hp_gain":0,"max_hp_loss":0,"event_name":"Falling","floor":41,"gold_loss":0}],"is_beta":false,"boss_relics":[{"not_picked":["Ring of the Serpent","Calling Bell"],"picked":"Eternal Feather"},{"not_picked":["HoveringKite","Orrery"],"picked":"Philosopher\u0027s Stone"}],"items_purged_floors":[5,12,20,25,44],"is_endless":false,"potions_floor_spawned":[3,7,11,16,19,30,33,35,46,48],"ascension_level":0}