{"gold_per_floor":[113,188,188,206,221,221,231,97,120,148,148,148,173,184,184,259,259,275,175,193,243,259,293,312,312,381,381,411,411,511,561,561,561],"floor_reached":33,"playtime":1524,"items_purged":["Pain","Strike_R"],"score":586,"play_id":"84a9a91f-1451-4328-8170-da0664350076","local_time":"20190721170856","is_ascension_mode":true,"campfire_choices":[{"floor":6,"key":"REST"},{"data":"Whirlwind","floor":11,"key":"SMITH"},{"data":"Searing Blow","floor":15,"key":"SMITH"},{"data":"Demon Form","floor":27,"key":"SMITH"},{"floor":29,"key":"REST"},{"floor":32,"key":"REST"}],"neow_cost":"TEN_PERCENT_HP_LOSS","seed_source_timestamp":20371788116200,"circlet_count":0,"master_deck":["AscendersBane","Strike_R","Strike_R","Defend_R","Defend_R","Defend_R+1","Bash","Disarm","Spot Weakness+1","Wild Strike","Battle Trance","Cleave","Whirlwind+1","Searing Blow+1","Disarm","Demon Form+1","Shrug It Off","Feel No Pain","Shrug It Off","Fiend Fire","Thunderclap"],"relics":["Burning Blood","WarpedTongs","War Paint","Strawberry","Blood Vial","Velvet Choker","Lantern","Bottled Tornado","The Courier","Mercury Hourglass","Girya","Letter Opener"],"potions_floor_usage":[10,13,23,28,30],"damage_taken":[{"damage":14,"enemies":"Small Slimes","floor":1,"turns":5},{"damage":7,"enemies":"2 Louse","floor":4,"turns":3},{"damage":8,"enemies":"Cultist","floor":5,"turns":3},{"damage":16,"enemies":"3 Louse","floor":7,"turns":5},{"damage":28,"enemies":"Gremlin Nob","floor":10,"turns":4},{"damage":18,"enemies":"Lagavulin","floor":13,"turns":5},{"damage":14,"enemies":"Lots of Slimes","floor":14,"turns":3},{"damage":6,"enemies":"Hexaghost","floor":16,"turns":9},{"damage":16,"enemies":"3 Byrds","floor":18,"turns":3},{"damage":13,"enemies":"Spheric Guardian","floor":20,"turns":4},{"damage":0,"enemies":"Centurion and Healer","floor":22,"turns":3},{"damage":1,"enemies":"Book of Stabbing","floor":23,"turns":5},{"damage":12,"enemies":"3 Cultists","floor":24,"turns":3},{"damage":60,"enemies":"Slavers","floor":28,"turns":5},{"damage":22,"enemies":"Colosseum Slavers","floor":30,"turns":3},{"damage":18,"enemies":"Colosseum Nobs","floor":30,"turns":3},{"damage":80,"enemies":"Automaton","floor":33,"turns":6}],"seed_played":"4882159087763955053","potions_obtained":[{"floor":1,"key":"BloodPotion"},{"floor":4,"key":"Energy Potion"},{"floor":22,"key":"Block Potion"},{"floor":23,"key":"Ancient Potion"},{"floor":24,"key":"LiquidBronze"}],"is_trial":false,"path_per_floor":["M","?","?","M","M","R","M","$","T","E","R","?","E","M","R","B",null,"M","$","M","T","M","E","M","?","T","R","E","R","?","?","R","B"],"character_chosen":"IRONCLAD","items_purchased":["Cleave"],"campfire_rested":3,"item_purchase_floors":[8],"current_hp_per_floor":[60,49,49,48,46,66,56,56,56,58,58,58,46,40,40,42,67,59,59,54,54,62,69,65,65,65,65,13,35,11,11,33,0],"gold":561,"neow_bonus":"REMOVE_TWO","is_prod":false,"is_daily":false,"chose_seed":false,"campfire_upgraded":3,"win_rate":0,"timestamp":1563721736,"path_taken":["M","?","?","M","?","R","M","$","T","E","R","?","E","M","R","BOSS","M","$","?","?","?","E","M","?","T","R","E","R","?","?","R","BOSS"],"build_version":"2019-07-17","purchased_purges":2,"victory":false,"max_hp_per_floor":[68,68,68,68,68,68,68,68,68,75,75,75,75,75,75,75,75,75,75,75,75,75,75,75,75,75,75,75,75,75,75,75,75],"card_choices":[{"not_picked":["Evolve","True Grit"],"picked":"Disarm","floor":1},{"not_picked":["Shrug It Off","Heavy Blade"],"picked":"Spot Weakness","floor":4},{"not_picked":["Clothesline","Havoc"],"picked":"Wild Strike","floor":5},{"not_picked":["Thunderclap","Iron Wave"],"picked":"Battle Trance","floor":7},{"not_picked":["Ghostly Armor","Flame Barrier"],"picked":"Whirlwind","floor":10},{"not_picked":["Fire Breathing","Infernal Blade"],"picked":"Searing Blow","floor":13},{"not_picked":["Cleave","Shockwave"],"picked":"Disarm","floor":14},{"not_picked":["Double Tap","Immolate"],"picked":"Demon Form","floor":16},{"not_picked":["Twin Strike","Sentinel"],"picked":"Shrug It Off","floor":18},{"not_picked":["Anger","Rampage","Evolve"],"picked":"SKIP","floor":20},{"not_picked":["Uppercut","Twin Strike","Searing Blow+1"],"picked":"SKIP","floor":22},{"not_picked":["Armaments","Second Wind"],"picked":"Feel No Pain","floor":23},{"not_picked":["Clothesline","Thunderclap+1"],"picked":"Shrug It Off","floor":24},{"not_picked":["Iron Wave","Heavy Blade","Second Wind"],"picked":"SKIP","floor":28},{"not_picked":["Dual Wield","Blood for Blood+1"],"picked":"Thunderclap","floor":30}],"player_experience":752501,"relics_obtained":[{"floor":9,"key":"War Paint"},{"floor":10,"key":"Strawberry"},{"floor":13,"key":"Blood Vial"},{"floor":21,"key":"Lantern"},{"floor":23,"key":"Bottled Tornado"},{"floor":26,"key":"The Courier"},{"floor":28,"key":"Mercury Hourglass"},{"floor":30,"key":"Girya"},{"floor":30,"key":"Letter Opener"}],"event_choices":[{"damage_healed":0,"gold_gain":75,"player_choice":"Gather Gold","damage_taken":11,"max_hp_gain":0,"max_hp_loss":0,"event_name":"World of Goop","floor":2,"gold_loss":0},{"damage_healed":0,"gold_gain":0,"player_choice":"Rummage","damage_taken":0,"relics_obtained":["WarpedTongs"],"max_hp_gain":0,"max_hp_loss":0,"event_name":"Accursed Blacksmith","floor":3,"gold_loss":0,"cards_obtained":["Pain"]},{"cards_removed":["Strike_R"],"damage_healed":0,"gold_gain":0,"player_choice":"Purged","damage_taken":0,"max_hp_gain":0,"max_hp_loss":0,"event_name":"Purifier","floor":12,"gold_loss":0},{"damage_healed":0,"gold_gain":0,"player_choice":"Read","damage_taken":0,"max_hp_gain":0,"max_hp_loss":0,"event_name":"The Library","floor":25,"gold_loss":0,"cards_obtained":["Fiend Fire"]},{"damage_healed":0,"gold_gain":0,"player_choice":"Fight","damage_taken":0,"max_hp_gain":0,"max_hp_loss":0,"event_name":"Colosseum","floor":30,"gold_loss":0},{"damage_healed":0,"gold_gain":0,"player_choice":"Fought Nobs","damage_taken":0,"max_hp_gain":0,"max_hp_loss":0,"event_name":"Colosseum","floor":30,"gold_loss":0},{"damage_healed":0,"gold_gain":50,"player_choice":"Stole From Cult","damage_taken":0,"max_hp_gain":0,"max_hp_loss":0,"event_name":"Nest","floor":31,"gold_loss":0}],"is_beta":false,"boss_relics":[{"not_picked":["Black Blood","Mark of Pain"],"picked":"Velvet Choker"}],"items_purged_floors":[8,19],"is_endless":false,"potions_floor_spawned":[1,4,22,23,24],"killed_by":"Automaton","ascension_level":20}