{"gold_per_floor":[114,134,84,103,14,34,34,34,34,34,51,70,70,80,80,175,175,193,193,193,193,193,193,181,199,226,226,226,246,265,280,280,378,378,390,436,451,451,451,451,451,78,78,103,3,3,3,17,17,17],"floor_reached":51,"playtime":4372,"items_purged":["Strike_B","Defend_B"],"score":642,"play_id":"672d0f8f-05ce-4db4-9e2a-4d3f77b9fe52","local_time":"20190613192005","is_ascension_mode":false,"campfire_choices":[{"data":"Defragment","floor":8.0,"key":"SMITH"},{"data":"Consume","floor":10.0,"key":"SMITH"},{"data":"Capacitor","floor":13.0,"key":"SMITH"},{"data":"Dualcast","floor":15.0,"key":"SMITH"},{"data":"Zap","floor":23.0,"key":"SMITH"},{"data":"Enlightenment","floor":28.0,"key":"SMITH"},{"data":"Seek","floor":32.0,"key":"SMITH"},{"floor":40.0,"key":"REST"},{"floor":47,"key":"REST"},{"floor":49,"key":"REST"}],"neow_cost":"NONE","seed_source_timestamp":24030598271432,"circlet_count":0,"master_deck":["Defend_B","Defend_B","Defend_B","Zap+1","Dualcast+1","All For One","Consume+1","Defragment+1","Melter","Enlightenment+1","Cold Snap","Cold Snap","Capacitor+1","Seek+1","Glacier","Chill","Creative AI","Undo+1","Heatsinks+1","Apotheosis","Deep Breath","Purity","Madness","Madness"],"special_seed":0,"relics":["Cracked Core","WarpedTongs","Du-Vu Doll","Empty Cage","Unceasing Top","Enchiridion","Centennial Puzzle","Fusion Hammer","Dead Branch","Gremlin Horn","FossilizedHelix","Blood Vial","Torii"],"potions_floor_usage":[50,50],"damage_taken":[{"damage":0.0,"enemies":"2 Louse","floor":1.0,"turns":2.0},{"damage":1.0,"enemies":"Cultist","floor":2.0,"turns":4.0},{"damage":6.0,"enemies":"Jaw Worm","floor":4.0,"turns":3.0},{"damage":9.0,"enemies":"Blue Slaver","floor":6.0,"turns":3.0},{"damage":5.0,"enemies":"3 Louse","floor":11.0,"turns":2.0},{"damage":8.0,"enemies":"Exordium Wildlife","floor":12.0,"turns":4.0},{"damage":8.0,"enemies":"Large Slime","floor":14.0,"turns":6.0},{"damage":25.0,"enemies":"Hexaghost","floor":16.0,"turns":8.0},{"damage":0.0,"enemies":"Chosen","floor":18.0,"turns":5.0},{"damage":0.0,"enemies":"Colosseum Slavers","floor":20.0,"turns":6.0},{"damage":4.0,"enemies":"2 Thieves","floor":24.0,"turns":4.0},{"damage":0.0,"enemies":"Snake Plant","floor":25.0,"turns":2.0},{"damage":0.0,"enemies":"Cultist and Chosen","floor":29.0,"turns":6.0},{"damage":0.0,"enemies":"Centurion and Healer","floor":30.0,"turns":6.0},{"damage":0.0,"enemies":"Shelled Parasite and Fungi","floor":31.0,"turns":5.0},{"damage":3.0,"enemies":"Champ","floor":33.0,"turns":12.0},{"damage":0.0,"enemies":"3 Darklings","floor":35.0,"turns":8.0},{"damage":4.0,"enemies":"2 Orb Walkers","floor":36.0,"turns":7.0},{"damage":0.0,"enemies":"3 Shapes","floor":37.0,"turns":4.0},{"damage":0,"enemies":"Reptomancer","floor":44,"turns":5},{"damage":0,"enemies":"Sphere and 2 Shapes","floor":48,"turns":3},{"damage":34,"enemies":"Time Eater","floor":50,"turns":7}],"seed_played":"-5766857661570518352","potions_obtained":[{"floor":2.0,"key":"Strength Potion"},{"floor":6.0,"key":"Swift Potion"},{"floor":11.0,"key":"EssenceOfSteel"},{"floor":24.0,"key":"LiquidBronze"},{"floor":30.0,"key":"GamblersBrew"}],"is_trial":false,"path_per_floor":["M","M","?","M","$","M","?","R","T","R","M","M","R","M","R","B",null,"M","?","?","?","?","R","M","M","T","?","R","M","M","M","R","B",null,"M","?","M","?","T","R","?","$","T","E","$","?","R","M","R","B",null],"character_chosen":"DEFECT","items_purchased":["Enlightenment","FossilizedHelix"],"campfire_rested":3,"item_purchase_floors":[5,42],"current_hp_per_floor":[75,74,74,68,68,59,59,59,59,59,54,46,46,38,38,13,75,75,61,61,61,45,45,41,41,41,41,41,41,41,41,41,38,80,80,76,76,76,76,80,70,70,70,72,72,62,80,80,80,46],"gold":17,"neow_bonus":"ONE_RANDOM_RARE_CARD","is_prod":false,"is_daily":false,"chose_seed":false,"campfire_upgraded":7,"win_rate":0,"timestamp":1560424805,"path_taken":["M","M","?","M","$","M","?","R","T","R","?","M","R","M","R","BOSS","M","?","?","?","?","R","M","M","T","?","R","M","?","M","R","BOSS","M","?","M","?","?","R","?","$","T","E","$","?","R","M","R","BOSS"],"build_version":"2019-01-23","purchased_purges":2,"victory":true,"max_hp_per_floor":[75,75,75,75,75,75,75,75,75,75,75,75,75,75,75,75,75,75,80,80,80,80,80,80,80,80,80,80,80,80,80,80,80,80,80,80,80,80,80,80,80,80,80,80,80,80,80,80,80,80],"card_choices":[{"not_picked":["Steam","Gash"],"picked":"Consume","floor":1.0},{"not_picked":["Auto Shields","Go for the Eyes"],"picked":"Defragment","floor":2.0},{"not_picked":["Leap","Melter","Lockon"],"picked":"SKIP","floor":4.0},{"not_picked":["Leap","Lockon"],"picked":"Melter","floor":4.0},{"not_picked":["Compile Driver","Go for the Eyes"],"picked":"Cold Snap","floor":6.0},{"not_picked":["Melter","Redo"],"picked":"Cold Snap","floor":11.0},{"not_picked":["Multi-Cast","Gash"],"picked":"Capacitor","floor":12.0},{"not_picked":["BootSequence","Go for the Eyes","Consume"],"picked":"SKIP","floor":14.0},{"not_picked":["Multi-Cast","Amplify"],"picked":"Seek","floor":16.0},{"not_picked":["Go for the Eyes","Hologram"],"picked":"Glacier","floor":18.0},{"not_picked":["Conserve Battery+1","Compile Driver","Gash"],"picked":"SKIP","floor":24.0},{"not_picked":["Fusion","Go for the Eyes","Rebound"],"picked":"SKIP","floor":25.0},{"not_picked":["Ball Lightning+1","Gash","Cold Snap"],"picked":"SKIP","floor":29.0},{"not_picked":["Rip and Tear","Rebound","Hologram"],"picked":"SKIP","floor":30.0},{"not_picked":["Hello World+1","Ball Lightning+1"],"picked":"Chill","floor":31.0},{"not_picked":["Fission","Multi-Cast"],"picked":"Creative AI","floor":33.0},{"not_picked":["Streamline+1","Stack"],"picked":"Undo+1","floor":35.0},{"not_picked":["Tempest+1","Rip and Tear+1"],"picked":"Heatsinks+1","floor":37.0},{"not_picked":["Flash of Steel","Secret Weapon"],"picked":"Apotheosis","floor":41.0},{"not_picked":["Blind","The Bomb"],"picked":"Deep Breath","floor":41.0},{"not_picked":["Blind","Thinking Ahead"],"picked":"Purity","floor":41.0},{"not_picked":["Streamline","Aggregate","Double Energy"],"picked":"SKIP","floor":44},{"not_picked":["Melter+1","Leap+1","Auto Shields+1"],"picked":"SKIP","floor":48}],"player_experience":5154779,"relics_obtained":[{"floor":9.0,"key":"Du-Vu Doll"},{"floor":22.0,"key":"Enchiridion"},{"floor":26.0,"key":"Centennial Puzzle"},{"floor":36.0,"key":"Dead Branch"},{"floor":39.0,"key":"Gremlin Horn"},{"floor":43.0,"key":"Blood Vial"},{"floor":44,"key":"Torii"}],"event_choices":[{"cards_removed":["Strike_B"],"damage_healed":0.0,"max_hp_gain":0.0,"max_hp_loss":0.0,"gold_gain":0.0,"event_name":"The Cleric","player_choice":"Card Removal","floor":3.0,"gold_loss":50.0,"damage_taken":0.0},{"damage_healed":0.0,"max_hp_gain":0.0,"max_hp_loss":0.0,"gold_gain":0.0,"event_name":"Accursed Blacksmith","player_choice":"Rummage","floor":7.0,"gold_loss":0.0,"damage_taken":0.0,"relics_obtained":["WarpedTongs"],"cards_obtained":["Pain"]},{"damage_healed":0.0,"max_hp_gain":5.0,"max_hp_loss":0.0,"gold_gain":0.0,"event_name":"Forgotten Altar","player_choice":"Shed Blood","floor":19.0,"gold_loss":0.0,"damage_taken":19.0},{"damage_healed":0.0,"max_hp_gain":0.0,"max_hp_loss":0.0,"gold_gain":0.0,"event_name":"Colosseum","player_choice":"Fight","floor":20.0,"gold_loss":0.0,"damage_taken":0.0},{"damage_healed":0.0,"max_hp_gain":0.0,"max_hp_loss":0.0,"gold_gain":0.0,"event_name":"Colosseum","player_choice":"Fled From Nobs","floor":20.0,"gold_loss":0.0,"damage_taken":0.0},{"damage_healed":0.0,"max_hp_gain":0.0,"max_hp_loss":0.0,"gold_gain":0.0,"event_name":"The Mausoleum","player_choice":"Opened","floor":21.0,"gold_loss":0.0,"damage_taken":0.0,"relics_obtained":["Unceasing Top"]},{"damage_healed":0.0,"max_hp_gain":0.0,"max_hp_loss":0.0,"gold_gain":0.0,"event_name":"Cursed Tome","player_choice":"Obtained Book","floor":22.0,"gold_loss":0.0,"damage_taken":16.0},{"cards_removed":["Strike_B"],"damage_healed":0.0,"max_hp_gain":0.0,"max_hp_loss":0.0,"gold_gain":0.0,"event_name":"Back to Basics","player_choice":"Elegance","floor":27.0,"gold_loss":0.0,"damage_taken":0.0},{"damage_healed":0.0,"max_hp_gain":0.0,"max_hp_loss":0.0,"gold_gain":0.0,"event_name":"Mysterious Sphere","player_choice":"Fight","floor":36.0,"gold_loss":0.0,"damage_taken":0.0},{"damage_healed":0.0,"max_hp_gain":0.0,"max_hp_loss":0.0,"gold_gain":0.0,"event_name":"Tomb of Lord Red Mask","player_choice":"Ignored","floor":38.0,"gold_loss":0.0,"damage_taken":0.0},{"damage_healed":0.0,"max_hp_gain":0.0,"max_hp_loss":0.0,"gold_gain":0.0,"event_name":"SensoryStone","player_choice":"Memory 3","floor":41.0,"gold_loss":0.0,"damage_taken":10.0},{"damage_healed":0,"gold_gain":0,"player_choice":"Embrace Madness","damage_taken":10,"max_hp_gain":0,"max_hp_loss":0,"event_name":"Winding Halls","floor":46,"gold_loss":0,"cards_obtained":["Madness","Madness"]}],"is_beta":false,"boss_relics":[{"not_picked":["Tiny House","Cursed Key"],"picked":"Empty Cage"},{"not_picked":["Eternal Feather","Black Star"],"picked":"Fusion Hammer"}],"items_purged_floors":[42,45],"is_endless":false,"potions_floor_spawned":[2,6,11,24,30,44,48],"ascension_level":0}