{"gold_per_floor":[113,125,125,125,144,144,165,185,232,232,33,33,53,77,77,176,176,197,11,30,30,46,82,82,117,194,194,194,209,242,256,256,347,347,363,423,438,462,33,74,74,74,101,135,151,151,166,206,206,206,206,206,206,56,89,89],"floor_reached":57,"playtime":3246,"items_purged":["Strike_G","Finisher","Poisoned Stab","Tools of the Trade+1"],"score":3713,"play_id":"4f865353-4f16-49ad-8616-154e0973e99b","local_time":"20190224173502","is_ascension_mode":true,"campfire_choices":[{"data":"Deadly Poison","floor":6.0,"key":"SMITH"},{"data":"Bouncing Flask","floor":12.0,"key":"SMITH"},{"data":"Expertise","floor":15.0,"key":"SMITH"},{"data":"Acrobatics","floor":24.0,"key":"SMITH"},{"data":"Well Laid Plans","floor":28.0,"key":"SMITH"},{"data":"Tools of the Trade","floor":32.0,"key":"SMITH"},{"data":"Eviscerate","floor":41.0,"key":"SMITH"},{"data":"Tactician","floor":46.0,"key":"SMITH"},{"floor":49,"key":"RECALL"},{"data":"Backflip","floor":53,"key":"SMITH"}],"neow_cost":"CURSE","seed_source_timestamp":16281007316108,"circlet_count":0,"master_deck":["AscendersBane","Survivor","Neutralize","Accuracy","Expertise+1","Deadly Poison+1","Escape Plan","Concentrate","Bouncing Flask+1","Backflip+1","Acrobatics+1","Calculated Gamble","Eviscerate+1","Well Laid Plans+1","Tactician+1"],"special_seed":0,"relics":["Ring of the Snake","Golden Idol","Potion Belt","Pandora\u0027s Box","Blue Candle","Oddly Smooth Stone","Sundial","PreservedInsect","Lizard Tail","Mango","Medical Kit","Mummified Hand","Boot","Pantograph"],"potions_floor_usage":[56,56,56],"damage_taken":[{"damage":11.0,"enemies":"Cultist","floor":1.0,"turns":6.0},{"damage":4.0,"enemies":"Small Slimes","floor":2.0,"turns":5.0},{"damage":9.0,"enemies":"2 Louse","floor":5.0,"turns":5.0},{"damage":1.0,"enemies":"Red Slaver","floor":7.0,"turns":4.0},{"damage":5.0,"enemies":"3 Louse","floor":8.0,"turns":6.0},{"damage":29.0,"enemies":"Exordium Thugs","floor":13.0,"turns":7.0},{"damage":0.0,"enemies":"Blue Slaver","floor":14.0,"turns":3.0},{"damage":0.0,"enemies":"Hexaghost","floor":16.0,"turns":8.0},{"damage":0.0,"enemies":"3 Byrds","floor":18.0,"turns":5.0},{"damage":0.0,"enemies":"Spheric Guardian","floor":20.0,"turns":2.0},{"damage":10.0,"enemies":"Cultist and Chosen","floor":22.0,"turns":4.0},{"damage":0.0,"enemies":"Gremlin Leader","floor":23.0,"turns":5.0},{"damage":0.0,"enemies":"Book of Stabbing","floor":25.0,"turns":3.0},{"damage":0.0,"enemies":"Snecko","floor":29.0,"turns":2.0},{"damage":0.0,"enemies":"Gremlin Leader","floor":30.0,"turns":2.0},{"damage":0.0,"enemies":"Centurion and Healer","floor":31.0,"turns":2.0},{"damage":0.0,"enemies":"Collector","floor":33.0,"turns":2.0},{"damage":0.0,"enemies":"3 Shapes","floor":35.0,"turns":3.0},{"damage":0.0,"enemies":"2 Orb Walkers","floor":36.0,"turns":2.0},{"damage":0.0,"enemies":"Orb Walker","floor":37.0,"turns":1.0},{"damage":0.0,"enemies":"Maw","floor":38.0,"turns":3.0},{"damage":0.0,"enemies":"Nemesis","floor":40.0,"turns":1.0},{"damage":0.0,"enemies":"Reptomancer","floor":44.0,"turns":1.0},{"damage":0.0,"enemies":"4 Shapes","floor":45.0,"turns":1.0},{"damage":0.0,"enemies":"Writhing Mass","floor":47.0,"turns":2.0},{"damage":0,"enemies":"Nemesis","floor":48,"turns":3},{"damage":0,"enemies":"Donu and Deca","floor":50,"turns":2},{"damage":31,"enemies":"Time Eater","floor":51,"turns":6},{"damage":0,"enemies":"Shield and Spear","floor":55,"turns":1},{"damage":0,"enemies":"The Heart","floor":56,"turns":3}],"seed_played":"-2063435661433705246","potions_obtained":[{"floor":7.0,"key":"Weak Potion"},{"floor":8.0,"key":"Block Potion"},{"floor":13.0,"key":"Block Potion"},{"floor":18.0,"key":"Energy Potion"},{"floor":22.0,"key":"GamblersBrew"},{"floor":23.0,"key":"Swift Potion"},{"floor":31.0,"key":"Strength Potion"}],"is_trial":false,"path_per_floor":["M","M","?","?","M","R","M","M","T","?","$","R","M","M","R","B",null,"M","$","M","?","M","E","R","E","T","?","R","M","E","M","R","B",null,"M","?","M","M","$","E","R","?","T","E","M","R","M","E","R","B","B",null,"R","$","E","B",null],"character_chosen":"THE_SILENT","items_purchased":["Concentrate","Bouncing Flask","GhostInAJar","Medical Kit","Tactician"],"campfire_rested":0,"item_purchase_floors":[11,11,19,39,39],"current_hp_per_floor":[48,44,44,49,40,40,39,34,34,34,34,34,5,5,5,5,48,48,48,48,48,38,38,38,38,38,38,38,38,38,38,38,38,56,56,70,70,70,70,70,70,66,66,66,66,66,66,66,66,66,35,66,66,66,66,76],"gold":89,"neow_bonus":"TRANSFORM_TWO_CARDS","is_prod":false,"is_daily":false,"chose_seed":false,"campfire_upgraded":9,"win_rate":0,"timestamp":1551000902,"path_taken":["M","M","?","?","M","R","M","M","T","?","$","R","?","M","R","BOSS","M","$","M","?","?","E","R","E","T","?","R","M","E","M","R","BOSS","M","?","M","M","$","E","R","?","T","E","M","R","?","E","R","BOSS","BOSS","R","$","E","BOSS"],"build_version":"2019-01-23","purchased_purges":4,"victory":true,"max_hp_per_floor":[66,66,60,65,65,65,65,65,65,62,62,62,62,62,62,62,62,62,62,62,62,62,62,62,62,62,62,62,62,62,62,62,62,62,62,76,76,76,76,76,76,76,76,76,76,76,76,76,76,76,76,76,76,76,76,76],"card_choices":[{"not_picked":["Dagger Spray","Accuracy"],"picked":"Deadly Poison","floor":1.0},{"not_picked":["Quick Slash","Cloak And Dagger","Reflex"],"picked":"SKIP","floor":2.0},{"not_picked":["PiercingWail","Setup"],"picked":"Escape Plan","floor":5.0},{"not_picked":["Die Die Die","Bane","Deflect"],"picked":"SKIP","floor":7.0},{"not_picked":["Underhanded Strike","Slice","Dagger Spray"],"picked":"SKIP","floor":8.0},{"not_picked":["Poisoned Stab","Dagger Spray"],"picked":"Backflip","floor":13.0},{"not_picked":["Dagger Spray","Finisher","Quick Slash"],"picked":"SKIP","floor":14.0},{"not_picked":["Glass Knife","A Thousand Cuts"],"picked":"Tools of the Trade","floor":16.0},{"not_picked":["Dodge and Roll","Prepared","Leg Sweep+1"],"picked":"SKIP","floor":18.0},{"not_picked":["Cloak And Dagger","Predator","Acrobatics"],"picked":"SKIP","floor":20.0},{"not_picked":["Deadly Poison","Cloak And Dagger","PiercingWail"],"picked":"SKIP","floor":22.0},{"not_picked":["Grand Finale","Flechettes"],"picked":"Well Laid Plans","floor":23.0},{"not_picked":["Flying Knee","Accuracy","Quick Slash"],"picked":"SKIP","floor":25.0},{"not_picked":["PiercingWail","Poisoned Stab","Underhanded Strike"],"picked":"SKIP","floor":29.0},{"not_picked":["Dagger Throw","Bane","Blur"],"picked":"SKIP","floor":30.0},{"not_picked":["Underhanded Strike","Deadly Poison","Expertise"],"picked":"SKIP","floor":31.0},{"not_picked":["Underhanded Strike","Sucker Punch","Leg Sweep"],"picked":"SKIP","floor":35.0},{"not_picked":["Eviscerate","Sucker Punch","Terror+1"],"picked":"SKIP","floor":37.0},{"not_picked":["Masterful Stab","Calculated Gamble+1","Deadly Poison"],"picked":"SKIP","floor":38.0},{"not_picked":["Prepared","Expertise","Dagger Spray"],"picked":"SKIP","floor":40.0},{"not_picked":["Catalyst","Adrenaline","Bane"],"picked":"SKIP","floor":44.0},{"not_picked":["Escape Plan","Backflip","Bane"],"picked":"SKIP","floor":45.0},{"not_picked":["Finisher","Sucker Punch","PiercingWail"],"picked":"SKIP","floor":47.0},{"not_picked":["Dodge and Roll","Backstab","Dagger Throw"],"picked":"SKIP","floor":48},{"not_picked":["Slice","Deadly Poison","Concentrate"],"picked":"SKIP","floor":55}],"player_experience":3096901,"relics_obtained":[{"floor":9.0,"key":"Potion Belt"},{"floor":23.0,"key":"Blue Candle"},{"floor":25.0,"key":"Oddly Smooth Stone"},{"floor":26.0,"key":"Sundial"},{"floor":30.0,"key":"PreservedInsect"},{"floor":36.0,"key":"Mango"},{"floor":40.0,"key":"Mummified Hand"},{"floor":44.0,"key":"Boot"},{"floor":55,"key":"Pantograph"}],"event_choices":[{"damage_healed":0.0,"max_hp_gain":0.0,"max_hp_loss":6.0,"gold_gain":0.0,"event_name":"Golden Idol","player_choice":"Lose Max HP","floor":3.0,"gold_loss":0.0,"damage_taken":0.0,"relics_obtained":["Golden Idol"]},{"damage_healed":0.0,"max_hp_gain":5.0,"max_hp_loss":0.0,"gold_gain":0.0,"event_name":"Big Fish","player_choice":"Donut","floor":4.0,"gold_loss":0.0,"damage_taken":0.0},{"cards_removed":["Parasite"],"damage_healed":0.0,"max_hp_gain":0.0,"max_hp_loss":0.0,"gold_gain":0.0,"event_name":"Purifier","player_choice":"Purged","floor":10.0,"gold_loss":0.0,"damage_taken":0.0},{"cards_removed":["Choke"],"damage_healed":0.0,"max_hp_gain":0.0,"max_hp_loss":0.0,"gold_gain":0.0,"event_name":"Wheel of Change","player_choice":"Card Removal","floor":21.0,"gold_loss":0.0,"damage_taken":0.0},{"cards_removed":["Skewer"],"damage_healed":0.0,"max_hp_gain":0.0,"max_hp_loss":0.0,"gold_gain":0.0,"event_name":"Purifier","player_choice":"Purged","floor":27.0,"gold_loss":0.0,"damage_taken":0.0},{"damage_healed":0.0,"max_hp_gain":0.0,"max_hp_loss":0.0,"gold_gain":0.0,"event_name":"Mysterious Sphere","player_choice":"Fight","floor":36.0,"gold_loss":0.0,"damage_taken":0.0},{"damage_healed":0.0,"max_hp_gain":0.0,"max_hp_loss":0.0,"gold_gain":0.0,"event_name":"The Woman in Blue","player_choice":"Bought 0 Potions","floor":42.0,"gold_loss":0.0,"damage_taken":0.0}],"is_beta":false,"boss_relics":[{"not_picked":["Philosopher\u0027s Stone","Ring of the Serpent"],"picked":"Pandora\u0027s Box"},{"not_picked":["Calling Bell","Fusion Hammer"],"picked":"Lizard Tail"}],"items_purged_floors":[11,19,39,54],"is_endless":false,"potions_floor_spawned":[7,8,13,18,22,23,31,33,44,47,48,55],"ascension_level":20}