{"gold_per_floor":[114,114,39,39,52,77,77,77,77,150,164,164,182,197,197,197],"floor_reached":16,"playtime":459,"items_purged":["Strike_G"],"score":200,"play_id":"203f44bf-07b4-4446-9b36-44f6fb1f4588","local_time":"20190215100058","is_ascension_mode":true,"campfire_choices":[{"data":"Night Terror","floor":7.0,"key":"SMITH"},{"data":"Tactician","floor":8.0,"key":"SMITH"},{"floor":15.0,"key":"REST"}],"neow_cost":"NONE","seed_source_timestamp":7394207555655,"circlet_count":0,"master_deck":["AscendersBane","Defend_G","Defend_G","Defend_G","Defend_G","Defend_G","Strike_G","Strike_G","Strike_G","Survivor","Neutralize","Night Terror+1","Dagger Throw","Tactician+1","Predator","Tactician","Pain","Noxious Fumes"],"special_seed":0,"relics":["Ring of the Snake","WingedGreaves","Blue Candle","Mercury Hourglass","WarpedTongs"],"potions_floor_usage":[16],"damage_taken":[{"damage":6.0,"enemies":"Small Slimes","floor":1.0,"turns":5.0},{"damage":10.0,"enemies":"Cultist","floor":5.0,"turns":5.0},{"damage":33.0,"enemies":"Gremlin Nob","floor":6.0,"turns":5.0},{"damage":2.0,"enemies":"Jaw Worm","floor":11.0,"turns":5.0},{"damage":2.0,"enemies":"Exordium Thugs","floor":13.0,"turns":4.0},{"damage":1.0,"enemies":"3 Louse","floor":14.0,"turns":2.0},{"damage":24,"enemies":"The Guardian","floor":16,"turns":2}],"seed_played":"-8914040739946021931","potions_obtained":[{"floor":1.0,"key":"Ancient Potion"},{"floor":11.0,"key":"Poison Potion"},{"floor":13.0,"key":"PowerPotion"}],"is_trial":false,"path_per_floor":["M","?","$","$","M","E","R","R","T","T","M","?","M","M","R","B"],"character_chosen":"THE_SILENT","items_purchased":[],"campfire_rested":1,"item_purchase_floors":[],"current_hp_per_floor":[53,53,53,53,43,10,10,10,10,10,8,8,6,5,24,0],"gold":197,"neow_bonus":"ONE_RANDOM_RARE_CARD","is_prod":false,"is_daily":false,"chose_seed":false,"campfire_upgraded":2,"win_rate":0,"timestamp":1550196058,"path_taken":["M","?","?","$","?","E","R","R","T","?","M","?","M","M","R","BOSS"],"build_version":"2019-01-23","purchased_purges":1,"victory":false,"max_hp_per_floor":[66,66,66,66,66,66,66,66,66,66,66,66,66,66,66,66],"card_choices":[{"not_picked":["Bane","PiercingWail"],"picked":"Dagger Throw","floor":1.0},{"not_picked":["Cloak And Dagger","Poisoned Stab"],"picked":"Predator","floor":5.0},{"not_picked":["Cloak And Dagger","Dagger Spray"],"picked":"Tactician","floor":6.0},{"not_picked":["Deflect","Sucker Punch","Riddle With Holes"],"picked":"SKIP","floor":11.0},{"not_picked":["Choke","Riddle With Holes"],"picked":"Noxious Fumes","floor":13.0},{"not_picked":["Dodge and Roll","Poisoned Stab","Outmaneuver"],"picked":"SKIP","floor":14.0}],"player_experience":2760495,"relics_obtained":[{"floor":6.0,"key":"WingedGreaves"},{"floor":9.0,"key":"Blue Candle"},{"floor":10.0,"key":"Mercury Hourglass"}],"event_choices":[{"damage_healed":0.0,"max_hp_gain":0.0,"max_hp_loss":0.0,"gold_gain":0.0,"cards_transformed":["Strike_G"],"event_name":"Transmorgrifier","player_choice":"Transformed","floor":2.0,"gold_loss":0.0,"damage_taken":0.0,"cards_obtained":["Tactician"]},{"damage_healed":0.0,"max_hp_gain":0.0,"max_hp_loss":0.0,"gold_gain":0.0,"event_name":"Accursed Blacksmith","player_choice":"Rummage","floor":12.0,"gold_loss":0.0,"damage_taken":0.0,"relics_obtained":["WarpedTongs"],"cards_obtained":["Pain"]}],"is_beta":false,"boss_relics":[],"items_purged_floors":[3],"is_endless":false,"potions_floor_spawned":[1,11,13],"killed_by":"The Guardian","ascension_level":20}