{"gold_per_floor":[409,419,419,83,97,97,113,113,113,113,19,19,31,58,58,157,157,177,177,193,193,63,90,90,180,228,228,243,243,257,276,276,372,372,389,389,134,144,1,33,33,53,77,77,77,77,27,47,47,47],"floor_reached":51,"playtime":1517,"items_purged":["Strike_R","Strike_R+1","Defend_R","Bash+1","Defend_R"],"score":833,"play_id":"1ccabd1b-5b81-433a-a7f6-d70ce21d9f8e","local_time":"20190807203134","is_ascension_mode":false,"campfire_choices":[{"data":"Rampage","floor":6.0,"key":"SMITH"},{"data":"Burning Pact","floor":10.0,"key":"SMITH"},{"data":"Impatience","floor":15.0,"key":"SMITH"},{"data":"Shockwave","floor":24,"key":"SMITH"},{"data":"Offering","floor":27,"key":"SMITH"},{"data":"Evolve","floor":29,"key":"SMITH"},{"data":"Dropkick","floor":32,"key":"SMITH"},{"data":"Turbo","floor":41,"key":"SMITH"},{"floor":49,"key":"REST"}],"neow_cost":"TEN_PERCENT_HP_LOSS","seed_source_timestamp":6717328153322,"circlet_count":0,"master_deck":["Defend_R","Defend_R+1","Burning Pact+1","Dropkick+1","Rampage+1","Evolve+1","Impatience+1","Shockwave+1","Offering+1","Flame Barrier+1","Carnage+1","Fiend Fire+1","Battle Trance+1","Dropkick+1","Impervious","Offering+1","Turbo+1","Trip","Hologram+1","Terror+1","Doubt","Master of Strategy"],"special_seed":0,"relics":["Burning Blood","Old Coin","Lantern","Smiling Mask","Blue Candle","Odd Mushroom","Astrolabe","Matryoshka","Anchor","Whetstone","Philosopher\u0027s Stone","PrismaticShard","Boot","Vajra","Potion Belt"],"potions_floor_usage":[23,50,50],"damage_taken":[{"damage":0.0,"enemies":"2 Louse","floor":1.0,"turns":3.0},{"damage":4.0,"enemies":"Jaw Worm","floor":2.0,"turns":6.0},{"damage":2.0,"enemies":"Small Slimes","floor":5.0,"turns":4.0},{"damage":9.0,"enemies":"3 Louse","floor":7.0,"turns":4.0},{"damage":3.0,"enemies":"Gremlin Gang","floor":13.0,"turns":6.0},{"damage":4.0,"enemies":"The Mushroom Lair","floor":14.0,"turns":3.0},{"damage":37.0,"enemies":"Slime Boss","floor":16.0,"turns":8.0},{"damage":6,"enemies":"Shell Parasite","floor":18,"turns":2},{"damage":6,"enemies":"Chosen","floor":20,"turns":3},{"damage":29,"enemies":"Slavers","floor":23,"turns":4},{"damage":4,"enemies":"Centurion and Healer","floor":28,"turns":5},{"damage":6,"enemies":"Snecko","floor":30,"turns":2},{"damage":1,"enemies":"Snake Plant","floor":31,"turns":2},{"damage":6,"enemies":"Collector","floor":33,"turns":2},{"damage":6,"enemies":"Orb Walker","floor":35,"turns":1},{"damage":17,"enemies":"3 Shapes","floor":38,"turns":2},{"damage":12,"enemies":"Giant Head","floor":40,"turns":2},{"damage":12,"enemies":"Maw","floor":42,"turns":2},{"damage":13,"enemies":"Jaw Worm Horde","floor":48,"turns":2},{"damage":62,"enemies":"Time Eater","floor":50,"turns":7}],"seed_played":"-2027601199816576923","potions_obtained":[{"floor":1.0,"key":"Regen Potion"},{"floor":7.0,"key":"SteroidPotion"},{"floor":13.0,"key":"AttackPotion"},{"floor":20,"key":"SpeedPotion"},{"floor":23,"key":"Fire Potion"},{"floor":40,"key":"Energy Potion"},{"floor":48,"key":"EssenceOfSteel"}],"is_trial":false,"path_per_floor":["M","M","?","$","M","R","M","?","T","R","$","?","M","?","R","B",null,"M","?","M","?","$","E","R","?","T","R","M","R","M","M","R","B",null,"M","?","$","M","$","E","R","M","T","?","?","?","$","M","R","B",null],"character_chosen":"IRONCLAD","items_purchased":["Rampage","Evolve","Lantern","Impatience","Dropkick","PrismaticShard","Trip"],"campfire_rested":1,"item_purchase_floors":[4,4,4,11,22,37,39],"current_hp_per_floor":[72,72,58,58,62,62,59,41,41,41,41,46,49,51,51,20,77,77,77,77,77,77,54,54,40,40,40,42,42,42,47,47,47,77,77,77,77,66,66,60,60,54,54,54,77,67,67,60,77,21],"gold":47,"neow_bonus":"ONE_RARE_RELIC","is_prod":false,"is_daily":false,"chose_seed":false,"campfire_upgraded":8,"win_rate":0,"timestamp":1565181094,"path_taken":["M","M","?","$","M","R","M","?","T","R","$","?","M","?","R","BOSS","M","?","?","?","$","E","R","?","T","R","M","R","M","?","R","BOSS","M","?","$","?","?","E","R","M","T","?","?","?","$","M","R","BOSS"],"build_version":"2019-07-17","purchased_purges":5,"victory":true,"max_hp_per_floor":[72,72,72,72,72,72,72,72,72,72,72,77,77,77,77,77,77,77,77,77,77,77,77,77,77,77,77,77,77,77,77,77,77,77,77,77,77,77,77,77,77,77,77,77,77,77,77,77,77,77],"card_choices":[{"not_picked":["Thunderclap","Clash"],"picked":"Burning Pact","floor":1.0},{"not_picked":["Wild Strike","Perfected Strike"],"picked":"Dropkick","floor":2.0},{"not_picked":["Clothesline","Pummel","Heavy Blade"],"picked":"SKIP","floor":5.0},{"not_picked":["Sword Boomerang","Twin Strike","Berserk"],"picked":"SKIP","floor":7.0},{"not_picked":["Headbutt","True Grit","Intimidate"],"picked":"SKIP","floor":13.0},{"not_picked":["Warcry","Clothesline"],"picked":"Shockwave","floor":14.0},{"not_picked":["Fiend Fire","Brutality"],"picked":"Offering","floor":16.0},{"not_picked":["True Grit","Inflame"],"picked":"Battle Trance","floor":18},{"not_picked":["Burning Pact","Wild Strike+1","Reckless Charge"],"picked":"SKIP","floor":20},{"not_picked":["True Grit","Rupture","Shrug It Off"],"picked":"SKIP","floor":23},{"not_picked":["Warcry","Iron Wave","Rampage"],"picked":"SKIP","floor":28},{"not_picked":["Headbutt","Uppercut","Wild Strike"],"picked":"SKIP","floor":30},{"not_picked":["Sever Soul+1","Disarm+1","Rampage"],"picked":"SKIP","floor":31},{"not_picked":["Reaper","Barricade"],"picked":"Impervious","floor":33},{"not_picked":["Clothesline+1","Second Wind","Seeing Red+1"],"picked":"SKIP","floor":35},{"not_picked":["Loop+1","Dagger Spray"],"picked":"Turbo","floor":38},{"not_picked":["Blade Dance","Metallicize+1"],"picked":"Hologram+1","floor":40},{"not_picked":["Reflex+1","Streamline"],"picked":"Terror+1","floor":42},{"not_picked":["Mind Blast","Impatience"],"picked":"Master of Strategy","floor":46},{"not_picked":["True Grit+1","Evolve+1","PanicButton"],"picked":"SKIP","floor":48}],"player_experience":5882734,"relics_obtained":[{"floor":9.0,"key":"Blue Candle"},{"floor":14.0,"key":"Odd Mushroom"},{"floor":23,"key":"Matryoshka"},{"floor":26,"key":"Anchor"},{"floor":26,"key":"Whetstone"},{"floor":40,"key":"Boot"},{"floor":43,"key":"Vajra"},{"floor":43,"key":"Potion Belt"}],"event_choices":[{"damage_healed":0.0,"max_hp_gain":0.0,"max_hp_loss":0.0,"gold_gain":0.0,"event_name":"Shining Light","player_choice":"Entered Light","floor":3.0,"gold_loss":0.0,"damage_taken":14.0,"cards_upgraded":["Defend_R","Strike_R"]},{"damage_healed":0.0,"max_hp_gain":0.0,"max_hp_loss":0.0,"gold_gain":0.0,"event_name":"Scrap Ooze","player_choice":"Success","floor":8.0,"gold_loss":0.0,"damage_taken":18.0,"relics_obtained":["Smiling Mask"]},{"damage_healed":0.0,"max_hp_gain":5.0,"max_hp_loss":0.0,"gold_gain":0.0,"event_name":"Big Fish","player_choice":"Donut","floor":12.0,"gold_loss":0.0,"damage_taken":0.0},{"damage_healed":0.0,"max_hp_gain":0.0,"max_hp_loss":0.0,"gold_gain":0.0,"event_name":"Mushrooms","player_choice":"Fought Mushrooms","floor":14.0,"gold_loss":0.0,"damage_taken":0.0},{"damage_healed":0,"gold_gain":0,"player_choice":"Upgraded","damage_taken":0,"max_hp_gain":0,"max_hp_loss":0,"event_name":"Upgrade Shrine","floor":19,"gold_loss":0,"cards_upgraded":["Battle Trance"]},{"damage_healed":0,"gold_gain":0,"player_choice":"Ignored","damage_taken":0,"max_hp_gain":0,"max_hp_loss":0,"event_name":"Vampires","floor":21,"gold_loss":0},{"damage_healed":0,"gold_gain":90,"player_choice":"GOLD ","damage_taken":14,"max_hp_gain":0,"max_hp_loss":0,"event_name":"Knowing Skull","floor":25,"potions_obtained":[],"gold_loss":0,"cards_obtained":[]},{"damage_healed":0,"gold_gain":0,"player_choice":"Copied","damage_taken":0,"max_hp_gain":0,"max_hp_loss":0,"event_name":"Duplicator","floor":36,"gold_loss":0,"cards_obtained":["Offering"]},{"damage_healed":0,"gold_gain":0,"player_choice":"Ignored","damage_taken":0,"max_hp_gain":0,"max_hp_loss":0,"event_name":"Tomb of Lord Red Mask","floor":44,"gold_loss":0},{"damage_healed":23,"gold_gain":0,"player_choice":"Heal","damage_taken":0,"max_hp_gain":0,"max_hp_loss":0,"event_name":"MindBloom","floor":45,"gold_loss":0,"cards_obtained":["Doubt"]},{"damage_healed":0,"gold_gain":0,"player_choice":"Memory 3","damage_taken":10,"max_hp_gain":0,"max_hp_loss":0,"event_name":"SensoryStone","floor":46,"gold_loss":0}],"is_beta":false,"boss_relics":[{"not_picked":["Runic Cube","Pandora\u0027s Box"],"picked":"Astrolabe"},{"not_picked":["Tiny House","Orrery"],"picked":"Philosopher\u0027s Stone"}],"items_purged_floors":[4,22,37,39,47],"is_endless":false,"potions_floor_spawned":[1,7,13,20,23,40,42,48],"ascension_level":0}