{"gold_per_floor":[110,6,17,28,28,28,41,41,41,56,56,56,69,69,69,69],"floor_reached":16,"playtime":400,"items_purged":["Strike_G"],"score":166,"play_id":"728bae58-c5ad-4f72-8740-69aaceaeefe6","local_time":"20181113112548","is_ascension_mode":true,"campfire_choices":[{"data":"Deadly Poison","floor":6,"key":"SMITH"},{"data":"Neutralize","floor":8,"key":"SMITH"},{"data":"Well Laid Plans","floor":12,"key":"SMITH"},{"floor":15,"key":"REST"}],"neow_cost":"NONE","seed_source_timestamp":761066849590,"circlet_count":0,"master_deck":["AscendersBane","Defend_G+1","Defend_G","Defend_G","Defend_G","Defend_G","Strike_G","Strike_G","Strike_G+1","Strike_G","Survivor","Neutralize+1","Well Laid Plans+1","Deadly Poison+1","Acrobatics"],"relics":["Ring of the Snake","Golden Idol","Matryoshka","Anchor","Bird Faced Urn"],"potions_floor_usage":[10,16],"damage_taken":[{"damage":7,"enemies":"Cultist","floor":1,"turns":4},{"damage":0,"enemies":"Jaw Worm","floor":3,"turns":5},{"damage":0,"enemies":"Small Slimes","floor":4,"turns":4},{"damage":1,"enemies":"Blue Slaver","floor":7,"turns":4},{"damage":2,"enemies":"Gremlin Gang","floor":10,"turns":6},{"damage":2,"enemies":"Exordium Thugs","floor":13,"turns":5},{"damage":12,"enemies":"Slime Boss","floor":16,"turns":5}],"seed_played":"7583665148397624586","potions_obtained":[{"floor":3,"key":"Regen Potion"},{"floor":7,"key":"GamblersBrew"},{"floor":13,"key":"Explosive Potion"}],"is_trial":false,"path_per_floor":["M","$","M","M","?","R","M","R","T","M","T","R","M","?","R","B"],"character_chosen":"THE_SILENT","items_purchased":["Deadly Poison"],"campfire_rested":1,"item_purchase_floors":[2],"current_hp_per_floor":[52,52,52,52,29,29,28,28,28,26,26,26,26,6,25,29],"gold":69,"neow_bonus":"THREE_CARDS","is_prod":false,"is_daily":false,"chose_seed":false,"campfire_upgraded":3,"win_rate":0,"timestamp":1542079548,"path_taken":["M","$","?","M","?","R","M","R","T","M","?","R","M","?","R","BOSS"],"build_version":"2018-11-08","purchased_purges":1,"victory":false,"max_hp_per_floor":[66,66,66,66,66,66,66,66,66,66,66,66,66,66,66,66],"card_choices":[{"not_picked":["Sucker Punch","Dagger Spray"],"picked":"Well Laid Plans","floor":1},{"not_picked":["Outmaneuver","Quick Slash","Poisoned Stab"],"picked":"SKIP","floor":3},{"not_picked":["Dagger Spray","Endless Agony","Dodge and Roll"],"picked":"SKIP","floor":4},{"not_picked":["Dagger Throw","Underhanded Strike","Expertise"],"picked":"SKIP","floor":7},{"not_picked":["Crippling Poison","Underhanded Strike"],"picked":"Acrobatics","floor":10},{"not_picked":["Slice","Dagger Throw","Accuracy"],"picked":"SKIP","floor":13}],"player_experience":1037789,"relics_obtained":[{"floor":9,"key":"Matryoshka"},{"floor":11,"key":"Anchor"},{"floor":11,"key":"Bird Faced Urn"}],"event_choices":[{"damage_healed":0,"gold_gain":0,"player_choice":"Take Damage","damage_taken":23,"relics_obtained":["Golden Idol"],"max_hp_gain":0,"max_hp_loss":0,"event_name":"Golden Idol","floor":5,"gold_loss":0},{"damage_healed":0,"gold_gain":0,"player_choice":"Entered Light","damage_taken":20,"max_hp_gain":0,"max_hp_loss":0,"event_name":"Shining Light","floor":14,"gold_loss":0,"cards_upgraded":["Strike_G","Defend_G"]}],"is_beta":true,"boss_relics":[],"items_purged_floors":[2],"is_endless":false,"potions_floor_spawned":[3,7,13],"killed_by":"Slime Boss","ascension_level":16}