{"gold_per_floor":[119,133,144,161,161,161,195,195,240,257,257,257,257,312,324,407,419,447,55,66,66,66,66,94,94,120,179,179,104,104,120,120,194,194,214,224,144,160,175,202,202,237,237,4,4,0,35,35,35,35,35,35,35,35,66,66],"floor_reached":57,"playtime":4472,"items_purged":["Strike_G","Strike_G+1","Shame"],"score":2702,"play_id":"eb31ce1c-4a8c-45ff-acee-ae7a5c4033c3","local_time":"20190720123916","is_ascension_mode":true,"campfire_choices":[{"data":"Noxious Fumes","floor":6.0,"key":"SMITH"},{"floor":8.0,"key":"REST"},{"floor":13.0,"key":"REST"},{"floor":15.0,"key":"REST"},{"data":"Neutralize","floor":23,"key":"SMITH"},{"floor":25,"key":"REST"},{"floor":30,"key":"REST"},{"data":"Well Laid Plans","floor":32,"key":"SMITH"},{"floor":41,"key":"REST"},{"floor":49,"key":"RECALL"},{"data":"Footwork","floor":53,"key":"SMITH"}],"neow_cost":"NONE","seed_source_timestamp":55369907555207,"circlet_count":0,"master_deck":["AscendersBane","Strike_G+1","Defend_G+1","Defend_G+1","Defend_G+1","Defend_G+1","Defend_G+1","Survivor","Neutralize+1","Noxious Fumes+1","Predator","Well Laid Plans+1","Footwork","Footwork+1","Well Laid Plans","Corpse Explosion+1","Backflip","Dodge and Roll+1","Panacea+1","Deadly Poison+1","Prepared+1","PiercingWail+1","Concentrate+1","Adrenaline+1","Catalyst+1","Outmaneuver+1","Expertise+1","Acrobatics+1","Burst+1","Malaise+1"],"special_seed":0,"relics":["Ring of the Snake","The Courier","War Paint","MawBank","Cursed Key","Toxic Egg 2","Juzu Bracelet","Lantern","Tiny Chest","Runic Pyramid","Bottled Lightning","Happy Flower","Red Mask","Darkstone Periapt","Snake Skull"],"potions_floor_usage":[24,33,36,40,51,56,56],"damage_taken":[{"damage":6.0,"enemies":"Cultist","floor":1.0,"turns":4.0},{"damage":0.0,"enemies":"Jaw Worm","floor":2.0,"turns":6.0},{"damage":0.0,"enemies":"2 Louse","floor":3.0,"turns":5.0},{"damage":0.0,"enemies":"2 Fungi Beasts","floor":4.0,"turns":3.0},{"damage":51.0,"enemies":"Gremlin Nob","floor":7.0,"turns":6.0},{"damage":16.0,"enemies":"Gremlin Gang","floor":10.0,"turns":5.0},{"damage":0.0,"enemies":"Looter","floor":11.0,"turns":1.0},{"damage":26,"enemies":"The Guardian","floor":16,"turns":14},{"damage":11,"enemies":"3 Byrds","floor":18,"turns":3},{"damage":0,"enemies":"Spheric Guardian","floor":20,"turns":5},{"damage":11,"enemies":"Gremlin Leader","floor":24,"turns":6},{"damage":31,"enemies":"Slavers","floor":27,"turns":4},{"damage":0,"enemies":"Snake Plant","floor":31,"turns":4},{"damage":5,"enemies":"Collector","floor":33,"turns":9},{"damage":0,"enemies":"3 Shapes","floor":35,"turns":4},{"damage":4,"enemies":"3 Darklings","floor":36,"turns":3},{"damage":0,"enemies":"Writhing Mass","floor":38,"turns":6},{"damage":9,"enemies":"Transient","floor":39,"turns":6},{"damage":12,"enemies":"Nemesis","floor":40,"turns":7},{"damage":7,"enemies":"Giant Head","floor":42,"turns":8},{"damage":32,"enemies":"Reptomancer","floor":47,"turns":6},{"damage":8,"enemies":"Time Eater","floor":50,"turns":6},{"damage":12,"enemies":"Awakened One","floor":51,"turns":19},{"damage":29,"enemies":"Shield and Spear","floor":55,"turns":6},{"damage":23,"enemies":"The Heart","floor":56,"turns":8}],"seed_played":"7211929510253090920","potions_obtained":[{"floor":1.0,"key":"SkillPotion"},{"floor":4.0,"key":"Explosive Potion"},{"floor":7.0,"key":"SmokeBomb"},{"floor":20,"key":"Strength Potion"},{"floor":27,"key":"AttackPotion"},{"floor":33,"key":"Swift Potion"},{"floor":36,"key":"Dexterity Potion"},{"floor":38,"key":"Block Potion"},{"floor":40,"key":"Dexterity Potion"},{"floor":55,"key":"GhostInAJar"}],"is_trial":false,"path_per_floor":["M","M","M","M","?","R","E","R","T","M","M","?","R","T","R","B",null,"M","$","M","?","?","R","E","R","T","E","?","?","R","M","R","B",null,"M","M","$","M","M","E","R","E","T","$","?","?","E","?","R","B","B",null,"R","$","E","B",null],"character_chosen":"THE_SILENT","items_purchased":["Toxic Egg 2","Dodge and Roll+1","Panacea+1","Burst+1"],"campfire_rested":6,"item_purchase_floors":[19,19,19,44],"current_hp_per_floor":[59,59,59,59,52,52,1,22,22,6,6,6,27,27,48,22,60,49,49,49,49,49,49,38,59,59,28,28,28,49,49,49,44,65,65,61,61,61,52,40,61,54,54,54,54,54,22,59,59,51,39,54,54,54,25,2],"gold":66,"neow_bonus":"TEN_PERCENT_HP_BONUS","is_prod":false,"is_daily":false,"chose_seed":false,"campfire_upgraded":4,"win_rate":0,"timestamp":1563619156,"path_taken":["M","?","M","M","?","R","E","R","T","M","M","?","R","?","R","BOSS","M","$","M","?","?","R","E","R","T","E","?","?","R","M","R","BOSS","M","M","$","M","M","E","R","E","T","$","?","?","E","?","R","BOSS","BOSS","R","$","E","BOSS"],"build_version":"2019-07-17","purchased_purges":3,"victory":true,"max_hp_per_floor":[72,72,72,72,72,72,72,72,72,72,72,72,72,72,72,72,72,72,72,72,72,72,72,72,72,72,72,72,72,72,72,72,72,72,72,72,72,72,72,72,72,72,72,72,72,72,72,59,59,59,59,59,59,59,59,59],"card_choices":[{"not_picked":["Well Laid Plans","Dagger Spray"],"picked":"Noxious Fumes","floor":1.0},{"not_picked":["Eviscerate","Acrobatics"],"picked":"Predator","floor":2.0},{"not_picked":["Eviscerate","Flying Knee"],"picked":"Well Laid Plans","floor":3.0},{"not_picked":["Sucker Punch","Bane"],"picked":"Footwork","floor":4.0},{"not_picked":["Heel Hook","All Out Attack"],"picked":"Footwork","floor":7.0},{"not_picked":["Setup","Calculated Gamble"],"picked":"Well Laid Plans","floor":10.0},{"not_picked":["Phantasmal Killer","Night Terror"],"picked":"Corpse Explosion","floor":16},{"not_picked":["Eviscerate","Poisoned Stab"],"picked":"Backflip","floor":18},{"not_picked":["Slice","Sucker Punch"],"picked":"Deadly Poison+1","floor":20},{"not_picked":["Glass Knife","Dagger Throw"],"picked":"Prepared+1","floor":24},{"not_picked":["Acrobatics+1","Prepared+1"],"picked":"PiercingWail+1","floor":27},{"not_picked":["Underhanded Strike","Finisher"],"picked":"Concentrate+1","floor":31},{"not_picked":["Night Terror+1","Tools of the Trade"],"picked":"Adrenaline+1","floor":33},{"not_picked":["Dagger Throw","Dagger Spray"],"picked":"Catalyst+1","floor":35},{"not_picked":["Dodge and Roll+1","Skewer+1"],"picked":"Outmaneuver+1","floor":36},{"not_picked":["Bane+1","Slice+1"],"picked":"Expertise+1","floor":38},{"not_picked":["Caltrops","Terror+1","Deflect+1"],"picked":"SKIP","floor":39},{"not_picked":["Poisoned Stab","Skewer","Calculated Gamble+1"],"picked":"SKIP","floor":40},{"not_picked":["Caltrops","Deadly Poison+1"],"picked":"Acrobatics+1","floor":42},{"not_picked":["Dagger Throw+1","Cloak And Dagger+1"],"picked":"Malaise+1","floor":47},{"not_picked":["Eviscerate+1","Skewer","Poisoned Stab+1"],"picked":"SKIP","floor":55}],"player_experience":721616,"relics_obtained":[{"floor":7.0,"key":"The Courier"},{"floor":9.0,"key":"War Paint"},{"floor":14.0,"key":"MawBank"},{"floor":24,"key":"Juzu Bracelet"},{"floor":26,"key":"Lantern"},{"floor":27,"key":"Tiny Chest"},{"floor":40,"key":"Bottled Lightning"},{"floor":42,"key":"Happy Flower"},{"floor":47,"key":"Darkstone Periapt"},{"floor":55,"key":"Snake Skull"}],"event_choices":[{"cards_removed":["Strike_G"],"damage_healed":0.0,"max_hp_gain":0.0,"max_hp_loss":0.0,"gold_gain":0.0,"event_name":"Golden Wing","player_choice":"Card Removal","floor":5.0,"gold_loss":0.0,"damage_taken":7.0},{"damage_healed":0.0,"max_hp_gain":0.0,"max_hp_loss":0.0,"gold_gain":0.0,"event_name":"Shining Light","player_choice":"Ignored","floor":12.0,"gold_loss":0.0,"damage_taken":0.0},{"damage_healed":0,"gold_gain":0,"player_choice":"Simplicity","damage_taken":0,"max_hp_gain":0,"max_hp_loss":0,"event_name":"Back to Basics","floor":21,"gold_loss":0,"cards_upgraded":["Strike_G","Strike_G","Strike_G","Defend_G","Defend_G","Defend_G"]},{"damage_healed":0,"gold_gain":0,"player_choice":"Ignored","damage_taken":0,"max_hp_gain":0,"max_hp_loss":0,"event_name":"Ghosts","floor":22,"gold_loss":0},{"damage_healed":0,"gold_gain":0,"player_choice":"Forge","damage_taken":0,"max_hp_gain":0,"max_hp_loss":0,"event_name":"Accursed Blacksmith","floor":28,"gold_loss":0,"cards_upgraded":["Corpse Explosion"]},{"cards_removed":["Regret"],"damage_healed":0,"gold_gain":0,"player_choice":"Gave Gold","damage_taken":0,"max_hp_gain":0,"max_hp_loss":0,"event_name":"Beggar","floor":29,"gold_loss":75},{"cards_removed":["Strike_G"],"damage_healed":0,"gold_gain":0,"player_choice":"Removed Attack","damage_taken":0,"max_hp_gain":0,"max_hp_loss":0,"event_name":"Falling","floor":45,"gold_loss":0},{"damage_healed":0,"gold_gain":0,"player_choice":"Paid","damage_taken":0,"relics_obtained":["Red Mask"],"max_hp_gain":0,"max_hp_loss":0,"event_name":"Tomb of Lord Red Mask","floor":46,"gold_loss":4},{"damage_healed":59,"gold_gain":0,"player_choice":"Heal","damage_taken":0,"max_hp_gain":0,"max_hp_loss":13,"event_name":"The Moai Head","floor":48,"gold_loss":0}],"is_beta":false,"boss_relics":[{"not_picked":["Ring of the Serpent","WristBlade"],"picked":"Cursed Key"},{"not_picked":["Orrery","Fusion Hammer"],"picked":"Runic Pyramid"}],"items_purged_floors":[19,37,44],"is_endless":false,"potions_floor_spawned":[1,4,7,11,20,27,33,36,38,40,55],"ascension_level":20}