{"gold_per_floor":[359,375,73,73,148,180,180,180,180,0,33,33,46,61,61,61],"floor_reached":16,"playtime":549,"items_purged":["Decay"],"score":216,"play_id":"6c4eba2f-4097-453a-8043-4e4fae4088e2","local_time":"20190409122457","is_ascension_mode":true,"campfire_choices":[{"data":"Noxious Fumes","floor":8.0,"key":"SMITH"},{"data":"Catalyst","floor":12.0,"key":"SMITH"},{"data":"Neutralize","floor":15.0,"key":"SMITH"}],"neow_cost":"CURSE","seed_source_timestamp":4413886206820,"circlet_count":0,"master_deck":["AscendersBane","Defend_G","Defend_G","Defend_G","Defend_G","Defend_G","Strike_G","Strike_G","Strike_G","Strike_G","Survivor","Neutralize+1","Noxious Fumes+1","Caltrops","Endless Agony","Discovery","Catalyst+1","Infinite Blades"],"special_seed":0,"relics":["Ring of the Snake","ClockworkSouvenir","Bottled Tornado","Dead Branch","Bottled Lightning"],"potions_floor_usage":[16,16],"damage_taken":[{"damage":1.0,"enemies":"2 Louse","floor":1.0,"turns":3.0},{"damage":7.0,"enemies":"Jaw Worm","floor":2.0,"turns":6.0},{"damage":35.0,"enemies":"Lagavulin","floor":6.0,"turns":14.0},{"damage":8.0,"enemies":"Gremlin Nob","floor":11.0,"turns":3.0},{"damage":0.0,"enemies":"Cultist","floor":13.0,"turns":3.0},{"damage":0.0,"enemies":"Large Slime","floor":14.0,"turns":2.0},{"damage":5,"enemies":"The Guardian","floor":16,"turns":7}],"seed_played":"3663398880737260704","potions_obtained":[{"floor":2.0,"key":"Weak Potion"},{"floor":6.0,"key":"Dexterity Potion"},{"floor":11.0,"key":"Strength Potion"}],"is_trial":false,"path_per_floor":["M","M","$","?","?","E","?","R","T","$","E","R","M","M","R","B"],"character_chosen":"THE_SILENT","items_purchased":["ClockworkSouvenir","Endless Agony","Discovery"],"campfire_rested":0,"item_purchase_floors":[3,10,10],"current_hp_per_floor":[58,51,51,56,45,10,10,10,10,10,2,2,2,2,2,0],"gold":61,"neow_bonus":"TWO_FIFTY_GOLD","is_prod":false,"is_daily":false,"chose_seed":false,"campfire_upgraded":3,"win_rate":0,"timestamp":1554783897,"path_taken":["M","M","$","?","?","E","?","R","T","$","E","R","?","M","R","BOSS"],"build_version":"2019-01-23","purchased_purges":1,"victory":false,"max_hp_per_floor":[66,66,66,71,71,71,71,71,71,71,71,71,71,71,71,71],"card_choices":[{"not_picked":["Dodge and Roll","Quick Slash"],"picked":"Noxious Fumes","floor":1.0},{"not_picked":["Slice","Finisher","Acrobatics"],"picked":"SKIP","floor":2.0},{"not_picked":["Dodge and Roll","Cloak And Dagger","Poisoned Stab"],"picked":"SKIP","floor":6.0},{"not_picked":["Caltrops","Finisher"],"picked":"Catalyst","floor":11.0},{"not_picked":["Noxious Fumes","Acrobatics","Prepared"],"picked":"SKIP","floor":13.0},{"not_picked":["Slice","Underhanded Strike"],"picked":"Infinite Blades","floor":14.0}],"player_experience":4180819,"relics_obtained":[{"floor":6.0,"key":"Bottled Tornado"},{"floor":9.0,"key":"Dead Branch"},{"floor":11.0,"key":"Bottled Lightning"}],"event_choices":[{"damage_healed":0.0,"max_hp_gain":5.0,"max_hp_loss":0.0,"gold_gain":0.0,"event_name":"Big Fish","player_choice":"Donut","floor":4.0,"gold_loss":0.0,"damage_taken":0.0},{"damage_healed":0.0,"max_hp_gain":0.0,"max_hp_loss":0.0,"gold_gain":75.0,"event_name":"World of Goop","player_choice":"Gather Gold","floor":5.0,"gold_loss":0.0,"damage_taken":11.0},{"damage_healed":0.0,"max_hp_gain":0.0,"max_hp_loss":0.0,"gold_gain":0.0,"cards_transformed":["Strike_G"],"event_name":"Transmorgrifier","player_choice":"Transformed","floor":7.0,"gold_loss":0.0,"damage_taken":0.0,"cards_obtained":["Caltrops"]}],"is_beta":false,"boss_relics":[],"items_purged_floors":[3],"is_endless":false,"potions_floor_spawned":[2,6,11],"killed_by":"The Guardian","ascension_level":20}