{"gold_per_floor":[14,14,33,54,67,67,101,101,150,221,261,436,9,52,52,172,172,191,141,141,175,195,195,195,195],"floor_reached":25,"playtime":908,"items_purged":["Doubt","Strike_G"],"score":336,"play_id":"58f9f0ba-3f43-464e-bd7b-3b9651744acb","local_time":"20190729204356","is_ascension_mode":true,"campfire_choices":[{"data":"Well Laid Plans","floor":6.0,"key":"SMITH"},{"data":"Deadly Poison","floor":8.0,"key":"SMITH"},{"data":"Impatience","floor":15.0,"key":"SMITH"},{"data":"Acrobatics","floor":23.0,"key":"SMITH"}],"neow_cost":"NO_GOLD","seed_source_timestamp":89319584108069,"circlet_count":0,"master_deck":["AscendersBane","Strike_G","Strike_G","Defend_G","Defend_G+1","Defend_G+1","Defend_G","Defend_G","Survivor","Neutralize","Masterful Stab","Deadly Poison+1","Well Laid Plans+1","Escape Plan","Impatience+1","Acrobatics+1","Flechettes"],"special_seed":0,"relics":["Ring of the Snake","Golden Idol","Ninja Scroll","War Paint","Bag of Marbles","Calipers","Medical Kit","Smiling Mask","Orrery","Red Mask"],"potions_floor_usage":[],"damage_taken":[{"damage":5.0,"enemies":"Small Slimes","floor":1.0,"turns":7.0},{"damage":0.0,"enemies":"2 Louse","floor":3.0,"turns":4.0},{"damage":0.0,"enemies":"Cultist","floor":4.0,"turns":4.0},{"damage":2.0,"enemies":"Exordium Wildlife","floor":5.0,"turns":6.0},{"damage":26.0,"enemies":"3 Sentries","floor":7.0,"turns":16.0},{"damage":10.0,"enemies":"Gremlin Nob","floor":10.0,"turns":3.0},{"damage":14.0,"enemies":"Lagavulin","floor":11.0,"turns":6.0},{"damage":7.0,"enemies":"3 Sentries","floor":14.0,"turns":9.0},{"damage":8.0,"enemies":"The Guardian","floor":16.0,"turns":11.0},{"damage":3.0,"enemies":"Spheric Guardian","floor":18.0,"turns":3.0},{"damage":18.0,"enemies":"Masked Bandits","floor":21.0,"turns":4.0},{"damage":2.0,"enemies":"Shell Parasite","floor":22.0,"turns":3.0},{"damage":47,"enemies":"Book of Stabbing","floor":25,"turns":6}],"seed_played":"7117870762063526755","potions_obtained":[{"floor":1.0,"key":"Strength Potion"},{"floor":5.0,"key":"Regen Potion"},{"floor":16.0,"key":"FairyPotion"},{"floor":18.0,"key":"PowerPotion"}],"is_trial":false,"path_per_floor":["M","?","M","M","M","R","E","R","T","?","E","?","$","E","R","B",null,"M","$","?","?","M","R","?","E"],"character_chosen":"THE_SILENT","items_purchased":["Impatience","Medical Kit","Block Potion"],"campfire_rested":0,"item_purchase_floors":[13,13,13],"current_hp_per_floor":[58,58,58,58,56,56,45,45,45,35,21,21,21,14,14,6,50,47,47,47,29,27,27,27,2],"gold":195,"neow_bonus":"REMOVE_TWO","is_prod":false,"is_daily":false,"chose_seed":false,"campfire_upgraded":4,"win_rate":0,"timestamp":1564400636,"path_taken":["M","?","M","M","M","R","E","R","T","?","E","?","$","E","R","BOSS","M","$","?","?","M","R","?","E"],"build_version":"2019-07-17","purchased_purges":2,"victory":false,"max_hp_per_floor":[70,65,65,65,65,65,65,65,65,65,65,65,65,65,65,65,65,65,65,65,65,65,65,65,65],"card_choices":[{"not_picked":["Dagger Throw","Acrobatics"],"picked":"Masterful Stab","floor":1.0},{"not_picked":["Poisoned Stab","Flying Knee"],"picked":"Deadly Poison","floor":3.0},{"not_picked":["Blade Dance","Cloak And Dagger","Skewer"],"picked":"SKIP","floor":4.0},{"not_picked":["Acrobatics","Underhanded Strike"],"picked":"Well Laid Plans","floor":5.0},{"not_picked":["Blade Dance","Backflip","Dash"],"picked":"SKIP","floor":7.0},{"not_picked":["Dagger Throw","Terror"],"picked":"Escape Plan","floor":10.0},{"not_picked":["Blade Dance","Deadly Poison","All Out Attack"],"picked":"SKIP","floor":11.0},{"not_picked":["Leg Sweep","Riddle With Holes","Setup"],"picked":"SKIP","floor":14.0},{"not_picked":["Setup","PiercingWail"],"picked":"Acrobatics","floor":17.0},{"not_picked":["Deflect","Dodge and Roll"],"picked":"Flechettes","floor":17.0},{"not_picked":["Underhanded Strike+1","Masterful Stab+1","Blade Dance"],"picked":"SKIP","floor":18.0},{"not_picked":["Underhanded Strike","Quick Slash","Accuracy+1"],"picked":"SKIP","floor":22.0}],"player_experience":677558,"relics_obtained":[{"floor":7.0,"key":"Ninja Scroll"},{"floor":9.0,"key":"War Paint"},{"floor":10.0,"key":"Bag of Marbles"},{"floor":11.0,"key":"Calipers"},{"floor":14.0,"key":"Smiling Mask"},{"floor":21.0,"key":"Red Mask"}],"event_choices":[{"damage_healed":0.0,"max_hp_gain":0.0,"max_hp_loss":5.0,"gold_gain":0.0,"event_name":"Golden Idol","player_choice":"Lose Max HP","floor":2.0,"gold_loss":0.0,"damage_taken":0.0,"relics_obtained":["Golden Idol"]},{"damage_healed":0.0,"max_hp_gain":0.0,"max_hp_loss":0.0,"gold_gain":30.0,"event_name":"Dead Adventurer","player_choice":"Searched \u00272\u0027 times","floor":10.0,"gold_loss":0.0,"damage_taken":0.0},{"damage_healed":0.0,"max_hp_gain":0.0,"max_hp_loss":0.0,"gold_gain":175.0,"event_name":"Liars Game","player_choice":"AGREE","floor":12.0,"gold_loss":0.0,"damage_taken":0.0,"cards_obtained":["Doubt"]},{"damage_healed":0.0,"max_hp_gain":0.0,"max_hp_loss":0.0,"gold_gain":0.0,"event_name":"The Mausoleum","player_choice":"Ignored","floor":20.0,"gold_loss":0.0,"damage_taken":0.0},{"damage_healed":0.0,"max_hp_gain":0.0,"max_hp_loss":0.0,"gold_gain":0.0,"event_name":"Masked Bandits","player_choice":"Fought Bandits","floor":21.0,"gold_loss":0.0,"damage_taken":0.0},{"damage_healed":0.0,"max_hp_gain":0.0,"max_hp_loss":0.0,"gold_gain":0.0,"event_name":"N\u0027loth","player_choice":"Ignored","floor":24.0,"gold_loss":0.0,"damage_taken":0.0}],"is_beta":false,"boss_relics":[{"not_picked":["HoveringKite","Lizard Tail"],"picked":"Orrery"}],"items_purged_floors":[13,19],"is_endless":false,"potions_floor_spawned":[1,5,16,18],"killed_by":"Book of Stabbing","ascension_level":11}