{"gold_per_floor":[109,120,120,45,120,153,153,153,153,153,66,81,6,6,6,80,80,91,12,12,12,12,12,74,24,71,71,138,157,177,9,9,86,86,106,156,1205,1225,902,902,935,935,1016,1016,1066,1092,666,682,682,682,682,682,682,136,165,165],"floor_reached":57,"playtime":2809,"items_purged":["Strike_R","Defend_R","Bash+1","Shrug It Off","Spot Weakness+1"],"score":3154,"play_id":"f96a22a3-1e4f-4c7e-99e6-18366e806f53","local_time":"20190309194205","is_ascension_mode":true,"campfire_choices":[{"data":"Metallicize","floor":10.0,"key":"SMITH"},{"data":"Bash","floor":15.0,"key":"SMITH"},{"data":"Spot Weakness","floor":23.0,"key":"SMITH"},{"data":"Battle Trance","floor":27.0,"key":"SMITH"},{"data":"Feel No Pain","floor":32.0,"key":"SMITH"},{"data":"Dark Embrace","floor":40.0,"key":"SMITH"},{"data":"Body Slam","floor":42.0,"key":"SMITH"},{"data":"Second Wind","floor":44.0,"key":"SMITH"},{"floor":49,"key":"RECALL"},{"data":"Power Through","floor":53,"key":"SMITH"}],"neow_cost":"NONE","seed_source_timestamp":24932492288897,"circlet_count":0,"master_deck":["AscendersBane","Metallicize+1","Dual Wield+1","Second Wind+1","Regret","Evolve+1","Shrug It Off+1","Battle Trance+1","Necronomicurse","Feel No Pain+1","Dark Embrace+1","Impervious","Power Through+1","Normality","Normality","Body Slam+1","Offering"],"special_seed":0,"relics":["Burning Blood","NeowsBlessing","Blue Candle","Bag of Marbles","Centennial Puzzle","Astrolabe","Necronomicon","SsserpentHead","Membership Card","Empty Cage","Blood Vial","Question Card","Lantern","Pear","Bottled Tornado","Mango","Ancient Tea Set","ClockworkSouvenir","Brimstone","Bottled Lightning","Bronze Scales","Anchor"],"potions_floor_usage":[56],"damage_taken":[{"damage":0.0,"enemies":"Jaw Worm","floor":1.0,"turns":1.0},{"damage":0.0,"enemies":"Small Slimes","floor":2.0,"turns":1.0},{"damage":0.0,"enemies":"Lagavulin","floor":6.0,"turns":2.0},{"damage":1.0,"enemies":"2 Louse","floor":12.0,"turns":2.0},{"damage":23.0,"enemies":"Hexaghost","floor":16.0,"turns":13.0},{"damage":21.0,"enemies":"Spheric Guardian","floor":18.0,"turns":8.0},{"damage":1.0,"enemies":"Chosen","floor":24.0,"turns":4.0},{"damage":12.0,"enemies":"Snake Plant","floor":28.0,"turns":4.0},{"damage":8.0,"enemies":"Cultist and Chosen","floor":29.0,"turns":7.0},{"damage":2.0,"enemies":"Shelled Parasite and Fungi","floor":30.0,"turns":6.0},{"damage":26.0,"enemies":"Collector","floor":33.0,"turns":11.0},{"damage":12.0,"enemies":"3 Shapes","floor":35.0,"turns":21.0},{"damage":25.0,"enemies":"3 Darklings","floor":38.0,"turns":8.0},{"damage":4.0,"enemies":"Nemesis","floor":41.0,"turns":27.0},{"damage":3.0,"enemies":"Giant Head","floor":46.0,"turns":7.0},{"damage":6,"enemies":"Jaw Worm Horde","floor":48,"turns":3},{"damage":4,"enemies":"Awakened One","floor":50,"turns":4},{"damage":22,"enemies":"Donu and Deca","floor":51,"turns":3},{"damage":12,"enemies":"Shield and Spear","floor":55,"turns":2},{"damage":20,"enemies":"The Heart","floor":56,"turns":4}],"seed_played":"1675484485062079697","potions_obtained":[{"floor":1.0,"key":"Swift Potion"},{"floor":2.0,"key":"Weak Potion"},{"floor":24.0,"key":"SpeedPotion"},{"floor":30.0,"key":"GamblersBrew"},{"floor":38.0,"key":"EssenceOfSteel"},{"floor":48,"key":"Swift Potion"}],"is_trial":false,"path_per_floor":["M","M","?","?","?","E","$","?","T","R","$","M","$","$","R","B",null,"M","$","?","?","?","R","M","$","T","R","M","M","M","$","R","B",null,"M","?","?","M","$","R","E","R","T","R","?","E","$","M","R","B","B",null,"R","$","E","B",null],"character_chosen":"IRONCLAD","items_purchased":["Spot Weakness","Battle Trance","Membership Card","Blood Vial","Question Card","SkillPotion","Mango","Ancient Tea Set","ClockworkSouvenir","Brimstone","Offering","Bottled Lightning","Bronze Scales","GamblersBrew"],"campfire_rested":0,"item_purchase_floors":[11,19,31,39,39,39,47,47,47,54,54,54,54,54],"current_hp_per_floor":[74,75,52,52,41,47,47,47,47,47,47,52,52,52,52,35,65,50,50,50,29,29,29,34,34,34,34,28,26,30,30,30,10,59,53,53,53,34,34,34,38,38,48,48,48,53,67,69,69,73,59,89,89,89,85,73],"gold":165,"neow_bonus":"THREE_ENEMY_KILL","is_prod":false,"is_daily":false,"chose_seed":false,"campfire_upgraded":9,"win_rate":0,"timestamp":1552131725,"path_taken":["M","M","?","?","?","E","$","?","T","R","$","?","?","$","R","BOSS","M","$","?","?","?","R","?","?","T","R","?","M","M","?","R","BOSS","M","?","?","M","$","R","E","R","T","R","?","E","$","M","R","BOSS","BOSS","R","$","E","BOSS"],"build_version":"2019-01-23","purchased_purges":5,"victory":true,"max_hp_per_floor":[75,75,75,75,75,75,75,75,75,75,75,75,75,75,75,75,75,75,75,75,75,75,75,75,75,75,75,75,75,75,75,75,75,75,75,75,75,75,75,75,75,75,85,85,85,85,99,99,99,99,99,99,99,99,99,99],"card_choices":[{"not_picked":["Armaments","Clothesline"],"picked":"Metallicize","floor":1.0},{"not_picked":["Perfected Strike","Clothesline"],"picked":"Dual Wield","floor":2.0},{"not_picked":["Sentinel","Sword Boomerang"],"picked":"Second Wind","floor":6.0},{"not_picked":["Bloodletting","Wild Strike"],"picked":"Shrug It Off","floor":12.0},{"not_picked":["Iron Wave","Feel No Pain","Dual Wield"],"picked":"SKIP","floor":18.0},{"not_picked":["Twin Strike","Havoc","Warcry"],"picked":"SKIP","floor":24.0},{"not_picked":["Thunderclap","Pommel Strike"],"picked":"Feel No Pain","floor":28.0},{"not_picked":["Dual Wield","Flex+1","Cleave"],"picked":"SKIP","floor":29.0},{"not_picked":["Inflame","Clash"],"picked":"Dark Embrace","floor":30.0},{"not_picked":["Demon Form","Double Tap"],"picked":"Impervious","floor":33.0},{"not_picked":["Sever Soul","Anger"],"picked":"Power Through","floor":35.0},{"not_picked":["Corruption+1","True Grit","Hemokinesis+1"],"picked":"SKIP","floor":38.0},{"not_picked":["Heavy Blade","Iron Wave+1","Headbutt"],"picked":"Body Slam","floor":41.0},{"not_picked":["Pommel Strike","True Grit","Shrug It Off","Pummel"],"picked":"SKIP","floor":46.0},{"not_picked":["Anger","Iron Wave+1","Shrug It Off","Wild Strike"],"picked":"SKIP","floor":48},{"not_picked":["Iron Wave+1","Warcry","Flex","Thunderclap+1"],"picked":"SKIP","floor":55}],"player_experience":3439973,"relics_obtained":[{"floor":6.0,"key":"Blue Candle"},{"floor":9.0,"key":"Centennial Puzzle"},{"floor":21.0,"key":"Necronomicon"},{"floor":41.0,"key":"Lantern"},{"floor":43.0,"key":"Pear"},{"floor":46.0,"key":"Bottled Tornado"},{"floor":55,"key":"Anchor"}],"event_choices":[{"damage_healed":0.0,"max_hp_gain":0.0,"max_hp_loss":0.0,"gold_gain":0.0,"event_name":"Shining Light","player_choice":"Entered Light","floor":3.0,"gold_loss":0.0,"damage_taken":23.0,"cards_upgraded":["Dual Wield","Strike_R"]},{"cards_removed":["Strike_R"],"damage_healed":0.0,"max_hp_gain":0.0,"max_hp_loss":0.0,"gold_gain":0.0,"event_name":"The Cleric","player_choice":"Card Removal","floor":4.0,"gold_loss":75.0,"damage_taken":0.0},{"damage_healed":0.0,"max_hp_gain":0.0,"max_hp_loss":0.0,"gold_gain":75.0,"event_name":"World of Goop","player_choice":"Gather Gold","floor":5.0,"gold_loss":0.0,"damage_taken":11.0},{"damage_healed":0.0,"max_hp_gain":0.0,"max_hp_loss":0.0,"gold_gain":0.0,"event_name":"Big Fish","player_choice":"Box","floor":8.0,"gold_loss":0.0,"damage_taken":0.0,"relics_obtained":["Bag of Marbles"],"cards_obtained":["Regret"]},{"cards_removed":["Strike_R"],"damage_healed":0.0,"max_hp_gain":0.0,"max_hp_loss":0.0,"gold_gain":0.0,"event_name":"Back to Basics","player_choice":"Elegance","floor":20.0,"gold_loss":0.0,"damage_taken":0.0},{"damage_healed":0.0,"max_hp_gain":0.0,"max_hp_loss":0.0,"gold_gain":0.0,"event_name":"Cursed Tome","player_choice":"Obtained Book","floor":21.0,"gold_loss":0.0,"damage_taken":21.0},{"damage_healed":0.0,"max_hp_gain":0.0,"max_hp_loss":0.0,"gold_gain":0.0,"event_name":"FaceTrader","player_choice":"Trade","floor":22.0,"gold_loss":0.0,"damage_taken":0.0,"relics_obtained":["SsserpentHead"]},{"damage_healed":0.0,"max_hp_gain":0.0,"max_hp_loss":0.0,"gold_gain":0.0,"event_name":"Tomb of Lord Red Mask","player_choice":"Ignored","floor":36.0,"gold_loss":0.0,"damage_taken":0.0},{"damage_healed":0.0,"max_hp_gain":0.0,"max_hp_loss":0.0,"gold_gain":999.0,"event_name":"MindBloom","player_choice":"Gold","floor":37.0,"gold_loss":0.0,"damage_taken":0.0,"cards_obtained":["Normality","Normality"]},{"cards_removed":["Sword Boomerang"],"damage_healed":0.0,"max_hp_gain":0.0,"max_hp_loss":0.0,"gold_gain":0.0,"event_name":"Falling","player_choice":"Removed Attack","floor":45.0,"gold_loss":0.0,"damage_taken":0.0}],"is_beta":false,"boss_relics":[{"not_picked":["Mark of Pain","Black Blood"],"picked":"Astrolabe"},{"not_picked":["Eternal Feather","Orrery"],"picked":"Empty Cage"}],"items_purged_floors":[13,25,39,47,54],"is_endless":false,"potions_floor_spawned":[1,2,6,24,30,38,41,46,48],"ascension_level":20}