{"gold_per_floor":[111,186,203,128,28,28,56,75,75,75,75,75,75,58,58,156,156,175,175,15,34,34,34,44,44,44,59,59,73,93,121,121,222,222,239,239,249,69,86,86,98,98,150,0,0,17,17,36,36,36],"floor_reached":51,"playtime":1600,"items_purged":["Strike_G","Strike_G","Parasite","Decay"],"score":717,"play_id":"3a4a4b7a-d796-45b3-8e80-531579492724","local_time":"20181031233016","is_ascension_mode":false,"campfire_choices":[{"data":"Noxious Fumes","floor":6.0,"key":"SMITH"},{"data":"Bouncing Flask","floor":10.0,"key":"SMITH"},{"data":"Neutralize","floor":13.0,"key":"SMITH"},{"data":"1","floor":15.0,"key":"LIFT"},{"data":"Well Laid Plans","floor":23.0,"key":"SMITH"},{"data":"2","floor":25.0,"key":"LIFT"},{"data":"3","floor":28.0,"key":"LIFT"},{"data":"Backflip","floor":32.0,"key":"SMITH"},{"data":"Corpse Explosion","floor":47,"key":"SMITH"},{"data":"Corpse Explosion","floor":49,"key":"SMITH"}],"neow_cost":"NONE","seed_source_timestamp":48766651980718,"circlet_count":0,"master_deck":["Defend_G","Defend_G","Defend_G","Defend_G","Defend_G","Strike_G","Strike_G","Strike_G","Survivor","Neutralize+1","Noxious Fumes+1","Bouncing Flask+1","After Image","Backflip+1","Well Laid Plans+1","Blur+1","Leg Sweep+1","Venomology","Deadly Poison","Catalyst+1","Corpse Explosion+1","Infinite Blades+1","Dodge and Roll+1","Corpse Explosion+1","Injury","Deadly Poison+1"],"special_seed":0,"relics":["Ring of the Snake","Girya","Matryoshka","Cursed Key","Boot","Frozen Egg 2","Pen Nib","Runic Dome","Lantern","Bag of Preparation","Red Mask"],"potions_floor_usage":[48,50,50,50],"damage_taken":[{"damage":0.0,"enemies":"Small Slimes","floor":1.0,"turns":3.0},{"damage":1.0,"enemies":"2 Louse","floor":3.0,"turns":4.0},{"damage":37.0,"enemies":"Gremlin Nob","floor":7.0,"turns":6.0},{"damage":0.0,"enemies":"Cultist","floor":8.0,"turns":3.0},{"damage":0.0,"enemies":"Exordium Thugs","floor":14.0,"turns":4.0},{"damage":12.0,"enemies":"The Guardian","floor":16.0,"turns":8.0},{"damage":0.0,"enemies":"Chosen","floor":18.0,"turns":4.0},{"damage":10.0,"enemies":"Colosseum Slavers","floor":19.0,"turns":6.0},{"damage":0.0,"enemies":"Shell Parasite","floor":21.0,"turns":5.0},{"damage":5.0,"enemies":"Centurion and Healer","floor":24.0,"turns":7.0},{"damage":0.0,"enemies":"Snecko","floor":27.0,"turns":5.0},{"damage":0.0,"enemies":"Chosen and Byrds","floor":29.0,"turns":7.0},{"damage":0.0,"enemies":"Centurion and Healer","floor":30.0,"turns":7.0},{"damage":0.0,"enemies":"Slavers","floor":31.0,"turns":6.0},{"damage":30.0,"enemies":"Champ","floor":33.0,"turns":14.0},{"damage":0.0,"enemies":"3 Shapes","floor":35.0,"turns":6.0},{"damage":0.0,"enemies":"3 Darklings","floor":37.0,"turns":6.0},{"damage":0.0,"enemies":"Spire Growth","floor":39.0,"turns":4.0},{"damage":0.0,"enemies":"Writhing Mass","floor":41.0,"turns":4.0},{"damage":0,"enemies":"4 Shapes","floor":46,"turns":1},{"damage":10,"enemies":"Spire Growth","floor":48,"turns":4},{"damage":1,"enemies":"Donu and Deca","floor":50,"turns":4}],"seed_played":"-5344261594592801174","potions_obtained":[{"floor":1.0,"key":"GhostInAJar"},{"floor":8.0,"key":"SpeedPotion"},{"floor":18.0,"key":"Dexterity Potion"},{"floor":29.0,"key":"Fire Potion"},{"floor":31.0,"key":"Dexterity Potion"},{"floor":35.0,"key":"GhostInAJar"},{"floor":48,"key":"Energy Potion"}],"is_trial":false,"path_per_floor":["M","?","M","$","$","R","E","M","T","R","$","?","R","M","R","B",null,"M","?","$","M","$","R","M","R","T","M","R","M","M","E","R","B",null,"M","?","M","$","M","$","M","?","T","$","?","M","R","M","R","B"],"character_chosen":"THE_SILENT","items_purchased":["Well Laid Plans","Corpse Explosion","Infinite Blades+1"],"campfire_rested":0,"item_purchase_floors":[20,38,38],"current_hp_per_floor":[70,59,58,58,58,58,21,21,21,21,21,38,38,38,38,26,70,70,60,60,60,60,60,55,55,55,55,55,55,55,55,55,25,67,67,67,67,67,67,67,67,64,64,64,64,64,64,54,54,53],"gold":36,"neow_bonus":"THREE_CARDS","is_prod":false,"is_daily":false,"chose_seed":false,"campfire_upgraded":7,"win_rate":0,"timestamp":1540999816,"path_taken":["M","?","M","?","$","R","E","M","T","R","$","?","R","M","R","BOSS","M","?","$","M","$","R","M","R","T","M","R","M","M","E","R","BOSS","M","?","M","$","M","$","M","?","T","$","?","M","R","M","R","BOSS"],"build_version":"2018-10-25v2","purchased_purges":4,"victory":true,"max_hp_per_floor":[70,70,70,70,70,70,70,70,70,70,70,70,70,70,70,70,70,70,70,67,67,67,67,67,67,67,67,67,67,67,67,67,67,67,67,67,67,67,67,67,67,64,64,64,64,64,64,64,64,64],"card_choices":[{"not_picked":["Slice","Backflip"],"picked":"Noxious Fumes","floor":1.0},{"not_picked":["Prepared","Acrobatics","Eviscerate"],"picked":"SKIP","floor":3.0},{"not_picked":["Dagger Spray","Terror"],"picked":"Bouncing Flask","floor":7.0},{"not_picked":["Underhanded Strike","Dodge and Roll","Dagger Spray"],"picked":"SKIP","floor":8.0},{"not_picked":["Caltrops","Flying Knee","Underhanded Strike"],"picked":"SKIP","floor":14.0},{"not_picked":["Envenom","Grand Finale"],"picked":"After Image","floor":16.0},{"not_picked":["Prepared","Slice+1"],"picked":"Backflip","floor":18.0},{"not_picked":["Endless Agony+1","Dagger Spray+1","Calculated Gamble"],"picked":"SKIP","floor":21.0},{"not_picked":["Outmaneuver+1","Endless Agony"],"picked":"Blur+1","floor":24.0},{"not_picked":["Prepared","Outmaneuver","PiercingWail"],"picked":"SKIP","floor":27.0},{"not_picked":["Calculated Gamble","Deflect","Dagger Throw"],"picked":"SKIP","floor":29.0},{"not_picked":["Sucker Punch","Dagger Throw","Bane+1"],"picked":"SKIP","floor":30.0},{"not_picked":["Concentrate","Deadly Poison"],"picked":"Leg Sweep+1","floor":31.0},{"not_picked":["Tools of the Trade+1","Phantasmal Killer"],"picked":"Venomology","floor":33.0},{"not_picked":["Masterful Stab+1","Slice+1"],"picked":"Deadly Poison","floor":35.0},{"not_picked":["Outmaneuver+1","Deflect+1"],"picked":"Catalyst+1","floor":37.0},{"not_picked":["Deadly Poison","Outmaneuver+1"],"picked":"Dodge and Roll+1","floor":39.0},{"not_picked":["Heel Hook+1","Reflex+1"],"picked":"Corpse Explosion","floor":41.0},{"not_picked":["Deflect","Slice","PiercingWail"],"picked":"SKIP","floor":46},{"not_picked":["Predator","Backflip"],"picked":"Deadly Poison+1","floor":48}],"player_experience":794190,"relics_obtained":[{"floor":7.0,"key":"Girya"},{"floor":9.0,"key":"Matryoshka"},{"floor":26.0,"key":"Boot"},{"floor":26.0,"key":"Frozen Egg 2"},{"floor":31.0,"key":"Pen Nib"},{"floor":43.0,"key":"Lantern"},{"floor":43.0,"key":"Bag of Preparation"}],"event_choices":[{"damage_healed":0.0,"max_hp_gain":0.0,"max_hp_loss":0.0,"gold_gain":75.0,"event_name":"World of Goop","player_choice":"Gather Gold","floor":2.0,"gold_loss":0.0,"damage_taken":11.0},{"damage_healed":17.0,"max_hp_gain":0.0,"max_hp_loss":0.0,"gold_gain":0.0,"event_name":"Mushrooms","player_choice":"Healed and dodged fight","floor":12.0,"gold_loss":0.0,"damage_taken":0.0,"cards_obtained":["Parasite"]},{"damage_healed":0.0,"max_hp_gain":0.0,"max_hp_loss":0.0,"gold_gain":0.0,"event_name":"Colosseum","player_choice":"Fight","floor":19.0,"gold_loss":0.0,"damage_taken":0.0},{"damage_healed":0.0,"max_hp_gain":0.0,"max_hp_loss":0.0,"gold_gain":0.0,"event_name":"Colosseum","player_choice":"Fled From Nobs","floor":19.0,"gold_loss":0.0,"damage_taken":0.0},{"damage_healed":0.0,"max_hp_gain":0.0,"max_hp_loss":0.0,"gold_gain":0.0,"event_name":"Mysterious Sphere","player_choice":"Ignored","floor":36.0,"gold_loss":0.0,"damage_taken":0.0},{"damage_healed":0.0,"max_hp_gain":0.0,"max_hp_loss":3.0,"gold_gain":0.0,"event_name":"Winding Halls","player_choice":"Max HP","floor":42.0,"gold_loss":0.0,"damage_taken":0.0},{"damage_healed":0.0,"max_hp_gain":0.0,"max_hp_loss":0.0,"gold_gain":0.0,"event_name":"Tomb of Lord Red Mask","player_choice":"Paid","floor":45.0,"gold_loss":0.0,"damage_taken":0.0,"relics_obtained":["Red Mask"]}],"is_beta":false,"boss_relics":[{"not_picked":["Ring of the Serpent","Sozu"],"picked":"Cursed Key"},{"not_picked":["Philosopher\u0027s Stone","Velvet Choker"],"picked":"Runic Dome"}],"items_purged_floors":[4,5,20,44],"is_endless":false,"potions_floor_spawned":[1,8,18,19,29,31,35,41,48],"ascension_level":0}