{"gold_per_floor":[364,364,84,34,34,34,45,65,133,148,176,192,192,205,205,303,303,316,316,326,108,128,128,143,143,143,163,163,182,197,231,231,336,336,351,370,370,370,381,381,398,414,414,81,81,81,41,59,59,59],"floor_reached":51,"playtime":1516,"items_purged":["Strike_B","Strike_B"],"score":673,"play_id":"efa8f398-4876-4cde-932b-6627ddc13b44","local_time":"20190612121910","is_ascension_mode":false,"campfire_choices":[{"data":"Sunder","floor":6.0,"key":"SMITH"},{"data":"Dualcast","floor":13.0,"key":"SMITH"},{"floor":15.0,"key":"REST"},{"floor":23.0,"key":"REST"},{"floor":25.0,"key":"REST"},{"data":"Zap","floor":28.0,"key":"SMITH"},{"floor":32.0,"key":"REST"},{"data":"Skim","floor":40.0,"key":"SMITH"},{"data":"White Noise","floor":46.0,"key":"SMITH"},{"floor":49.0,"key":"REST"}],"neow_cost":"TEN_PERCENT_HP_LOSS","seed_source_timestamp":5620199043443,"circlet_count":0,"master_deck":["Strike_B","Defend_B","Defend_B","Defend_B","Defend_B","Zap+1","Dualcast+1","Static Discharge+1","Storm+1","White Noise+1","Skim+1","Ball Lightning","Seek","Electrodynamics+1","Tempest+1","Turbo+1","Recycle+1","Capacitor+1","Biased Cognition+1","Heatsinks+1","Static Discharge+1","Turbo+1","Static Discharge+1"],"special_seed":0,"relics":["Cracked Core","Frozen Egg 2","Darkstone Periapt","Pear","Cursed Key","CultistMask","Anchor","Regal Pillow","Orrery"],"potions_floor_usage":[50,50,50,50,50,50],"damage_taken":[{"damage":0.0,"enemies":"Small Slimes","floor":1.0,"turns":2.0},{"damage":6.0,"enemies":"Jaw Worm","floor":7.0,"turns":3.0},{"damage":0.0,"enemies":"Cultist","floor":8.0,"turns":2.0},{"damage":12.0,"enemies":"Gremlin Gang","floor":10.0,"turns":3.0},{"damage":22.0,"enemies":"3 Sentries","floor":11.0,"turns":4.0},{"damage":11.0,"enemies":"Exordium Wildlife","floor":12.0,"turns":4.0},{"damage":6.0,"enemies":"3 Louse","floor":14.0,"turns":2.0},{"damage":23.0,"enemies":"The Guardian","floor":16.0,"turns":8.0},{"damage":2.0,"enemies":"Shell Parasite","floor":18.0,"turns":3.0},{"damage":25.0,"enemies":"2 Thieves","floor":20.0,"turns":3.0},{"damage":5.0,"enemies":"Sentry and Sphere","floor":22.0,"turns":3.0},{"damage":23.0,"enemies":"Shelled Parasite and Fungi","floor":24.0,"turns":3.0},{"damage":5.0,"enemies":"Chosen and Byrds","floor":27.0,"turns":2.0},{"damage":0.0,"enemies":"3 Cultists","floor":29.0,"turns":2.0},{"damage":11.0,"enemies":"Centurion and Healer","floor":30.0,"turns":4.0},{"damage":10.0,"enemies":"Book of Stabbing","floor":31.0,"turns":3.0},{"damage":80.0,"enemies":"Champ","floor":33.0,"turns":6.0},{"damage":0.0,"enemies":"Orb Walker","floor":35.0,"turns":2.0},{"damage":2.0,"enemies":"3 Darklings","floor":36.0,"turns":2.0},{"damage":2.0,"enemies":"Maw","floor":39.0,"turns":3.0},{"damage":8.0,"enemies":"Sphere and 2 Shapes","floor":41.0,"turns":2.0},{"damage":10.0,"enemies":"Transient","floor":42.0,"turns":5.0},{"damage":0.0,"enemies":"Spire Growth","floor":48.0,"turns":2.0},{"damage":43,"enemies":"Time Eater","floor":50,"turns":3}],"seed_played":"-3729165956125273550","potions_obtained":[{"floor":8.0,"key":"Energy Potion"},{"floor":11.0,"key":"EntropicBrew"},{"floor":12.0,"key":"Ancient Potion"},{"floor":22.0,"key":"FocusPotion"},{"floor":29.0,"key":"PowerPotion"},{"floor":35.0,"key":"AttackPotion"}],"is_trial":false,"path_per_floor":["M","?","$","?","$","R","M","M","T","M","E","M","R","M","R","B",null,"M","?","M","$","M","R","M","R","T","M","R","M","M","E","R","B",null,"M","M","?","?","M","R","M","M","T","$","?","R","?","M","R","B",null],"character_chosen":"DEFECT","items_purchased":["Frozen Egg 2","Static Discharge+1","Anchor","Static Discharge+1","FocusPotion","Ancient Potion"],"campfire_rested":5,"item_purchase_floors":[3,3,21,44,44,44],"current_hp_per_floor":[68,73,73,73,73,73,67,67,67,55,43,32,32,26,50,27,83,81,81,56,56,51,75,52,76,76,71,71,71,60,50,83,3,83,83,81,81,81,79,79,71,61,61,61,61,61,61,61,79,36],"gold":59,"neow_bonus":"TWO_FIFTY_GOLD","is_prod":false,"is_daily":false,"chose_seed":false,"campfire_upgraded":5,"win_rate":0,"timestamp":1560313150,"path_taken":["M","?","$","?","$","R","M","?","T","M","E","M","R","M","R","BOSS","M","?","M","?","?","R","M","R","T","M","R","M","M","E","R","BOSS","M","?","?","?","?","R","M","M","T","$","?","R","?","M","R","BOSS"],"build_version":"2019-01-23","purchased_purges":2,"victory":true,"max_hp_per_floor":[68,73,73,73,73,73,73,73,73,73,83,83,83,83,83,83,83,83,83,83,83,83,83,83,83,83,83,83,83,83,83,83,83,83,83,83,83,83,83,83,83,83,83,83,79,79,79,79,79,79],"card_choices":[{"not_picked":["Stack","Turbo"],"picked":"Sunder","floor":1.0},{"not_picked":["Gash","Go for the Eyes","Redo"],"picked":"SKIP","floor":7.0},{"not_picked":["Rebound","Loop+1"],"picked":"Storm+1","floor":8.0},{"not_picked":["Redo","Compile Driver"],"picked":"White Noise","floor":10.0},{"not_picked":["Redo","Force Field"],"picked":"Skim","floor":11.0},{"not_picked":["Chaos","Sweeping Beam"],"picked":"Ball Lightning","floor":12.0},{"not_picked":["Gash","Steam"],"picked":"Seek","floor":14.0},{"not_picked":["Biased Cognition+1","Multi-Cast"],"picked":"Electrodynamics+1","floor":16.0},{"not_picked":["Beam Cell","Consume"],"picked":"Tempest+1","floor":18.0},{"not_picked":["Conserve Battery+1","Coolheaded"],"picked":"Turbo+1","floor":20.0},{"not_picked":["Sweeping Beam+1","Barrage+1","Gash+1"],"picked":"SKIP","floor":22.0},{"not_picked":["Rebound+1","Blizzard","Leap+1"],"picked":"SKIP","floor":24.0},{"not_picked":["Tempest","BootSequence","FTL"],"picked":"SKIP","floor":27.0},{"not_picked":["Consume","Loop+1"],"picked":"Recycle","floor":29.0},{"not_picked":["Sunder","Glacier","Barrage+1"],"picked":"SKIP","floor":30.0},{"not_picked":["Stack","FTL"],"picked":"Capacitor+1","floor":31.0},{"not_picked":["Electrodynamics+1","Seek"],"picked":"Biased Cognition+1","floor":33.0},{"not_picked":["Beam Cell","Echo Form+1"],"picked":"Heatsinks+1","floor":34.0},{"not_picked":["Hologram","Cold Snap+1"],"picked":"Static Discharge+1","floor":34.0},{"not_picked":["Hologram","Barrage","Doom and Gloom+1"],"picked":"SKIP","floor":35.0},{"not_picked":["Sweeping Beam","Conserve Battery","Chaos"],"picked":"SKIP","floor":36.0},{"not_picked":["Sweeping Beam","Blizzard+1"],"picked":"Turbo+1","floor":39.0},{"not_picked":["Compile Driver","Beam Cell","Chill"],"picked":"SKIP","floor":41.0},{"not_picked":["Sunder+1","Stack","Go for the Eyes+1"],"picked":"SKIP","floor":42.0},{"not_picked":["Steam Power+1","Ball Lightning","Redo"],"picked":"SKIP","floor":48.0}],"player_experience":5092475,"relics_obtained":[{"floor":9.0,"key":"Darkstone Periapt"},{"floor":11.0,"key":"Pear"},{"floor":31.0,"key":"Regal Pillow"}],"event_choices":[{"damage_healed":0.0,"max_hp_gain":5.0,"max_hp_loss":0.0,"gold_gain":0.0,"event_name":"Big Fish","player_choice":"Donut","floor":2.0,"gold_loss":0.0,"damage_taken":0.0},{"cards_removed":["Strike_B"],"damage_healed":0.0,"max_hp_gain":0.0,"max_hp_loss":0.0,"gold_gain":0.0,"event_name":"The Cleric","player_choice":"Card Removal","floor":4.0,"gold_loss":50.0,"damage_taken":0.0},{"damage_healed":0.0,"max_hp_gain":0.0,"max_hp_loss":0.0,"gold_gain":0.0,"event_name":"FaceTrader","player_choice":"Trade","floor":19.0,"gold_loss":0.0,"damage_taken":0.0,"relics_obtained":["CultistMask"]},{"cards_removed":["Sunder"],"damage_healed":0.0,"max_hp_gain":0.0,"max_hp_loss":0.0,"gold_gain":0.0,"event_name":"Falling","player_choice":"Removed Attack","floor":37.0,"gold_loss":0.0,"damage_taken":0.0},{"damage_healed":0.0,"max_hp_gain":0.0,"max_hp_loss":0.0,"gold_gain":0.0,"event_name":"Upgrade Shrine","player_choice":"Upgraded","floor":38.0,"gold_loss":0.0,"damage_taken":0.0,"cards_upgraded":["Recycle"]},{"damage_healed":0.0,"max_hp_gain":0.0,"max_hp_loss":4.0,"gold_gain":0.0,"event_name":"Winding Halls","player_choice":"Max HP","floor":45.0,"gold_loss":0.0,"damage_taken":0.0},{"damage_healed":0.0,"max_hp_gain":0.0,"max_hp_loss":0.0,"gold_gain":0.0,"event_name":"The Woman in Blue","player_choice":"Bought 3 Potions","floor":47.0,"gold_loss":0.0,"damage_taken":0.0}],"is_beta":false,"boss_relics":[{"not_picked":["Calling Bell","Eternal Feather"],"picked":"Cursed Key"},{"not_picked":["Black Star","Inserter"],"picked":"Orrery"}],"items_purged_floors":[21,44],"is_endless":false,"potions_floor_spawned":[8,11,12,22,29,31,35,39,41],"ascension_level":0}