{"gold_per_floor":[115,128,2,2,19,19,47,47,73,98,98,98,148,159,159,236,236,250,300,2,52,128,128,178,178,228,246,296,296],"floor_reached":29,"playtime":698,"items_purged":["Strike_B"],"score":454,"play_id":"be75ed11-7305-4190-ad5b-12ff57c5d586","local_time":"20190225192331","is_ascension_mode":true,"campfire_choices":[{"data":"Darkness","floor":6.0,"key":"SMITH"},{"data":"Dualcast","floor":8.0,"key":"SMITH"},{"data":"Coolheaded","floor":12.0,"key":"SMITH"},{"data":"Capacitor","floor":15.0,"key":"SMITH"},{"floor":23,"key":"RECALL"},{"floor":25,"key":"REST"}],"neow_cost":"TEN_PERCENT_HP_LOSS","seed_source_timestamp":25109121556152,"circlet_count":0,"master_deck":["AscendersBane","Defend_B","Defend_B","Defend_B","Defend_B","Zap","Dualcast+1","Echo Form","Ball Lightning","Capacitor+1","Coolheaded+1","Beam Cell","Darkness+1","Hologram","Hologram","Rainbow","White Noise","Capacitor"],"special_seed":0,"relics":["Cracked Core","Omamori","Juzu Bracelet","FossilizedHelix","SsserpentHead","Fusion Hammer","PrismaticShard","Oddly Smooth Stone","PreservedInsect","Enchiridion"],"potions_floor_usage":[],"damage_taken":[{"damage":2.0,"enemies":"Jaw Worm","floor":1.0,"turns":4.0},{"damage":3.0,"enemies":"Small Slimes","floor":2.0,"turns":2.0},{"damage":4.0,"enemies":"Cultist","floor":5.0,"turns":4.0},{"damage":12.0,"enemies":"Lagavulin","floor":7.0,"turns":8.0},{"damage":8.0,"enemies":"Gremlin Nob","floor":10.0,"turns":3.0},{"damage":0.0,"enemies":"Gremlin Gang","floor":14.0,"turns":1.0},{"damage":11.0,"enemies":"Slime Boss","floor":16.0,"turns":8.0},{"damage":9,"enemies":"Chosen","floor":18,"turns":4},{"damage":20,"enemies":"Shell Parasite","floor":27,"turns":5},{"damage":22,"enemies":"Gremlin Leader","floor":29,"turns":4}],"seed_played":"-1719088664447116633","potions_obtained":[{"floor":2.0,"key":"FearPotion"},{"floor":10.0,"key":"AttackPotion"}],"is_trial":false,"path_per_floor":["M","M","$","?","M","R","E","R","T","E","?","R","?","M","R","B",null,"M","?","$","?","T","R","?","R","T","M","?","E"],"character_chosen":"DEFECT","items_purchased":["Coolheaded","PrismaticShard","Capacitor"],"campfire_rested":1,"item_purchase_floors":[3,20,20],"current_hp_per_floor":[62,59,59,59,55,55,43,43,43,35,35,35,35,35,35,24,54,45,45,45,45,45,45,45,64,64,44,23,1],"gold":296,"neow_bonus":"THREE_RARE_CARDS","is_prod":false,"is_daily":false,"chose_seed":false,"campfire_upgraded":4,"win_rate":0,"timestamp":1551093811,"path_taken":["M","M","$","?","M","R","E","R","T","E","?","R","?","M","R","BOSS","M","?","$","?","?","R","?","R","T","M","?","E"],"build_version":"2019-01-23","purchased_purges":1,"victory":false,"max_hp_per_floor":[64,64,64,64,64,64,64,64,64,64,64,64,64,64,64,64,64,64,64,64,64,64,64,64,64,64,64,64,64],"card_choices":[{"not_picked":["Seek","Thunder Strike"],"picked":"Echo Form","floor":0.0},{"not_picked":["Force Field","Auto Shields"],"picked":"Ball Lightning","floor":1.0},{"not_picked":["Coolheaded","Beam Cell"],"picked":"Capacitor","floor":2.0},{"not_picked":["Gash","Streamline"],"picked":"Darkness","floor":5.0},{"not_picked":["Streamline","Cold Snap"],"picked":"Hologram","floor":7.0},{"not_picked":["Machine Learning","Barrage"],"picked":"Hologram","floor":10.0},{"not_picked":["Beam Cell","Ball Lightning","Compile Driver"],"picked":"SKIP","floor":14.0},{"not_picked":["Machine Learning","Multi-Cast"],"picked":"Rainbow","floor":16.0},{"not_picked":["Streamline","Go for the Eyes","Steam+1"],"picked":"SKIP","floor":18},{"not_picked":["Aggregate","Sword Boomerang","Heel Hook"],"picked":"SKIP","floor":27}],"player_experience":3134313,"relics_obtained":[{"floor":7.0,"key":"Omamori"},{"floor":9.0,"key":"Juzu Bracelet"},{"floor":10.0,"key":"FossilizedHelix"},{"floor":22,"key":"Oddly Smooth Stone"},{"floor":26,"key":"PreservedInsect"},{"floor":28,"key":"Enchiridion"}],"event_choices":[{"damage_healed":0.0,"max_hp_gain":0.0,"max_hp_loss":0.0,"gold_gain":0.0,"cards_transformed":["Strike_B"],"event_name":"Living Wall","player_choice":"Change","floor":4.0,"gold_loss":0.0,"damage_taken":0.0,"cards_obtained":["Beam Cell"]},{"damage_healed":0.0,"max_hp_gain":0.0,"max_hp_loss":0.0,"gold_gain":0.0,"event_name":"FaceTrader","player_choice":"Trade","floor":11.0,"gold_loss":0.0,"damage_taken":0.0,"relics_obtained":["SsserpentHead"]},{"cards_removed":["Strike_B"],"damage_healed":0.0,"max_hp_gain":0.0,"max_hp_loss":0.0,"gold_gain":0.0,"event_name":"Bonfire Elementals","player_choice":"Offered Basic","floor":13.0,"gold_loss":0.0,"damage_taken":0.0},{"damage_healed":0,"gold_gain":0,"player_choice":"Read","damage_taken":0,"max_hp_gain":0,"max_hp_loss":0,"event_name":"The Library","floor":19,"gold_loss":0,"cards_obtained":["White Noise"]},{"damage_healed":0,"gold_gain":0,"player_choice":"Ignored","damage_taken":0,"max_hp_gain":0,"max_hp_loss":0,"event_name":"Ghosts","floor":21,"gold_loss":0},{"cards_removed":["Strike_B"],"damage_healed":0,"gold_gain":0,"player_choice":"Elegance","damage_taken":0,"max_hp_gain":0,"max_hp_loss":0,"event_name":"Back to Basics","floor":24,"gold_loss":0},{"damage_healed":0,"gold_gain":0,"player_choice":"Obtained Book","damage_taken":21,"max_hp_gain":0,"max_hp_loss":0,"event_name":"Cursed Tome","floor":28,"gold_loss":0}],"is_beta":false,"boss_relics":[{"not_picked":["Ectoplasm","Lizard Tail"],"picked":"Fusion Hammer"}],"items_purged_floors":[3],"is_endless":false,"potions_floor_spawned":[2,10],"killed_by":"Gremlin Leader","ascension_level":20}