{"gold_per_floor":[114,114,129,142,142,142,162,162,185,185,185,197,122,136,136,208,208,223,240,240,259,271,271,171,171,171,171,171,203,220,247,247,321,321,334,351,363,363,373,373,401,401,401,432,432,443,462,493,493,493,493,493,493,28,63,63],"floor_reached":57,"playtime":1578,"items_purged":["Strike_R","Strike_R","Strike_R"],"score":3148,"play_id":"e301a3b4-7646-4331-991b-0d4f0c44fb9a","local_time":"20190601184255","is_ascension_mode":true,"campfire_choices":[{"data":"Searing Blow","floor":6.0,"key":"SMITH"},{"data":"Searing Blow+1","floor":8.0,"key":"SMITH"},{"data":"Searing Blow+3","floor":15.0,"key":"SMITH"},{"data":"Searing Blow+5","floor":23.0,"key":"SMITH"},{"data":"Searing Blow+6","floor":25.0,"key":"SMITH"},{"data":"Searing Blow+7","floor":27.0,"key":"SMITH"},{"data":"Searing Blow+8","floor":32.0,"key":"SMITH"},{"data":"Searing Blow+9","floor":40.0,"key":"SMITH"},{"data":"Searing Blow+10","floor":42.0,"key":"SMITH"},{"floor":49.0,"key":"RECALL"},{"data":"Searing Blow+11","floor":53.0,"key":"SMITH"}],"neow_cost":"NONE","seed_source_timestamp":5796214829750,"circlet_count":0,"master_deck":["AscendersBane","Defend_R","Defend_R","Defend_R","Defend_R","Bash","Offering","Rupture","Searing Blow+12","Shockwave","Armaments","Offering","Evolve","Ghostly","Ghostly","Ghostly","Battle Trance+1","Impervious","Offering","Apotheosis","Burning Pact"],"special_seed":0,"relics":["Burning Blood","Potion Belt","Runic Dome","Matryoshka","Boot","Oddly Smooth Stone","Coffee Dripper","Pear","Juzu Bracelet","Dream Catcher","Strawberry","Blue Candle"],"potions_floor_usage":[56,56,56],"damage_taken":[{"damage":8.0,"enemies":"Jaw Worm","floor":1.0,"turns":2.0},{"damage":8.0,"enemies":"2 Louse","floor":3.0,"turns":3.0},{"damage":16.0,"enemies":"Small Slimes","floor":4.0,"turns":5.0},{"damage":10.0,"enemies":"Red Slaver","floor":7.0,"turns":3.0},{"damage":17.0,"enemies":"Exordium Thugs","floor":12.0,"turns":3.0},{"damage":27.0,"enemies":"Lots of Slimes","floor":14.0,"turns":5.0},{"damage":11.0,"enemies":"Hexaghost","floor":16.0,"turns":7.0},{"damage":12.0,"enemies":"Shell Parasite","floor":18.0,"turns":1.0},{"damage":17.0,"enemies":"2 Thieves","floor":19.0,"turns":4.0},{"damage":20.0,"enemies":"Snake Plant","floor":21.0,"turns":2.0},{"damage":14.0,"enemies":"Snecko","floor":22.0,"turns":4.0},{"damage":2.0,"enemies":"Book of Stabbing","floor":29.0,"turns":4.0},{"damage":3.0,"enemies":"Centurion and Healer","floor":30.0,"turns":4.0},{"damage":2.0,"enemies":"Gremlin Leader","floor":31.0,"turns":3.0},{"damage":2.0,"enemies":"Collector","floor":33.0,"turns":3.0},{"damage":6.0,"enemies":"Orb Walker","floor":35.0,"turns":1.0},{"damage":1.0,"enemies":"3 Shapes","floor":36.0,"turns":5.0},{"damage":9.0,"enemies":"Jaw Worm Horde","floor":37.0,"turns":4.0},{"damage":8.0,"enemies":"Writhing Mass","floor":39.0,"turns":4.0},{"damage":13.0,"enemies":"Reptomancer","floor":41.0,"turns":2.0},{"damage":2.0,"enemies":"Nemesis","floor":44.0,"turns":3.0},{"damage":6.0,"enemies":"Spire Growth","floor":46.0,"turns":4.0},{"damage":3.0,"enemies":"4 Shapes","floor":47.0,"turns":3.0},{"damage":7.0,"enemies":"Reptomancer","floor":48.0,"turns":3.0},{"damage":17.0,"enemies":"Awakened One","floor":50.0,"turns":5.0},{"damage":21.0,"enemies":"Donu and Deca","floor":51.0,"turns":6.0},{"damage":3.0,"enemies":"Shield and Spear","floor":55.0,"turns":4.0},{"damage":35,"enemies":"The Heart","floor":56,"turns":7}],"seed_played":"6033326292089036117","potions_obtained":[{"floor":4.0,"key":"Regen Potion"},{"floor":7.0,"key":"Energy Potion"},{"floor":11.0,"key":"BloodPotion"},{"floor":11.0,"key":"GamblersBrew"},{"floor":16.0,"key":"FairyPotion"},{"floor":19.0,"key":"Strength Potion"},{"floor":30.0,"key":"Swift Potion"},{"floor":33.0,"key":"Poison Potion"},{"floor":35.0,"key":"Block Potion"},{"floor":47.0,"key":"SkillPotion"},{"floor":55.0,"key":"SkillPotion"}],"is_trial":false,"path_per_floor":["M","?","M","M","?","R","M","R","T","?","?","M","$","M","R","B",null,"M","M","?","M","M","R","$","R","T","R","?","E","M","E","R","B",null,"M","M","M","?","M","R","E","R","T","E","?","M","M","E","R","B","B",null,"R","$","E","B",null],"character_chosen":"IRONCLAD","items_purchased":["Apotheosis","Burning Pact","Swift Potion"],"campfire_rested":0,"item_purchase_floors":[54,54,54],"current_hp_per_floor":[66,59,57,47,47,47,52,52,52,52,52,48,48,27,27,22,62,56,45,45,31,23,23,23,23,23,23,23,27,30,34,34,37,37,37,37,34,34,32,32,35,35,35,39,39,39,42,48,48,37,22,45,45,45,48,19],"gold":63,"neow_bonus":"ONE_RANDOM_RARE_CARD","is_prod":false,"is_daily":false,"chose_seed":false,"campfire_upgraded":10,"win_rate":0,"timestamp":1559385775,"path_taken":["M","?","M","M","?","R","M","R","T","?","?","?","$","M","R","BOSS","M","M","?","M","?","R","$","R","T","R","?","E","M","E","R","BOSS","M","M","M","?","M","R","E","R","T","E","?","M","M","E","R","BOSS","BOSS","R","$","E","BOSS"],"build_version":"2019-01-23","purchased_purges":3,"victory":true,"max_hp_per_floor":[75,75,75,75,75,75,75,75,75,75,75,75,75,75,75,75,75,75,75,75,75,75,75,75,75,75,75,37,37,37,37,37,37,37,37,37,37,35,35,35,45,45,45,45,45,45,45,52,52,52,52,52,52,52,52,52],"card_choices":[{"not_picked":["Clash","Corruption"],"picked":"Rupture","floor":1.0},{"not_picked":["Sword Boomerang","Wild Strike"],"picked":"Searing Blow","floor":3.0},{"not_picked":["Intimidate","Seeing Red","Sword Boomerang"],"picked":"SKIP","floor":4.0},{"not_picked":["Entrench","Pommel Strike","Body Slam"],"picked":"SKIP","floor":7.0},{"not_picked":["Warcry","Twin Strike"],"picked":"Shockwave","floor":12.0},{"not_picked":["Infernal Blade","Iron Wave"],"picked":"Armaments","floor":14.0},{"not_picked":["Impervious","Immolate"],"picked":"Offering","floor":16.0},{"not_picked":["Sword Boomerang+1","Thunderclap","Cleave"],"picked":"SKIP","floor":18.0},{"not_picked":["Wild Strike","Clothesline","Heavy Blade"],"picked":"SKIP","floor":19.0},{"not_picked":["Sword Boomerang","Armaments","Blood for Blood+1"],"picked":"SKIP","floor":21.0},{"not_picked":["Combust","Flex"],"picked":"Evolve","floor":22.0},{"not_picked":["Havoc","Disarm","Feed"],"picked":"SKIP","floor":29.0},{"not_picked":["Wild Strike","Anger","Warcry"],"picked":"SKIP","floor":30.0},{"not_picked":["Bloodletting","Thunderclap"],"picked":"Battle Trance+1","floor":31.0},{"not_picked":["Immolate","Feed"],"picked":"Impervious","floor":33.0},{"not_picked":["Anger","Flex+1","Shrug It Off"],"picked":"SKIP","floor":35.0},{"not_picked":["Hemokinesis","Disarm+1","Shrug It Off"],"picked":"SKIP","floor":36.0},{"not_picked":["Whirlwind","Hemokinesis","Sword Boomerang"],"picked":"SKIP","floor":37.0},{"not_picked":["Wild Strike+1","Twin Strike"],"picked":"Offering","floor":39.0},{"not_picked":["Clothesline+1","Havoc","Thunderclap+1"],"picked":"SKIP","floor":41.0},{"not_picked":["Heavy Blade","Anger+1","Headbutt+1"],"picked":"SKIP","floor":44.0},{"not_picked":["Havoc+1","Seeing Red","Fire Breathing+1"],"picked":"SKIP","floor":46.0},{"not_picked":["Wild Strike","Uppercut","Sever Soul"],"picked":"SKIP","floor":47.0},{"not_picked":["Pommel Strike+1","Limit Break","Anger"],"picked":"SKIP","floor":48.0},{"not_picked":["Headbutt","Shockwave","Searing Blow"],"picked":"SKIP","floor":55.0}],"player_experience":4969121,"relics_obtained":[{"floor":9.0,"key":"Potion Belt"},{"floor":26.0,"key":"Matryoshka"},{"floor":29.0,"key":"Boot"},{"floor":31.0,"key":"Oddly Smooth Stone"},{"floor":41.0,"key":"Pear"},{"floor":43.0,"key":"Juzu Bracelet"},{"floor":44.0,"key":"Dream Catcher"},{"floor":48.0,"key":"Strawberry"},{"floor":55.0,"key":"Blue Candle"}],"event_choices":[{"cards_removed":["Strike_R"],"damage_healed":0.0,"max_hp_gain":0.0,"max_hp_loss":0.0,"gold_gain":0.0,"event_name":"Golden Wing","player_choice":"Card Removal","floor":2.0,"gold_loss":0.0,"damage_taken":7.0},{"damage_healed":0.0,"max_hp_gain":0.0,"max_hp_loss":0.0,"gold_gain":0.0,"event_name":"Liars Game","player_choice":"Ignored","floor":5.0,"gold_loss":0.0,"damage_taken":0.0},{"damage_healed":0.0,"max_hp_gain":0.0,"max_hp_loss":0.0,"gold_gain":0.0,"event_name":"Living Wall","player_choice":"Grow","floor":10.0,"gold_loss":0.0,"damage_taken":0.0,"cards_upgraded":["Searing Blow"]},{"damage_healed":0.0,"max_hp_gain":0.0,"max_hp_loss":0.0,"gold_gain":0.0,"event_name":"Lab","player_choice":"Got Potions","floor":11.0,"gold_loss":0.0,"damage_taken":0.0},{"damage_healed":0.0,"max_hp_gain":0.0,"max_hp_loss":0.0,"gold_gain":0.0,"event_name":"Upgrade Shrine","player_choice":"Upgraded","floor":20.0,"gold_loss":0.0,"damage_taken":0.0,"cards_upgraded":["Searing Blow"]},{"damage_healed":0.0,"max_hp_gain":0.0,"max_hp_loss":38.0,"gold_gain":0.0,"event_name":"Ghosts","player_choice":"Became a Ghost","floor":28.0,"gold_loss":0.0,"damage_taken":0.0,"cards_obtained":["Ghostly","Ghostly","Ghostly"]},{"damage_healed":0.0,"max_hp_gain":0.0,"max_hp_loss":2.0,"gold_gain":0.0,"event_name":"Winding Halls","player_choice":"Max HP","floor":38.0,"gold_loss":0.0,"damage_taken":0.0},{"cards_removed":["Strike_R"],"damage_healed":0.0,"max_hp_gain":0.0,"max_hp_loss":0.0,"gold_gain":0.0,"event_name":"Falling","player_choice":"Removed Attack","floor":45.0,"gold_loss":0.0,"damage_taken":0.0}],"is_beta":false,"boss_relics":[{"not_picked":["Sozu","Mark of Pain"],"picked":"Runic Dome"},{"not_picked":["Calling Bell","Eternal Feather"],"picked":"Coffee Dripper"}],"items_purged_floors":[13,24,54],"is_endless":false,"potions_floor_spawned":[4,7,16,19,30,33,35,37,41,47,55],"ascension_level":20}