{"gold_per_floor":[116,129,54,54,64,64,26,26,26,41,41,54,54,179,179,278,278,288,438,413,205,218,218,268,180,180,180,246,280,205,255,255,353,353,365,380,220,270,286,286,336,261,261,411,440,454,341,357,357,357],"floor_reached":51,"playtime":1467,"items_purged":["Strike_G","Strike_G","Defend_G","Strike_G","Defend_G+1","Survivor+1","Footwork+1"],"score":856,"play_id":"2a35da87-5523-497c-b113-c37e7103ed4f","local_time":"20181023122924","is_ascension_mode":false,"campfire_choices":[{"data":"Deadly Poison","floor":6.0,"key":"SMITH"},{"data":"Footwork","floor":8.0,"key":"SMITH"},{"data":"Neutralize","floor":11.0,"key":"SMITH"},{"data":"Survivor","floor":13.0,"key":"SMITH"},{"data":"Defend_G","floor":15.0,"key":"SMITH"},{"data":"Wraith Form v2","floor":23.0,"key":"SMITH"},{"data":"Heel Hook","floor":27.0,"key":"SMITH"},{"data":"Heel Hook","floor":32.0,"key":"SMITH"},{"floor":40,"key":"REST"},{"floor":49,"key":"REST"}],"neow_cost":"TEN_PERCENT_HP_LOSS","seed_source_timestamp":10141779839845,"circlet_count":0,"master_deck":["Neutralize+1","Deadly Poison+1","Wraith Form v2+1","Heel Hook+1","Heel Hook+1"],"special_seed":0,"relics":["Ring of the Snake","SsserpentHead","Snake Skull","Empty Cage","Membership Card","Darkstone Periapt","Anchor","White Beast Statue","Bag of Preparation","FossilizedHelix","Mercury Hourglass"],"potions_floor_usage":[48],"damage_taken":[{"damage":0.0,"enemies":"Jaw Worm","floor":1.0,"turns":5.0},{"damage":0.0,"enemies":"Cultist","floor":2.0,"turns":5.0},{"damage":0.0,"enemies":"Small Slimes","floor":5.0,"turns":3.0},{"damage":0.0,"enemies":"2 Fungi Beasts","floor":10.0,"turns":4.0},{"damage":0.0,"enemies":"Red Slaver","floor":12.0,"turns":3.0},{"damage":0.0,"enemies":"The Guardian","floor":16.0,"turns":9.0},{"damage":1.0,"enemies":"Chosen","floor":18.0,"turns":7.0},{"damage":5.0,"enemies":"3 Byrds","floor":22.0,"turns":6.0},{"damage":0.0,"enemies":"3 Cultists","floor":28.0,"turns":7.0},{"damage":2.0,"enemies":"Book of Stabbing","floor":29.0,"turns":6.0},{"damage":1.0,"enemies":"Champ","floor":33.0,"turns":3.0},{"damage":4.0,"enemies":"3 Darklings","floor":35.0,"turns":4.0},{"damage":1.0,"enemies":"Orb Walker","floor":36.0,"turns":3.0},{"damage":0,"enemies":"Jaw Worm Horde","floor":39,"turns":2},{"damage":0,"enemies":"Nemesis","floor":45,"turns":1},{"damage":11,"enemies":"4 Shapes","floor":46,"turns":3},{"damage":0,"enemies":"Sphere and 2 Shapes","floor":48,"turns":3},{"damage":0,"enemies":"Awakened One","floor":50,"turns":2}],"seed_played":"-9186483190302449815","potions_obtained":[{"floor":1.0,"key":"GamblersBrew"},{"floor":16.0,"key":"AttackPotion"},{"floor":28.0,"key":"Swift Potion"},{"floor":48,"key":"Swift Potion"}],"is_trial":false,"path_per_floor":["M","M","$","?","M","R","$","R","T","M","R","M","R","?","R","B",null,"M","?","?","$","M","R","?","$","T","R","M","E","$","?","R","B",null,"M","M","$","?","M","R","?","$","T","?","E","M","$","M","R","B"],"character_chosen":"THE_SILENT","items_purchased":["Footwork","Membership Card","AttackPotion","Bag of Preparation","Poison Potion"],"campfire_rested":2,"item_purchase_floors":[7,21,25,37,42],"current_hp_per_floor":[63,63,63,63,63,63,63,63,63,63,63,63,63,52,52,52,63,62,62,62,62,57,57,46,46,46,46,46,44,44,44,44,43,68,64,63,63,63,63,68,65,65,65,65,65,54,54,54,65,65],"gold":357,"neow_bonus":"REMOVE_TWO","is_prod":false,"is_daily":false,"chose_seed":false,"campfire_upgraded":8,"win_rate":0,"timestamp":1540268964,"path_taken":["M","M","$","?","M","R","$","R","T","M","R","M","R","?","R","BOSS","M","?","?","?","M","R","?","$","T","R","?","E","$","?","R","BOSS","M","M","$","?","M","R","?","?","T","?","E","M","$","M","R","BOSS"],"build_version":"2018-10-18","purchased_purges":7,"victory":true,"max_hp_per_floor":[63,63,63,63,63,63,63,63,63,63,63,63,63,63,63,63,63,63,63,63,63,63,63,68,68,68,68,68,68,68,68,68,68,68,68,68,68,68,68,68,65,65,65,65,65,65,65,65,65,65],"card_choices":[{"not_picked":["Concentrate","Prepared","PiercingWail"],"picked":"SKIP","floor":1.0},{"not_picked":["Accuracy","Reflex"],"picked":"Deadly Poison","floor":2.0},{"not_picked":["Cloak And Dagger","Poisoned Stab","PiercingWail"],"picked":"SKIP","floor":5.0},{"not_picked":["Deflect","Underhanded Strike","Prepared"],"picked":"SKIP","floor":10.0},{"not_picked":["Flying Knee","Infinite Blades","Prepared"],"picked":"SKIP","floor":12.0},{"not_picked":["Phantasmal Killer","Tools of the Trade"],"picked":"Wraith Form v2","floor":16.0},{"not_picked":["Crippling Poison","Flying Knee"],"picked":"Heel Hook","floor":18.0},{"not_picked":["Quick Slash+1","Prepared+1","Flechettes"],"picked":"SKIP","floor":22.0},{"not_picked":["Slice","Setup"],"picked":"Heel Hook","floor":28.0},{"not_picked":["Cloak And Dagger","Venomology","Acrobatics"],"picked":"SKIP","floor":29.0},{"not_picked":["Sucker Punch","Bouncing Flask","Crippling Poison"],"picked":"SKIP","floor":35.0},{"not_picked":["Prepared+1","Flechettes+1","Endless Agony+1"],"picked":"SKIP","floor":36.0},{"not_picked":["Backflip","Dodge and Roll+1","Accuracy"],"picked":"SKIP","floor":39},{"not_picked":["Deflect+1","PiercingWail","Outmaneuver+1"],"picked":"SKIP","floor":45},{"not_picked":["Endless Agony+1","Flechettes+1","Noxious Fumes+1"],"picked":"SKIP","floor":46},{"not_picked":["Dagger Spray+1","Underhanded Strike+1","PiercingWail"],"picked":"SKIP","floor":48}],"player_experience":550846,"relics_obtained":[{"floor":9.0,"key":"Snake Skull"},{"floor":26.0,"key":"Darkstone Periapt"},{"floor":29.0,"key":"Anchor"},{"floor":43,"key":"FossilizedHelix"},{"floor":45,"key":"Mercury Hourglass"}],"event_choices":[{"damage_healed":0.0,"max_hp_gain":0.0,"max_hp_loss":0.0,"gold_gain":0.0,"event_name":"FaceTrader","player_choice":"Trade","floor":4.0,"gold_loss":0.0,"damage_taken":0.0,"relics_obtained":["SsserpentHead"]},{"damage_healed":0.0,"max_hp_gain":0.0,"max_hp_loss":0.0,"gold_gain":75.0,"event_name":"World of Goop","player_choice":"Gather Gold","floor":14.0,"gold_loss":0.0,"damage_taken":11.0},{"damage_healed":0.0,"max_hp_gain":0.0,"max_hp_loss":0.0,"gold_gain":100.0,"event_name":"Golden Shrine","player_choice":"Pray","floor":19.0,"gold_loss":0.0,"damage_taken":0.0},{"cards_removed":["Defend_G"],"damage_healed":0.0,"max_hp_gain":0.0,"max_hp_loss":0.0,"gold_gain":0.0,"event_name":"Beggar","player_choice":"Gave Gold","floor":20.0,"gold_loss":75.0,"damage_taken":0.0},{"damage_healed":0.0,"max_hp_gain":5.0,"max_hp_loss":0.0,"gold_gain":0.0,"event_name":"Forgotten Altar","player_choice":"Shed Blood","floor":24.0,"gold_loss":0.0,"damage_taken":16.0},{"damage_healed":0.0,"max_hp_gain":0.0,"max_hp_loss":0.0,"gold_gain":0.0,"event_name":"Match and Keep!","player_choice":"0 cards matched","floor":31.0,"gold_loss":0.0,"damage_taken":0.0,"cards_obtained":[]},{"damage_healed":0,"gold_gain":0,"player_choice":"Memory 1","damage_taken":0,"max_hp_gain":0,"max_hp_loss":0,"event_name":"SensoryStone","floor":38,"gold_loss":0},{"damage_healed":0,"gold_gain":0,"player_choice":"Max HP","damage_taken":0,"max_hp_gain":0,"max_hp_loss":3,"event_name":"Winding Halls","floor":41,"gold_loss":0},{"damage_healed":0,"gold_gain":100,"player_choice":"Pray","damage_taken":0,"max_hp_gain":0,"max_hp_loss":0,"event_name":"Golden Shrine","floor":44,"gold_loss":0}],"is_beta":false,"boss_relics":[{"not_picked":["Eternal Feather","Snecko Eye"],"picked":"Empty Cage"},{"not_picked":["HoveringKite","Pandora\u0027s Box"],"picked":"White Beast Statue"}],"items_purged_floors":[3,21,25,30,37,42,47],"is_endless":false,"potions_floor_spawned":[1,16,28,33,35,36,39,45,46,48],"ascension_level":0}