{"gold_per_floor":[119,1,21,21,21,21,47,47,47,47,77,77,100,100,100,191,191,216,229,242,0,0,35,35,70,70,70,70],"floor_reached":28,"playtime":2910,"items_purged":["Strike_R","Strike_R"],"score":504,"play_id":"7e39c41e-c907-4032-810b-152c05f225bf","local_time":"20190311134306","is_ascension_mode":true,"campfire_choices":[{"data":"Hemokinesis","floor":6.0,"key":"SMITH"},{"data":"Spot Weakness","floor":8.0,"key":"SMITH"},{"data":"Ghostly Armor","floor":12.0,"key":"SMITH"},{"data":"Shrug It Off","floor":15.0,"key":"SMITH"},{"data":"Dual Wield","floor":24.0,"key":"SMITH"},{"data":"Limit Break","floor":27,"key":"SMITH"}],"neow_cost":"NONE","seed_source_timestamp":6639749248817,"circlet_count":0,"master_deck":["AscendersBane","Strike_R","Strike_R","Strike_R+1","Defend_R","Defend_R","Defend_R","Defend_R","Bash+1","Hemokinesis+1","Spot Weakness+1","Ghostly Armor+1","Reaper+1","Shrug It Off+1","Limit Break+1","Burning Pact","Dual Wield+1","Fiend Fire","Evolve"],"special_seed":0,"relics":["Burning Blood","Prayer Wheel","The Courier","Golden Idol","Odd Mushroom","Velvet Choker","Red Skull","Omamori","Thread and Needle"],"potions_floor_usage":[25,25],"damage_taken":[{"damage":7.0,"enemies":"Cultist","floor":1.0,"turns":4.0},{"damage":3.0,"enemies":"Small Slimes","floor":3.0,"turns":2.0},{"damage":46.0,"enemies":"3 Sentries","floor":7.0,"turns":11.0},{"damage":18.0,"enemies":"The Mushroom Lair","floor":11.0,"turns":4.0},{"damage":5.0,"enemies":"2 Louse","floor":13.0,"turns":4.0},{"damage":39.0,"enemies":"The Guardian","floor":16.0,"turns":13.0},{"damage":14.0,"enemies":"2 Thieves","floor":18.0,"turns":4.0},{"damage":18.0,"enemies":"Chosen","floor":19.0,"turns":4.0},{"damage":51.0,"enemies":"Sentry and Sphere","floor":20.0,"turns":6.0},{"damage":33.0,"enemies":"Slavers","floor":23.0,"turns":6.0},{"damage":29,"enemies":"Book of Stabbing","floor":25,"turns":4},{"damage":7,"enemies":"Shelled Parasite and Fungi","floor":28,"turns":2}],"seed_played":"8854136391963849417","potions_obtained":[{"floor":1.0,"key":"EssenceOfSteel"},{"floor":11.0,"key":"Weak Potion"},{"floor":18.0,"key":"Fire Potion"},{"floor":20.0,"key":"Fire Potion"},{"floor":23.0,"key":"PowerPotion"}],"is_trial":false,"path_per_floor":["M","$","M","$","?","R","E","R","T","?","?","R","M","?","R","B",null,"M","M","M","$","?","E","R","E","T","R","M"],"character_chosen":"IRONCLAD","items_purchased":["Spot Weakness","Evolve","Red Skull"],"campfire_rested":0,"item_purchase_floors":[2,21,21],"current_hp_per_floor":[67,67,70,70,70,70,30,30,30,30,39,39,51,31,31,15,55,68,57,26,26,26,15,15,10,10,10,3],"gold":70,"neow_bonus":"UPGRADE_CARD","is_prod":false,"is_daily":false,"chose_seed":false,"campfire_upgraded":6,"win_rate":0,"timestamp":1552282986,"path_taken":["M","?","M","$","?","R","E","R","T","?","?","R","?","?","R","BOSS","M","M","M","$","?","E","R","E","T","R","M"],"build_version":"2019-01-23","purchased_purges":2,"victory":false,"max_hp_per_floor":[75,75,75,75,75,75,75,75,75,68,68,68,68,68,68,68,68,68,68,68,68,68,68,68,68,68,68,68],"card_choices":[{"not_picked":["Twin Strike","Headbutt"],"picked":"Hemokinesis","floor":1.0},{"not_picked":["Headbutt","Intimidate"],"picked":"Ghostly Armor","floor":3.0},{"not_picked":["Warcry","Offering"],"picked":"Reaper","floor":7.0},{"not_picked":["Twin Strike","Thunderclap"],"picked":"Shrug It Off","floor":13.0},{"not_picked":["Rage","Havoc","Clash"],"picked":"SKIP","floor":13.0},{"not_picked":["Barricade","Double Tap"],"picked":"Limit Break","floor":16.0},{"not_picked":["Perfected Strike","Wild Strike+1"],"picked":"Burning Pact","floor":18.0},{"not_picked":["Headbutt","Flame Barrier","Thunderclap"],"picked":"SKIP","floor":18.0},{"not_picked":["Corruption","Body Slam"],"picked":"Dual Wield","floor":19.0},{"not_picked":["Sentinel","Body Slam","Headbutt"],"picked":"SKIP","floor":19.0},{"not_picked":["Disarm","Sever Soul+1"],"picked":"Fiend Fire","floor":20.0},{"not_picked":["Armaments","Whirlwind","Iron Wave"],"picked":"SKIP","floor":20.0},{"not_picked":["Seeing Red","Wild Strike","Heavy Blade"],"picked":"SKIP","floor":23.0},{"not_picked":["Flame Barrier","Whirlwind+1","Iron Wave"],"picked":"SKIP","floor":25}],"player_experience":3476192,"relics_obtained":[{"floor":7.0,"key":"Prayer Wheel"},{"floor":9.0,"key":"The Courier"},{"floor":11.0,"key":"Odd Mushroom"},{"floor":23.0,"key":"Omamori"},{"floor":25,"key":"Thread and Needle"}],"event_choices":[{"damage_healed":0.0,"max_hp_gain":0.0,"max_hp_loss":0.0,"gold_gain":0.0,"event_name":"Liars Game","player_choice":"Ignored","floor":5.0,"gold_loss":0.0,"damage_taken":0.0},{"damage_healed":0.0,"max_hp_gain":0.0,"max_hp_loss":7.0,"gold_gain":0.0,"event_name":"Golden Idol","player_choice":"Lose Max HP","floor":10.0,"gold_loss":0.0,"damage_taken":0.0,"relics_obtained":["Golden Idol"]},{"damage_healed":0.0,"max_hp_gain":0.0,"max_hp_loss":0.0,"gold_gain":0.0,"event_name":"Mushrooms","player_choice":"Fought Mushrooms","floor":11.0,"gold_loss":0.0,"damage_taken":0.0},{"damage_healed":0.0,"max_hp_gain":0.0,"max_hp_loss":0.0,"gold_gain":0.0,"event_name":"Shining Light","player_choice":"Entered Light","floor":14.0,"gold_loss":0.0,"damage_taken":20.0,"cards_upgraded":["Strike_R","Reaper"]}],"is_beta":false,"boss_relics":[{"not_picked":["Philosopher\u0027s Stone","Calling Bell"],"picked":"Velvet Choker"}],"items_purged_floors":[2,21],"is_endless":false,"potions_floor_spawned":[1,11,18,20,23],"killed_by":"Shelled Parasite and Fungi","ascension_level":20}