{"gold_per_floor":[117,392,45,61,71,71,90,108,108,108,141,161,161,193,193,270,270],"floor_reached":17,"playtime":557,"items_purged":["Regret"],"score":334,"play_id":"f3cfaba7-3f43-4ce0-98b3-ebedce84e754","local_time":"20190424150347","is_ascension_mode":true,"campfire_choices":[{"data":"All Out Attack","floor":6,"key":"SMITH"},{"data":"Deadly Poison","floor":10,"key":"SMITH"},{"data":"Neutralize","floor":13,"key":"SMITH"},{"data":"Well Laid Plans","floor":15,"key":"SMITH"}],"neow_cost":"NONE","seed_source_timestamp":168569819630990,"circlet_count":0,"master_deck":["AscendersBane","Defend_G","Defend_G","Defend_G","Defend_G","Defend_G","Strike_G","Strike_G","Strike_G","Strike_G","Strike_G","Survivor","Neutralize+1","All Out Attack+1","Infinite Blades","Footwork","Deadly Poison+1","After Image","Well Laid Plans+1","Grand Finale"],"relics":["Ring of the Snake","NeowsBlessing","Question Card","StoneCalendar","Ninja Scroll","Nunchaku","Runic Dome"],"potions_floor_usage":[14],"damage_taken":[{"damage":0,"enemies":"Small Slimes","floor":1,"turns":1},{"damage":0,"enemies":"Cultist","floor":4,"turns":1},{"damage":0,"enemies":"2 Louse","floor":5,"turns":1},{"damage":0,"enemies":"2 Fungi Beasts","floor":7,"turns":2},{"damage":12,"enemies":"Exordium Wildlife","floor":8,"turns":4},{"damage":22,"enemies":"3 Sentries","floor":11,"turns":7},{"damage":7,"enemies":"3 Louse","floor":12,"turns":3},{"damage":8,"enemies":"Gremlin Nob","floor":14,"turns":3},{"damage":1,"enemies":"The Guardian","floor":16,"turns":10}],"seed_played":"-6588898146886759753","potions_obtained":[{"floor":5,"key":"GamblersBrew"},{"floor":8,"key":"FearPotion"},{"floor":16,"key":"Poison Potion"}],"is_trial":false,"path_per_floor":["M","?","$","M","M","R","M","M","T","R","E","M","R","E","R","B",null],"character_chosen":"THE_SILENT","items_purchased":["Question Card"],"campfire_rested":0,"item_purchase_floors":[3],"current_hp_per_floor":[59,59,59,59,59,59,59,47,47,47,25,18,18,10,10,9,52],"gold":270,"neow_bonus":"THREE_ENEMY_KILL","is_prod":false,"is_daily":false,"chose_seed":false,"campfire_upgraded":4,"win_rate":0,"timestamp":1556089427,"path_taken":["M","?","$","M","?","R","M","M","T","R","E","M","R","E","R","BOSS"],"build_version":"2019-01-23","purchased_purges":1,"victory":false,"max_hp_per_floor":[66,66,66,66,66,66,66,66,66,66,66,66,66,66,66,66,66],"card_choices":[{"not_picked":["Underhanded Strike","Flechettes"],"picked":"All Out Attack","floor":1},{"not_picked":["Flying Knee","Backflip","Sucker Punch"],"picked":"Infinite Blades","floor":4},{"not_picked":["Sucker Punch","Quick Slash","Acrobatics","Prepared"],"picked":"SKIP","floor":5},{"not_picked":["Heel Hook","Predator","Dodge and Roll"],"picked":"Footwork","floor":7},{"not_picked":["Dodge and Roll","Cloak And Dagger","Deflect"],"picked":"Deadly Poison","floor":8},{"not_picked":["Dodge and Roll","Outmaneuver","Footwork","Slice"],"picked":"SKIP","floor":11},{"not_picked":["Poisoned Stab","Prepared","Acrobatics"],"picked":"After Image","floor":12},{"not_picked":["Poisoned Stab","Cloak And Dagger","Concentrate"],"picked":"Well Laid Plans","floor":14},{"not_picked":["Unload","Wraith Form v2","Burst"],"picked":"Grand Finale","floor":16}],"player_experience":4502342,"relics_obtained":[{"floor":9,"key":"StoneCalendar"},{"floor":11,"key":"Ninja Scroll"},{"floor":14,"key":"Nunchaku"}],"event_choices":[{"damage_healed":0,"gold_gain":275,"player_choice":"Desecrate","damage_taken":0,"max_hp_gain":0,"max_hp_loss":0,"event_name":"Golden Shrine","floor":2,"gold_loss":0,"cards_obtained":["Regret"]}],"is_beta":false,"boss_relics":[{"not_picked":["WristBlade","Ring of the Serpent"],"picked":"Runic Dome"}],"items_purged_floors":[3],"is_endless":false,"potions_floor_spawned":[5,8,12,16],"ascension_level":20}