{"gold_per_floor":[110,110,35,35,35,93,93,113,113,113],"floor_reached":10,"playtime":166,"items_purged":["Phantasmal Killer"],"score":128,"play_id":"a70de3cf-058e-42ae-bf13-8b67532ff89c","local_time":"20190211233956","is_ascension_mode":true,"campfire_choices":[],"neow_cost":"NONE","seed_source_timestamp":89015436388733,"circlet_count":0,"master_deck":["AscendersBane","Survivor+1","Neutralize","Well Laid Plans","Noxious Fumes","Burst","Die Die Die","Expertise+1","Blade Dance","Tools of the Trade","Infinite Blades","Finisher"],"relics":["Pandora\u0027s Box","Tiny Chest","Letter Opener","Question Card"],"potions_floor_usage":[6],"damage_taken":[{"damage":0,"enemies":"Small Slimes","floor":1,"turns":1},{"damage":17,"enemies":"Gremlin Nob","floor":6,"turns":3},{"damage":1,"enemies":"2 Louse","floor":8,"turns":2},{"damage":10,"enemies":"3 Sentries","floor":10,"turns":1}],"seed_played":"-5154691532582684930","potions_obtained":[{"floor":1,"key":"Strength Potion"}],"is_trial":false,"path_per_floor":["M","?","$","?","?","E","?","M","T","E"],"character_chosen":"THE_SILENT","items_purchased":[],"campfire_rested":0,"item_purchase_floors":[],"current_hp_per_floor":[59,52,52,52,32,15,10,9,9,0],"gold":113,"neow_bonus":"BOSS_RELIC","is_prod":false,"is_daily":false,"chose_seed":false,"campfire_upgraded":0,"win_rate":0,"timestamp":1549899596,"path_taken":["M","?","$","?","?","E","?","M","T","E"],"build_version":"2019-01-23","purchased_purges":1,"victory":false,"max_hp_per_floor":[66,66,66,66,66,66,66,66,66,66],"card_choices":[{"not_picked":["Flechettes","Deflect"],"picked":"Finisher","floor":1},{"not_picked":["Slice","Concentrate","Catalyst"],"picked":"SKIP","floor":6},{"not_picked":["Eviscerate","Terror","Setup"],"picked":"SKIP","floor":8}],"player_experience":1457927,"relics_obtained":[{"floor":6,"key":"Tiny Chest"},{"floor":9,"key":"Question Card"}],"event_choices":[{"cards_removed":["Bane"],"damage_healed":0,"gold_gain":0,"player_choice":"Card Removal","damage_taken":7,"max_hp_gain":0,"max_hp_loss":0,"event_name":"Golden Wing","floor":2,"gold_loss":0},{"damage_healed":0,"gold_gain":0,"player_choice":"Leave","damage_taken":0,"max_hp_gain":0,"max_hp_loss":0,"event_name":"The Cleric","floor":4,"gold_loss":0},{"damage_healed":0,"gold_gain":0,"player_choice":"Entered Light","damage_taken":20,"max_hp_gain":0,"max_hp_loss":0,"event_name":"Shining Light","floor":5,"gold_loss":0,"cards_upgraded":["Expertise","Survivor"]},{"damage_healed":0,"gold_gain":0,"player_choice":"Success","damage_taken":5,"relics_obtained":["Letter Opener"],"max_hp_gain":0,"max_hp_loss":0,"event_name":"Scrap Ooze","floor":7,"gold_loss":0}],"is_beta":false,"boss_relics":[],"items_purged_floors":[3],"is_endless":false,"potions_floor_spawned":[1],"killed_by":"3 Sentries","ascension_level":20}