{"gold_per_floor":[111,122,141,151,151,151,183,183,208,222,14,14,14,14,14,112,112,136,159,159,159,182,182],"floor_reached":23,"playtime":520,"items_purged":[],"score":382,"play_id":"81731b4f-0f21-490b-a3cf-c88c25b955ae","local_time":"20190731181601","is_ascension_mode":true,"campfire_choices":[{"data":"Dagger Spray","floor":6.0,"key":"SMITH"},{"data":"Tactician","floor":8.0,"key":"SMITH"},{"floor":15.0,"key":"REST"}],"neow_cost":"TEN_PERCENT_HP_LOSS","seed_source_timestamp":258847435650097,"circlet_count":0,"master_deck":["AscendersBane","Strike_G","Defend_G","Defend_G","Defend_G","Defend_G","Survivor","Neutralize","Escape Plan","Tactician+1","Dagger Spray+1","Terror","Glass Knife","Apotheosis","Footwork","Prepared","Wraith Form v2","Outmaneuver","PiercingWail+1"],"special_seed":0,"relics":["Ring of the Snake","Omamori","Vajra","Golden Idol","Black Star"],"potions_floor_usage":[23],"damage_taken":[{"damage":3.0,"enemies":"Cultist","floor":1.0,"turns":4.0},{"damage":0.0,"enemies":"Small Slimes","floor":2.0,"turns":5.0},{"damage":6.0,"enemies":"Jaw Worm","floor":3.0,"turns":7.0},{"damage":35.0,"enemies":"Large Slime","floor":4.0,"turns":12.0},{"damage":2.0,"enemies":"3 Sentries","floor":7.0,"turns":3.0},{"damage":1.0,"enemies":"2 Fungi Beasts","floor":10.0,"turns":2.0},{"damage":12.0,"enemies":"Slime Boss","floor":16.0,"turns":7.0},{"damage":22.0,"enemies":"Spheric Guardian","floor":18.0,"turns":5.0},{"damage":12.0,"enemies":"Shell Parasite","floor":19.0,"turns":5.0},{"damage":16.0,"enemies":"Snake Plant","floor":22.0,"turns":4.0},{"damage":4,"enemies":"Book of Stabbing","floor":23,"turns":2}],"seed_played":"-5884117899186247886","potions_obtained":[{"floor":2.0,"key":"Strength Potion"},{"floor":3.0,"key":"Strength Potion"},{"floor":4.0,"key":"SteroidPotion"},{"floor":18.0,"key":"Explosive Potion"},{"floor":22.0,"key":"SpeedPotion"}],"is_trial":false,"path_per_floor":["M","M","M","M","?","R","E","R","T","M","$","?","T","?","R","B",null,"M","M","?","?","M","E"],"character_chosen":"THE_SILENT","items_purchased":["Apotheosis"],"campfire_rested":1,"item_purchase_floors":[11],"current_hp_per_floor":[56,56,50,15,8,8,6,6,6,5,5,5,5,5,21,9,43,21,9,20,20,4,0],"gold":182,"neow_bonus":"REMOVE_TWO","is_prod":false,"is_daily":false,"chose_seed":false,"campfire_upgraded":2,"win_rate":0,"timestamp":1564564561,"path_taken":["M","M","?","M","?","R","E","R","T","M","$","?","?","?","R","BOSS","M","M","?","?","M","E"],"build_version":"2019-07-17","purchased_purges":0,"victory":false,"max_hp_per_floor":[60,60,60,60,60,60,60,60,60,60,60,60,60,54,54,54,54,54,54,54,54,54,54],"card_choices":[{"not_picked":["Dodge and Roll","Slice","Eviscerate"],"picked":"SKIP","floor":1.0},{"not_picked":["Underhanded Strike","Flying Knee"],"picked":"Escape Plan","floor":2.0},{"not_picked":["Accuracy","Bane"],"picked":"Tactician","floor":3.0},{"not_picked":["Reflex","Deadly Poison"],"picked":"Dagger Spray","floor":4.0},{"not_picked":["Setup","Sucker Punch"],"picked":"Terror","floor":7.0},{"not_picked":["Crippling Poison","Underhanded Strike"],"picked":"Glass Knife","floor":10.0},{"not_picked":["Deadly Poison","PiercingWail"],"picked":"Footwork","floor":18.0},{"not_picked":["Underhanded Strike","Blade Dance"],"picked":"Prepared","floor":19.0},{"not_picked":["Infinite Blades","Underhanded Strike"],"picked":"PiercingWail+1","floor":22.0}],"player_experience":709153,"relics_obtained":[{"floor":7.0,"key":"Omamori"},{"floor":9.0,"key":"Vajra"}],"event_choices":[{"cards_removed":["Strike_G"],"damage_healed":0.0,"max_hp_gain":0.0,"max_hp_loss":0.0,"gold_gain":0.0,"event_name":"Golden Wing","player_choice":"Card Removal","floor":5.0,"gold_loss":0.0,"damage_taken":7.0},{"damage_healed":0.0,"max_hp_gain":0.0,"max_hp_loss":0.0,"gold_gain":0.0,"event_name":"Scrap Ooze","player_choice":"Fled","floor":12.0,"gold_loss":0.0,"damage_taken":0.0},{"damage_healed":0.0,"max_hp_gain":0.0,"max_hp_loss":6.0,"gold_gain":0.0,"event_name":"Golden Idol","player_choice":"Lose Max HP","floor":14.0,"gold_loss":0.0,"damage_taken":0.0,"relics_obtained":["Golden Idol"]},{"damage_healed":11.0,"max_hp_gain":0.0,"max_hp_loss":0.0,"gold_gain":0.0,"event_name":"The Library","player_choice":"Heal","floor":20.0,"gold_loss":0.0,"damage_taken":0.0},{"damage_healed":0.0,"max_hp_gain":0.0,"max_hp_loss":0.0,"gold_gain":0.0,"cards_transformed":["Strike_G","Strike_G"],"event_name":"Drug Dealer","player_choice":"Became Test Subject","floor":21.0,"gold_loss":0.0,"damage_taken":0.0,"cards_obtained":["Wraith Form v2","Outmaneuver"]}],"is_beta":false,"boss_relics":[{"not_picked":["Cursed Key","Ectoplasm"],"picked":"Black Star"}],"items_purged_floors":[],"is_endless":false,"potions_floor_spawned":[2,3,4,18,22],"killed_by":"Book of Stabbing","ascension_level":20}