{"gold_per_floor":[217,217,62,62,85,85,106,106,106,119,192,192,42,61,61,186,186,207,225,248,3,28,28,72,21,21,45,45,61,75,95,95,220,220,238,252,91,147,161,161,161,61,110,110,123,123,141,166,166,166],"floor_reached":51,"playtime":3661,"items_purged":["Strike_B","Strike_B"],"score":738,"play_id":"8e3f20a6-fbf9-4cc0-98de-40d98097078a","local_time":"20190613175409","is_ascension_mode":false,"campfire_choices":[{"data":"Chaos","floor":6,"key":"SMITH"},{"data":"Consume","floor":12,"key":"SMITH"},{"data":"Recycle","floor":15,"key":"SMITH"},{"data":"Impatience","floor":23,"key":"SMITH"},{"data":"Dualcast","floor":28,"key":"SMITH"},{"data":"Biased Cognition","floor":32,"key":"SMITH"},{"data":"Skim","floor":40,"key":"SMITH"},{"data":"Coolheaded","floor":46,"key":"SMITH"},{"data":"Turbo","floor":49,"key":"SMITH"}],"neow_cost":"NONE","seed_source_timestamp":19870202219849,"circlet_count":0,"master_deck":["Strike_B+1","Defend_B","Defend_B+1","Defend_B","Defend_B","Zap","Dualcast+1","Chaos+1","Consume+1","White Noise","Glacier","Redo","Biased Cognition+1","Recycle+1","Skim+1","Buffer","Self Repair","Core Surge","Impatience+1","Electrodynamics","Steam+1","Coolheaded+1","Undo","Hologram+1","Seek","Self Repair+1","Machine Learning+1","Doubt","Electrodynamics+1","Turbo+1"],"relics":["Cracked Core","Golden Idol","Matryoshka","DataDisk","Blood Vial","Letter Opener","Cursed Key","Frozen Egg 2","Inserter","Torii","Orichalcum","Centennial Puzzle"],"potions_floor_usage":[14,18,24,50,50,50],"damage_taken":[{"damage":3,"enemies":"Jaw Worm","floor":1,"turns":3},{"damage":3,"enemies":"Small Slimes","floor":5,"turns":3},{"damage":2,"enemies":"2 Louse","floor":7,"turns":3},{"damage":19,"enemies":"Gremlin Gang","floor":10,"turns":6},{"damage":13,"enemies":"3 Sentries","floor":11,"turns":6},{"damage":10,"enemies":"Lots of Slimes","floor":14,"turns":4},{"damage":7,"enemies":"Hexaghost","floor":16,"turns":9},{"damage":13,"enemies":"2 Thieves","floor":18,"turns":4},{"damage":5,"enemies":"3 Byrds","floor":19,"turns":4},{"damage":10,"enemies":"Shelled Parasite and Fungi","floor":20,"turns":7},{"damage":15,"enemies":"Centurion and Healer","floor":22,"turns":8},{"damage":41,"enemies":"Slavers","floor":24,"turns":2},{"damage":5,"enemies":"Snake Plant","floor":27,"turns":5},{"damage":2,"enemies":"Snecko","floor":29,"turns":5},{"damage":3,"enemies":"Centurion and Healer","floor":30,"turns":6},{"damage":1,"enemies":"Shelled Parasite and Fungi","floor":31,"turns":7},{"damage":0,"enemies":"Champ","floor":33,"turns":12},{"damage":11,"enemies":"3 Shapes","floor":35,"turns":3},{"damage":0,"enemies":"Orb Walker","floor":36,"turns":4},{"damage":26,"enemies":"2 Orb Walkers","floor":38,"turns":4},{"damage":1,"enemies":"4 Shapes","floor":39,"turns":5},{"damage":0,"enemies":"Transient","floor":45,"turns":5},{"damage":7,"enemies":"Writhing Mass","floor":47,"turns":7},{"damage":2,"enemies":"Sphere and 2 Shapes","floor":48,"turns":3},{"damage":0,"enemies":"Awakened One","floor":50,"turns":11}],"seed_played":"2005078342795979792","potions_obtained":[{"floor":1,"key":"Strength Potion"},{"floor":5,"key":"AttackPotion"},{"floor":14,"key":"Fruit Juice"},{"floor":19,"key":"LiquidBronze"},{"floor":22,"key":"Regen Potion"},{"floor":30,"key":"FearPotion"},{"floor":44,"key":"Ancient Potion"}],"is_trial":false,"path_per_floor":["M","?","$","?","M","R","M","?","T","M","?","R","$","M","R","B",null,"M","M","M","$","M","R","E","$","T","M","R","M","M","M","R","B",null,"M","M","$","?","M","R","?","$","T","?","M","R","M","M","R","B",null],"character_chosen":"DEFECT","items_purchased":["Consume","Biased Cognition","Recycle","Core Surge","Impatience","Coolheaded","Machine Learning+1"],"campfire_rested":0,"item_purchase_floors":[3,13,13,21,21,25,37],"current_hp_per_floor":[72,57,57,57,54,54,52,49,49,32,21,21,21,18,18,13,74,61,58,50,50,44,44,17,17,17,21,21,28,34,42,42,51,74,70,74,74,65,73,73,73,73,73,73,74,74,67,74,74,74],"gold":166,"neow_bonus":"HUNDRED_GOLD","is_prod":false,"is_daily":false,"chose_seed":false,"campfire_upgraded":9,"win_rate":0,"timestamp":1560419649,"path_taken":["M","?","$","?","M","R","M","?","T","M","?","R","?","M","R","BOSS","M","?","?","$","M","R","E","$","T","M","R","?","?","M","R","BOSS","M","M","$","?","M","R","?","?","T","?","M","R","?","M","R","BOSS"],"build_version":"2019-01-23","purchased_purges":2,"victory":true,"max_hp_per_floor":[75,75,75,69,69,69,69,69,69,69,69,69,69,74,74,74,74,74,74,74,74,74,74,74,74,74,74,74,74,74,74,74,74,74,74,74,74,74,74,74,74,74,74,74,74,74,74,74,74,74],"card_choices":[{"not_picked":["Stack","Streamline"],"picked":"Chaos","floor":1},{"not_picked":["Coolheaded","Rip and Tear"],"picked":"White Noise","floor":5},{"not_picked":["Reprogram","Stack"],"picked":"Glacier","floor":7},{"not_picked":["Go for the Eyes","Streamline"],"picked":"Redo","floor":10},{"not_picked":["Conserve Battery","Barrage"],"picked":"Skim","floor":14},{"not_picked":["Thunder Strike","Multi-Cast"],"picked":"Buffer","floor":16},{"not_picked":["Redo","Consume","Conserve Battery"],"picked":"SKIP","floor":18},{"not_picked":["Rebound","Go for the Eyes","Lockon+1"],"picked":"SKIP","floor":19},{"not_picked":["Leap","Force Field"],"picked":"Self Repair","floor":20},{"not_picked":["Redo","Chill+1"],"picked":"Electrodynamics","floor":22},{"not_picked":["Ball Lightning","Steam Power"],"picked":"Steam+1","floor":24},{"not_picked":["Cold Snap","Stack+1","Genetic Algorithm+1"],"picked":"SKIP","floor":27},{"not_picked":["Leap","Darkness","Steam"],"picked":"SKIP","floor":29},{"not_picked":["Go for the Eyes","Beam Cell"],"picked":"Undo","floor":30},{"not_picked":["Coolheaded","Cold Snap"],"picked":"Hologram+1","floor":31},{"not_picked":["Core Surge","Fission"],"picked":"Seek","floor":33},{"not_picked":["Reprogram","Gash+1","Stack"],"picked":"SKIP","floor":35},{"not_picked":["Go for the Eyes+1","Ball Lightning"],"picked":"Self Repair+1","floor":36},{"not_picked":["Aggregate","Reinforced Body+1","Doom and Gloom+1"],"picked":"SKIP","floor":39},{"not_picked":["Sweeping Beam","Go for the Eyes"],"picked":"Electrodynamics+1","floor":45},{"not_picked":["Stack+1","Leap","Redo"],"picked":"SKIP","floor":47},{"not_picked":["Hologram","Streamline"],"picked":"Turbo","floor":48}],"player_experience":5151118,"relics_obtained":[{"floor":9,"key":"DataDisk"},{"floor":9,"key":"Blood Vial"},{"floor":11,"key":"Letter Opener"},{"floor":24,"key":"Frozen Egg 2"},{"floor":38,"key":"Torii"},{"floor":43,"key":"Orichalcum"},{"floor":43,"key":"Centennial Puzzle"}],"event_choices":[{"damage_healed":0,"gold_gain":0,"player_choice":"Entered Light","damage_taken":15,"max_hp_gain":0,"max_hp_loss":0,"event_name":"Shining Light","floor":2,"gold_loss":0,"cards_upgraded":["Strike_B","Defend_B"]},{"damage_healed":0,"gold_gain":0,"player_choice":"Lose Max HP","damage_taken":0,"relics_obtained":["Golden Idol"],"max_hp_gain":0,"max_hp_loss":6,"event_name":"Golden Idol","floor":4,"gold_loss":0},{"damage_healed":0,"gold_gain":0,"player_choice":"Success","damage_taken":3,"relics_obtained":["Matryoshka"],"max_hp_gain":0,"max_hp_loss":0,"event_name":"Scrap Ooze","floor":8,"gold_loss":0},{"damage_healed":0,"gold_gain":0,"player_choice":"Searched \u00271\u0027 times","damage_taken":0,"max_hp_gain":0,"max_hp_loss":0,"event_name":"Dead Adventurer","floor":11,"gold_loss":0},{"damage_healed":0,"gold_gain":0,"player_choice":"Fight","damage_taken":0,"max_hp_gain":0,"max_hp_loss":0,"event_name":"Mysterious Sphere","floor":38,"gold_loss":0},{"cards_removed":["Strike_B"],"damage_healed":0,"gold_gain":0,"player_choice":"Removed Attack","damage_taken":0,"max_hp_gain":0,"max_hp_loss":0,"event_name":"Falling","floor":41,"gold_loss":0},{"damage_healed":0,"gold_gain":0,"player_choice":"Got Potions","damage_taken":0,"max_hp_gain":0,"max_hp_loss":0,"event_name":"Lab","floor":44,"gold_loss":0}],"is_beta":false,"boss_relics":[{"not_picked":["Black Star","FrozenCore"],"picked":"Cursed Key"},{"not_picked":["Nuclear Battery","Sozu"],"picked":"Inserter"}],"items_purged_floors":[3,42],"is_endless":false,"potions_floor_spawned":[1,5,14,19,22,30,31,39,45,47],"ascension_level":0}