{"gold_per_floor":[111,111,131,131,6,6,32,32,113,113,13,43,58,68,68,146,146,146,175,3,3,22,22,54,54,54,54,69,69,85,85,85,161,161,179,179,54,54,54,89,89,105,105,123,141,141,169,180,180,180,180,180,180,30,65,65],"floor_reached":57,"playtime":1751,"items_purged":["Strike_G","Strike_G","Accuracy","Distraction+1"],"score":3472,"play_id":"c151b8a0-2059-406a-a5cc-51b86354f638","local_time":"20190306140628","is_ascension_mode":true,"campfire_choices":[{"data":"Deadly Poison","floor":6.0,"key":"SMITH"},{"data":"Calculated Gamble","floor":8.0,"key":"SMITH"},{"data":"Neutralize","floor":10.0,"key":"SMITH"},{"data":"Bouncing Flask","floor":15.0,"key":"SMITH"},{"data":"Acrobatics","floor":23.0,"key":"SMITH"},{"data":"Reflex","floor":27.0,"key":"SMITH"},{"data":"Tactician","floor":29.0,"key":"SMITH"},{"data":"Prepared","floor":32.0,"key":"SMITH"},{"data":"Distraction","floor":41.0,"key":"SMITH"},{"floor":49.0,"key":"RECALL"},{"data":"PiercingWail","floor":53.0,"key":"SMITH"}],"neow_cost":"NONE","seed_source_timestamp":16457748510683,"circlet_count":0,"master_deck":["AscendersBane","Neutralize+1","Tactician+1","Calculated Gamble+1","Deadly Poison+1","After Image","PiercingWail+1","Reflex+1","Prepared+1","Grand Finale+1","Acrobatics+1","Escape Plan+1","Endless Agony+1"],"special_seed":0,"relics":["Ring of the Snake","NeowsBlessing","Potion Belt","Gremlin Horn","Pandora\u0027s Box","Red Mask","Art of War","Gambling Chip","Empty Cage","Happy Flower","Pen Nib","Whetstone","Bottled Tornado"],"potions_floor_usage":[56,56,56],"damage_taken":[{"damage":0.0,"enemies":"2 Louse","floor":1.0,"turns":1.0},{"damage":0.0,"enemies":"Jaw Worm","floor":3.0,"turns":1.0},{"damage":0.0,"enemies":"Lagavulin","floor":7.0,"turns":1.0},{"damage":29.0,"enemies":"3 Sentries","floor":12.0,"turns":16.0},{"damage":0.0,"enemies":"Cultist","floor":13.0,"turns":3.0},{"damage":4.0,"enemies":"Exordium Thugs","floor":14.0,"turns":5.0},{"damage":14.0,"enemies":"Hexaghost","floor":16.0,"turns":9.0},{"damage":0.0,"enemies":"2 Thieves","floor":18.0,"turns":1.0},{"damage":4.0,"enemies":"Masked Bandits","floor":19.0,"turns":3.0},{"damage":7.0,"enemies":"Spheric Guardian","floor":22.0,"turns":3.0},{"damage":0.0,"enemies":"Slavers","floor":24.0,"turns":2.0},{"damage":15.0,"enemies":"Snake Plant","floor":28.0,"turns":3.0},{"damage":0.0,"enemies":"Cultist and Chosen","floor":30.0,"turns":2.0},{"damage":0.0,"enemies":"Champ","floor":33.0,"turns":2.0},{"damage":0.0,"enemies":"Orb Walker","floor":35.0,"turns":1.0},{"damage":0.0,"enemies":"Nemesis","floor":40.0,"turns":1.0},{"damage":0.0,"enemies":"3 Darklings","floor":42.0,"turns":1.0},{"damage":0.0,"enemies":"Sphere and 2 Shapes","floor":44.0,"turns":1.0},{"damage":0.0,"enemies":"Maw","floor":45.0,"turns":1.0},{"damage":0.0,"enemies":"Giant Head","floor":47.0,"turns":1.0},{"damage":7.0,"enemies":"4 Shapes","floor":48.0,"turns":1.0},{"damage":0.0,"enemies":"Awakened One","floor":50.0,"turns":2.0},{"damage":0.0,"enemies":"Donu and Deca","floor":51.0,"turns":1.0},{"damage":0.0,"enemies":"Shield and Spear","floor":55.0,"turns":1.0},{"damage":32,"enemies":"The Heart","floor":56,"turns":3}],"seed_played":"6392046638593405107","potions_obtained":[{"floor":3.0,"key":"Poison Potion"},{"floor":7.0,"key":"SmokeBomb"},{"floor":12.0,"key":"Regen Potion"},{"floor":13.0,"key":"AttackPotion"},{"floor":14.0,"key":"Fire Potion"},{"floor":22.0,"key":"SkillPotion"},{"floor":30.0,"key":"Poison Potion"},{"floor":40.0,"key":"EssenceOfSteel"},{"floor":44.0,"key":"Block Potion"}],"is_trial":false,"path_per_floor":["M","?","M","?","$","R","E","R","T","R","$","E","M","M","R","B",null,"M","?","$","?","M","R","E","?","T","R","M","R","M","?","R","B",null,"M","?","$","?","$","E","R","M","T","M","M","$","E","M","R","B","B",null,"R","$","E","B",null],"character_chosen":"THE_SILENT","items_purchased":["Deadly Poison","Grand Finale"],"campfire_rested":0,"item_purchase_floors":[5,20],"current_hp_per_floor":[59,52,52,57,57,57,57,57,57,57,57,28,28,24,24,10,56,56,52,52,52,45,45,45,45,45,45,30,30,30,30,30,30,61,61,61,61,61,61,61,61,61,61,61,61,61,61,54,54,54,54,67,67,67,67,44],"gold":65,"neow_bonus":"THREE_ENEMY_KILL","is_prod":false,"is_daily":false,"chose_seed":false,"campfire_upgraded":10,"win_rate":0,"timestamp":1551852388,"path_taken":["M","?","M","?","?","R","E","R","T","R","$","E","?","M","R","BOSS","M","?","$","?","M","R","E","?","T","R","?","R","M","?","R","BOSS","M","?","?","?","$","E","R","M","T","M","M","?","E","M","R","BOSS","BOSS","R","$","E","BOSS"],"build_version":"2019-01-23","purchased_purges":4,"victory":true,"max_hp_per_floor":[66,66,66,71,71,71,71,71,71,71,71,71,71,71,71,71,71,71,71,71,71,71,71,71,71,71,71,71,71,71,71,71,71,71,71,71,71,71,71,71,71,71,71,71,71,71,71,71,71,71,71,71,71,71,71,71],"card_choices":[{"not_picked":["Blade Dance","Masterful Stab"],"picked":"Tactician","floor":1.0},{"not_picked":["Reflex","Underhanded Strike"],"picked":"Calculated Gamble","floor":3.0},{"not_picked":["Blur","Endless Agony","Outmaneuver"],"picked":"SKIP","floor":7.0},{"not_picked":["Bane","Quick Slash"],"picked":"Bouncing Flask","floor":12.0},{"not_picked":["PiercingWail","Infinite Blades","Sucker Punch"],"picked":"SKIP","floor":13.0},{"not_picked":["PiercingWail","Infinite Blades","Sucker Punch"],"picked":"SKIP","floor":13.0},{"not_picked":["Flechettes","Underhanded Strike"],"picked":"Caltrops","floor":14.0},{"not_picked":["Burst","Doppelganger"],"picked":"After Image","floor":16.0},{"not_picked":["Bane","Quick Slash"],"picked":"Acrobatics","floor":22.0},{"not_picked":["Slice","Prepared","Underhanded Strike"],"picked":"SKIP","floor":24.0},{"not_picked":["Sucker Punch","Dagger Spray"],"picked":"Escape Plan+1","floor":28.0},{"not_picked":["Choke","Dagger Spray","Prepared"],"picked":"SKIP","floor":30.0},{"not_picked":["Tactician+1","Escape Plan","Outmaneuver+1"],"picked":"SKIP","floor":35.0},{"not_picked":["Tactician+1","Escape Plan","Outmaneuver+1"],"picked":"SKIP","floor":35.0},{"not_picked":["Skewer","Dodge and Roll","Heel Hook"],"picked":"SKIP","floor":40.0},{"not_picked":["Deflect","Dash+1","Dodge and Roll"],"picked":"SKIP","floor":42.0},{"not_picked":["PiercingWail","Underhanded Strike+1","Dodge and Roll"],"picked":"SKIP","floor":44.0},{"not_picked":["Dash","Deadly Poison","Choke+1"],"picked":"SKIP","floor":45.0},{"not_picked":["Distraction","Quick Slash","Deadly Poison+1"],"picked":"SKIP","floor":47.0},{"not_picked":["Acrobatics+1","Night Terror","Heel Hook"],"picked":"SKIP","floor":48.0},{"not_picked":["Adrenaline","Bane","Expertise"],"picked":"SKIP","floor":55}],"player_experience":3355142,"relics_obtained":[{"floor":7.0,"key":"Potion Belt"},{"floor":12.0,"key":"Gremlin Horn"},{"floor":19.0,"key":"Red Mask"},{"floor":24.0,"key":"Art of War"},{"floor":26.0,"key":"Gambling Chip"},{"floor":40.0,"key":"Happy Flower"},{"floor":43.0,"key":"Pen Nib"},{"floor":47.0,"key":"Whetstone"},{"floor":55,"key":"Bottled Tornado"}],"event_choices":[{"cards_removed":["Strike_G"],"damage_healed":0.0,"max_hp_gain":0.0,"max_hp_loss":0.0,"gold_gain":0.0,"event_name":"Golden Wing","player_choice":"Card Removal","floor":2.0,"gold_loss":0.0,"damage_taken":7.0},{"damage_healed":0.0,"max_hp_gain":5.0,"max_hp_loss":0.0,"gold_gain":0.0,"event_name":"Big Fish","player_choice":"Donut","floor":4.0,"gold_loss":0.0,"damage_taken":0.0},{"damage_healed":0.0,"max_hp_gain":0.0,"max_hp_loss":0.0,"gold_gain":0.0,"event_name":"Masked Bandits","player_choice":"Fought Bandits","floor":19.0,"gold_loss":0.0,"damage_taken":0.0},{"damage_healed":0.0,"max_hp_gain":0.0,"max_hp_loss":0.0,"gold_gain":0.0,"event_name":"Beggar","player_choice":"Ignored","floor":21.0,"gold_loss":0.0,"damage_taken":0.0},{"cards_removed":["Underhanded Strike"],"damage_healed":0.0,"max_hp_gain":0.0,"max_hp_loss":0.0,"gold_gain":0.0,"event_name":"Purifier","player_choice":"Purged","floor":31.0,"gold_loss":0.0,"damage_taken":0.0},{"damage_healed":0.0,"max_hp_gain":0.0,"max_hp_loss":0.0,"gold_gain":0.0,"cards_transformed":["Survivor"],"event_name":"Transmorgrifier","player_choice":"Transformed","floor":36.0,"gold_loss":0.0,"damage_taken":0.0,"cards_obtained":["Endless Agony"]},{"cards_removed":["Caltrops"],"damage_healed":0.0,"max_hp_gain":0.0,"max_hp_loss":0.0,"gold_gain":0.0,"event_name":"Falling","player_choice":"Removed Power","floor":38.0,"gold_loss":0.0,"damage_taken":0.0}],"is_beta":false,"boss_relics":[{"not_picked":["Sozu","WristBlade"],"picked":"Pandora\u0027s Box"},{"not_picked":["Fusion Hammer","Tiny House"],"picked":"Empty Cage"}],"items_purged_floors":[5,11,37,54],"is_endless":false,"potions_floor_spawned":[3,7,12,13,14,18,22,30,40,44,45,55],"ascension_level":20}