{"gold_per_floor":[109,109,125,145,162,162,189,189,189,189,219,233,233,74,74,167,167,183,183,204,204,16,16,49,63,63,63,102,102,2,17,17,113,113,128,141,11,25,43,79,79,122,122,157,181,181,201,216,216,216,216,216,216,42,81,81],"floor_reached":57,"playtime":3343,"items_purged":["Defend_B","Writhe"],"score":2814,"play_id":"5e7ac83f-3f61-4482-9bbd-8d2ac58ebe16","local_time":"20190505111240","is_ascension_mode":true,"campfire_choices":[{"data":"Dualcast","floor":6.0,"key":"SMITH"},{"data":"Zap","floor":8.0,"key":"SMITH"},{"data":"Reboot","floor":10.0,"key":"SMITH"},{"floor":15.0,"key":"RECALL"},{"data":"Recycle","floor":23.0,"key":"SMITH"},{"data":"Coolheaded","floor":27.0,"key":"SMITH"},{"data":"Coolheaded","floor":29.0,"key":"SMITH"},{"data":"Double Energy","floor":32.0,"key":"SMITH"},{"data":"Turbo","floor":41.0,"key":"SMITH"},{"data":"Hologram","floor":46.0,"key":"SMITH"},{"data":"White Noise","floor":49.0,"key":"SMITH"},{"data":"Steam Power","floor":53,"key":"SMITH"}],"neow_cost":"PERCENT_DAMAGE","seed_source_timestamp":2092312340874,"circlet_count":0,"master_deck":["AscendersBane","Strike_B","Defend_B","Defend_B","Defend_B","Zap+1","Dualcast+1","Ball Lightning","Storm","Cold Snap","Reboot+1","Ball Lightning","Self Repair+1","Echo Form+1","Cold Snap","Buffer+1","Steam Power+1","Recycle+1","Electrodynamics+1","Creative AI+1","Coolheaded+1","Coolheaded+1","Double Energy+1","Buffer+1","Meteor Strike","Turbo+1","Chaos+1","Defragment+1","White Noise+1","Coolheaded+1","Creative AI+1","Shame","Hologram+1","Storm+1","Glacier","Heatsinks+1","Heatsinks+1","Echo Form+1"],"special_seed":0,"relics":["Cracked Core","Bird Faced Urn","Frozen Egg 2","Calipers","Golden Idol","Cursed Key","Emotion Chip","Question Card","StoneCalendar","Runic Pyramid","Lantern","Orichalcum","Oddly Smooth Stone","Kunai"],"potions_floor_usage":[50,56,56],"damage_taken":[{"damage":4.0,"enemies":"Jaw Worm","floor":1.0,"turns":4.0},{"damage":0.0,"enemies":"Cultist","floor":3.0,"turns":2.0},{"damage":4.0,"enemies":"Small Slimes","floor":4.0,"turns":3.0},{"damage":10.0,"enemies":"Looter","floor":5.0,"turns":3.0},{"damage":25.0,"enemies":"Gremlin Nob","floor":7.0,"turns":4.0},{"damage":4.0,"enemies":"Blue Slaver","floor":12.0,"turns":3.0},{"damage":10.0,"enemies":"Slime Boss","floor":16.0,"turns":8.0},{"damage":14.0,"enemies":"Chosen","floor":18.0,"turns":4.0},{"damage":13.0,"enemies":"2 Thieves","floor":20.0,"turns":4.0},{"damage":49.0,"enemies":"Gremlin Leader","floor":24.0,"turns":5.0},{"damage":30.0,"enemies":"Snecko","floor":25.0,"turns":5.0},{"damage":24.0,"enemies":"Book of Stabbing","floor":28.0,"turns":5.0},{"damage":11.0,"enemies":"Sentry and Sphere","floor":31.0,"turns":5.0},{"damage":12.0,"enemies":"Champ","floor":33.0,"turns":8.0},{"damage":6.0,"enemies":"3 Shapes","floor":35.0,"turns":2.0},{"damage":6.0,"enemies":"Orb Walker","floor":36.0,"turns":3.0},{"damage":1.0,"enemies":"3 Darklings","floor":38.0,"turns":3.0},{"damage":40.0,"enemies":"Writhing Mass","floor":39.0,"turns":4.0},{"damage":43.0,"enemies":"Giant Head","floor":40.0,"turns":9.0},{"damage":0.0,"enemies":"Reptomancer","floor":42.0,"turns":5.0},{"damage":3.0,"enemies":"Giant Head","floor":44.0,"turns":7.0},{"damage":18.0,"enemies":"Spire Growth","floor":45.0,"turns":6.0},{"damage":14.0,"enemies":"4 Shapes","floor":47.0,"turns":3.0},{"damage":39.0,"enemies":"Jaw Worm Horde","floor":48.0,"turns":3.0},{"damage":62,"enemies":"Awakened One","floor":50,"turns":7},{"damage":24,"enemies":"Donu and Deca","floor":51,"turns":4},{"damage":33,"enemies":"Shield and Spear","floor":55,"turns":6},{"damage":39,"enemies":"The Heart","floor":56,"turns":8}],"seed_played":"-3143270716226518533","potions_obtained":[{"floor":1.0,"key":"SkillPotion"},{"floor":4.0,"key":"LiquidBronze"},{"floor":7.0,"key":"Swift Potion"},{"floor":31.0,"key":"AttackPotion"},{"floor":33.0,"key":"GamblersBrew"},{"floor":47.0,"key":"GamblersBrew"}],"is_trial":false,"path_per_floor":["M","?","M","M","M","R","E","R","T","R","?","M","?","$","R","B",null,"M","?","M","?","$","R","E","M","T","R","E","R","$","M","R","B",null,"M","M","$","M","M","E","R","E","T","E","M","R","M","M","R","B","B",null,"R","$","E","B",null],"character_chosen":"DEFECT","items_purchased":["Self Repair+1","Creative AI+1","Coolheaded","Defragment+1","White Noise","FocusPotion","Heatsinks+1"],"campfire_rested":0,"item_purchase_floors":[14,22,22,37,37,54,54],"current_hp_per_floor":[42,42,42,40,32,32,9,9,9,9,9,7,7,7,7,11,51,53,53,58,58,58,58,41,49,49,49,47,47,47,64,64,64,64,64,64,64,64,60,64,64,64,64,64,60,60,64,43,43,43,53,61,61,61,57,64],"gold":81,"neow_bonus":"ONE_RARE_RELIC","is_prod":false,"is_daily":false,"chose_seed":false,"campfire_upgraded":11,"win_rate":0,"timestamp":1557025960,"path_taken":["M","?","M","M","?","R","E","R","T","R","?","M","?","$","R","BOSS","M","?","M","?","$","R","E","M","T","R","E","R","$","M","R","BOSS","M","M","$","M","M","E","R","E","T","E","M","R","M","?","R","BOSS","BOSS","R","$","E","BOSS"],"build_version":"2019-01-23","purchased_purges":2,"victory":true,"max_hp_per_floor":[71,71,71,71,71,71,71,71,71,71,71,71,64,64,64,64,64,64,64,64,64,64,64,64,64,64,64,64,64,64,64,64,64,64,64,64,64,64,64,64,64,64,64,64,64,64,64,64,64,64,64,64,64,64,64,64],"card_choices":[{"not_picked":["Lockon","Force Field"],"picked":"Ball Lightning","floor":1.0},{"not_picked":["Rebound","Coolheaded"],"picked":"Storm","floor":3.0},{"not_picked":["Conserve Battery","Redo"],"picked":"Cold Snap","floor":4.0},{"not_picked":["Stack","Compile Driver"],"picked":"Cold Snap","floor":5.0},{"not_picked":["Lockon","Sweeping Beam"],"picked":"Reboot","floor":7.0},{"not_picked":["Auto Shields","Sunder"],"picked":"Ball Lightning","floor":12.0},{"not_picked":["Multi-Cast","Fission"],"picked":"Echo Form+1","floor":16.0},{"not_picked":["Redo","Sunder"],"picked":"Cold Snap","floor":18.0},{"not_picked":["Skim","White Noise"],"picked":"Recycle","floor":20.0},{"not_picked":["Conserve Battery","Compile Driver","Cold Snap"],"picked":"SKIP","floor":24.0},{"not_picked":["Streamline","Barrage"],"picked":"Coolheaded","floor":25.0},{"not_picked":["Leap","Stack","Cold Snap"],"picked":"Double Energy","floor":28.0},{"not_picked":["Cold Snap","Hologram","Fusion"],"picked":"Buffer+1","floor":31.0},{"not_picked":["Reboot","All For One","Electrodynamics+1"],"picked":"Meteor Strike","floor":33.0},{"not_picked":["Steam","Conserve Battery","Beam Cell"],"picked":"Turbo","floor":35.0},{"not_picked":["Force Field","Streamline","Sweeping Beam"],"picked":"Chaos+1","floor":36.0},{"not_picked":["Streamline","Rebound","Beam Cell","Stack"],"picked":"SKIP","floor":38.0},{"not_picked":["Stack","Gash+1","Hologram"],"picked":"Coolheaded+1","floor":39.0},{"not_picked":["Aggregate","Barrage","Rebound"],"picked":"Creative AI+1","floor":40.0},{"not_picked":["Ball Lightning+1","Gash","Go for the Eyes","Reprogram"],"picked":"SKIP","floor":42.0},{"not_picked":["Chaos","Coolheaded","Streamline+1"],"picked":"Hologram","floor":44.0},{"not_picked":["Sweeping Beam+1","Redo+1","Stack"],"picked":"Storm+1","floor":45.0},{"not_picked":["Beam Cell","Hologram","Cold Snap"],"picked":"Glacier","floor":47.0},{"not_picked":["Self Repair+1","Hologram+1","Gash"],"picked":"Heatsinks+1","floor":48.0},{"not_picked":["Undo+1","Self Repair+1","Storm+1"],"picked":"Echo Form+1","floor":55}],"player_experience":4588049,"relics_obtained":[{"floor":7.0,"key":"Frozen Egg 2"},{"floor":9.0,"key":"Calipers"},{"floor":24.0,"key":"Emotion Chip"},{"floor":26.0,"key":"Question Card"},{"floor":28.0,"key":"StoneCalendar"},{"floor":40.0,"key":"Lantern"},{"floor":42.0,"key":"Orichalcum"},{"floor":44.0,"key":"Oddly Smooth Stone"},{"floor":55,"key":"Kunai"}],"event_choices":[{"cards_removed":["Strike_B"],"damage_healed":0.0,"max_hp_gain":0.0,"max_hp_loss":0.0,"gold_gain":0.0,"event_name":"Purifier","player_choice":"Purged","floor":2.0,"gold_loss":0.0,"damage_taken":0.0},{"damage_healed":0.0,"max_hp_gain":0.0,"max_hp_loss":0.0,"gold_gain":30.0,"event_name":"Dead Adventurer","player_choice":"Searched \u00271\u0027 times","floor":11.0,"gold_loss":0.0,"damage_taken":0.0},{"damage_healed":0.0,"max_hp_gain":0.0,"max_hp_loss":7.0,"gold_gain":0.0,"event_name":"Golden Idol","player_choice":"Lose Max HP","floor":13.0,"gold_loss":0.0,"damage_taken":0.0,"relics_obtained":["Golden Idol"]},{"damage_healed":0.0,"max_hp_gain":0.0,"max_hp_loss":0.0,"gold_gain":0.0,"cards_transformed":["Cold Snap","Strike_B"],"event_name":"Drug Dealer","player_choice":"Became Test Subject","floor":19.0,"gold_loss":0.0,"damage_taken":0.0,"cards_obtained":["Buffer","Steam Power"]},{"damage_healed":0.0,"max_hp_gain":0.0,"max_hp_loss":0.0,"gold_gain":0.0,"cards_transformed":["Strike_B"],"event_name":"Transmorgrifier","player_choice":"Transformed","floor":21.0,"gold_loss":0.0,"damage_taken":0.0,"cards_obtained":["Electrodynamics"]}],"is_beta":false,"boss_relics":[{"not_picked":["Empty Cage","Black Star"],"picked":"Cursed Key"},{"not_picked":["White Beast Statue","Lizard Tail"],"picked":"Runic Pyramid"}],"items_purged_floors":[14,30],"is_endless":false,"potions_floor_spawned":[1,4,7,31,33,35,40,42,47],"ascension_level":20}