{"gold_per_floor":[117,31,46,61,61,61,80,80,161,161,188,188,263,278,278,278],"floor_reached":16,"playtime":427,"items_purged":[],"score":200,"play_id":"52a86dda-5add-4ae6-88ee-24747a93abe5","local_time":"20190309195725","is_ascension_mode":true,"campfire_choices":[{"data":"Uppercut","floor":6.0,"key":"SMITH"},{"data":"Hemokinesis","floor":8.0,"key":"SMITH"},{"data":"Feed","floor":10.0,"key":"SMITH"},{"data":"Body Slam","floor":12,"key":"SMITH"},{"data":"Dual Wield","floor":15,"key":"SMITH"}],"neow_cost":"NONE","seed_source_timestamp":28299584776100,"circlet_count":0,"master_deck":["AscendersBane","Strike_R","Strike_R","Strike_R","Strike_R","Strike_R","Defend_R","Defend_R","Defend_R","Defend_R","Bash","Offering","Body Slam+1","Feed+1","Dual Wield+1","Uppercut+1","Hemokinesis+1","Reaper","Evolve"],"special_seed":0,"relics":["Burning Blood","Bag of Preparation"],"potions_floor_usage":[16,16],"damage_taken":[{"damage":6.0,"enemies":"2 Louse","floor":1.0,"turns":2.0},{"damage":13.0,"enemies":"Jaw Worm","floor":3.0,"turns":2.0},{"damage":7.0,"enemies":"Cultist","floor":4.0,"turns":3.0},{"damage":10.0,"enemies":"2 Fungi Beasts","floor":7.0,"turns":2.0},{"damage":43,"enemies":"3 Sentries","floor":11,"turns":8},{"damage":26,"enemies":"3 Louse","floor":14,"turns":3},{"damage":29,"enemies":"Hexaghost","floor":16,"turns":9}],"seed_played":"-3566775353208659437","potions_obtained":[{"floor":3.0,"key":"Poison Potion"},{"floor":11,"key":"Weak Potion"}],"is_trial":false,"path_per_floor":["M","$","M","M","$","R","M","R","T","R","E","R","?","M","R","B"],"character_chosen":"IRONCLAD","items_purchased":["Feed"],"campfire_rested":0,"item_purchase_floors":[2],"current_hp_per_floor":[68,68,64,66,66,66,65,65,65,65,32,32,21,17,17,0],"gold":278,"neow_bonus":"ONE_RANDOM_RARE_CARD","is_prod":false,"is_daily":false,"chose_seed":false,"campfire_upgraded":5,"win_rate":0,"timestamp":1552132645,"path_taken":["M","$","M","M","$","R","M","R","T","R","E","R","?","M","R","BOSS"],"build_version":"2019-01-23","purchased_purges":0,"victory":false,"max_hp_per_floor":[75,75,78,81,81,81,84,84,84,84,88,88,88,92,92,92],"card_choices":[{"not_picked":["Wild Strike","Headbutt"],"picked":"Body Slam","floor":1.0},{"not_picked":["Disarm","Entrench"],"picked":"Dual Wield","floor":3.0},{"not_picked":["Dual Wield","Armaments"],"picked":"Uppercut","floor":4.0},{"not_picked":["Headbutt","Pommel Strike"],"picked":"Hemokinesis","floor":7.0},{"not_picked":["Bloodletting","Hemokinesis"],"picked":"Reaper","floor":11},{"not_picked":["Cleave","Shrug It Off"],"picked":"Evolve","floor":14}],"player_experience":3442782,"relics_obtained":[{"floor":11,"key":"Bag of Preparation"}],"event_choices":[{"damage_healed":0,"gold_gain":75,"player_choice":"Gather Gold","damage_taken":11,"max_hp_gain":0,"max_hp_loss":0,"event_name":"World of Goop","floor":13,"gold_loss":0}],"is_beta":false,"boss_relics":[],"items_purged_floors":[],"is_endless":false,"potions_floor_spawned":[3,11,14],"killed_by":"Hexaghost","ascension_level":20}