{"gold_per_floor":[114,129,54,54,34,74,88,88,88,102,127,127,140,140,140,140],"floor_reached":16,"playtime":244,"items_purged":["Strike_G"],"score":254,"play_id":"d545e8bc-54bb-4f17-b78f-726dc3660857","local_time":"20190802232449","is_ascension_mode":true,"campfire_choices":[{"data":"Neutralize","floor":8.0,"key":"SMITH"},{"data":"Catalyst","floor":15.0,"key":"SMITH"}],"neow_cost":"NONE","seed_source_timestamp":450816237016840,"circlet_count":0,"master_deck":["AscendersBane","Strike_G","Strike_G","Strike_G","Strike_G","Defend_G","Defend_G","Defend_G","Defend_G","Defend_G","Survivor","Neutralize+1","Backstab","Catalyst+1"],"special_seed":0,"relics":["Ring of the Snake","NeowsBlessing","Golden Idol","Paper Crane","Vajra"],"potions_floor_usage":[16],"damage_taken":[{"damage":0.0,"enemies":"2 Louse","floor":1.0,"turns":1.0},{"damage":0.0,"enemies":"Small Slimes","floor":2.0,"turns":1.0},{"damage":0.0,"enemies":"Gremlin Nob","floor":6.0,"turns":1.0},{"damage":1.0,"enemies":"Cultist","floor":7.0,"turns":4.0},{"damage":3.0,"enemies":"3 Louse","floor":10.0,"turns":5.0},{"damage":8.0,"enemies":"Blue Slaver","floor":11.0,"turns":5.0},{"damage":4.0,"enemies":"Exordium Wildlife","floor":13.0,"turns":7.0},{"damage":0,"enemies":"Hexaghost","floor":16,"turns":3}],"seed_played":"8218406321951381102","potions_obtained":[{"floor":1.0,"key":"Explosive Potion"},{"floor":5.0,"key":"Fruit Juice"},{"floor":10.0,"key":"SteroidPotion"},{"floor":11.0,"key":"SkillPotion"}],"is_trial":false,"path_per_floor":["M","M","$","?","?","E","M","R","T","M","M","?","M","?","R","B"],"character_chosen":"THE_SILENT","items_purchased":[],"campfire_rested":0,"item_purchase_floors":[],"current_hp_per_floor":[59,59,59,59,64,64,63,63,63,60,52,17,13,13,13,13],"gold":140,"neow_bonus":"THREE_ENEMY_KILL","is_prod":false,"is_daily":false,"chose_seed":false,"campfire_upgraded":2,"win_rate":0,"timestamp":1564755889,"path_taken":["M","M","$","?","?","E","?","R","T","M","M","?","M","?","R","BOSS"],"build_version":"2019-07-17","purchased_purges":1,"victory":false,"max_hp_per_floor":[66,66,66,60,65,65,65,65,65,65,65,65,65,65,65,65],"card_choices":[{"not_picked":["Masterful Stab","Dagger Spray"],"picked":"Backstab","floor":1.0},{"not_picked":["Cloak And Dagger","Blade Dance","Quick Slash"],"picked":"SKIP","floor":2.0},{"not_picked":["Outmaneuver","Poisoned Stab","Backflip"],"picked":"SKIP","floor":6.0},{"not_picked":["Concentrate","Flying Knee","Setup"],"picked":"SKIP","floor":7.0},{"not_picked":["Flying Knee","All Out Attack"],"picked":"Catalyst","floor":10.0},{"not_picked":["Setup","Quick Slash","Backflip"],"picked":"SKIP","floor":11.0},{"not_picked":["Deflect","Cloak And Dagger","Infinite Blades"],"picked":"SKIP","floor":13.0}],"player_experience":737106,"relics_obtained":[{"floor":6.0,"key":"Paper Crane"}],"event_choices":[{"damage_healed":0.0,"max_hp_gain":0.0,"max_hp_loss":6.0,"gold_gain":0.0,"event_name":"Golden Idol","player_choice":"Lose Max HP","floor":4.0,"gold_loss":0.0,"damage_taken":0.0,"relics_obtained":["Golden Idol"]},{"damage_healed":0.0,"max_hp_gain":0.0,"max_hp_loss":0.0,"gold_gain":0.0,"event_name":"The Woman in Blue","player_choice":"Bought 1 Potion","floor":5.0,"gold_loss":0.0,"damage_taken":0.0},{"damage_healed":0.0,"max_hp_gain":0.0,"max_hp_loss":0.0,"gold_gain":0.0,"event_name":"Scrap Ooze","player_choice":"Success","floor":12.0,"gold_loss":0.0,"damage_taken":35.0,"relics_obtained":["Vajra"]},{"damage_healed":0.0,"max_hp_gain":0.0,"max_hp_loss":0.0,"gold_gain":0.0,"event_name":"Shining Light","player_choice":"Ignored","floor":14.0,"gold_loss":0.0,"damage_taken":0.0}],"is_beta":false,"boss_relics":[],"items_purged_floors":[3],"is_endless":false,"potions_floor_spawned":[1,10,11],"killed_by":"Hexaghost","ascension_level":20}