{"gold_per_floor":[360,44,63,63,63,398,418,418,418,418],"floor_reached":10,"playtime":340,"items_purged":[],"score":132,"play_id":"8b483934-a64c-417c-a414-60f84fe82f54","local_time":"20181129172230","is_ascension_mode":true,"campfire_choices":[{"floor":8,"key":"REST"}],"neow_cost":"PERCENT_DAMAGE","seed_source_timestamp":24569234366413,"circlet_count":0,"master_deck":["AscendersBane","Defend_G","Defend_G","Defend_G","Defend_G","Defend_G","Strike_G","Strike_G","Strike_G","Strike_G","Survivor","Neutralize","Acrobatics","Well Laid Plans","Predator","Poisoned Stab"],"relics":["Ring of the Snake","OrangePellets","Golden Idol","Old Coin","FossilizedHelix"],"potions_floor_usage":[6,7],"damage_taken":[{"damage":0,"enemies":"Jaw Worm","floor":1,"turns":5},{"damage":0,"enemies":"Small Slimes","floor":3,"turns":4},{"damage":31,"enemies":"3 Sentries","floor":6,"turns":13},{"damage":0,"enemies":"Cultist","floor":7,"turns":4},{"damage":0,"enemies":"Gremlin Nob","floor":10,"turns":3}],"seed_played":"-6547490566959067333","potions_obtained":[{"floor":3,"key":"Swift Potion"},{"floor":6,"key":"Block Potion"},{"floor":7,"key":"Ancient Potion"}],"is_trial":false,"path_per_floor":["M","$","M","?","?","E","M","R","T","E"],"character_chosen":"THE_SILENT","items_purchased":["OrangePellets","Well Laid Plans"],"campfire_rested":1,"item_purchase_floors":[2,2],"current_hp_per_floor":[44,44,44,44,37,6,6,24,24,24],"gold":418,"neow_bonus":"TWO_FIFTY_GOLD","is_prod":false,"is_daily":false,"chose_seed":true,"campfire_upgraded":0,"win_rate":0,"timestamp":1543483350,"path_taken":["M","$","M","?","?","E","M","R","T","E"],"build_version":"2018-11-15","purchased_purges":0,"victory":false,"max_hp_per_floor":[66,66,66,60,60,60,60,60,60,60],"card_choices":[{"not_picked":["PiercingWail","Slice"],"picked":"Acrobatics","floor":1},{"not_picked":["Cloak And Dagger","PiercingWail"],"picked":"Predator","floor":3},{"not_picked":["Dagger Spray","Flying Knee","Slice"],"picked":"SKIP","floor":6},{"not_picked":["Blur","Distraction"],"picked":"Poisoned Stab","floor":7}],"player_experience":1184602,"relics_obtained":[{"floor":6,"key":"Old Coin"},{"floor":9,"key":"FossilizedHelix"}],"event_choices":[{"damage_healed":0,"gold_gain":0,"player_choice":"Lose Max HP","damage_taken":0,"relics_obtained":["Golden Idol"],"max_hp_gain":0,"max_hp_loss":6,"event_name":"Golden Idol","floor":4,"gold_loss":0},{"cards_removed":["Strike_G"],"damage_healed":0,"gold_gain":0,"player_choice":"Card Removal","damage_taken":7,"max_hp_gain":0,"max_hp_loss":0,"event_name":"Golden Wing","floor":5,"gold_loss":0}],"is_beta":false,"boss_relics":[],"items_purged_floors":[],"is_endless":false,"potions_floor_spawned":[3,6,7],"killed_by":"Gremlin Nob","ascension_level":20}