{"gold_per_floor":[118,118,131,131,146,146,71,71,71,71,32,32,32,43,43,116,116,133,133,33,45,56,66,92,92,92,92,109,126,126,1,1,1],"floor_reached":33,"playtime":1052,"items_purged":["Defend_G","Strike_G","Defend_G+1"],"score":710,"play_id":"1b3a4435-d8df-4ed0-89fc-21eae0345c93","local_time":"20190125123705","is_ascension_mode":true,"campfire_choices":[{"data":"Catalyst","floor":6.0,"key":"SMITH"},{"data":"Calculated Gamble","floor":8.0,"key":"SMITH"},{"data":"Survivor","floor":10.0,"key":"SMITH"},{"data":"Bouncing Flask","floor":12.0,"key":"SMITH"},{"data":"Die Die Die","floor":15.0,"key":"SMITH"},{"floor":25.0,"key":"RECALL"},{"data":"Defend_G","floor":27.0,"key":"SMITH"},{"data":"Die Die Die","floor":30.0,"key":"SMITH"},{"data":"PiercingWail","floor":32.0,"key":"SMITH"}],"neow_cost":"NONE","seed_source_timestamp":857633796158,"circlet_count":0,"master_deck":["AscendersBane","Defend_G+1","Survivor+1","Neutralize+1","PiercingWail+1","Die Die Die+1","Calculated Gamble+1","Catalyst+1","Bouncing Flask+1","Blur+1","Die Die Die+1"],"special_seed":0,"relics":["Ring of the Snake","Empty Cage","Art of War","Omamori"],"potions_floor_usage":[],"damage_taken":[{"damage":8.0,"enemies":"Jaw Worm","floor":1.0,"turns":7.0},{"damage":9.0,"enemies":"Cultist","floor":3.0,"turns":6.0},{"damage":0.0,"enemies":"Small Slimes","floor":5.0,"turns":3.0},{"damage":17.0,"enemies":"Gremlin Gang","floor":14.0,"turns":3.0},{"damage":0.0,"enemies":"Slime Boss","floor":16.0,"turns":2.0},{"damage":1.0,"enemies":"theJungle:Flameango_and_Byrd","floor":18.0,"turns":4.0},{"damage":0.0,"enemies":"theJungle:GiantWrat","floor":21.0,"turns":3.0},{"damage":0.0,"enemies":"Snake Plant","floor":22.0,"turns":2.0},{"damage":1.0,"enemies":"theJungle:Lyon","floor":23.0,"turns":4.0},{"damage":0.0,"enemies":"theJungle:MamaSnecko","floor":24.0,"turns":4.0},{"damage":1.0,"enemies":"theJungle:JungleHuntersEncounter","floor":28.0,"turns":6.0},{"damage":3.0,"enemies":"theJungle:2_Snecko_Cultists","floor":29.0,"turns":3.0},{"damage":20,"enemies":"theJungle:TotemBoss","floor":33,"turns":4}],"seed_played":"6835392496337091856","potions_obtained":[{"floor":14.0,"key":"SkillPotion"},{"floor":18.0,"key":"AttackPotion"},{"floor":29.0,"key":"EssenceOfSteel"}],"is_trial":false,"path_per_floor":["M","?","M","?","M","R","$","R","T","R","$","R","?","M","R","B",null,"M","?","$","M","M","M","E","R","T","R","M","M","R","$","R","B"],"character_chosen":"THE_SILENT","items_purchased":["Bouncing Flask"],"campfire_rested":0,"item_purchase_floors":[11],"current_hp_per_floor":[51,51,42,22,22,22,22,22,22,22,22,22,22,5,5,5,51,50,50,50,50,50,49,49,49,49,49,48,45,45,45,45,25],"gold":1,"neow_bonus":"REMOVE_CARD","is_prod":false,"is_daily":false,"chose_seed":false,"campfire_upgraded":8,"win_rate":0,"timestamp":1548391025,"path_taken":["M","?","?","?","M","R","$","R","T","R","?","R","?","?","R","BOSS","M","?","$","M","M","M","E","R","T","R","M","M","R","?","R","BOSS"],"build_version":"2019-01-23","purchased_purges":3,"victory":false,"max_hp_per_floor":[66,66,66,66,66,66,66,66,66,66,66,66,66,66,66,66,66,66,66,66,66,66,66,66,66,66,66,66,66,66,66,66,66],"card_choices":[{"not_picked":["Dagger Spray","Slice"],"picked":"PiercingWail","floor":1.0},{"not_picked":["Infinite Blades","Dagger Spray"],"picked":"Calculated Gamble","floor":3.0},{"not_picked":["Acrobatics","Dodge and Roll"],"picked":"Catalyst","floor":5.0},{"not_picked":["Endless Agony","Prepared","Cloak And Dagger"],"picked":"SKIP","floor":14.0},{"not_picked":["Dagger Spray","Outmaneuver"],"picked":"Blur+1","floor":18.0},{"not_picked":["Flying Knee","Prepared","Dagger Throw"],"picked":"SKIP","floor":21.0},{"not_picked":["All Out Attack","Slice","Dodge and Roll"],"picked":"SKIP","floor":22.0},{"not_picked":["Distraction","All Out Attack","Deflect"],"picked":"SKIP","floor":23.0},{"not_picked":["Predator","Quick Slash","Slice"],"picked":"SKIP","floor":24.0},{"not_picked":["Deadly Poison","Die Die Die","Slice"],"picked":"SKIP","floor":28.0},{"not_picked":["Deadly Poison","Slice"],"picked":"Die Die Die","floor":28.0},{"not_picked":["Cloak And Dagger","Heel Hook","Blade Dance"],"picked":"SKIP","floor":29.0}],"player_experience":2223693,"relics_obtained":[{"floor":24.0,"key":"Art of War"},{"floor":26.0,"key":"Omamori"}],"event_choices":[{"damage_healed":0.0,"max_hp_gain":0.0,"max_hp_loss":0.0,"gold_gain":0.0,"cards_transformed":["Strike_G"],"event_name":"Transmorgrifier","player_choice":"Transformed","floor":2.0,"gold_loss":0.0,"damage_taken":0.0,"cards_obtained":["Die Die Die"]},{"damage_healed":0.0,"max_hp_gain":0.0,"max_hp_loss":0.0,"gold_gain":0.0,"event_name":"Shining Light","player_choice":"Entered Light","floor":4.0,"gold_loss":0.0,"damage_taken":20.0,"cards_upgraded":["Neutralize","Defend_G"]},{"cards_removed":["Strike_G"],"damage_healed":0.0,"max_hp_gain":0.0,"max_hp_loss":0.0,"gold_gain":0.0,"event_name":"Purifier","player_choice":"Purged","floor":13.0,"gold_loss":0.0,"damage_taken":0.0},{"cards_removed":["Defend_G"],"damage_healed":0.0,"max_hp_gain":0.0,"max_hp_loss":0.0,"gold_gain":0.0,"event_name":"Bonfire Elementals","player_choice":"Offered Basic","floor":19.0,"gold_loss":0.0,"damage_taken":0.0}],"is_beta":false,"boss_relics":[{"not_picked":["Fusion Hammer","Sozu"],"picked":"Empty Cage"}],"items_purged_floors":[7,20,31],"is_endless":false,"potions_floor_spawned":[14,18,29],"killed_by":"theJungle:TotemBoss","ascension_level":20}