{"gold_per_floor":[110,123,142,67,79,79,91,101,101,41,54,54,54,54,54,54],"floor_reached":16,"playtime":487,"items_purged":["Strike_G"],"score":179,"play_id":"ccc903b8-303e-44de-945e-9ada0bcec44c","local_time":"20181013130424","is_ascension_mode":true,"campfire_choices":[{"data":"Catalyst","floor":6,"key":"SMITH"},{"data":"Bouncing Flask","floor":12,"key":"SMITH"},{"data":"Deadly Poison","floor":15,"key":"SMITH"}],"neow_cost":"NONE","seed_source_timestamp":14889802410641,"circlet_count":0,"master_deck":["Defend_G","Defend_G","Defend_G","Defend_G","Defend_G","Strike_G","Strike_G","Strike_G","Survivor","Neutralize","AscendersBane","Storm of Steel","Bouncing Flask+1","Blur","Catalyst+1","Footwork","Deadly Poison+1","Cloak And Dagger","Outmaneuver"],"relics":["Ring of the Snake","Blue Candle"],"potions_floor_usage":[8,8],"damage_taken":[{"damage":0,"enemies":"Small Slimes","floor":1,"turns":2},{"damage":5,"enemies":"2 Louse","floor":2,"turns":7},{"damage":1,"enemies":"Cultist","floor":3,"turns":4},{"damage":11,"enemies":"Red Slaver","floor":5,"turns":5},{"damage":15,"enemies":"Exordium Wildlife","floor":7,"turns":7},{"damage":8,"enemies":"Exordium Thugs","floor":8,"turns":5},{"damage":0,"enemies":"Looter","floor":10,"turns":5},{"damage":7,"enemies":"Blue Slaver","floor":11,"turns":4},{"damage":27,"enemies":"Slime Boss","floor":16,"turns":6}],"seed_played":"5543354382108782426","potions_obtained":[{"floor":1,"key":"Fire Potion"},{"floor":3,"key":"GhostInAJar"}],"is_trial":false,"path_per_floor":["M","M","M","$","M","R","M","M","T","M","M","R","?","?","R"],"character_chosen":"THE_SILENT","items_purchased":[],"campfire_rested":0,"item_purchase_floors":[],"current_hp_per_floor":[59,54,53,53,42,42,27,19,19,19,12,12,12,12,12,0],"gold":54,"neow_bonus":"ONE_RANDOM_RARE_CARD","is_prod":false,"is_daily":false,"chose_seed":false,"campfire_upgraded":3,"win_rate":0,"timestamp":1539407064,"path_taken":["M","M","M","$","M","R","M","M","T","M","M","R","?","?","R","BOSS"],"build_version":"2018-10-11","purchased_purges":1,"victory":false,"max_hp_per_floor":[66,66,66,66,66,66,66,66,66,66,66,66,66,66,66,66],"card_choices":[{"not_picked":["Tactician","Dagger Spray"],"picked":"Bouncing Flask","floor":1},{"not_picked":["Caltrops","Prepared"],"picked":"Blur","floor":2},{"not_picked":["Tactician","Prepared","Slice"],"picked":"SKIP","floor":3},{"not_picked":["Infinite Blades","Backflip"],"picked":"Catalyst","floor":5},{"not_picked":["Deflect","Terror"],"picked":"Footwork","floor":7},{"not_picked":["Dodge and Roll","Poisoned Stab","Heel Hook"],"picked":"SKIP","floor":8},{"not_picked":["A Thousand Cuts","Calculated Gamble"],"picked":"Deadly Poison","floor":10},{"not_picked":["Finisher","Distraction"],"picked":"Cloak And Dagger","floor":11}],"player_experience":154158,"relics_obtained":[{"floor":9,"key":"Blue Candle"}],"event_choices":[{"event_name":"Scrap Ooze","player_choice":"unsuccessful","floor":13,"damage_taken":0},{"event_name":"Transmorgrifier","player_choice":"Transform","floor":14,"damage_taken":0}],"is_beta":false,"boss_relics":[],"items_purged_floors":[4],"is_endless":false,"potions_floor_spawned":[1,3,5],"killed_by":"Slime Boss","ascension_level":18}