{"gold_per_floor":[118,130,130,55,73,73,91,91,91,91,111,111,127,156,156,257,257,268,268,284,303,303,303,321,321,321,339,205,216,216,235,235,331,331,342,342,354,370,370,370,115,115,115,64,64,64,64,77,77,77],"floor_reached":51,"playtime":2254,"items_purged":["Strike_B","Defend_B","Clumsy"],"score":726,"play_id":"ea779488-0d97-4db3-b7ca-9f7d4cc511b8","local_time":"20190616214422","is_ascension_mode":false,"campfire_choices":[{"data":"Defragment","floor":6.0,"key":"SMITH"},{"data":"Dualcast","floor":8.0,"key":"SMITH"},{"data":"Doom and Gloom","floor":12.0,"key":"SMITH"},{"data":"Fission","floor":15.0,"key":"SMITH"},{"data":"Multi-Cast","floor":23.0,"key":"SMITH"},{"data":"Double Energy","floor":25.0,"key":"SMITH"},{"data":"Coolheaded","floor":30.0,"key":"SMITH"},{"data":"Recycle","floor":32.0,"key":"SMITH"},{"data":"Loop","floor":40,"key":"SMITH"},{"data":"Fission","floor":45,"key":"SMITH"},{"data":"Fission","floor":49,"key":"SMITH"}],"neow_cost":"CURSE","seed_source_timestamp":48326197173286,"circlet_count":0,"master_deck":["Dualcast+1","Defragment+1","Doom and Gloom+1","Reinforced Body","Fission+1","Multi-Cast+1","Steam Power+1","BootSequence+1","Double Energy+1","Fission+1","Recycle+1","Coolheaded+1","Fission+1","Turbo+1","Reboot","Loop+1","Fission+1","Impatience"],"special_seed":0,"relics":["Cracked Core","Smiling Mask","Mercury Hourglass","Shuriken","Cursed Key","Empty Cage","Frozen Eye"],"potions_floor_usage":[42,50,50,50],"damage_taken":[{"damage":1.0,"enemies":"Jaw Worm","floor":1.0,"turns":3.0},{"damage":0.0,"enemies":"Small Slimes","floor":2.0,"turns":2.0},{"damage":1.0,"enemies":"Cultist","floor":5.0,"turns":4.0},{"damage":5.0,"enemies":"Large Slime","floor":7.0,"turns":6.0},{"damage":0.0,"enemies":"Lots of Slimes","floor":11.0,"turns":1.0},{"damage":0.0,"enemies":"Gremlin Gang","floor":13.0,"turns":2.0},{"damage":18.0,"enemies":"Lagavulin","floor":14.0,"turns":5.0},{"damage":19.0,"enemies":"The Guardian","floor":16.0,"turns":8.0},{"damage":0.0,"enemies":"3 Byrds","floor":18.0,"turns":3.0},{"damage":7.0,"enemies":"2 Thieves","floor":20.0,"turns":3.0},{"damage":1.0,"enemies":"Snake Plant","floor":21.0,"turns":3.0},{"damage":0.0,"enemies":"3 Cultists","floor":24.0,"turns":3.0},{"damage":0.0,"enemies":"Cultist and Chosen","floor":27.0,"turns":3.0},{"damage":0.0,"enemies":"Centurion and Healer","floor":29.0,"turns":2.0},{"damage":0.0,"enemies":"Snake Plant","floor":31.0,"turns":4.0},{"damage":18.0,"enemies":"Champ","floor":33.0,"turns":5.0},{"damage":0.0,"enemies":"3 Darklings","floor":35.0,"turns":2.0},{"damage":0,"enemies":"Orb Walker","floor":37,"turns":1},{"damage":5,"enemies":"Maw","floor":38,"turns":5},{"damage":1,"enemies":"Jaw Worm Horde","floor":42,"turns":2},{"damage":0,"enemies":"Sphere and 2 Shapes","floor":48,"turns":2},{"damage":52,"enemies":"Time Eater","floor":50,"turns":5}],"seed_played":"7710571785624217892","potions_obtained":[{"floor":11.0,"key":"PowerPotion"},{"floor":14.0,"key":"Weak Potion"},{"floor":20.0,"key":"FearPotion"},{"floor":24.0,"key":"Explosive Potion"},{"floor":35.0,"key":"SmokeBomb"},{"floor":38,"key":"PowerPotion"}],"is_trial":false,"path_per_floor":["M","M","?","$","M","R","M","R","T","?","M","R","M","E","R","B",null,"M","?","M","M","?","R","M","R","T","M","$","M","R","M","R","B",null,"M","?","M","M","?","R","$","M","T","$","R","?","T","M","R","B",null],"character_chosen":"DEFECT","items_purchased":["Recycle","Coolheaded","Frozen Eye","Weak Potion"],"campfire_rested":0,"item_purchase_floors":[28,28,41,44],"current_hp_per_floor":[74,74,67,67,66,66,61,61,61,61,61,61,61,43,43,24,75,75,75,68,67,67,67,67,67,67,67,67,67,67,67,67,49,75,75,75,75,70,70,70,70,69,69,69,69,59,59,59,59,7],"gold":77,"neow_bonus":"TRANSFORM_TWO_CARDS","is_prod":false,"is_daily":false,"chose_seed":false,"campfire_upgraded":11,"win_rate":0,"timestamp":1560692662,"path_taken":["M","M","?","$","M","R","M","R","T","?","?","R","M","E","R","BOSS","M","?","?","?","?","R","M","R","T","M","?","M","R","M","R","BOSS","M","?","?","?","?","R","?","M","T","$","R","?","?","M","R","BOSS"],"build_version":"2019-01-23","purchased_purges":3,"victory":true,"max_hp_per_floor":[75,75,75,75,75,75,75,75,75,75,75,75,75,75,75,75,75,75,75,75,75,75,75,75,75,75,75,75,75,75,75,75,75,75,75,75,75,75,75,75,75,75,75,75,75,75,75,75,75,75],"card_choices":[{"not_picked":["Beam Cell","Gash"],"picked":"Conserve Battery","floor":1.0},{"not_picked":["Barrage","Leap","Sweeping Beam"],"picked":"SKIP","floor":2.0},{"not_picked":["Static Discharge","Gash","Compile Driver"],"picked":"SKIP","floor":5.0},{"not_picked":["Turbo","Go for the Eyes"],"picked":"Ball Lightning","floor":7.0},{"not_picked":["Beam Cell","Turbo"],"picked":"Reinforced Body","floor":11.0},{"not_picked":["White Noise","Reinforced Body"],"picked":"Fission","floor":13.0},{"not_picked":["Gash","Barrage","Sunder"],"picked":"SKIP","floor":14.0},{"not_picked":["Thunder Strike","All For One"],"picked":"Multi-Cast","floor":16.0},{"not_picked":["Gash","Scrape","Turbo"],"picked":"SKIP","floor":18.0},{"not_picked":["Redo","Go for the Eyes"],"picked":"Steam Power+1","floor":20.0},{"not_picked":["Chill","Scrape"],"picked":"BootSequence+1","floor":21.0},{"not_picked":["Ball Lightning","Steam","Conserve Battery"],"picked":"SKIP","floor":24.0},{"not_picked":["Hologram","Stack","Steam"],"picked":"SKIP","floor":27.0},{"not_picked":["Capacitor+1","Gash"],"picked":"Fission","floor":29.0},{"not_picked":["Redo","Ball Lightning+1"],"picked":"Turbo+1","floor":31.0},{"not_picked":["Meteor Strike","Amplify"],"picked":"Reboot","floor":33.0},{"not_picked":["Storm","Rebound"],"picked":"Loop","floor":35.0},{"not_picked":["Stack+1","Coolheaded","FTL+1"],"picked":"SKIP","floor":37},{"not_picked":["Turbo+1","Conserve Battery+1","Genetic Algorithm+1"],"picked":"SKIP","floor":38},{"not_picked":["Violence","The Bomb"],"picked":"Impatience","floor":46},{"not_picked":["Genetic Algorithm","Barrage+1","Stack"],"picked":"SKIP","floor":48}],"player_experience":5325914,"relics_obtained":[{"floor":9.0,"key":"Smiling Mask"},{"floor":14.0,"key":"Shuriken"}],"event_choices":[{"cards_removed":["Strike_B"],"damage_healed":0.0,"max_hp_gain":0.0,"max_hp_loss":0.0,"gold_gain":0.0,"event_name":"Golden Wing","player_choice":"Card Removal","floor":3.0,"gold_loss":0.0,"damage_taken":7.0},{"cards_removed":["Conserve Battery"],"damage_healed":0.0,"max_hp_gain":0.0,"max_hp_loss":0.0,"gold_gain":0.0,"event_name":"WeMeetAgain","player_choice":"Gave Card","floor":10.0,"gold_loss":0.0,"damage_taken":0.0,"relics_obtained":["Mercury Hourglass"]},{"cards_removed":["Strike_B"],"damage_healed":0.0,"max_hp_gain":0.0,"max_hp_loss":0.0,"gold_gain":0.0,"event_name":"Purifier","player_choice":"Purged","floor":19.0,"gold_loss":0.0,"damage_taken":0.0},{"damage_healed":0.0,"max_hp_gain":0.0,"max_hp_loss":0.0,"gold_gain":0.0,"cards_transformed":["Defend_B","Defend_B"],"event_name":"Drug Dealer","player_choice":"Became Test Subject","floor":22.0,"gold_loss":0.0,"damage_taken":0.0,"cards_obtained":["Double Energy","Fission"]},{"damage_healed":0.0,"max_hp_gain":0.0,"max_hp_loss":0.0,"gold_gain":0.0,"event_name":"Duplicator","player_choice":"Copied","floor":36.0,"gold_loss":0.0,"damage_taken":0.0,"cards_obtained":["Fission"]},{"damage_healed":0,"gold_gain":0,"player_choice":"Ignored","damage_taken":0,"max_hp_gain":0,"max_hp_loss":0,"event_name":"Mysterious Sphere","floor":39,"gold_loss":0},{"damage_healed":0,"gold_gain":0,"player_choice":"Memory 3","damage_taken":10,"max_hp_gain":0,"max_hp_loss":0,"event_name":"SensoryStone","floor":46,"gold_loss":0}],"is_beta":false,"boss_relics":[{"not_picked":["Sozu","Ectoplasm"],"picked":"Cursed Key"},{"not_picked":["Lizard Tail","Busted Crown"],"picked":"Empty Cage"}],"items_purged_floors":[4,28,41],"is_endless":false,"potions_floor_spawned":[11,14,20,24,33,35,38,48],"ascension_level":0}