{"gold_per_floor":[20,39,58,58,78,78,101,101,101,119,134,134,134,165,165,260,260,275,10,60,81,6,27,27,62,62,62,62,62,105,120,120,219,219,242,242,142,167,186,186,220,220,220,110,124,124,137,162,162,162,162,162,162,37,72,72],"floor_reached":57,"playtime":5866,"items_purged":["Strike_G","Eviscerate+1","Survivor"],"score":2948,"play_id":"bc546344-be18-4af5-98f1-22ea19b431f7","local_time":"20190126091645","is_ascension_mode":true,"campfire_choices":[{"data":"Bouncing Flask","floor":6.0,"key":"SMITH"},{"data":"Well Laid Plans","floor":8.0,"key":"SMITH"},{"data":"Night Terror","floor":12.0,"key":"SMITH"},{"data":"Bane","floor":15.0,"key":"SMITH"},{"data":"Malaise","floor":24.0,"key":"SMITH"},{"data":"Footwork","floor":29.0,"key":"SMITH"},{"data":"Strike_G","floor":32.0,"key":"PURGE"},{"data":"Defend_G","floor":40.0,"key":"PURGE"},{"data":"Defend_G","floor":42.0,"key":"PURGE"},{"data":"Defend_G","floor":46,"key":"PURGE"},{"floor":49,"key":"RECALL"},{"data":"Defend_G","floor":53,"key":"PURGE"}],"neow_cost":"NO_GOLD","seed_source_timestamp":0,"circlet_count":0,"master_deck":["AscendersBane","Neutralize","Night Terror+1","Footwork+1","Deadly Poison","Bouncing Flask+1","Well Laid Plans+1","Adrenaline+1","Bane+1","Bullet Time","Burst+1","Tools of the Trade+1","Leg Sweep+1","Malaise+1","After Image","Backflip","Backflip","Adrenaline"],"special_seed":0,"relics":["Ring of the Snake","Golden Idol","Calipers","Ninja Scroll","Astrolabe","Medical Kit","Peace Pipe","Paper Crane","Boot","Coffee Dripper","Blood Vial"],"potions_floor_usage":[45],"damage_taken":[{"damage":4.0,"enemies":"Small Slimes","floor":1.0,"turns":4.0},{"damage":0.0,"enemies":"Jaw Worm","floor":2.0,"turns":9.0},{"damage":0.0,"enemies":"2 Louse","floor":3.0,"turns":3.0},{"damage":6.0,"enemies":"Exordium Thugs","floor":5.0,"turns":5.0},{"damage":7.0,"enemies":"3 Louse","floor":7.0,"turns":4.0},{"damage":1.0,"enemies":"2 Fungi Beasts","floor":10.0,"turns":4.0},{"damage":8.0,"enemies":"Large Slime","floor":11.0,"turns":5.0},{"damage":28.0,"enemies":"3 Sentries","floor":14.0,"turns":10.0},{"damage":0.0,"enemies":"Slime Boss","floor":16.0,"turns":3.0},{"damage":0.0,"enemies":"theJungle:GiantWrat","floor":18.0,"turns":4.0},{"damage":9.0,"enemies":"Shell Parasite","floor":21.0,"turns":6.0},{"damage":17.0,"enemies":"Snake Plant","floor":23.0,"turns":5.0},{"damage":5.0,"enemies":"theJungle:Cassacara","floor":25.0,"turns":8.0},{"damage":1.0,"enemies":"theJungle:2_Phrogs","floor":30.0,"turns":9.0},{"damage":1.0,"enemies":"theJungle:2_Snecko_Cultists","floor":31.0,"turns":6.0},{"damage":0.0,"enemies":"theJungle:FunGuy","floor":33.0,"turns":19.0},{"damage":0.0,"enemies":"Orb Walker","floor":35.0,"turns":5.0},{"damage":0.0,"enemies":"3 Darklings","floor":38.0,"turns":10.0},{"damage":0.0,"enemies":"Maw","floor":39.0,"turns":6.0},{"damage":0.0,"enemies":"Nemesis","floor":41.0,"turns":8.0},{"damage":0,"enemies":"Transient","floor":45,"turns":6},{"damage":2,"enemies":"Writhing Mass","floor":47,"turns":5},{"damage":0,"enemies":"Sphere and 2 Shapes","floor":48,"turns":3},{"damage":4,"enemies":"Awakened One","floor":50,"turns":15},{"damage":11,"enemies":"Time Eater","floor":51,"turns":18},{"damage":0,"enemies":"Shield and Spear","floor":55,"turns":8},{"damage":35,"enemies":"The Heart","floor":56,"turns":10}],"seed_played":"5194646937206430885","potions_obtained":[{"floor":2.0,"key":"SteroidPotion"},{"floor":3.0,"key":"AttackPotion"},{"floor":7.0,"key":"Poison Potion"},{"floor":16.0,"key":"SteroidPotion"},{"floor":21.0,"key":"SpeedPotion"},{"floor":31.0,"key":"GhostInAJar"},{"floor":39.0,"key":"SteroidPotion"},{"floor":47,"key":"AttackPotion"}],"is_trial":false,"path_per_floor":["M","M","M","?","M","R","M","R","T","M","M","R","?","E","R","B",null,"M","$","?","M","$","M","R","E","T","?","?","R","E","M","R","B",null,"M","?","$","M","M","R","E","R","T","?","M","R","M","M","R","B","B",null,"R","$","E","B",null],"character_chosen":"THE_SILENT","items_purchased":["Medical Kit","Swift Potion"],"campfire_rested":0,"item_purchase_floors":[19,19],"current_hp_per_floor":[55,55,55,55,49,49,42,42,42,41,33,33,53,25,25,25,51,51,51,45,36,36,19,19,14,14,4,4,4,3,2,2,2,49,49,45,45,45,45,45,45,45,45,45,47,47,47,49,49,47,38,58,58,58,60,27],"gold":72,"neow_bonus":"THREE_RARE_CARDS","is_prod":false,"is_daily":false,"chose_seed":false,"campfire_upgraded":6,"win_rate":0,"timestamp":1548465405,"path_taken":["M","M","M","?","M","R","M","R","T","M","M","R","?","E","R","BOSS","M","$","?","M","?","M","R","E","T","?","?","R","E","M","R","BOSS","M","?","$","?","M","R","E","R","T","?","M","R","M","?","R","BOSS","BOSS","R","$","E","BOSS"],"build_version":"2019-01-23","purchased_purges":3,"victory":true,"max_hp_per_floor":[66,66,66,60,60,60,60,60,60,60,60,60,60,60,60,60,60,60,60,60,60,60,60,60,60,60,65,65,65,65,65,65,65,65,65,65,65,65,65,65,65,65,65,65,65,65,65,65,65,65,65,65,65,65,65,65],"card_choices":[{"not_picked":["Wraith Form v2","Malaise"],"picked":"Night Terror","floor":0.0},{"not_picked":["Deadly Poison","Dagger Spray"],"picked":"Footwork","floor":1.0},{"not_picked":["Dagger Throw","Dodge and Roll"],"picked":"Deadly Poison","floor":2.0},{"not_picked":["Riddle With Holes","Predator"],"picked":"Bouncing Flask","floor":3.0},{"not_picked":["Masterful Stab","Crippling Poison"],"picked":"Well Laid Plans","floor":5.0},{"not_picked":["Poisoned Stab","All Out Attack","Flying Knee"],"picked":"SKIP","floor":7.0},{"not_picked":["Dagger Spray","Deflect","Eviscerate"],"picked":"SKIP","floor":10.0},{"not_picked":["Reflex","Accuracy"],"picked":"Adrenaline","floor":11.0},{"not_picked":["Distraction","Deflect"],"picked":"Bane","floor":14.0},{"not_picked":["A Thousand Cuts","Tools of the Trade"],"picked":"Bullet Time","floor":16.0},{"not_picked":["Bane","Expertise+1"],"picked":"Leg Sweep+1","floor":18.0},{"not_picked":["Dagger Spray","Dodge and Roll","Flechettes"],"picked":"SKIP","floor":21.0},{"not_picked":["Footwork+1","Acrobatics"],"picked":"Malaise","floor":23.0},{"not_picked":["Bouncing Flask","Infinite Blades","PiercingWail"],"picked":"SKIP","floor":25.0},{"not_picked":["Calculated Gamble","Accuracy","Predator"],"picked":"SKIP","floor":30.0},{"not_picked":["Tactician","Deflect","Dagger Spray"],"picked":"SKIP","floor":31.0},{"not_picked":["Burst","Venomology"],"picked":"After Image","floor":33.0},{"not_picked":["Dagger Throw","Bouncing Flask+1"],"picked":"Backflip","floor":35.0},{"not_picked":["Caltrops","Distraction+1","Acrobatics"],"picked":"SKIP","floor":38.0},{"not_picked":["Choke","Quick Slash+1"],"picked":"Backflip","floor":39.0},{"not_picked":["Underhanded Strike","Skewer+1","Prepared"],"picked":"SKIP","floor":41.0},{"not_picked":["Dagger Throw","Quick Slash","PiercingWail+1"],"picked":"SKIP","floor":45},{"not_picked":["Choke+1","Slice"],"picked":"Adrenaline","floor":47},{"not_picked":["Underhanded Strike","Blade Dance","Outmaneuver"],"picked":"SKIP","floor":48},{"not_picked":["Blade Dance","Deadly Poison","Endless Agony"],"picked":"SKIP","floor":55}],"player_experience":2255445,"relics_obtained":[{"floor":9.0,"key":"Calipers"},{"floor":14.0,"key":"Ninja Scroll"},{"floor":25.0,"key":"Peace Pipe"},{"floor":26.0,"key":"Paper Crane"},{"floor":30.0,"key":"Boot"},{"floor":41.0,"key":"Blood Vial"}],"event_choices":[{"damage_healed":0.0,"max_hp_gain":0.0,"max_hp_loss":6.0,"gold_gain":0.0,"event_name":"Golden Idol","player_choice":"Lose Max HP","floor":4.0,"gold_loss":0.0,"damage_taken":0.0,"relics_obtained":["Golden Idol"]},{"damage_healed":20.0,"max_hp_gain":0.0,"max_hp_loss":0.0,"gold_gain":0.0,"event_name":"Big Fish","player_choice":"Banana","floor":13.0,"gold_loss":0.0,"damage_taken":0.0},{"damage_healed":0.0,"max_hp_gain":0.0,"max_hp_loss":0.0,"gold_gain":50.0,"event_name":"FaceTrader","player_choice":"Touch","floor":20.0,"gold_loss":0.0,"damage_taken":6.0},{"damage_healed":0.0,"max_hp_gain":0.0,"max_hp_loss":0.0,"gold_gain":0.0,"event_name":"The Woman in Blue","player_choice":"Bought 0 Potions","floor":36.0,"gold_loss":0.0,"damage_taken":0.0},{"cards_removed":["Defend_G"],"damage_healed":0,"gold_gain":0,"player_choice":"Upgrade and Remove","damage_taken":0,"max_hp_gain":0,"max_hp_loss":0,"event_name":"Designer","floor":44,"gold_loss":110,"cards_upgraded":["Adrenaline"]}],"is_beta":false,"boss_relics":[{"not_picked":["Busted Crown","Velvet Choker"],"picked":"Astrolabe"},{"not_picked":["Empty Cage","Philosopher\u0027s Stone"],"picked":"Coffee Dripper"}],"items_purged_floors":[22,37,54],"is_endless":false,"potions_floor_spawned":[2,3,7,11,16,21,30,31,33,39,47,48,55],"ascension_level":20}