{"gold_per_floor":[111,121,101,112,15,15,27,27,52,62,82,82,82,100,100,100],"floor_reached":16,"playtime":346,"items_purged":[],"score":188,"play_id":"07cff19e-5fd5-49d8-bab6-352cdeea0a73","local_time":"20181228161117","is_ascension_mode":true,"campfire_choices":[{"data":"Bouncing Flask","floor":6,"key":"SMITH"},{"data":"Noxious Fumes","floor":8,"key":"SMITH"},{"data":"Deadly Poison","floor":13,"key":"SMITH"},{"data":"Impatience","floor":15,"key":"SMITH"}],"neow_cost":"PERCENT_DAMAGE","seed_source_timestamp":17257990276738,"circlet_count":0,"master_deck":["AscendersBane","Defend_G","Defend_G","Defend_G","Defend_G","Defend_G","Strike_G","Strike_G","Strike_G","Survivor","Neutralize","Die Die Die","Bouncing Flask+1","Backflip","Noxious Fumes+1","Impatience+1","Deadly Poison+1","Well Laid Plans","Acrobatics"],"relics":["Ring of the Snake"],"potions_floor_usage":[14,14,14],"damage_taken":[{"damage":1,"enemies":"Jaw Worm","floor":1,"turns":4},{"damage":0,"enemies":"Cultist","floor":2,"turns":3},{"damage":5,"enemies":"Small Slimes","floor":4,"turns":5},{"damage":28,"enemies":"Exordium Wildlife","floor":7,"turns":6},{"damage":0,"enemies":"Blue Slaver","floor":10,"turns":4},{"damage":9,"enemies":"Looter","floor":11,"turns":3},{"damage":0,"enemies":"2 Fungi Beasts","floor":14,"turns":3},{"damage":0,"enemies":"The Guardian","floor":16,"turns":2}],"seed_played":"-3498119682076224546","potions_obtained":[{"floor":2,"key":"SmokeBomb"},{"floor":3,"key":"Explosive Potion"},{"floor":4,"key":"Fire Potion"},{"floor":7,"key":"EntropicBrew"}],"is_trial":false,"path_per_floor":["M","M","?","M","$","R","M","R","T","M","M","?","R","M","R","B"],"character_chosen":"THE_SILENT","items_purchased":["Impatience"],"campfire_rested":0,"item_purchase_floors":[5],"current_hp_per_floor":[43,43,43,38,38,38,10,10,10,10,1,1,1,1,1,1],"gold":100,"neow_bonus":"TRANSFORM_TWO_CARDS","is_prod":false,"is_daily":false,"chose_seed":false,"campfire_upgraded":4,"win_rate":0,"timestamp":1545984677,"path_taken":["M","M","?","M","?","R","M","R","T","?","M","?","R","M","R","BOSS"],"build_version":"2018-12-25","purchased_purges":0,"victory":false,"max_hp_per_floor":[66,66,66,66,66,66,66,66,66,66,66,66,66,66,66,66],"card_choices":[{"not_picked":["Cloak And Dagger","Heel Hook"],"picked":"Backflip","floor":1},{"not_picked":["Flying Knee","Underhanded Strike"],"picked":"Noxious Fumes","floor":2},{"not_picked":["Infinite Blades","Sucker Punch","Dagger Spray"],"picked":"SKIP","floor":4},{"not_picked":["Distraction","Poisoned Stab"],"picked":"Deadly Poison","floor":7},{"not_picked":["Underhanded Strike","Deadly Poison"],"picked":"Well Laid Plans","floor":10},{"not_picked":["Bane","Blade Dance","Backflip"],"picked":"SKIP","floor":11},{"not_picked":["Slice","Backstab"],"picked":"Acrobatics","floor":14}],"player_experience":1248168,"relics_obtained":[],"event_choices":[{"damage_healed":0,"gold_gain":0,"player_choice":"Bought 1 Potion","damage_taken":0,"max_hp_gain":0,"max_hp_loss":0,"event_name":"The Woman in Blue","floor":3,"gold_loss":0},{"damage_healed":0,"gold_gain":0,"player_choice":"Ignored","damage_taken":0,"max_hp_gain":0,"max_hp_loss":0,"event_name":"Liars Game","floor":12,"gold_loss":0}],"is_beta":true,"boss_relics":[],"items_purged_floors":[],"is_endless":false,"potions_floor_spawned":[2,4,7],"killed_by":"The Guardian","ascension_level":20}