{"gold_per_floor":[112,112,112,126,146,146,164,164,164,164,164,184,201,1,1,77,77,89,89,89,106,118,118,18,38,38,56,56,82,82,95,95,174,174,191,115,115,160,174,174,209,209,209,209,226,259,277,277,277,277,277,277,60,93,93],"floor_reached":56,"playtime":2086,"items_purged":["Strike_G","Defend_G","All Out Attack+1"],"score":2430,"play_id":"cba821e6-4449-4228-824e-c607e0c5654a","local_time":"20190215205140","is_ascension_mode":true,"campfire_choices":[{"data":"Neutralize","floor":6,"key":"SMITH"},{"data":"Survivor","floor":11,"key":"SMITH"},{"data":"Accuracy","floor":15,"key":"SMITH"},{"floor":23,"key":"REST"},{"floor":28,"key":"REST"},{"floor":30,"key":"REST"},{"floor":32,"key":"REST"},{"data":"Well Laid Plans","floor":40,"key":"SMITH"},{"floor":42,"key":"RECALL"},{"data":"Defend_G","floor":44,"key":"SMITH"},{"data":"Well Laid Plans","floor":49,"key":"SMITH"},{"data":"Defend_G","floor":52,"key":"SMITH"}],"neow_cost":"PERCENT_DAMAGE","seed_source_timestamp":263765620386022,"circlet_count":0,"master_deck":["AscendersBane","Defend_G+1","Defend_G+1","Survivor+1","Neutralize+1","Blade Dance+1","Calculated Gamble+1","Acrobatics+1","Catalyst+1","Escape Plan+1","Deadly Poison+1","Accuracy+1","Leg Sweep+1","Catalyst+1","Catalyst+1","Calculated Gamble+1","Concentrate+1","Adrenaline+1","Burst+1","Cloak And Dagger+1","Well Laid Plans+1","Crippling Poison+1","Acrobatics+1","Reflex+1","Prepared+1","Well Laid Plans+1","Backflip+1","Tactician+1"],"relics":["Ring of the Snake","Toxic Egg 2","Mummified Hand","Ornamental Fan","Dodecahedron","Astrolabe","Calipers","StoneCalendar","Coffee Dripper","Prayer Wheel","Ninja Scroll","Bottled Lightning","Kunai"],"potions_floor_usage":[29,46,55,55],"damage_taken":[{"damage":1,"enemies":"Jaw Worm","floor":1,"turns":6},{"damage":0,"enemies":"2 Louse","floor":4,"turns":4},{"damage":4,"enemies":"Cultist","floor":5,"turns":5},{"damage":1,"enemies":"Large Slime","floor":7,"turns":6},{"damage":0,"enemies":"Blue Slaver","floor":12,"turns":2},{"damage":0,"enemies":"Looter","floor":13,"turns":3},{"damage":0,"enemies":"The Guardian","floor":16,"turns":7},{"damage":0,"enemies":"Chosen","floor":18,"turns":4},{"damage":2,"enemies":"Spheric Guardian","floor":21,"turns":3},{"damage":0,"enemies":"Snake Plant","floor":22,"turns":2},{"damage":32,"enemies":"Chosen and Byrds","floor":25,"turns":7},{"damage":1,"enemies":"Cultist and Chosen","floor":27,"turns":5},{"damage":13,"enemies":"Book of Stabbing","floor":29,"turns":4},{"damage":0,"enemies":"Snecko","floor":31,"turns":2},{"damage":0,"enemies":"Champ","floor":33,"turns":3},{"damage":9,"enemies":"3 Shapes","floor":35,"turns":6},{"damage":37,"enemies":"2 Orb Walkers","floor":38,"turns":6},{"damage":0,"enemies":"Orb Walker","floor":39,"turns":1},{"damage":0,"enemies":"Giant Head","floor":41,"turns":3},{"damage":0,"enemies":"Sphere and 2 Shapes","floor":45,"turns":4},{"damage":0,"enemies":"Nemesis","floor":46,"turns":5},{"damage":1,"enemies":"3 Darklings","floor":47,"turns":4},{"damage":0,"enemies":"Awakened One","floor":50,"turns":6},{"damage":0,"enemies":"Shield and Spear","floor":54,"turns":6},{"damage":45,"enemies":"The Heart","floor":55,"turns":6}],"seed_played":"-6356099526162758982","potions_obtained":[{"floor":1,"key":"GamblersBrew"},{"floor":13,"key":"SkillPotion"},{"floor":21,"key":"GhostInAJar"},{"floor":29,"key":"Explosive Potion"},{"floor":47,"key":"SpeedPotion"}],"is_trial":false,"path_per_floor":["M","?","T","M","M","R","M","T","T","?","R","M","M","$","R","B",null,"M","?","?","M","M","R","$","M","T","M","R","E","R","M","R","B",null,"M","$","?","?","M","R","E","R","T","R","M","E","M","?","R","B",null,"R","$","E","B",null],"character_chosen":"THE_SILENT","items_purchased":["Deadly Poison+1","Accuracy","Well Laid Plans","Tactician+1","Block Potion"],"campfire_rested":4,"item_purchase_floors":[14,14,36,53,53],"current_hp_per_floor":[43,36,36,36,32,32,31,31,31,31,31,31,31,31,31,31,57,57,39,39,37,37,58,58,26,26,25,46,33,54,54,71,71,71,62,62,62,25,25,25,25,25,25,25,25,25,24,24,24,24,59,59,59,59,14],"gold":93,"neow_bonus":"REMOVE_TWO","is_prod":false,"is_daily":false,"chose_seed":false,"campfire_upgraded":7,"win_rate":0,"timestamp":1550235100,"path_taken":["M","?","?","M","M","R","M","?","T","?","R","M","M","$","R","BOSS","M","?","?","?","M","R","$","M","T","M","R","E","R","M","R","BOSS","M","$","?","?","M","R","E","R","T","R","M","E","M","?","R","BOSS","R","$","E","BOSS"],"build_version":"2019-01-23","purchased_purges":3,"victory":true,"max_hp_per_floor":[66,66,66,66,66,66,66,66,66,66,66,66,66,66,66,66,66,66,71,71,71,71,71,71,71,71,71,71,71,71,71,71,71,71,71,71,71,71,71,71,71,71,71,71,71,71,71,71,71,71,71,71,71,71,71],"card_choices":[{"not_picked":["Leg Sweep","Slice","Sucker Punch"],"picked":"SKIP","floor":1},{"not_picked":["Acrobatics+1","Escape Plan+1"],"picked":"Blade Dance+1","floor":4},{"not_picked":["Blur+1","Deflect+1"],"picked":"Calculated Gamble+1","floor":5},{"not_picked":["Venomology+1","Dagger Spray"],"picked":"Acrobatics+1","floor":7},{"not_picked":["Deadly Poison+1","Underhanded Strike"],"picked":"Catalyst+1","floor":12},{"not_picked":["Blade Dance+1","Slice"],"picked":"Escape Plan+1","floor":13},{"not_picked":["Underhanded Strike","Caltrops","Acrobatics+1"],"picked":"SKIP","floor":18},{"not_picked":["Crippling Poison+1","Calculated Gamble+1"],"picked":"Catalyst+1","floor":21},{"not_picked":["Poisoned Stab","Dagger Spray","Quick Slash"],"picked":"SKIP","floor":22},{"not_picked":["PiercingWail+1","Prepared+1"],"picked":"Catalyst+1","floor":25},{"not_picked":["Prepared+1","Dagger Spray"],"picked":"Calculated Gamble+1","floor":27},{"not_picked":["Backstab","All Out Attack"],"picked":"Concentrate+1","floor":29},{"not_picked":["Expertise+1","Bane"],"picked":"Adrenaline+1","floor":31},{"not_picked":["Envenom","Grand Finale"],"picked":"Burst+1","floor":33},{"not_picked":["PiercingWail+1","Dash"],"picked":"Cloak And Dagger+1","floor":35},{"not_picked":["Backstab+1","Deadly Poison+1"],"picked":"Crippling Poison+1","floor":38},{"not_picked":["Poisoned Stab","Dagger Throw"],"picked":"Acrobatics+1","floor":39},{"not_picked":["Quick Slash+1","Dagger Throw+1","Choke"],"picked":"SKIP","floor":39},{"not_picked":["PiercingWail+1","Dodge and Roll+1","Poisoned Stab"],"picked":"SKIP","floor":41},{"not_picked":["Choke","All Out Attack"],"picked":"Reflex+1","floor":45},{"not_picked":["Slice","Grand Finale"],"picked":"Prepared+1","floor":45},{"not_picked":["Dash","Slice","Well Laid Plans"],"picked":"SKIP","floor":46},{"not_picked":["Dash","Slice"],"picked":"Well Laid Plans","floor":46},{"not_picked":["Corpse Explosion+1","Prepared+1"],"picked":"Backflip+1","floor":47},{"not_picked":["Poisoned Stab+1","Blade Dance+1","Dodge and Roll+1"],"picked":"SKIP","floor":47},{"not_picked":["Poisoned Stab","Blade Dance+1","Dagger Spray"],"picked":"SKIP","floor":54},{"not_picked":["Poisoned Stab","Blade Dance+1","Dagger Spray"],"picked":"SKIP","floor":54}],"player_experience":768440,"relics_obtained":[{"floor":3,"key":"Toxic Egg 2"},{"floor":8,"key":"Mummified Hand"},{"floor":9,"key":"Ornamental Fan"},{"floor":26,"key":"Calipers"},{"floor":29,"key":"StoneCalendar"},{"floor":38,"key":"Prayer Wheel"},{"floor":41,"key":"Ninja Scroll"},{"floor":46,"key":"Bottled Lightning"},{"floor":54,"key":"Kunai"}],"event_choices":[{"cards_removed":["Strike_G"],"damage_healed":0,"gold_gain":0,"player_choice":"Card Removal","damage_taken":7,"max_hp_gain":0,"max_hp_loss":0,"event_name":"Golden Wing","floor":2,"gold_loss":0},{"damage_healed":0,"gold_gain":0,"player_choice":"Searched \u00271\u0027 times","damage_taken":0,"relics_obtained":["Dodecahedron"],"max_hp_gain":0,"max_hp_loss":0,"event_name":"Dead Adventurer","floor":10,"gold_loss":0},{"damage_healed":0,"gold_gain":0,"player_choice":"Shed Blood","damage_taken":23,"max_hp_gain":5,"max_hp_loss":0,"event_name":"Forgotten Altar","floor":19,"gold_loss":0},{"damage_healed":0,"gold_gain":0,"player_choice":"0 cards matched","damage_taken":0,"max_hp_gain":0,"max_hp_loss":0,"event_name":"Match and Keep!","floor":20,"gold_loss":0,"cards_obtained":[]},{"damage_healed":0,"gold_gain":0,"player_choice":"Ignored","damage_taken":0,"max_hp_gain":0,"max_hp_loss":0,"event_name":"Tomb of Lord Red Mask","floor":37,"gold_loss":0},{"damage_healed":0,"gold_gain":0,"player_choice":"Fight","damage_taken":0,"max_hp_gain":0,"max_hp_loss":0,"event_name":"Mysterious Sphere","floor":38,"gold_loss":0},{"cards_removed":["Quick Slash"],"damage_healed":0,"gold_gain":0,"player_choice":"Removed Attack","damage_taken":0,"max_hp_gain":0,"max_hp_loss":0,"event_name":"Falling","floor":48,"gold_loss":0}],"is_beta":false,"boss_relics":[{"not_picked":["Sozu","HoveringKite"],"picked":"Astrolabe"},{"not_picked":["Ring of the Serpent","Busted Crown"],"picked":"Coffee Dripper"}],"items_purged_floors":[14,24,53],"is_endless":false,"potions_floor_spawned":[1,13,16,21,25,27,29,39,47],"ascension_level":15}