{"gold_per_floor":[111,121,46,63,63,63,83,83,83,103,115,115,115,132,132,232,232,250,250,250,250,18,18,31,48,48,68,87,87,11,29,29,134,134,148,159,34,34,34,34,34,46,46,46,46,61,61,75,75,75],"floor_reached":51,"playtime":1664,"items_purged":["Writhe","Strike_B","Defend_B"],"score":818,"play_id":"7023a91e-b6cc-4244-891d-fd6f8fd9dd06","local_time":"20181009170559","is_ascension_mode":true,"campfire_choices":[{"data":"Defragment","floor":6,"key":"SMITH"},{"data":"Genetic Algorithm","floor":8,"key":"SMITH"},{"data":"Capacitor","floor":13,"key":"SMITH"},{"floor":15,"key":"REST"},{"floor":23,"key":"REST"},{"data":"Defragment","floor":29,"key":"SMITH"},{"data":"Creative AI","floor":32,"key":"SMITH"},{"data":"Creative AI","floor":40,"key":"SMITH"},{"data":"Echo Form","floor":47,"key":"SMITH"},{"data":"Recycle","floor":49,"key":"SMITH"}],"neow_cost":"CURSE","seed_source_timestamp":21967745181342,"circlet_count":0,"master_deck":["Defend_B","Zap","Dualcast","Electrodynamics","Coolheaded","Defragment+1","Echo Form","Genetic Algorithm+1","Capacitor+1","Seek","Melter","Echo Form+1","Defragment+1","Reinforced Body+1","Self Repair","Recycle+1","Creative AI+1","Heatsinks+1","Creative AI+1","Genetic Algorithm+1","Steam+1","White Noise+1","Chill","Stack","FTL","Madness","Madness","Core Surge","Defragment+1"],"relics":["Cracked Core","Bird Faced Urn","Cursed Key","Astrolabe"],"potions_floor_usage":[11,14,19,24,28,50,50],"damage_taken":[{"damage":5,"enemies":"Small Slimes","floor":1,"turns":3},{"damage":12,"enemies":"Jaw Worm","floor":2,"turns":4},{"damage":1,"enemies":"Cultist","floor":4,"turns":3},{"damage":20,"enemies":"Gremlin Gang","floor":7,"turns":2},{"damage":18,"enemies":"Large Slime","floor":10,"turns":4},{"damage":0,"enemies":"2 Fungi Beasts","floor":11,"turns":2},{"damage":0,"enemies":"3 Louse","floor":14,"turns":1},{"damage":34,"enemies":"The Guardian","floor":16,"turns":9},{"damage":42,"enemies":"3 Byrds","floor":18,"turns":3},{"damage":17,"enemies":"Colosseum Slavers","floor":19,"turns":3},{"damage":3,"enemies":"Chosen","floor":24,"turns":6},{"damage":16,"enemies":"Snake Plant","floor":25,"turns":4},{"damage":15,"enemies":"Cultist and Chosen","floor":27,"turns":6},{"damage":0,"enemies":"3 Cultists","floor":28,"turns":3},{"damage":18,"enemies":"Snecko","floor":31,"turns":5},{"damage":23,"enemies":"Automaton","floor":33,"turns":9},{"damage":18,"enemies":"3 Darklings","floor":35,"turns":3},{"damage":16,"enemies":"3 Shapes","floor":36,"turns":4},{"damage":22,"enemies":"Spire Growth","floor":42,"turns":6},{"damage":0,"enemies":"Sphere and 2 Shapes","floor":46,"turns":4},{"damage":0,"enemies":"Maw","floor":48,"turns":8},{"damage":74,"enemies":"Time Eater","floor":50,"turns":9}],"seed_played":"-8677449905935831921","potions_obtained":[{"floor":4,"key":"Fire Potion"},{"floor":7,"key":"Explosive Potion"},{"floor":10,"key":"SpeedPotion"},{"floor":24,"key":"PowerPotion"},{"floor":27,"key":"Fruit Juice"},{"floor":28,"key":"Fire Potion"},{"floor":46,"key":"Weak Potion"}],"is_trial":false,"path_per_floor":["M","M","$","M","?","R","M","R","T","M","M","?","R","M","R","B",null,"M","?","?","?","$","R","M","M","T","M","M","R","$","M","R","B",null,"M","M","$","?","?","R","$","M","T","?","$","M","R","M","R","B"],"character_chosen":"DEFECT","items_purchased":["Defragment","SkillPotion","Creative AI"],"campfire_rested":2,"item_purchase_floors":[22,22,30],"current_hp_per_floor":[63,51,51,50,43,43,23,23,23,15,19,19,19,21,43,21,62,30,17,17,17,17,39,50,48,48,45,65,65,65,78,78,80,80,79,80,80,80,70,70,70,80,80,80,80,80,80,80,80,73],"gold":75,"neow_bonus":"THREE_RARE_CARDS","is_prod":false,"is_daily":false,"chose_seed":false,"campfire_upgraded":8,"win_rate":0,"timestamp":1539075959,"path_taken":["M","M","$","M","?","R","M","R","T","?","M","?","R","M","R","BOSS","M","?","?","?","$","R","M","?","T","M","M","R","$","M","R","BOSS","M","M","$","?","?","R","$","M","T","?","$","?","R","M","R","BOSS"],"build_version":"2018-10-04v2","purchased_purges":3,"victory":true,"max_hp_per_floor":[75,75,75,75,75,75,75,75,75,75,75,75,75,75,75,75,75,75,75,75,75,75,75,75,75,75,75,80,80,80,80,80,80,80,80,80,80,80,80,80,80,80,80,80,80,80,80,80,80,80],"card_choices":[{"not_picked":["Hyperbeam","Amplify"],"picked":"Electrodynamics","floor":0},{"not_picked":["Barrage","Beam Cell"],"picked":"Coolheaded","floor":1},{"not_picked":["Leap","Rebound"],"picked":"Defragment","floor":2},{"not_picked":["Reinforced Body","Conserve Battery"],"picked":"Echo Form","floor":4},{"not_picked":["Rebound","Redo"],"picked":"Genetic Algorithm","floor":7},{"not_picked":["Hologram","Skim"],"picked":"Capacitor","floor":10},{"not_picked":["Hello World","Go for the Eyes"],"picked":"Seek","floor":11},{"not_picked":["Compile Driver","Steam"],"picked":"Melter","floor":14},{"not_picked":["Thunder Strike","All For One"],"picked":"Echo Form","floor":16},{"not_picked":["Reprogram","Blizzard","Rebound+1"],"picked":"SKIP","floor":18},{"not_picked":["Gash+1","Leap"],"picked":"Reinforced Body+1","floor":24},{"not_picked":["Scrape+1","Compile Driver","Go for the Eyes"],"picked":"SKIP","floor":25},{"not_picked":["Redo+1","Compile Driver+1"],"picked":"Self Repair","floor":27},{"not_picked":["Hello World","Streamline+1"],"picked":"Recycle","floor":28},{"not_picked":["Scrape+1","Rip and Tear"],"picked":"Heatsinks+1","floor":31},{"not_picked":["Echo Form","Amplify"],"picked":"Creative AI","floor":33},{"not_picked":["Stack","Turbo+1"],"picked":"Chill","floor":35},{"not_picked":["Storm","Darkness","Ball Lightning"],"picked":"SKIP","floor":36},{"not_picked":["Gash+1","Conserve Battery","Beam Cell+1"],"picked":"SKIP","floor":42},{"not_picked":["Ball Lightning","Reprogram+1"],"picked":"Core Surge","floor":46},{"not_picked":["Gash","Sweeping Beam"],"picked":"Defragment+1","floor":48}],"player_experience":44756,"relics_obtained":[{"floor":9,"key":"Bird Faced Urn"}],"event_choices":[{"event_name":"Golden Wing","player_choice":"Card Removal","floor":5,"damage_taken":0},{"event_name":"Liars Game","player_choice":"disagreed","floor":12,"damage_taken":0},{"event_name":"Colosseum","player_choice":"Fight","floor":19,"damage_taken":0},{"event_name":"Colosseum","player_choice":"Fled From Nobs","floor":19,"damage_taken":0},{"event_name":"FaceTrader","player_choice":"Leave","floor":20,"damage_taken":0},{"event_name":"Purifier","player_choice":"One Purge","floor":21,"damage_taken":0},{"event_name":"Match and Keep!","player_choice":"2 cards matched","floor":38,"damage_taken":0},{"event_name":"Winding Halls","player_choice":"Embrace Madness","floor":39,"damage_taken":0},{"event_name":"Wheel of Change","player_choice":"Full Heal","floor":44,"damage_taken":0}],"is_beta":false,"boss_relics":[{"not_picked":["Busted Crown","Runic Dome"],"picked":"Cursed Key"},{"not_picked":["Lizard Tail","FrozenCore"],"picked":"Astrolabe"}],"items_purged_floors":[3,22,37],"is_endless":false,"potions_floor_spawned":[4,7,10,24,27,28,46],"ascension_level":6}