{"gold_per_floor":[118,118,142,161,60,60,87,87,111,125,125,125,150,212,212,287,287,306,306,320,333,351,382,382,414,414,448,448,448,472,499,499,573,573,587,95,95,110,52,52,77,77,100,110,110,110,110,18,18,18],"floor_reached":50,"playtime":1469,"items_purged":["Strike_R","Strike_R"],"score":1249,"play_id":"1b74ca12-d7de-4710-991a-8bd212c8b5b9","local_time":"20180924020434","is_ascension_mode":true,"campfire_choices":[{"data":"Flex","floor":6.0,"key":"SMITH"},{"data":"Limit Break","floor":8.0,"key":"SMITH"},{"data":"Flex","floor":15.0,"key":"SMITH"},{"floor":24.0,"key":"REST"},{"floor":32.0,"key":"REST"},{"data":"Juggernaut","floor":40.0,"key":"SMITH"},{"data":"Inflame","floor":42.0,"key":"SMITH"},{"data":"Limit Break","floor":45.0,"key":"SMITH"},{"floor":49.0,"key":"REST"}],"neow_cost":"CURSE","seed_source_timestamp":0,"circlet_count":0,"master_deck":["Strike_R","Strike_R","Defend_R","Defend_R","Defend_R","Defend_R","Bash","AscendersBane","Rupture","Impervious","Thunderclap","Cleave","Flex+1","Limit Break+1","Flex+1","Fiend Fire","Warcry+1","Body Slam+1","Limit Break+1","Power Through","Combust+1","Juggernaut+1","True Grit+1","Inflame+1","Shrug It Off","Double Tap","Metallicize"],"special_seed":0,"relics":["Burning Blood","Thread and Needle","Orichalcum","Bottled Lightning","Red Skull","Pen Nib","Potion Belt","Black Star","Centennial Puzzle","Boot","Mango","Unceasing Top","Paper Frog","Strawberry","Bronze Scales","Juzu Bracelet","Regal Pillow","PreservedInsect","Velvet Choker","Mummified Hand","Bag of Marbles","Lantern","Ancient Tea Set"],"potions_floor_usage":[50,50],"damage_taken":[{"damage":3.0,"enemies":"Jaw Worm","floor":1.0,"turns":3.0},{"damage":1.0,"enemies":"Cultist","floor":4.0,"turns":4.0},{"damage":37.0,"enemies":"Gremlin Nob","floor":7.0,"turns":5.0},{"damage":5.0,"enemies":"Small Slimes","floor":10.0,"turns":3.0},{"damage":0.0,"enemies":"3 Sentries","floor":14.0,"turns":5.0},{"damage":0.0,"enemies":"Slime Boss","floor":16.0,"turns":9.0},{"damage":24.0,"enemies":"Chosen","floor":18.0,"turns":7.0},{"damage":15.0,"enemies":"2 Thieves","floor":20.0,"turns":3.0},{"damage":8.0,"enemies":"Chosen and Byrds","floor":21.0,"turns":5.0},{"damage":8.0,"enemies":"Snake Plant","floor":22.0,"turns":4.0},{"damage":38.0,"enemies":"Gremlin Leader","floor":23.0,"turns":7.0},{"damage":11.0,"enemies":"Slavers","floor":25.0,"turns":3.0},{"damage":19.0,"enemies":"Gremlin Leader","floor":27.0,"turns":6.0},{"damage":2.0,"enemies":"Book of Stabbing","floor":31.0,"turns":2.0},{"damage":77.0,"enemies":"Automaton","floor":33.0,"turns":8.0},{"damage":14.0,"enemies":"Orb Walker","floor":35.0,"turns":3.0},{"damage":12.0,"enemies":"3 Shapes","floor":38.0,"turns":2.0},{"damage":21.0,"enemies":"2 Orb Walkers","floor":41.0,"turns":4.0},{"damage":8.0,"enemies":"Sphere and 2 Shapes","floor":44.0,"turns":4.0},{"damage":99,"enemies":"Donu and Deca","floor":50,"turns":8}],"seed_played":"-1596355000375065459","potions_obtained":[{"floor":4.0,"key":"Energy Potion"},{"floor":7.0,"key":"Fruit Juice"},{"floor":10.0,"key":"EssenceOfSteel"},{"floor":14.0,"key":"EssenceOfSteel"},{"floor":16.0,"key":"Strength Potion"},{"floor":20.0,"key":"SkillPotion"},{"floor":21.0,"key":"Block Potion"},{"floor":23.0,"key":"EssenceOfSteel"},{"floor":25.0,"key":"Strength Potion"},{"floor":35.0,"key":"Strength Potion"},{"floor":44.0,"key":"FearPotion"}],"is_trial":false,"path_per_floor":["M","?","T","M","$","R","E","R","T","M","?","?","T","?","R","B",null,"M","?","M","M","M","E","R","E","T","E","?","?","T","E","R","B",null,"M","$","?","M","$","R","E","R","T","M","R","?","?","$","R"],"character_chosen":"IRONCLAD","items_purchased":["Flex","Mummified Hand","Inflame","Shrug It Off","Metallicize"],"campfire_rested":3,"item_purchase_floors":[5,36,36,39,48],"current_hp_per_floor":[71,71,71,75,75,75,44,44,44,50,55,55,55,61,61,67,78,60,60,51,49,47,15,39,48,48,42,42,42,42,46,91,20,82,74,74,74,68,68,68,53,53,53,51,51,51,51,51,95,0],"gold":18,"neow_bonus":"ONE_RARE_RELIC","is_prod":false,"is_daily":false,"chose_seed":false,"campfire_upgraded":6,"win_rate":0,"timestamp":1537725874,"path_taken":["M","?","?","M","?","R","E","R","T","?","?","?","?","?","R","BOSS","M","?","M","M","M","E","R","E","T","E","?","?","?","E","R","BOSS","M","$","?","M","?","R","E","R","T","M","R","?","?","$","R","BOSS"],"build_version":"2018-09-20","purchased_purges":2,"victory":false,"max_hp_per_floor":[75,75,75,75,75,75,75,75,75,80,85,82,82,82,82,82,82,82,82,82,82,82,82,82,96,96,103,103,103,103,103,103,103,103,103,103,98,98,98,98,98,98,98,98,98,98,98,98,98,98],"card_choices":[{"not_picked":["Ghostly Armor","Armaments"],"picked":"Rupture","floor":1.0},{"not_picked":["Warcry","Entrench"],"picked":"Cleave","floor":4.0},{"not_picked":["Double Tap","Perfected Strike"],"picked":"Limit Break","floor":7.0},{"not_picked":["Twin Strike","Ghostly Armor","Thunderclap"],"picked":"SKIP","floor":10.0},{"not_picked":["Wild Strike","Perfected Strike"],"picked":"Flex","floor":14.0},{"not_picked":["Berserk","Immolate"],"picked":"Fiend Fire","floor":16.0},{"not_picked":["Armaments","Clash","Flex"],"picked":"SKIP","floor":18.0},{"not_picked":["Headbutt","Anger","Fire Breathing"],"picked":"SKIP","floor":20.0},{"not_picked":["Cleave","Clash"],"picked":"Warcry+1","floor":21.0},{"not_picked":["Pommel Strike","Thunderclap"],"picked":"Body Slam","floor":22.0},{"not_picked":["Perfected Strike","Pommel Strike"],"picked":"Limit Break","floor":23.0},{"not_picked":["Sentinel+1","Carnage"],"picked":"Power Through","floor":25.0},{"not_picked":["Spot Weakness","Reckless Charge"],"picked":"Combust+1","floor":27.0},{"not_picked":["Body Slam","Havoc","Rage"],"picked":"SKIP","floor":31.0},{"not_picked":["Dark Embrace","Barricade"],"picked":"Juggernaut","floor":33.0},{"not_picked":["Anger+1","Havoc"],"picked":"True Grit+1","floor":35.0},{"not_picked":["Flex","Thunderclap","Headbutt"],"picked":"SKIP","floor":38.0},{"not_picked":["Thunderclap","Cleave"],"picked":"Double Tap","floor":41.0},{"not_picked":["Anger","Flex","Heavy Blade"],"picked":"SKIP","floor":44.0}],"player_experience":116250,"relics_obtained":[{"floor":3.0,"key":"Orichalcum"},{"floor":7.0,"key":"Bottled Lightning"},{"floor":9.0,"key":"Red Skull"},{"floor":13.0,"key":"Pen Nib"},{"floor":14.0,"key":"Potion Belt"},{"floor":23.0,"key":"Centennial Puzzle"},{"floor":23.0,"key":"Boot"},{"floor":25.0,"key":"Mango"},{"floor":25.0,"key":"Unceasing Top"},{"floor":26.0,"key":"Paper Frog"},{"floor":27.0,"key":"Strawberry"},{"floor":27.0,"key":"Bronze Scales"},{"floor":30.0,"key":"Juzu Bracelet"},{"floor":31.0,"key":"Regal Pillow"},{"floor":31.0,"key":"PreservedInsect"},{"floor":41.0,"key":"Bag of Marbles"},{"floor":41.0,"key":"Lantern"},{"floor":43.0,"key":"Ancient Tea Set"}],"event_choices":[{"event_name":"Match and Keep!","player_choice":"2 cards matched","floor":2.0,"damage_taken":0.0},{"event_name":"Big Fish","player_choice":"Donut","floor":11.0,"damage_taken":0.0},{"event_name":"Purifier","player_choice":"One Purge","floor":12.0,"damage_taken":0.0},{"event_name":"Dead Adventurer","player_choice":"Searched \u00271\u0027 times","floor":14.0,"damage_taken":0.0},{"event_name":"Ghosts","player_choice":"Ignored","floor":19.0,"damage_taken":0.0},{"event_name":"Cursed Tome","player_choice":"Ignored","floor":28.0,"damage_taken":0.0},{"event_name":"Accursed Blacksmith","player_choice":"Forge","floor":29.0,"damage_taken":0.0},{"event_name":"Winding Halls","player_choice":"Max HP","floor":37.0,"damage_taken":0.0},{"event_name":"SecretPortal","player_choice":"Rejected Portal.","floor":46.0,"damage_taken":0.0},{"event_name":"Purifier","player_choice":"One Purge","floor":47.0,"damage_taken":0.0}],"is_beta":false,"boss_relics":[{"not_picked":["Eternal Feather","Calling Bell"],"picked":"Black Star"},{"not_picked":["Pandora\u0027s Box","Astrolabe"],"picked":"Velvet Choker"}],"items_purged_floors":[5,36],"is_endless":false,"potions_floor_spawned":[4,7,10,14,16,20,21,23,25,35,44],"killed_by":"Donu and Deca","ascension_level":19}