{"gold_per_floor":[109,34,34,46,56,91,91,52,76,76,76,105,121,150,150,228,228,243,76,76,92,110,110,139,189,262,262,279,279,69,88,88,164,164,174,74,91,91,110,110,135,150,150,168,193,193,242,252,252,252,252,252,252,31,59,59],"floor_reached":56,"playtime":2299,"items_purged":["Strike_R","Strike_R","Strike_R"],"score":2115,"play_id":"f1873192-ae15-469e-bd69-25b042420777","local_time":"20190227140315","is_ascension_mode":true,"campfire_choices":[{"data":"Immolate","floor":7.0,"key":"SMITH"},{"data":"Bash","floor":11.0,"key":"SMITH"},{"data":"Immolate","floor":15.0,"key":"SMITH"},{"data":"Inflame","floor":23.0,"key":"SMITH"},{"data":"True Grit","floor":27.0,"key":"SMITH"},{"data":"Spot Weakness","floor":29.0,"key":"SMITH"},{"data":"Pummel","floor":32.0,"key":"SMITH"},{"data":"Enlightenment","floor":40.0,"key":"SMITH"},{"floor":46.0,"key":"RECALL"},{"data":"Double Tap","floor":49.0,"key":"SMITH"},{"data":"Bloodletting","floor":53.0,"key":"SMITH"}],"neow_cost":"NONE","seed_source_timestamp":8447990869376,"circlet_count":0,"master_deck":["AscendersBane","Strike_R","Strike_R","Defend_R","Defend_R","Defend_R","Defend_R","Bash+1","Inflame+1","Immolate+1","Burning Pact","Bloodletting+1","Spot Weakness+1","Offering","Immolate+1","Reaper","True Grit+1","Pummel+1","Double Tap+1","Heavy Blade+1","Flex+1","Finesse","Master of Strategy","Enlightenment+1","Inflame","Sentinel+1","Disarm","Feed","Dropkick"],"special_seed":0,"relics":["Burning Blood","NeowsBlessing","Strawberry","Letter Opener","Lantern","Runic Dome","Bag of Marbles","Dream Catcher","Meat on the Bone","ClockworkSouvenir","Runic Pyramid","Singing Bowl","Happy Flower","Omamori","Potion Belt","Mummified Hand"],"potions_floor_usage":[56,56,56,56],"damage_taken":[{"damage":0.0,"enemies":"Small Slimes","floor":1.0,"turns":1.0},{"damage":0.0,"enemies":"Cultist","floor":4.0,"turns":1.0},{"damage":0.0,"enemies":"2 Louse","floor":5.0,"turns":1.0},{"damage":30.0,"enemies":"3 Sentries","floor":6.0,"turns":6.0},{"damage":32.0,"enemies":"Gremlin Nob","floor":12.0,"turns":4.0},{"damage":10.0,"enemies":"Lots of Slimes","floor":13.0,"turns":2.0},{"damage":6.0,"enemies":"3 Sentries","floor":14.0,"turns":3.0},{"damage":6.0,"enemies":"Slime Boss","floor":16.0,"turns":5.0},{"damage":28.0,"enemies":"Shell Parasite","floor":18.0,"turns":3.0},{"damage":1.0,"enemies":"2 Thieves","floor":21.0,"turns":2.0},{"damage":9.0,"enemies":"Snake Plant","floor":22.0,"turns":2.0},{"damage":8.0,"enemies":"Slavers","floor":24.0,"turns":2.0},{"damage":6.0,"enemies":"Cultist and Chosen","floor":28.0,"turns":2.0},{"damage":6.0,"enemies":"Snecko","floor":31.0,"turns":2.0},{"damage":35.0,"enemies":"Collector","floor":33.0,"turns":4.0},{"damage":30.0,"enemies":"Orb Walker","floor":35.0,"turns":3.0},{"damage":8.0,"enemies":"3 Shapes","floor":37.0,"turns":1.0},{"damage":14.0,"enemies":"3 Darklings","floor":39.0,"turns":4.0},{"damage":9.0,"enemies":"Giant Head","floor":41.0,"turns":4.0},{"damage":16.0,"enemies":"4 Shapes","floor":42.0,"turns":2.0},{"damage":15.0,"enemies":"Jaw Worm Horde","floor":44.0,"turns":2.0},{"damage":16.0,"enemies":"Reptomancer","floor":45.0,"turns":2.0},{"damage":26.0,"enemies":"Transient","floor":48.0,"turns":6.0},{"damage":113.0,"enemies":"Awakened One","floor":50.0,"turns":7.0},{"damage":79.0,"enemies":"Donu and Deca","floor":51.0,"turns":6.0},{"damage":68.0,"enemies":"Shield and Spear","floor":55.0,"turns":4.0},{"damage":70,"enemies":"The Heart","floor":56,"turns":5}],"seed_played":"-4730096802408472157","potions_obtained":[{"floor":1.0,"key":"Swift Potion"},{"floor":12.0,"key":"GamblersBrew"},{"floor":14.0,"key":"SkillPotion"},{"floor":16.0,"key":"Weak Potion"},{"floor":28.0,"key":"FearPotion"},{"floor":33.0,"key":"GamblersBrew"},{"floor":48.0,"key":"Weak Potion"},{"floor":55.0,"key":"EntropicBrew"}],"is_trial":false,"path_per_floor":["M","$","?","M","M","E","R","$","T","$","R","E","M","E","R","B",null,"M","$","?","M","M","R","E","?","T","R","M","R","$","M","R","B",null,"M","$","M","?","M","R","E","M","T","M","E","R","T","M","R","B","B",null,"R","$","E","B"],"character_chosen":"IRONCLAD","items_purchased":["Spot Weakness","Bag of Marbles","ClockworkSouvenir","Dropkick","Strength Potion"],"campfire_rested":0,"item_purchase_floors":[8,19,30,54,54],"current_hp_per_floor":[74,74,74,75,75,58,58,58,58,58,58,32,28,28,28,28,69,53,53,69,80,77,77,82,82,82,82,82,82,82,82,82,53,75,51,51,49,39,67,67,82,84,84,77,82,82,82,86,86,36,22,75,75,75,42,0],"gold":59,"neow_bonus":"THREE_ENEMY_KILL","is_prod":false,"is_daily":false,"chose_seed":false,"campfire_upgraded":10,"win_rate":0,"timestamp":1551247395,"path_taken":["M","$","?","M","M","E","R","$","T","$","R","E","M","E","R","BOSS","M","$","?","M","M","R","E","?","T","R","M","R","$","M","R","BOSS","M","?","M","?","M","R","E","M","T","M","E","R","?","M","R","BOSS","BOSS","R","$","E","BOSS"],"build_version":"2019-01-23","purchased_purges":3,"victory":false,"max_hp_per_floor":[75,75,75,75,75,82,82,82,82,82,82,82,82,82,82,82,82,82,82,82,82,82,82,82,82,82,82,82,82,82,82,82,82,82,82,82,82,82,82,82,82,84,84,86,86,86,86,86,86,89,92,92,92,92,97,97],"card_choices":[{"not_picked":["Flex","Shockwave"],"picked":"Inflame","floor":1.0},{"not_picked":["Infernal Blade","Anger","Iron Wave"],"picked":"SKIP","floor":4.0},{"not_picked":["Havoc","Combust"],"picked":"Burning Pact","floor":5.0},{"not_picked":["Warcry","Clash"],"picked":"Bloodletting","floor":6.0},{"not_picked":["Armaments","Perfected Strike"],"picked":"Offering","floor":12.0},{"not_picked":["Rage","Body Slam","Pommel Strike"],"picked":"SKIP","floor":13.0},{"not_picked":["Whirlwind","Armaments"],"picked":"Immolate","floor":14.0},{"not_picked":["Barricade","Exhume"],"picked":"Reaper","floor":16.0},{"not_picked":["Fire Breathing","Anger+1","Twin Strike"],"picked":"SKIP","floor":18.0},{"not_picked":["Perfected Strike","Wild Strike"],"picked":"True Grit","floor":21.0},{"not_picked":["Fire Breathing","Headbutt"],"picked":"Pummel","floor":22.0},{"not_picked":["Clash","Ghostly Armor","Heavy Blade"],"picked":"SKIP","floor":24.0},{"not_picked":["Flex","Ghostly Armor","Burning Pact"],"picked":"SKIP","floor":28.0},{"not_picked":["Ghostly Armor","Iron Wave","Heavy Blade"],"picked":"SKIP","floor":31.0},{"not_picked":["Offering","Impervious"],"picked":"Double Tap","floor":33.0},{"not_picked":["Spot Weakness","Clothesline+1"],"picked":"Heavy Blade+1","floor":35.0},{"not_picked":["Evolve+1","Searing Blow+1"],"picked":"Flex+1","floor":37.0},{"not_picked":["Good Instincts","Sadistic Nature"],"picked":"Finesse","floor":38.0},{"not_picked":["Trip","Madness"],"picked":"Master of Strategy","floor":38.0},{"not_picked":["Jack Of All Trades","Swift Strike"],"picked":"Enlightenment","floor":38.0},{"not_picked":["Clash","Headbutt"],"picked":"Inflame","floor":39.0},{"not_picked":["Clash","Clothesline"],"picked":"Sentinel+1","floor":41.0},{"not_picked":["Rage","Armaments+1","Feel No Pain"],"picked":"Singing Bowl","floor":42.0},{"not_picked":["Armaments","Anger+1","Iron Wave+1"],"picked":"Singing Bowl","floor":44.0},{"not_picked":["Cleave","Infernal Blade"],"picked":"Disarm","floor":45.0},{"not_picked":["True Grit","Cleave+1"],"picked":"Feed","floor":48.0},{"not_picked":["Seeing Red","Heavy Blade","Carnage"],"picked":"Singing Bowl","floor":55.0}],"player_experience":3192506,"relics_obtained":[{"floor":6.0,"key":"Strawberry"},{"floor":12.0,"key":"Letter Opener"},{"floor":14.0,"key":"Lantern"},{"floor":24.0,"key":"Dream Catcher"},{"floor":26.0,"key":"Meat on the Bone"},{"floor":41.0,"key":"Singing Bowl"},{"floor":43.0,"key":"Happy Flower"},{"floor":45.0,"key":"Omamori"},{"floor":47.0,"key":"Potion Belt"},{"floor":55.0,"key":"Mummified Hand"}],"event_choices":[{"damage_healed":0.0,"max_hp_gain":0.0,"max_hp_loss":0.0,"gold_gain":0.0,"event_name":"Match and Keep!","player_choice":"1 cards matched","floor":3.0,"gold_loss":0.0,"damage_taken":0.0,"cards_obtained":["Immolate"]},{"damage_healed":16.0,"max_hp_gain":0.0,"max_hp_loss":0.0,"gold_gain":0.0,"event_name":"The Library","player_choice":"Heal","floor":20.0,"gold_loss":0.0,"damage_taken":0.0},{"damage_healed":0.0,"max_hp_gain":0.0,"max_hp_loss":0.0,"gold_gain":100.0,"event_name":"The Joust","player_choice":"Bet on Murderer","floor":25.0,"gold_loss":50.0,"damage_taken":0.0},{"damage_healed":0.0,"max_hp_gain":0.0,"max_hp_loss":0.0,"gold_gain":0.0,"event_name":"SensoryStone","player_choice":"Memory 3","floor":38.0,"gold_loss":0.0,"damage_taken":10.0}],"is_beta":false,"boss_relics":[{"not_picked":["Fusion Hammer","Runic Cube"],"picked":"Runic Dome"},{"not_picked":["Coffee Dripper","Philosopher\u0027s Stone"],"picked":"Runic Pyramid"}],"items_purged_floors":[2,36,54],"is_endless":false,"potions_floor_spawned":[1,12,14,16,21,28,33,35,39,44,48,55],"killed_by":"The Heart","ascension_level":20}