{"gold_per_floor":[112,37,37,53,28,59,74,74,127,145,157,190,205,216,216,295,295,307,122,122,140,65,65,65,65,65,65,83,83,95,108,108,184,184,202,202,202,252,263,263,297,313,363,392,403,437,437,470,470,470,470,470,470,97,129,129],"floor_reached":57,"playtime":2949,"items_purged":["Strike_G","Masterful Stab+1"],"score":2964,"play_id":"fdab6409-fc97-480b-ab68-58a365e0ee69","local_time":"20190404142115","is_ascension_mode":true,"campfire_choices":[{"data":"Deadly Poison","floor":8.0,"key":"SMITH"},{"data":"Well Laid Plans","floor":15.0,"key":"SMITH"},{"data":"Tactician","floor":23.0,"key":"SMITH"},{"data":"Neutralize","floor":25.0,"key":"SMITH"},{"data":"Malaise","floor":32.0,"key":"SMITH"},{"floor":40.0,"key":"RECALL"},{"data":"Acrobatics","floor":49.0,"key":"SMITH"},{"data":"Catalyst","floor":53,"key":"SMITH"}],"neow_cost":"NONE","seed_source_timestamp":5028566044314,"circlet_count":0,"master_deck":["AscendersBane","Defend_G+1","Defend_G+1","Defend_G+1","Survivor+1","Neutralize+1","Caltrops+1","Deadly Poison+1","Tactician+1","Backflip+1","Dagger Throw+1","Well Laid Plans+1","Bouncing Flask+1","Malaise+1","Footwork+1","Backflip+1","Well Laid Plans+1","Corpse Explosion+1","Wraith Form v2+1","Catalyst+1","Reflex+1","Acrobatics+1","Wraith Form v2+1","Backflip+1"],"special_seed":0,"relics":["Ring of the Snake","NeowsBlessing","Boot","Snake Skull","Vajra","Empty Cage","Matryoshka","Sozu","Mark of the Bloom","Ornamental Fan","Centennial Puzzle","Potion Belt","Regal Pillow","The Courier","Ginger","DollysMirror","Pen Nib","Bronze Scales"],"potions_floor_usage":[56],"damage_taken":[{"damage":0.0,"enemies":"Small Slimes","floor":1.0,"turns":1.0},{"damage":0.0,"enemies":"2 Louse","floor":4.0,"turns":1.0},{"damage":0.0,"enemies":"Gremlin Nob","floor":6.0,"turns":1.0},{"damage":0.0,"enemies":"Cultist","floor":7.0,"turns":3.0},{"damage":0.0,"enemies":"Lots of Slimes","floor":10.0,"turns":2.0},{"damage":0.0,"enemies":"3 Louse","floor":11.0,"turns":3.0},{"damage":15.0,"enemies":"Lagavulin","floor":12.0,"turns":6.0},{"damage":0.0,"enemies":"Blue Slaver","floor":13.0,"turns":3.0},{"damage":0.0,"enemies":"Looter","floor":14.0,"turns":2.0},{"damage":1.0,"enemies":"Hexaghost","floor":16.0,"turns":9.0},{"damage":12.0,"enemies":"3 Byrds","floor":18.0,"turns":3.0},{"damage":3.0,"enemies":"Chosen","floor":21.0,"turns":4.0},{"damage":0.0,"enemies":"Snake Plant","floor":28.0,"turns":5.0},{"damage":8.0,"enemies":"Chosen and Byrds","floor":30.0,"turns":7.0},{"damage":0.0,"enemies":"3 Cultists","floor":31.0,"turns":3.0},{"damage":31.0,"enemies":"Collector","floor":33.0,"turns":11.0},{"damage":0.0,"enemies":"Orb Walker","floor":35.0,"turns":4.0},{"damage":1.0,"enemies":"3 Darklings","floor":39.0,"turns":3.0},{"damage":0.0,"enemies":"Nemesis","floor":41.0,"turns":9.0},{"damage":0.0,"enemies":"Maw","floor":42.0,"turns":6.0},{"damage":0.0,"enemies":"Reptomancer","floor":44.0,"turns":5.0},{"damage":5.0,"enemies":"Transient","floor":45.0,"turns":6.0},{"damage":0.0,"enemies":"Nemesis","floor":46.0,"turns":7.0},{"damage":5.0,"enemies":"Reptomancer","floor":48.0,"turns":5.0},{"damage":15.0,"enemies":"Awakened One","floor":50.0,"turns":15.0},{"damage":3,"enemies":"Time Eater","floor":51,"turns":8},{"damage":1,"enemies":"Shield and Spear","floor":55,"turns":6},{"damage":16,"enemies":"The Heart","floor":56,"turns":9}],"seed_played":"2710482184245453186","potions_obtained":[{"floor":1.0,"key":"Explosive Potion"},{"floor":4.0,"key":"Explosive Potion"},{"floor":10.0,"key":"Block Potion"},{"floor":13.0,"key":"AttackPotion"},{"floor":14.0,"key":"Dexterity Potion"},{"floor":16.0,"key":"PowerPotion"},{"floor":21.0,"key":"GhostInAJar"}],"is_trial":false,"path_per_floor":["M","?","?","M","$","E","M","R","T","M","M","E","M","M","R","B",null,"M","$","?","M","?","R","$","R","T","T","M","?","M","M","R","B",null,"M","?","?","?","M","R","E","M","T","E","M","E","?","E","R","B","B",null,"R","$","E","B",null],"character_chosen":"THE_SILENT","items_purchased":["Deadly Poison","Footwork","Backflip","DollysMirror","Pen Nib"],"campfire_rested":0,"item_purchase_floors":[5,19,19,54,54],"current_hp_per_floor":[59,59,59,59,59,59,59,59,59,59,59,44,44,44,44,43,60,48,48,48,45,45,45,45,45,45,45,45,45,37,37,37,6,51,51,51,51,51,50,50,50,50,50,50,45,45,45,40,40,25,22,22,22,22,21,5],"gold":129,"neow_bonus":"THREE_ENEMY_KILL","is_prod":false,"is_daily":false,"chose_seed":false,"campfire_upgraded":7,"win_rate":0,"timestamp":1554358875,"path_taken":["M","?","?","?","$","E","M","R","T","M","M","E","?","M","R","BOSS","M","?","?","M","?","R","?","R","T","?","M","?","?","M","R","BOSS","M","?","?","?","?","R","E","M","T","E","M","E","?","E","R","BOSS","BOSS","R","$","E","BOSS"],"build_version":"2019-01-23","purchased_purges":2,"victory":true,"max_hp_per_floor":[66,66,66,66,66,66,66,66,66,66,66,66,66,66,66,66,66,66,66,66,66,66,66,66,66,66,66,66,66,66,66,66,66,66,66,66,66,66,66,66,66,66,66,66,66,66,66,66,66,66,66,66,66,66,66,66],"card_choices":[{"not_picked":["Underhanded Strike","Dagger Throw"],"picked":"Caltrops","floor":1.0},{"not_picked":["Dodge and Roll","Backflip"],"picked":"Masterful Stab","floor":4.0},{"not_picked":["Adrenaline","Slice"],"picked":"Tactician","floor":6.0},{"not_picked":["Flying Knee","Underhanded Strike","Finisher"],"picked":"SKIP","floor":7.0},{"not_picked":["Deflect","Bane"],"picked":"Backflip","floor":10.0},{"not_picked":["Slice","Poisoned Stab"],"picked":"Dagger Throw","floor":11.0},{"not_picked":["A Thousand Cuts","Sucker Punch","Distraction"],"picked":"SKIP","floor":12.0},{"not_picked":["Acrobatics","Deflect"],"picked":"Well Laid Plans","floor":13.0},{"not_picked":["Distraction","Quick Slash"],"picked":"Bouncing Flask","floor":14.0},{"not_picked":["Envenom","Unload"],"picked":"Malaise","floor":16.0},{"not_picked":["Deadly Poison","Dagger Spray","Cloak And Dagger"],"picked":"SKIP","floor":18.0},{"not_picked":["Quick Slash","Distraction","Slice"],"picked":"SKIP","floor":21.0},{"not_picked":["Deflect","Outmaneuver","Eviscerate"],"picked":"SKIP","floor":28.0},{"not_picked":["Deadly Poison","Prepared"],"picked":"Corpse Explosion","floor":30.0},{"not_picked":["Sucker Punch","Reflex","Prepared"],"picked":"SKIP","floor":31.0},{"not_picked":["Phantasmal Killer","Doppelganger"],"picked":"Wraith Form v2","floor":33.0},{"not_picked":["Flechettes+1","Cloak And Dagger+1","Slice+1"],"picked":"SKIP","floor":35.0},{"not_picked":["Tactician+1","Backflip","Outmaneuver"],"picked":"SKIP","floor":39.0},{"not_picked":["Deflect","Burst"],"picked":"Catalyst","floor":41.0},{"not_picked":["Well Laid Plans","Deflect","Quick Slash"],"picked":"SKIP","floor":42.0},{"not_picked":["Outmaneuver+1","Dodge and Roll","Slice"],"picked":"SKIP","floor":44.0},{"not_picked":["Skewer+1","Blade Dance+1"],"picked":"Reflex+1","floor":45.0},{"not_picked":["Flying Knee","Slice","Dodge and Roll"],"picked":"SKIP","floor":46.0},{"not_picked":["Heel Hook+1","All Out Attack"],"picked":"Acrobatics","floor":48.0},{"not_picked":["Blur","Blade Dance"],"picked":"Backflip+1","floor":55}],"player_experience":4043445,"relics_obtained":[{"floor":6.0,"key":"Boot"},{"floor":9.0,"key":"Snake Skull"},{"floor":12.0,"key":"Vajra"},{"floor":27.0,"key":"Matryoshka"},{"floor":41.0,"key":"Ornamental Fan"},{"floor":43.0,"key":"Centennial Puzzle"},{"floor":43.0,"key":"Potion Belt"},{"floor":44.0,"key":"Regal Pillow"},{"floor":46.0,"key":"The Courier"},{"floor":48.0,"key":"Ginger"},{"floor":55,"key":"Bronze Scales"}],"event_choices":[{"cards_removed":["Strike_G"],"damage_healed":0.0,"max_hp_gain":0.0,"max_hp_loss":0.0,"gold_gain":0.0,"event_name":"The Cleric","player_choice":"Card Removal","floor":2.0,"gold_loss":75.0,"damage_taken":0.0},{"cards_removed":["Strike_G"],"damage_healed":0.0,"max_hp_gain":0.0,"max_hp_loss":0.0,"gold_gain":0.0,"event_name":"Wheel of Change","player_choice":"Card Removal","floor":3.0,"gold_loss":0.0,"damage_taken":0.0},{"damage_healed":0.0,"max_hp_gain":0.0,"max_hp_loss":0.0,"gold_gain":0.0,"event_name":"Cursed Tome","player_choice":"Ignored","floor":20.0,"gold_loss":0.0,"damage_taken":0.0},{"cards_removed":["Defend_G"],"damage_healed":0.0,"max_hp_gain":0.0,"max_hp_loss":0.0,"gold_gain":0.0,"event_name":"Beggar","player_choice":"Gave Gold","floor":22.0,"gold_loss":75.0,"damage_taken":0.0},{"damage_healed":0.0,"max_hp_gain":0.0,"max_hp_loss":0.0,"gold_gain":0.0,"event_name":"Duplicator","player_choice":"Copied","floor":29.0,"gold_loss":0.0,"damage_taken":0.0,"cards_obtained":["Well Laid Plans"]},{"damage_healed":0.0,"max_hp_gain":0.0,"max_hp_loss":0.0,"gold_gain":0.0,"event_name":"Mysterious Sphere","player_choice":"Ignored","floor":36.0,"gold_loss":0.0,"damage_taken":0.0},{"damage_healed":0.0,"max_hp_gain":0.0,"max_hp_loss":0.0,"gold_gain":0.0,"event_name":"MindBloom","player_choice":"Upgrade","floor":37.0,"gold_loss":0.0,"damage_taken":0.0,"cards_upgraded":["Defend_G","Defend_G","Defend_G","Defend_G","Survivor","Caltrops","Masterful Stab","Backflip","Dagger Throw","Bouncing Flask","Footwork","Backflip","Corpse Explosion","Wraith Form v2"],"relics_obtained":["Mark of the Bloom"]},{"damage_healed":0.0,"max_hp_gain":0.0,"max_hp_loss":0.0,"gold_gain":50.0,"event_name":"Golden Shrine","player_choice":"Pray","floor":38.0,"gold_loss":0.0,"damage_taken":0.0},{"cards_removed":["Defend_G"],"damage_healed":0.0,"max_hp_gain":0.0,"max_hp_loss":0.0,"gold_gain":0.0,"event_name":"Falling","player_choice":"Removed Skill","floor":47.0,"gold_loss":0.0,"damage_taken":0.0}],"is_beta":false,"boss_relics":[{"not_picked":["Ring of the Serpent","Lizard Tail"],"picked":"Empty Cage"},{"not_picked":["WristBlade","Fusion Hammer"],"picked":"Sozu"}],"items_purged_floors":[19,54],"is_endless":false,"potions_floor_spawned":[1,4,10,13,14,16,21,28,42,44,46,55],"ascension_level":20}