{"gold_per_floor":[116,41,41,60,60,60,71,86,170,170,185,205,34,45,45,119,119,133,48,48,48,63,63,63,97,123,48,66,66,85,99,99,173,173,183,202,221,57,76,102,121,156,156,56,56,26,58,76,76,76],"floor_reached":50,"playtime":3364,"items_purged":["Strike_R","Parasite"],"score":1142,"play_id":"cf4772d3-46cc-4f55-a742-0bf1a5c17248","local_time":"20190707132557","is_ascension_mode":true,"campfire_choices":[{"data":"Bash","floor":6.0,"key":"SMITH"},{"data":"Entrench","floor":10.0,"key":"SMITH"},{"data":"Barricade","floor":15.0,"key":"SMITH"},{"data":"Immolate","floor":23.0,"key":"SMITH"},{"floor":29.0,"key":"REST"},{"data":"Bloodletting","floor":32.0,"key":"SMITH"},{"data":"Burning Pact","floor":45.0,"key":"SMITH"},{"floor":49,"key":"RECALL"}],"neow_cost":"NONE","seed_source_timestamp":13081992963916,"circlet_count":0,"master_deck":["AscendersBane","Barricade+1","Pommel Strike+1","Entrench+1","Feel No Pain","Flame Barrier","Rage","Evolve","Immolate+1","Burning Pact","Fiend Fire","Exhume","Spot Weakness","Double Tap","Power Through","Bloodletting+1","True Grit+1","Power Through","Reaper","Burning Pact+1","Body Slam"],"special_seed":0,"relics":["Burning Blood","Tiny Chest","Happy Flower","Pandora\u0027s Box","Strawberry","Dodecahedron","Pen Nib","Coffee Dripper","PreservedInsect","Dream Catcher","Girya","Pear","Vajra"],"potions_floor_usage":[47],"damage_taken":[{"damage":4.0,"enemies":"Small Slimes","floor":1.0,"turns":5.0},{"damage":6.0,"enemies":"Cultist","floor":4.0,"turns":4.0},{"damage":4.0,"enemies":"Jaw Worm","floor":7.0,"turns":4.0},{"damage":1.0,"enemies":"2 Fungi Beasts","floor":8.0,"turns":4.0},{"damage":17.0,"enemies":"Exordium Thugs","floor":11.0,"turns":7.0},{"damage":0.0,"enemies":"Gremlin Gang","floor":12.0,"turns":4.0},{"damage":22.0,"enemies":"Exordium Wildlife","floor":14.0,"turns":7.0},{"damage":24.0,"enemies":"The Guardian","floor":16.0,"turns":17.0},{"damage":7.0,"enemies":"Spheric Guardian","floor":18.0,"turns":6.0},{"damage":23.0,"enemies":"3 Byrds","floor":22.0,"turns":3.0},{"damage":43.0,"enemies":"Slavers","floor":25.0,"turns":4.0},{"damage":8.0,"enemies":"Sentry and Sphere","floor":28.0,"turns":11.0},{"damage":18.0,"enemies":"Snake Plant","floor":30.0,"turns":10.0},{"damage":9.0,"enemies":"Shelled Parasite and Fungi","floor":31.0,"turns":5.0},{"damage":15.0,"enemies":"Automaton","floor":33.0,"turns":22.0},{"damage":11.0,"enemies":"Orb Walker","floor":35.0,"turns":5.0},{"damage":12.0,"enemies":"3 Shapes","floor":36.0,"turns":6.0},{"damage":31.0,"enemies":"Spire Growth","floor":37.0,"turns":11.0},{"damage":13.0,"enemies":"Writhing Mass","floor":39.0,"turns":20.0},{"damage":52.0,"enemies":"Reptomancer","floor":40.0,"turns":11.0},{"damage":37.0,"enemies":"Maw","floor":41.0,"turns":21.0},{"damage":20.0,"enemies":"Giant Head","floor":42.0,"turns":6.0},{"damage":28,"enemies":"Reptomancer","floor":47,"turns":5},{"damage":67,"enemies":"Jaw Worm Horde","floor":48,"turns":5},{"damage":27,"enemies":"Time Eater","floor":50,"turns":4}],"seed_played":"7169845740004379179","potions_obtained":[{"floor":4.0,"key":"Block Potion"},{"floor":8.0,"key":"Fruit Juice"},{"floor":11.0,"key":"AttackPotion"},{"floor":12.0,"key":"Poison Potion"},{"floor":22.0,"key":"LiquidBronze"},{"floor":28.0,"key":"AttackPotion"},{"floor":37.0,"key":"PowerPotion"},{"floor":41.0,"key":"GamblersBrew"},{"floor":46.0,"key":"Ancient Potion"},{"floor":46.0,"key":"SkillPotion"},{"floor":48,"key":"Poison Potion"}],"is_trial":false,"path_per_floor":["M","$","?","M","?","R","M","M","T","R","M","M","$","M","R","B",null,"M","?","T","?","M","R","$","E","T","?","M","R","M","M","R","B",null,"M","M","M","$","M","E","M","E","T","$","R","?","E","M","R","B"],"character_chosen":"IRONCLAD","items_purchased":["Happy Flower","PreservedInsect"],"campfire_rested":1,"item_purchase_floors":[13,38],"current_hp_per_floor":[70,70,47,47,47,47,49,59,59,59,48,54,54,38,38,20,65,64,71,71,71,54,54,54,17,17,17,15,41,29,26,26,17,70,76,77,60,60,87,87,87,73,83,83,83,83,75,26,26,0],"gold":76,"neow_bonus":"ONE_RANDOM_RARE_CARD","is_prod":false,"is_daily":false,"chose_seed":false,"campfire_upgraded":6,"win_rate":0,"timestamp":1562477157,"path_taken":["M","$","?","M","?","R","M","M","T","R","M","?","$","?","R","BOSS","M","?","?","?","M","R","$","E","T","?","M","R","M","M","R","BOSS","M","M","M","$","M","E","M","E","T","$","R","?","E","?","R","BOSS"],"build_version":"2019-07-05","purchased_purges":2,"victory":false,"max_hp_per_floor":[75,75,75,75,75,75,75,80,80,80,80,80,80,80,80,80,80,80,87,87,87,87,87,87,87,87,87,87,87,87,87,87,87,87,87,87,87,87,87,87,87,87,97,94,94,94,94,94,94,94],"card_choices":[{"not_picked":["Warcry","Headbutt"],"picked":"Pommel Strike","floor":1.0},{"not_picked":["Pummel","Anger","Intimidate"],"picked":"SKIP","floor":4.0},{"not_picked":["Pommel Strike","Iron Wave"],"picked":"Entrench","floor":7.0},{"not_picked":["Uppercut","Armaments"],"picked":"Feel No Pain","floor":8.0},{"not_picked":["Twin Strike","Iron Wave"],"picked":"Flame Barrier","floor":11.0},{"not_picked":["Corruption","Sword Boomerang","Armaments"],"picked":"SKIP","floor":12.0},{"not_picked":["Pommel Strike","Flex"],"picked":"Rage","floor":14.0},{"not_picked":["Infernal Blade","Entrench","Iron Wave"],"picked":"SKIP","floor":18.0},{"not_picked":["Cleave","Perfected Strike"],"picked":"Power Through","floor":22.0},{"not_picked":["Headbutt+1","Uppercut","Searing Blow"],"picked":"SKIP","floor":25.0},{"not_picked":["Sentinel","Inflame"],"picked":"Bloodletting","floor":28.0},{"not_picked":["Thunderclap","Uppercut"],"picked":"True Grit+1","floor":30.0},{"not_picked":["Pummel","Heavy Blade"],"picked":"Power Through","floor":31.0},{"not_picked":["Feed","Demon Form"],"picked":"Reaper","floor":33.0},{"not_picked":["Rage+1","Clothesline","Flex"],"picked":"SKIP","floor":35.0},{"not_picked":["Iron Wave+1","Corruption","Clash"],"picked":"SKIP","floor":36.0},{"not_picked":["Inflame+1","Bloodletting","Fire Breathing"],"picked":"SKIP","floor":37.0},{"not_picked":["Whirlwind","Flex+1"],"picked":"Burning Pact","floor":39.0},{"not_picked":["Clothesline","Flame Barrier","Whirlwind"],"picked":"SKIP","floor":40.0},{"not_picked":["Cleave","True Grit"],"picked":"Body Slam","floor":41.0},{"not_picked":["Barricade","Clothesline","Clash"],"picked":"SKIP","floor":42.0},{"not_picked":["Fire Breathing","Sword Boomerang","Double Tap"],"picked":"SKIP","floor":47},{"not_picked":["Body Slam","Perfected Strike","Combust"],"picked":"SKIP","floor":48}],"player_experience":5709123,"relics_obtained":[{"floor":9.0,"key":"Tiny Chest"},{"floor":25.0,"key":"Dodecahedron"},{"floor":26.0,"key":"Pen Nib"},{"floor":40.0,"key":"Dream Catcher"},{"floor":42.0,"key":"Girya"},{"floor":43.0,"key":"Pear"},{"floor":47,"key":"Vajra"}],"event_choices":[{"damage_healed":0.0,"max_hp_gain":0.0,"max_hp_loss":0.0,"gold_gain":0.0,"event_name":"Shining Light","player_choice":"Entered Light","floor":3.0,"gold_loss":0.0,"damage_taken":23.0,"cards_upgraded":["Strike_R","Pommel Strike"]},{"cards_removed":["Strike_R"],"damage_healed":0.0,"max_hp_gain":0.0,"max_hp_loss":0.0,"gold_gain":0.0,"event_name":"Purifier","player_choice":"Purged","floor":5.0,"gold_loss":0.0,"damage_taken":0.0},{"damage_healed":0.0,"max_hp_gain":0.0,"max_hp_loss":0.0,"gold_gain":0.0,"event_name":"Addict","player_choice":"Obtained Relic","floor":19.0,"gold_loss":85.0,"damage_taken":0.0,"relics_obtained":["Strawberry"]},{"damage_healed":0.0,"max_hp_gain":0.0,"max_hp_loss":0.0,"gold_gain":0.0,"event_name":"Vampires","player_choice":"Ignored","floor":21.0,"gold_loss":0.0,"damage_taken":0.0},{"cards_removed":["Bash"],"damage_healed":0.0,"max_hp_gain":0.0,"max_hp_loss":0.0,"gold_gain":0.0,"event_name":"Beggar","player_choice":"Gave Gold","floor":27.0,"gold_loss":75.0,"damage_taken":0.0},{"damage_healed":0.0,"max_hp_gain":0.0,"max_hp_loss":0.0,"gold_gain":0.0,"event_name":"The Woman in Blue","player_choice":"Bought 2 Potions","floor":46.0,"gold_loss":0.0,"damage_taken":0.0}],"is_beta":false,"boss_relics":[{"not_picked":["Velvet Choker","Calling Bell"],"picked":"Pandora\u0027s Box"},{"not_picked":["Empty Cage","Sozu"],"picked":"Coffee Dripper"}],"items_purged_floors":[2,44],"is_endless":false,"potions_floor_spawned":[4,8,11,12,22,28,31,37,41,48],"killed_by":"Time Eater","ascension_level":20}