{"gold_per_floor":[117,117,132,132,132,165,10,160,160,192,192,225,225],"floor_reached":13,"playtime":293,"items_purged":["Strike_B"],"score":248,"play_id":"8657a77f-e6c7-499d-a39e-199dfdf929f9","local_time":"20190720221410","is_ascension_mode":true,"campfire_choices":[{"data":"Recycle","floor":11.0,"key":"SMITH"}],"neow_cost":"TEN_PERCENT_HP_LOSS","seed_source_timestamp":394957729818609,"circlet_count":0,"master_deck":["AscendersBane","Strike_B+1","Strike_B","Defend_B","Defend_B","Defend_B","Defend_B","Zap","Dualcast+1","All For One","Recycle+1","FTL","Reprogram","Recycle","Streamline","Doubt","Glacier","Defragment"],"special_seed":0,"relics":["Cracked Core","FossilizedHelix","Smiling Mask","Mummified Hand","Calipers","Pear"],"potions_floor_usage":[],"damage_taken":[{"damage":6.0,"enemies":"Cultist","floor":1.0,"turns":4.0},{"damage":7.0,"enemies":"Jaw Worm","floor":3.0,"turns":4.0},{"damage":15.0,"enemies":"Lagavulin","floor":6.0,"turns":6.0},{"damage":0.0,"enemies":"Gremlin Nob","floor":10.0,"turns":3.0},{"damage":22,"enemies":"Lagavulin","floor":12,"turns":7},{"damage":21,"enemies":"The Mushroom Lair","floor":13,"turns":3}],"seed_played":"2475436514988042088","potions_obtained":[{"floor":1.0,"key":"Explosive Potion"},{"floor":3.0,"key":"Regen Potion"}],"is_trial":false,"path_per_floor":["M","T","M","?","?","E","$","?","T","E","R","E","?"],"character_chosen":"DEFECT","items_purchased":["Streamline","AttackPotion"],"campfire_rested":0,"item_purchase_floors":[7,7],"current_hp_per_floor":[58,58,51,32,32,32,32,32,32,32,32,20,0],"gold":225,"neow_bonus":"THREE_RARE_CARDS","is_prod":false,"is_daily":false,"chose_seed":false,"campfire_upgraded":1,"win_rate":0,"timestamp":1563628450,"path_taken":["M","?","M","?","?","E","?","?","T","E","R","E","?"],"build_version":"2019-07-17","purchased_purges":1,"victory":false,"max_hp_per_floor":[64,64,64,64,64,64,64,64,64,64,64,74,74],"card_choices":[{"not_picked":["Seek","Reboot"],"picked":"All For One","floor":0.0},{"not_picked":["Gash","Ball Lightning"],"picked":"Recycle","floor":1.0},{"not_picked":["Steam","Compile Driver"],"picked":"FTL","floor":3.0},{"not_picked":["Chill","Conserve Battery"],"picked":"Recycle","floor":6.0},{"not_picked":["Streamline","Beam Cell"],"picked":"Glacier","floor":10.0},{"not_picked":["All For One","Barrage"],"picked":"Defragment","floor":12}],"player_experience":647706,"relics_obtained":[{"floor":2.0,"key":"FossilizedHelix"},{"floor":6.0,"key":"Smiling Mask"},{"floor":9.0,"key":"Mummified Hand"},{"floor":10.0,"key":"Calipers"},{"floor":12,"key":"Pear"}],"event_choices":[{"damage_healed":0.0,"max_hp_gain":0.0,"max_hp_loss":0.0,"gold_gain":0.0,"event_name":"Shining Light","player_choice":"Entered Light","floor":4.0,"gold_loss":0.0,"damage_taken":19.0,"cards_upgraded":["Dualcast","Strike_B"]},{"damage_healed":0.0,"max_hp_gain":0.0,"max_hp_loss":0.0,"gold_gain":0.0,"cards_transformed":["Strike_B"],"event_name":"Living Wall","player_choice":"Change","floor":5.0,"gold_loss":0.0,"damage_taken":0.0,"cards_obtained":["Reprogram"]},{"damage_healed":0.0,"max_hp_gain":0.0,"max_hp_loss":0.0,"gold_gain":150.0,"event_name":"Liars Game","player_choice":"AGREE","floor":8.0,"gold_loss":0.0,"damage_taken":0.0,"cards_obtained":["Doubt"]},{"damage_healed":0,"gold_gain":0,"player_choice":"Fought Mushrooms","damage_taken":0,"max_hp_gain":0,"max_hp_loss":0,"event_name":"Mushrooms","floor":13,"gold_loss":0}],"is_beta":false,"boss_relics":[],"items_purged_floors":[7],"is_endless":false,"potions_floor_spawned":[1,3],"killed_by":"The Mushroom Lair","ascension_level":20}