{"gold_per_floor":[115,132,132,132,5,5,33,49,73,89,89,118,31,47,47,124,124,134,49,83,4,23,23,36,36,36,55,55,66,66,116,116,193,193,203,215,215,215,26,26,40,53,79,79,79,90,100,120,120,120],"floor_reached":51,"playtime":1839,"items_purged":["Strike_B","Strike_B"],"score":1248,"play_id":"28d137e7-360d-47b5-9bdc-9c2044ecdbfc","local_time":"20181012031033","is_ascension_mode":true,"campfire_choices":[{"data":"Zap","floor":6.0,"key":"SMITH"},{"data":"Barrage","floor":11.0,"key":"SMITH"},{"data":"Go for the Eyes","floor":15.0,"key":"SMITH"},{"data":"Fission","floor":23.0,"key":"SMITH"},{"data":"Dualcast","floor":25.0,"key":"SMITH"},{"data":"Defragment","floor":30.0,"key":"SMITH"},{"data":"Thunder Strike","floor":32.0,"key":"SMITH"},{"data":"Loop","floor":40,"key":"SMITH"},{"data":"Rainbow","floor":44,"key":"SMITH"},{"data":"Blizzard","floor":49,"key":"SMITH"}],"neow_cost":"PERCENT_DAMAGE","seed_source_timestamp":97185928076061,"circlet_count":0,"master_deck":["Defend_B","Defend_B","Defend_B","Zap+1","Dualcast+1","AscendersBane","Reinforced Body","Ball Lightning+1","Rainbow+1","Go for the Eyes+1","Coolheaded","Glacier","Barrage+1","Core Surge+1","Glacier","Fission+1","Turbo","Thunder Strike+1","Streamline+1","BootSequence","Glacier","Consume+1","Defragment+1","Electrodynamics+1","Tempest+1","Skim+1","Amplify+1","Loop+1","Hologram+1","Fission+1","Blizzard+1","Blizzard+1"],"special_seed":0,"relics":["Cracked Core","Bag of Marbles","Pen Nib","Mercury Hourglass","Eternal Feather","Prayer Wheel","Red Mask","Toxic Egg 2","Sozu","Whetstone"],"potions_floor_usage":[47],"damage_taken":[{"damage":1.0,"enemies":"Cultist","floor":1.0,"turns":3.0},{"damage":7.0,"enemies":"Jaw Worm","floor":2.0,"turns":4.0},{"damage":3.0,"enemies":"Gremlin Nob","floor":7.0,"turns":3.0},{"damage":0.0,"enemies":"Small Slimes","floor":8.0,"turns":2.0},{"damage":8.0,"enemies":"3 Louse","floor":10.0,"turns":3.0},{"damage":2.0,"enemies":"3 Sentries","floor":12.0,"turns":6.0},{"damage":0.0,"enemies":"Exordium Thugs","floor":14.0,"turns":4.0},{"damage":5.0,"enemies":"The Guardian","floor":16.0,"turns":9.0},{"damage":0.0,"enemies":"Spheric Guardian","floor":18.0,"turns":4.0},{"damage":9.0,"enemies":"Masked Bandits","floor":20.0,"turns":4.0},{"damage":0.0,"enemies":"3 Byrds","floor":22.0,"turns":3.0},{"damage":15.0,"enemies":"Shelled Parasite and Fungi","floor":24.0,"turns":7.0},{"damage":9.0,"enemies":"Centurion and Healer","floor":27.0,"turns":5.0},{"damage":15.0,"enemies":"Sentry and Sphere","floor":29.0,"turns":4.0},{"damage":68.0,"enemies":"Automaton","floor":33.0,"turns":13.0},{"damage":6.0,"enemies":"3 Darklings","floor":35.0,"turns":3.0},{"damage":0.0,"enemies":"3 Shapes","floor":36.0,"turns":2.0},{"damage":0,"enemies":"Sphere and 2 Shapes","floor":41,"turns":4},{"damage":5,"enemies":"4 Shapes","floor":42,"turns":4},{"damage":2,"enemies":"Spire Growth","floor":46,"turns":4},{"damage":22,"enemies":"Maw","floor":47,"turns":7},{"damage":0,"enemies":"Sphere and 2 Shapes","floor":48,"turns":3},{"damage":30,"enemies":"Awakened One","floor":50,"turns":14}],"seed_played":"5162763535230361580","potions_obtained":[{"floor":1.0,"key":"Regen Potion"},{"floor":2.0,"key":"AttackPotion"},{"floor":4.0,"key":"Regen Potion"},{"floor":4.0,"key":"PowerPotion"},{"floor":12.0,"key":"AttackPotion"},{"floor":22.0,"key":"AttackPotion"},{"floor":27.0,"key":"Swift Potion"},{"floor":29.0,"key":"Regen Potion"},{"floor":33.0,"key":"Regen Potion"}],"is_trial":false,"path_per_floor":["M","M","?","?","$","R","E","M","T","M","R","E","$","M","R","B",null,"M","?","?","$","M","R","M","R","T","M","$","M","R","?","R","B",null,"M","M","?","?","$","R","M","M","T","R","$","M","M","M","R","B"],"character_chosen":"DEFECT","items_purchased":["Go for the Eyes","Glacier","Thunder Strike","Loop"],"campfire_rested":0,"item_purchase_floors":[5,13,21,39],"current_hp_per_floor":[45,50,50,50,50,50,56,56,56,48,48,46,46,46,46,41,64,64,64,55,55,55,67,52,64,64,55,55,40,55,55,70,7,55,49,49,49,49,49,64,64,59,59,71,71,69,61,61,71,41],"gold":120,"neow_bonus":"REMOVE_TWO","is_prod":false,"is_daily":false,"chose_seed":false,"campfire_upgraded":10,"win_rate":0,"timestamp":1539285033,"path_taken":["M","?","?","?","$","R","E","?","T","M","R","E","?","M","R","BOSS","M","?","?","$","?","R","M","R","T","?","?","?","R","?","R","BOSS","M","M","?","?","?","R","?","?","T","R","?","M","?","?","R","BOSS"],"build_version":"2018-10-04v2","purchased_purges":2,"victory":true,"max_hp_per_floor":[71,71,71,71,71,71,71,71,71,71,71,71,71,71,71,71,71,71,71,71,71,71,71,71,71,71,71,71,71,71,71,71,71,71,71,71,71,71,71,71,71,71,71,71,71,71,71,71,71,71],"card_choices":[{"not_picked":["Recycle","Storm"],"picked":"Reinforced Body","floor":1.0},{"not_picked":["FTL","Hologram"],"picked":"Ball Lightning","floor":2.0},{"not_picked":["Turbo","Cold Snap"],"picked":"Coolheaded","floor":7.0},{"not_picked":["Redo","Reinforced Body"],"picked":"Glacier","floor":8.0},{"not_picked":["Go for the Eyes","Melter"],"picked":"Barrage","floor":10.0},{"not_picked":["Barrage","Reboot"],"picked":"Core Surge","floor":12.0},{"not_picked":["Leap","Go for the Eyes","Redo"],"picked":"SKIP","floor":14.0},{"not_picked":["Reboot","Thunder Strike"],"picked":"Fission","floor":16.0},{"not_picked":["Hologram","Auto Shields+1"],"picked":"Turbo","floor":18.0},{"not_picked":["BootSequence","Ball Lightning"],"picked":"Streamline+1","floor":22.0},{"not_picked":["Skim","Auto Shields"],"picked":"BootSequence","floor":22.0},{"not_picked":["Hologram","Tempest"],"picked":"Glacier","floor":24.0},{"not_picked":["Gash+1","Compile Driver+1","Streamline"],"picked":"SKIP","floor":24.0},{"not_picked":["Go for the Eyes","Chaos+1"],"picked":"Consume+1","floor":27.0},{"not_picked":["Lockon","Rebound","Compile Driver"],"picked":"SKIP","floor":27.0},{"not_picked":["Gash","Streamline"],"picked":"Defragment","floor":29.0},{"not_picked":["Rebound","Barrage","Amplify+1"],"picked":"SKIP","floor":29.0},{"not_picked":["Meteor Strike","Seek+1"],"picked":"Electrodynamics","floor":33.0},{"not_picked":["BootSequence+1","Conserve Battery+1"],"picked":"Tempest+1","floor":35.0},{"not_picked":["Gash","Beam Cell","Turbo+1"],"picked":"SKIP","floor":35.0},{"not_picked":["Beam Cell+1","Steam+1"],"picked":"Skim+1","floor":36.0},{"not_picked":["Chaos+1","Conserve Battery+1","Turbo+1"],"picked":"SKIP","floor":36.0},{"not_picked":["Sweeping Beam+1","Coolheaded+1","Loop+1"],"picked":"SKIP","floor":41},{"not_picked":["Heatsinks","Sweeping Beam","Streamline"],"picked":"SKIP","floor":41},{"not_picked":["Steam Power+1","Cold Snap+1"],"picked":"Hologram+1","floor":42},{"not_picked":["Aggregate+1","Beam Cell+1"],"picked":"Fission+1","floor":42},{"not_picked":["Sweeping Beam+1","Barrage+1","Conserve Battery+1"],"picked":"SKIP","floor":46},{"not_picked":["Barrage","Cold Snap","BootSequence+1"],"picked":"SKIP","floor":46},{"not_picked":["Leap+1","Steam Power+1"],"picked":"Blizzard+1","floor":47},{"not_picked":["Recycle+1","Redo+1","Double Energy+1"],"picked":"SKIP","floor":47},{"not_picked":["Loop","Lockon+1"],"picked":"Blizzard","floor":48},{"not_picked":["Genetic Algorithm+1","Gash","Thunder Strike"],"picked":"SKIP","floor":48}],"player_experience":294779,"relics_obtained":[{"floor":7.0,"key":"Bag of Marbles"},{"floor":9.0,"key":"Pen Nib"},{"floor":12.0,"key":"Mercury Hourglass"},{"floor":20.0,"key":"Red Mask"},{"floor":26.0,"key":"Toxic Egg 2"},{"floor":43,"key":"Whetstone"}],"event_choices":[{"event_name":"Match and Keep!","player_choice":"1 cards matched","floor":3.0,"damage_taken":0.0},{"event_name":"The Lab","player_choice":"Got Potions","floor":4.0,"damage_taken":0.0},{"event_name":"Addict","player_choice":"Obtained Relic","floor":19.0,"damage_taken":0.0},{"event_name":"Masked Bandits","player_choice":"Fought Bandits","floor":20.0,"damage_taken":0.0},{"event_name":"Nest","player_choice":"Stole From Cult","floor":31.0,"damage_taken":0.0},{"event_name":"Transmorgrifier","player_choice":"Transform","floor":37,"damage_taken":0},{"event_name":"Upgrade Shrine","player_choice":"Upgraded","floor":38,"damage_taken":0}],"is_beta":false,"boss_relics":[{"not_picked":["White Beast Statue","Ectoplasm"],"picked":"Eternal Feather"},{"not_picked":["FrozenCore","Tiny House"],"picked":"Sozu"}],"items_purged_floors":[5,39],"is_endless":false,"potions_floor_spawned":[1,2,12,14,22,27,29,33,42,46,47,48],"ascension_level":17}