{"gold_per_floor":[112,125,140,153,153,153,183,183,260,271,281,281,2,13,13,118,118,132,32,50,61,77,77,91,91,143,243,256,267,277,277,277,374,374,391,391,791,791,181,181,198,212,236,86,116,116,70,85,85,85],"floor_reached":51,"playtime":2537,"items_purged":["Normality","Injury","Parasite","Decay"],"score":783,"play_id":"cc39a49f-75b7-430c-9064-5ce02db9ea9e","local_time":"20181124214729","is_ascension_mode":false,"campfire_choices":[{"data":"Poisoned Stab","floor":6.0,"key":"SMITH"},{"data":"Well Laid Plans","floor":8.0,"key":"SMITH"},{"data":"Wraith Form v2","floor":12.0,"key":"SMITH"},{"data":"Noxious Fumes","floor":15.0,"key":"SMITH"},{"data":"Neutralize","floor":23.0,"key":"SMITH"},{"data":"Survivor","floor":25.0,"key":"SMITH"},{"floor":32.0,"key":"REST"},{"data":"Blade Dance","floor":40,"key":"SMITH"},{"data":"Blade Dance","floor":46,"key":"SMITH"},{"data":"Blade Dance","floor":49,"key":"SMITH"}],"neow_cost":"NONE","seed_source_timestamp":0,"circlet_count":0,"master_deck":["Defend_G+1","Defend_G+1","Defend_G+1","Defend_G+1","Defend_G+1","Strike_G+1","Strike_G+1","Strike_G+1","Strike_G+1","Strike_G+1","Survivor+1","Neutralize+1","Poisoned Stab+1","Well Laid Plans+1","Wraith Form v2+1","Noxious Fumes+1","Leg Sweep+1","Grand Finale","Acrobatics+1","Blade Dance+1","Blade Dance+1","Well Laid Plans","Blade Dance+1"],"special_seed":0,"relics":["Calling Bell","Vajra","Singing Bowl","Ginger","FaceOfCleric","The Specimen","Gremlin Horn","TwistedFunnel","Sozu","Bag of Marbles","Cursed Key","Old Coin","Kunai","Lee\u0027s Waffle","Lantern","Omamori"],"potions_floor_usage":[50],"damage_taken":[{"damage":3.0,"enemies":"Cultist","floor":1.0,"turns":5.0},{"damage":1.0,"enemies":"Jaw Worm","floor":2.0,"turns":4.0},{"damage":0.0,"enemies":"Small Slimes","floor":3.0,"turns":3.0},{"damage":3.0,"enemies":"Gremlin Gang","floor":4.0,"turns":5.0},{"damage":29.0,"enemies":"Lagavulin","floor":7.0,"turns":9.0},{"damage":11.0,"enemies":"Exordium Thugs","floor":10.0,"turns":5.0},{"damage":8.0,"enemies":"Large Slime","floor":11.0,"turns":8.0},{"damage":2.0,"enemies":"Looter","floor":14.0,"turns":3.0},{"damage":8.0,"enemies":"Hexaghost","floor":16.0,"turns":9.0},{"damage":2.0,"enemies":"Shell Parasite","floor":18.0,"turns":7.0},{"damage":5.0,"enemies":"Spheric Guardian","floor":20.0,"turns":6.0},{"damage":3.0,"enemies":"3 Cultists","floor":21.0,"turns":5.0},{"damage":0.0,"enemies":"Snake Plant","floor":22.0,"turns":5.0},{"damage":0.0,"enemies":"Chosen and Byrds","floor":24.0,"turns":6.0},{"damage":2.0,"enemies":"3 Cultists","floor":28.0,"turns":7.0},{"damage":5.0,"enemies":"Snake Plant","floor":29.0,"turns":4.0},{"damage":5.0,"enemies":"Cultist and Chosen","floor":30.0,"turns":6.0},{"damage":13.0,"enemies":"Champ","floor":33.0,"turns":13.0},{"damage":7.0,"enemies":"3 Shapes","floor":35.0,"turns":4.0},{"damage":0,"enemies":"Mind Bloom Boss Battle","floor":37,"turns":9},{"damage":0,"enemies":"3 Darklings","floor":41,"turns":3},{"damage":0,"enemies":"Maw","floor":42,"turns":8},{"damage":0,"enemies":"Giant Head","floor":45,"turns":9},{"damage":0,"enemies":"4 Shapes","floor":48,"turns":5},{"damage":4,"enemies":"Awakened One","floor":50,"turns":17}],"seed_played":"-4046290804805811530","potions_obtained":[{"floor":2.0,"key":"Swift Potion"},{"floor":4.0,"key":"EssenceOfSteel"}],"is_trial":false,"path_per_floor":["M","M","M","M","?","R","E","R","T","M","M","R","$","M","R","B",null,"M","$","M","M","M","R","M","R","T","?","M","M","M","?","R","B",null,"M","?","?","?","$","R","M","M","T","$","E","R","$","M","R","B",null],"character_chosen":"THE_SILENT","items_purchased":["TwistedFunnel","Kunai","Blade Dance","Lee\u0027s Waffle","Blade Dance"],"campfire_rested":1,"item_purchase_floors":[13,39,39,39,47],"current_hp_per_floor":[67,66,66,65,65,65,39,39,39,31,26,26,26,25,25,20,85,86,86,84,84,87,87,88,88,88,88,89,87,85,85,107,95,108,102,102,105,101,122,122,125,126,126,126,127,127,127,130,130,127],"gold":85,"neow_bonus":"BOSS_RELIC","is_prod":false,"is_daily":false,"chose_seed":false,"campfire_upgraded":9,"win_rate":0,"timestamp":1543067249,"path_taken":["M","M","?","M","?","R","E","R","T","M","M","R","$","?","R","BOSS","M","$","M","M","M","R","M","R","T","?","M","?","M","?","R","BOSS","M","?","?","?","$","R","M","?","T","?","E","R","$","M","R","BOSS"],"build_version":"2018-11-15","purchased_purges":4,"victory":true,"max_hp_per_floor":[70,70,70,72,72,72,75,75,75,78,81,81,81,82,82,85,85,88,88,91,94,97,97,98,98,98,98,101,104,107,107,107,108,108,109,109,112,118,122,122,125,126,126,126,127,127,127,130,130,131],"card_choices":[{"not_picked":["Outmaneuver","Flechettes"],"picked":"Poisoned Stab","floor":1.0},{"not_picked":["Cloak And Dagger","Leg Sweep"],"picked":"Well Laid Plans","floor":2.0},{"not_picked":["Well Laid Plans","Calculated Gamble"],"picked":"Wraith Form v2","floor":3.0},{"not_picked":["Riddle With Holes","Prepared","Backflip"],"picked":"Singing Bowl","floor":4.0},{"not_picked":["Dagger Spray","Underhanded Strike","Leg Sweep"],"picked":"Singing Bowl","floor":7.0},{"not_picked":["Dagger Spray","Crippling Poison","Sucker Punch"],"picked":"Singing Bowl","floor":10.0},{"not_picked":["PiercingWail","Acrobatics","Cloak And Dagger"],"picked":"Singing Bowl","floor":11.0},{"not_picked":["Masterful Stab","Blade Dance"],"picked":"Noxious Fumes","floor":14.0},{"not_picked":["Envenom","Bullet Time","Unload"],"picked":"Singing Bowl","floor":16.0},{"not_picked":["Sucker Punch+1","Prepared","Riddle With Holes"],"picked":"Singing Bowl","floor":18.0},{"not_picked":["Concentrate","Escape Plan","Acrobatics"],"picked":"Singing Bowl","floor":20.0},{"not_picked":["Outmaneuver+1","Caltrops","Deflect"],"picked":"Singing Bowl","floor":21.0},{"not_picked":["Quick Slash+1","Caltrops+1","Backflip+1"],"picked":"Singing Bowl","floor":22.0},{"not_picked":["Acrobatics+1","Infinite Blades"],"picked":"Leg Sweep+1","floor":24.0},{"not_picked":["Slice","Deflect+1","Storm of Steel"],"picked":"Singing Bowl","floor":28.0},{"not_picked":["PiercingWail","Deflect+1","Finisher+1"],"picked":"Singing Bowl","floor":29.0},{"not_picked":["Leg Sweep","Setup","Sucker Punch"],"picked":"Singing Bowl","floor":30.0},{"not_picked":["Doppelganger","Glass Knife"],"picked":"Grand Finale","floor":33.0},{"not_picked":["Slice","Sucker Punch+1"],"picked":"Acrobatics+1","floor":35.0},{"not_picked":["Dodge and Roll+1","Masterful Stab+1","Eviscerate+1"],"picked":"Singing Bowl","floor":37},{"not_picked":["Trip","Bandage Up","Panacea"],"picked":"Singing Bowl","floor":38},{"not_picked":["Violence","Blind","Madness"],"picked":"Singing Bowl","floor":38},{"not_picked":["Flash of Steel","Mind Blast","Panache"],"picked":"Singing Bowl","floor":38},{"not_picked":["Bane","Dash+1","Slice+1"],"picked":"Singing Bowl","floor":41},{"not_picked":["Quick Slash+1","Sucker Punch+1"],"picked":"Blade Dance","floor":42},{"not_picked":["Dash+1","Catalyst"],"picked":"Well Laid Plans","floor":45},{"not_picked":["Finisher","Bouncing Flask","Dagger Throw"],"picked":"Singing Bowl","floor":48}],"player_experience":1165545,"relics_obtained":[{"floor":0.0,"key":"Vajra"},{"floor":0.0,"key":"Singing Bowl"},{"floor":0.0,"key":"Ginger"},{"floor":7.0,"key":"The Specimen"},{"floor":9.0,"key":"Gremlin Horn"},{"floor":26.0,"key":"Bag of Marbles"},{"floor":37,"key":"Old Coin"},{"floor":43,"key":"Lantern"},{"floor":45,"key":"Omamori"}],"event_choices":[{"damage_healed":0.0,"max_hp_gain":0.0,"max_hp_loss":0.0,"gold_gain":0.0,"event_name":"FaceTrader","player_choice":"Trade","floor":5.0,"gold_loss":0.0,"damage_taken":0.0,"relics_obtained":["FaceOfCleric"]},{"damage_healed":0.0,"max_hp_gain":0.0,"max_hp_loss":0.0,"gold_gain":100.0,"event_name":"Golden Shrine","player_choice":"Pray","floor":27.0,"gold_loss":0.0,"damage_taken":0.0},{"damage_healed":0.0,"max_hp_gain":0.0,"max_hp_loss":0.0,"gold_gain":0.0,"event_name":"Back to Basics","player_choice":"Simplicity","floor":31.0,"gold_loss":0.0,"damage_taken":0.0,"cards_upgraded":["Defend_G","Defend_G","Defend_G","Defend_G","Defend_G","Strike_G","Strike_G","Strike_G","Strike_G","Strike_G"]},{"damage_healed":0,"gold_gain":0,"player_choice":"Ignored","damage_taken":0,"max_hp_gain":0,"max_hp_loss":0,"event_name":"Mysterious Sphere","floor":36,"gold_loss":0},{"damage_healed":0,"gold_gain":0,"player_choice":"Fight","damage_taken":0,"max_hp_gain":0,"max_hp_loss":0,"event_name":"MindBloom","floor":37,"gold_loss":0},{"damage_healed":0,"gold_gain":0,"player_choice":"Memory 3","damage_taken":10,"max_hp_gain":0,"max_hp_loss":0,"event_name":"SensoryStone","floor":38,"gold_loss":0}],"is_beta":false,"boss_relics":[{"not_picked":["Tiny House","Black Star"],"picked":"Sozu"},{"not_picked":["Fusion Hammer","HoveringKite"],"picked":"Cursed Key"}],"items_purged_floors":[13,19,39,44],"is_endless":false,"potions_floor_spawned":[2,4,20,22,28,33,35,37,48],"ascension_level":0}