{"gold_per_floor":[115,115,115,126,201,201,227,227,227,245,275,275,275,285,285,285],"floor_reached":16,"playtime":416,"items_purged":[],"score":266,"play_id":"9f9a7e32-cb96-414c-97bc-9fd455136df2","local_time":"20190128202631","is_ascension_mode":true,"campfire_choices":[{"data":"Deadly Poison","floor":6.0,"key":"SMITH"},{"data":"Neutralize","floor":13,"key":"SMITH"},{"data":"Well Laid Plans","floor":15,"key":"SMITH"}],"neow_cost":"NONE","seed_source_timestamp":40431318741346,"circlet_count":0,"master_deck":["AscendersBane","Defend_G","Defend_G","Defend_G","Defend_G","Defend_G","Strike_G","Strike_G","Survivor","Neutralize+1","Deadly Poison+1","PiercingWail","Well Laid Plans+1","Acrobatics"],"special_seed":0,"relics":["Ring of the Snake","NeowsBlessing","Blood Vial","Shuriken","Torii"],"potions_floor_usage":[14],"damage_taken":[{"damage":0.0,"enemies":"2 Louse","floor":1.0,"turns":1.0},{"damage":0.0,"enemies":"Small Slimes","floor":4.0,"turns":1.0},{"damage":0.0,"enemies":"Lagavulin","floor":7.0,"turns":1.0},{"damage":2.0,"enemies":"Jaw Worm","floor":10.0,"turns":4.0},{"damage":45.0,"enemies":"Gremlin Nob","floor":11.0,"turns":5.0},{"damage":2,"enemies":"Large Slime","floor":14,"turns":11},{"damage":10,"enemies":"Hexaghost","floor":16,"turns":11}],"seed_played":"-6005643612252221464","potions_obtained":[{"floor":4.0,"key":"Explosive Potion"},{"floor":10.0,"key":"EssenceOfSteel"}],"is_trial":false,"path_per_floor":["M","?","?","M","?","R","E","?","T","M","E","?","R","M","R","B"],"character_chosen":"THE_SILENT","items_purchased":[],"campfire_rested":0,"item_purchase_floors":[],"current_hp_per_floor":[59,52,57,57,46,46,46,46,46,46,3,3,3,3,3,0],"gold":285,"neow_bonus":"THREE_ENEMY_KILL","is_prod":false,"is_daily":false,"chose_seed":false,"campfire_upgraded":3,"win_rate":0,"timestamp":1548678391,"path_taken":["M","?","?","M","?","R","E","?","T","?","E","?","R","M","R","BOSS"],"build_version":"2019-01-23","purchased_purges":0,"victory":false,"max_hp_per_floor":[66,66,71,71,71,71,71,71,71,71,71,71,71,71,71,71],"card_choices":[{"not_picked":["Outmaneuver","Underhanded Strike"],"picked":"Deadly Poison","floor":1.0},{"not_picked":["Infinite Blades","PiercingWail","Outmaneuver"],"picked":"SKIP","floor":4.0},{"not_picked":["Infinite Blades","Outmaneuver"],"picked":"PiercingWail","floor":4.0},{"not_picked":["Doppelganger","Outmaneuver","Leg Sweep"],"picked":"SKIP","floor":7.0},{"not_picked":["PiercingWail","Flying Knee","Dagger Spray"],"picked":"SKIP","floor":10.0},{"not_picked":["Concentrate","A Thousand Cuts"],"picked":"Well Laid Plans","floor":11.0},{"not_picked":["PiercingWail","Dagger Throw"],"picked":"Acrobatics","floor":14}],"player_experience":1376783,"relics_obtained":[{"floor":7.0,"key":"Blood Vial"},{"floor":9.0,"key":"Shuriken"},{"floor":11.0,"key":"Torii"}],"event_choices":[{"cards_removed":["Strike_G"],"damage_healed":0.0,"max_hp_gain":0.0,"max_hp_loss":0.0,"gold_gain":0.0,"event_name":"Golden Wing","player_choice":"Card Removal","floor":2.0,"gold_loss":0.0,"damage_taken":7.0},{"damage_healed":0.0,"max_hp_gain":5.0,"max_hp_loss":0.0,"gold_gain":0.0,"event_name":"Big Fish","player_choice":"Donut","floor":3.0,"gold_loss":0.0,"damage_taken":0.0},{"damage_healed":0.0,"max_hp_gain":0.0,"max_hp_loss":0.0,"gold_gain":75.0,"event_name":"World of Goop","player_choice":"Gather Gold","floor":5.0,"gold_loss":0.0,"damage_taken":11.0},{"cards_removed":["Strike_G"],"damage_healed":0.0,"max_hp_gain":0.0,"max_hp_loss":0.0,"gold_gain":0.0,"event_name":"Purifier","player_choice":"Purged","floor":8.0,"gold_loss":0.0,"damage_taken":0.0},{"cards_removed":["Strike_G"],"damage_healed":0,"gold_gain":0,"player_choice":"Forget","damage_taken":0,"max_hp_gain":0,"max_hp_loss":0,"event_name":"Living Wall","floor":12,"gold_loss":0}],"is_beta":true,"boss_relics":[],"items_purged_floors":[],"is_endless":false,"potions_floor_spawned":[4,10],"killed_by":"Hexaghost","ascension_level":20}