{"gold_per_floor":[119,44,58,58,58,58,68,68,68,78,93,93,123,133,133,133],"floor_reached":16,"playtime":401,"items_purged":["Strike_G"],"score":184,"play_id":"4a4189c1-8bb3-4e9b-8d73-612fb83bda80","local_time":"20181227162214","is_ascension_mode":true,"campfire_choices":[{"data":"Deadly Poison","floor":6.0,"key":"SMITH"},{"data":"Deadly Poison","floor":8.0,"key":"SMITH"},{"data":"Grand Finale","floor":12.0,"key":"SMITH"},{"data":"Well Laid Plans","floor":15.0,"key":"SMITH"}],"neow_cost":"NONE","seed_source_timestamp":16591193926806,"circlet_count":0,"master_deck":["AscendersBane","Defend_G","Defend_G","Defend_G","Defend_G","Defend_G","Strike_G","Strike_G","Strike_G","Survivor","Neutralize","Deadly Poison+1","Deadly Poison+1","Footwork","Grand Finale+1","Well Laid Plans+1"],"special_seed":0,"relics":["Philosopher\u0027s Stone","Question Card"],"potions_floor_usage":[16,16],"damage_taken":[{"damage":13.0,"enemies":"Jaw Worm","floor":1.0,"turns":6.0},{"damage":10.0,"enemies":"Small Slimes","floor":3.0,"turns":4.0},{"damage":0.0,"enemies":"2 Louse","floor":7.0,"turns":3.0},{"damage":1.0,"enemies":"Large Slime","floor":10.0,"turns":7.0},{"damage":14.0,"enemies":"Exordium Wildlife","floor":11.0,"turns":5.0},{"damage":9.0,"enemies":"2 Fungi Beasts","floor":14.0,"turns":4.0},{"damage":1,"enemies":"Slime Boss","floor":16,"turns":6}],"seed_played":"-6440417908100517911","potions_obtained":[{"floor":3.0,"key":"GamblersBrew"},{"floor":10.0,"key":"SpeedPotion"},{"floor":11.0,"key":"GamblersBrew"}],"is_trial":false,"path_per_floor":["M","$","M","$","?","R","M","R","T","M","M","R","?","M","R","B"],"character_chosen":"THE_SILENT","items_purchased":[],"campfire_rested":0,"item_purchase_floors":[],"current_hp_per_floor":[46,46,36,36,36,36,36,36,36,35,21,21,21,12,12,11],"gold":133,"neow_bonus":"BOSS_RELIC","is_prod":false,"is_daily":false,"chose_seed":false,"campfire_upgraded":4,"win_rate":0,"timestamp":1545898934,"path_taken":["M","$","M","$","?","R","M","R","T","M","M","R","?","M","R","BOSS"],"build_version":"2018-12-20","purchased_purges":1,"victory":false,"max_hp_per_floor":[66,66,66,66,66,66,66,66,66,66,66,66,66,66,66,66],"card_choices":[{"not_picked":["Poisoned Stab","Heel Hook"],"picked":"Deadly Poison","floor":1.0},{"not_picked":["Blur","Dagger Spray"],"picked":"Deadly Poison","floor":3.0},{"not_picked":["Deflect","PiercingWail"],"picked":"Footwork","floor":7.0},{"not_picked":["Dagger Throw","Quick Slash","Leg Sweep"],"picked":"Grand Finale","floor":10.0},{"not_picked":["Slice","Quick Slash","Endless Agony","Dagger Spray"],"picked":"SKIP","floor":11.0},{"not_picked":["Blur","Deadly Poison","Crippling Poison"],"picked":"Well Laid Plans","floor":14.0}],"player_experience":1523601,"relics_obtained":[{"floor":9.0,"key":"Question Card"}],"event_choices":[{"cards_removed":["Strike_G"],"damage_healed":0.0,"max_hp_gain":0.0,"max_hp_loss":0.0,"gold_gain":0.0,"event_name":"Living Wall","player_choice":"Forget","floor":5.0,"gold_loss":0.0,"damage_taken":0.0},{"damage_healed":0.0,"max_hp_gain":0.0,"max_hp_loss":0.0,"gold_gain":30.0,"event_name":"Dead Adventurer","player_choice":"Searched \u00271\u0027 times","floor":13.0,"gold_loss":0.0,"damage_taken":0.0}],"is_beta":false,"boss_relics":[],"items_purged_floors":[2],"is_endless":false,"potions_floor_spawned":[3,10,11],"killed_by":"Slime Boss","ascension_level":20}