{"gold_per_floor":[115,115,115,115,132,167,167,179,203,215,140,140,3,30,42,132,144,173,185,197,37,54,54,104,104,104,104,104,123,137,137,137,210,210,229,242,117,117,117,117,135,135,135,162,162,174,24,43,43,43,43,43,43,43,43],"floor_reached":55,"playtime":2866,"items_purged":["Strike_B","Strike_B","Hyperbeam","Rip and Tear+1"],"score":1852,"play_id":"e13c5adb-55ef-4260-a466-8db899011b74","local_time":"20190318230312","is_ascension_mode":true,"campfire_choices":[{"data":"Fission","floor":7.0,"key":"SMITH"},{"data":"Zap","floor":12.0,"key":"SMITH"},{"data":"Chaos","floor":15.0,"key":"SMITH"},{"data":"Darkness","floor":23.0,"key":"SMITH"},{"data":"Dualcast","floor":25.0,"key":"SMITH"},{"data":"Buffer","floor":27.0,"key":"SMITH"},{"data":"Redo","floor":32.0,"key":"SMITH"},{"data":"Recycle","floor":40,"key":"SMITH"},{"floor":45,"key":"RECALL"},{"floor":49,"key":"REST"},{"data":"Tempest","floor":53,"key":"SMITH"}],"neow_cost":"TEN_PERCENT_HP_LOSS","seed_source_timestamp":0,"circlet_count":0,"master_deck":["AscendersBane","Zap+1","Dualcast+1","Fission+1","Cold Snap+1","Hologram+1","White Noise+1","Chaos+1","Double Energy+1","Buffer+1","Capacitor+1","Darkness+1","Conserve Battery+1","Skim+1","Reinforced Body+1","Redo+1","Core Surge+1","BootSequence+1","Recycle+1","Lockon+1","Tempest+1"],"special_seed":0,"relics":["Cracked Core","Dream Catcher","DataDisk","MawBank","Pandora\u0027s Box","Oddly Smooth Stone","Emotion Chip","Runic Pyramid","Mark of the Bloom","Shuriken","Symbiotic Virus"],"potions_floor_usage":[],"damage_taken":[{"damage":2.0,"enemies":"2 Louse","floor":1.0,"turns":4.0},{"damage":2.0,"enemies":"Jaw Worm","floor":5.0,"turns":4.0},{"damage":11.0,"enemies":"Gremlin Nob","floor":6.0,"turns":3.0},{"damage":0.0,"enemies":"Small Slimes","floor":8.0,"turns":2.0},{"damage":0.0,"enemies":"3 Louse","floor":10.0,"turns":2.0},{"damage":11.0,"enemies":"3 Sentries","floor":14.0,"turns":6.0},{"damage":12.0,"enemies":"Hexaghost","floor":16.0,"turns":9.0},{"damage":0.0,"enemies":"Chosen","floor":18.0,"turns":3.0},{"damage":0.0,"enemies":"Spheric Guardian","floor":22.0,"turns":4.0},{"damage":0.0,"enemies":"Chosen and Byrds","floor":29.0,"turns":6.0},{"damage":2.0,"enemies":"Cultist and Chosen","floor":30.0,"turns":5.0},{"damage":0.0,"enemies":"Collector","floor":33.0,"turns":7.0},{"damage":0.0,"enemies":"3 Shapes","floor":35.0,"turns":7.0},{"damage":9.0,"enemies":"3 Darklings","floor":36.0,"turns":3.0},{"damage":0,"enemies":"Transient","floor":41,"turns":6},{"damage":0,"enemies":"Giant Head","floor":44,"turns":6},{"damage":0,"enemies":"Sphere and 2 Shapes","floor":46,"turns":4},{"damage":0,"enemies":"Spire Growth","floor":48,"turns":3},{"damage":36,"enemies":"Donu and Deca","floor":50,"turns":6},{"damage":8,"enemies":"Time Eater","floor":51,"turns":11},{"damage":15,"enemies":"Shield and Spear","floor":55,"turns":2}],"seed_played":"6131096841094066357","potions_obtained":[{"floor":1.0,"key":"Weak Potion"},{"floor":6.0,"key":"Ancient Potion"},{"floor":16.0,"key":"Swift Potion"},{"floor":22.0,"key":"Dexterity Potion"},{"floor":30.0,"key":"Dexterity Potion"}],"is_trial":false,"path_per_floor":["M","?","?","?","M","E","R","M","T","M","$","R","$","E","R","B",null,"M","?","?","$","M","R","?","R","T","R","?","M","M","T","R","B",null,"M","M","$","?","?","R","M","?","T","E","R","M","$","M","R","B","B",null,"R","$","E"],"character_chosen":"DEFECT","items_purchased":["Chaos","Oddly Smooth Stone"],"campfire_rested":1,"item_purchase_floors":[13,21],"current_hp_per_floor":[62,62,67,46,44,33,33,33,33,33,33,33,33,22,22,10,54,54,35,35,35,35,35,35,35,35,35,35,35,33,33,33,33,64,64,55,55,55,55,55,55,55,55,55,55,55,55,55,55,19,11,11,11,11,0],"gold":43,"neow_bonus":"THREE_RARE_CARDS","is_prod":false,"is_daily":false,"chose_seed":true,"campfire_upgraded":9,"win_rate":0,"timestamp":1552921392,"path_taken":["M","?","?","?","M","E","R","M","T","M","?","R","$","E","R","BOSS","M","?","?","$","?","R","?","R","T","R","?","M","M","?","R","BOSS","M","M","$","?","?","R","M","?","T","E","R","M","$","?","R","BOSS","BOSS","R","$","E"],"build_version":"2019-01-23","purchased_purges":4,"victory":false,"max_hp_per_floor":[64,64,69,69,69,69,69,69,69,69,69,69,69,69,69,69,69,69,74,74,74,74,74,74,74,74,74,74,74,74,74,74,74,74,74,74,74,74,74,74,74,74,74,74,74,74,74,74,74,74,74,74,74,74,74],"card_choices":[{"not_picked":["Multi-Cast","Amplify"],"picked":"Fission","floor":0.0},{"not_picked":["Gash","Aggregate"],"picked":"Rip and Tear","floor":1.0},{"not_picked":["Steam","Gash"],"picked":"Cold Snap","floor":5.0},{"not_picked":["Rebound","Beam Cell","Barrage"],"picked":"SKIP","floor":6.0},{"not_picked":["Machine Learning","Redo"],"picked":"Hologram","floor":8.0},{"not_picked":["Redo","Scrape"],"picked":"White Noise","floor":10.0},{"not_picked":["Stack","Auto Shields"],"picked":"Double Energy","floor":14.0},{"not_picked":["Loop","Rebound"],"picked":"Conserve Battery","floor":18.0},{"not_picked":["Cold Snap","Thunder Strike","Blizzard"],"picked":"SKIP","floor":22.0},{"not_picked":["Cold Snap","Thunder Strike","Blizzard"],"picked":"SKIP","floor":22.0},{"not_picked":["Aggregate","Hologram"],"picked":"Redo","floor":29.0},{"not_picked":["Redo+1","Reprogram","Rebound+1"],"picked":"SKIP","floor":30.0},{"not_picked":["Fission","Hyperbeam"],"picked":"Core Surge","floor":33.0},{"not_picked":["Go for the Eyes","Compile Driver"],"picked":"BootSequence+1","floor":35.0},{"not_picked":["Redo","Rebound+1"],"picked":"Recycle","floor":36.0},{"not_picked":["Gash","Barrage"],"picked":"Lockon","floor":41},{"not_picked":["Gash","Sweeping Beam","Aggregate"],"picked":"SKIP","floor":44},{"not_picked":["Double Energy+1","Self Repair","Reinforced Body+1"],"picked":"SKIP","floor":46},{"not_picked":["Capacitor","Double Energy","Ball Lightning+1"],"picked":"SKIP","floor":48},{"not_picked":["Conserve Battery","Ball Lightning"],"picked":"Tempest","floor":49}],"player_experience":3699390,"relics_obtained":[{"floor":6.0,"key":"Dream Catcher"},{"floor":9.0,"key":"DataDisk"},{"floor":14.0,"key":"MawBank"},{"floor":31.0,"key":"Emotion Chip"},{"floor":43,"key":"Shuriken"},{"floor":44,"key":"Symbiotic Virus"}],"event_choices":[{"damage_healed":0.0,"max_hp_gain":0.0,"max_hp_loss":0.0,"gold_gain":0.0,"event_name":"Liars Game","player_choice":"Ignored","floor":2.0,"gold_loss":0.0,"damage_taken":0.0},{"damage_healed":0.0,"max_hp_gain":5.0,"max_hp_loss":0.0,"gold_gain":0.0,"event_name":"Big Fish","player_choice":"Donut","floor":3.0,"gold_loss":0.0,"damage_taken":0.0},{"damage_healed":0.0,"max_hp_gain":0.0,"max_hp_loss":0.0,"gold_gain":0.0,"event_name":"Shining Light","player_choice":"Entered Light","floor":4.0,"gold_loss":0.0,"damage_taken":21.0,"cards_upgraded":["Rip and Tear","Strike_B"]},{"damage_healed":0.0,"max_hp_gain":5.0,"max_hp_loss":0.0,"gold_gain":0.0,"event_name":"Forgotten Altar","player_choice":"Shed Blood","floor":19.0,"gold_loss":0.0,"damage_taken":24.0},{"damage_healed":0.0,"max_hp_gain":0.0,"max_hp_loss":0.0,"gold_gain":0.0,"cards_transformed":["Rebound","Compile Driver"],"event_name":"Drug Dealer","player_choice":"Became Test Subject","floor":20.0,"gold_loss":0.0,"damage_taken":0.0,"cards_obtained":["Skim","Reinforced Body"]},{"damage_healed":0.0,"max_hp_gain":0.0,"max_hp_loss":0.0,"gold_gain":50.0,"event_name":"Nest","player_choice":"Stole From Cult","floor":24.0,"gold_loss":0.0,"damage_taken":0.0},{"damage_healed":0.0,"max_hp_gain":0.0,"max_hp_loss":0.0,"gold_gain":0.0,"event_name":"The Mausoleum","player_choice":"Ignored","floor":28.0,"gold_loss":0.0,"damage_taken":0.0},{"damage_healed":0.0,"max_hp_gain":0.0,"max_hp_loss":0.0,"gold_gain":0.0,"event_name":"Tomb of Lord Red Mask","player_choice":"Ignored","floor":38.0,"gold_loss":0.0,"damage_taken":0.0},{"damage_healed":0,"gold_gain":0,"player_choice":"Ignored","damage_taken":0,"max_hp_gain":0,"max_hp_loss":0,"event_name":"Mysterious Sphere","floor":39,"gold_loss":0},{"damage_healed":0,"gold_gain":0,"player_choice":"Upgrade","damage_taken":0,"relics_obtained":["Mark of the Bloom"],"max_hp_gain":0,"max_hp_loss":0,"event_name":"MindBloom","floor":42,"gold_loss":0,"cards_upgraded":["Cold Snap","Hologram","White Noise","Double Energy","Capacitor","Conserve Battery","Skim","Reinforced Body","Core Surge","Lockon"]}],"is_beta":false,"boss_relics":[{"not_picked":["Runic Dome","Ectoplasm"],"picked":"Pandora\u0027s Box"},{"not_picked":["FrozenCore","Inserter"],"picked":"Runic Pyramid"}],"items_purged_floors":[11,13,37,47],"is_endless":false,"potions_floor_spawned":[1,6,10,14,16,22,30,35,44],"killed_by":"Shield and Spear","ascension_level":20}