{"gold_per_floor":[110,22,39,39,59,90,90,104,104,104,122,47,47,57,57,133,133,143,153,63,74,93,93,128,128,128,128,163,197,217,248,248,322,322,342,342,342,564,1563,1563,510,539,539,539,569,569,589,278,278,278,278],"floor_reached":51,"playtime":2055,"items_purged":["Strike_R","Normality","Defend_R"],"score":1547,"play_id":"a0cf2dbf-d6e0-49d9-94e4-f7a38d16bd4e","local_time":"20190319225319","is_ascension_mode":true,"campfire_choices":[{"data":"Carnage","floor":7.0,"key":"SMITH"},{"data":"Flex","floor":10.0,"key":"SMITH"},{"data":"Sword Boomerang","floor":13.0,"key":"SMITH"},{"data":"Bash","floor":15.0,"key":"SMITH"},{"data":"Inflame","floor":23.0,"key":"SMITH"},{"data":"Feed","floor":25.0,"key":"SMITH"},{"data":"Evolve","floor":27.0,"key":"SMITH"},{"data":"Strike_R","floor":32.0,"key":"PURGE"},{"data":"Normality","floor":40.0,"key":"PURGE"},{"data":"Strike_R","floor":44.0,"key":"PURGE"},{"floor":46,"key":"RECALL"},{"data":"Defend_R","floor":49,"key":"PURGE"}],"neow_cost":"TEN_PERCENT_HP_LOSS","seed_source_timestamp":41619150560890,"circlet_count":0,"master_deck":["AscendersBane","Defend_R","Defend_R","Bash+1","Flex+1","Carnage+1","True Grit+1","Feed+1","Sword Boomerang+1","Reaper","Evolve+1","Warcry+1","Battle Trance+1","Inflame+1","Reaper","Shrug It Off+1","Disarm+1","Inflame+1","Feed","Feed","True Grit+1","Burning Pact+1","Reaper","Trip+1"],"special_seed":0,"relics":["Burning Blood","Toxic Egg 2","Lantern","Cursed Key","Ornamental Fan","Peace Pipe","Red Mask","Centennial Puzzle","Velvet Choker","Potion Belt","Question Card","Lee\u0027s Waffle","Ancient Tea Set","Gremlin Horn"],"potions_floor_usage":[51,51],"damage_taken":[{"damage":10.0,"enemies":"Small Slimes","floor":1.0,"turns":6.0},{"damage":2.0,"enemies":"Cultist","floor":3.0,"turns":4.0},{"damage":9.0,"enemies":"Jaw Worm","floor":5.0,"turns":4.0},{"damage":58.0,"enemies":"3 Sentries","floor":6.0,"turns":14.0},{"damage":0.0,"enemies":"Looter","floor":8.0,"turns":2.0},{"damage":0.0,"enemies":"Blue Slaver","floor":11.0,"turns":2.0},{"damage":0.0,"enemies":"2 Fungi Beasts","floor":14.0,"turns":3.0},{"damage":29.0,"enemies":"Hexaghost","floor":16.0,"turns":8.0},{"damage":16.0,"enemies":"3 Byrds","floor":18.0,"turns":5.0},{"damage":14.0,"enemies":"2 Thieves","floor":19.0,"turns":4.0},{"damage":15.0,"enemies":"Snecko","floor":21.0,"turns":4.0},{"damage":25.0,"enemies":"Shelled Parasite and Fungi","floor":22.0,"turns":4.0},{"damage":24.0,"enemies":"Gremlin Leader","floor":24.0,"turns":7.0},{"damage":50.0,"enemies":"Slavers","floor":28.0,"turns":6.0},{"damage":47.0,"enemies":"Masked Bandits","floor":29.0,"turns":5.0},{"damage":14.0,"enemies":"Centurion and Healer","floor":30.0,"turns":7.0},{"damage":0.0,"enemies":"Book of Stabbing","floor":31.0,"turns":3.0},{"damage":89.0,"enemies":"Collector","floor":33.0,"turns":8.0},{"damage":64.0,"enemies":"3 Darklings","floor":35.0,"turns":5.0},{"damage":5.0,"enemies":"Nemesis","floor":42.0,"turns":5.0},{"damage":35,"enemies":"Reptomancer","floor":45,"turns":6},{"damage":33,"enemies":"3 Shapes","floor":47,"turns":6},{"damage":188,"enemies":"Donu and Deca","floor":50,"turns":11},{"damage":54,"enemies":"Time Eater","floor":51,"turns":3}],"seed_played":"435199563560309844","potions_obtained":[{"floor":3.0,"key":"Swift Potion"},{"floor":6.0,"key":"PowerPotion"},{"floor":11.0,"key":"Dexterity Potion"},{"floor":18.0,"key":"Explosive Potion"},{"floor":28.0,"key":"SteroidPotion"},{"floor":31.0,"key":"Strength Potion"},{"floor":33.0,"key":"SteroidPotion"}],"is_trial":false,"path_per_floor":["M","$","M","?","M","E","R","M","T","R","M","$","R","M","R","B",null,"M","M","$","M","M","R","E","R","T","R","E","?","M","E","R","B",null,"M","?","?","?","?","R","$","E","T","R","E","R","M","$","R","B","B"],"character_chosen":"IRONCLAD","items_purchased":["Carnage","Battle Trance+1","Potion Belt","Question Card","Lee\u0027s Waffle","Feed","LiquidBronze","Weak Potion","Reaper","Trip+1"],"campfire_rested":0,"item_purchase_floors":[2,20,41,41,41,41,41,41,48,48],"current_hp_per_floor":[64,64,68,68,65,13,13,22,22,22,28,28,28,34,34,11,56,61,57,57,54,54,54,69,69,69,69,52,34,68,78,78,30,80,68,68,68,68,68,68,102,106,106,106,106,106,108,108,108,12,0],"gold":278,"neow_bonus":"REMOVE_TWO","is_prod":false,"is_daily":false,"chose_seed":false,"campfire_upgraded":7,"win_rate":0,"timestamp":1553007199,"path_taken":["M","$","M","?","M","E","R","M","T","R","M","?","R","M","R","BOSS","M","M","$","?","?","R","E","R","T","R","E","?","M","E","R","BOSS","M","?","?","?","?","R","$","E","T","R","E","R","?","$","R","BOSS","BOSS"],"build_version":"2019-01-23","purchased_purges":3,"victory":false,"max_hp_per_floor":[68,68,68,68,68,68,68,71,71,71,71,71,71,71,71,71,71,74,74,74,74,77,77,80,80,80,80,84,88,92,96,96,96,96,100,100,95,95,95,95,102,106,106,106,106,106,113,113,113,117,117],"card_choices":[{"not_picked":["Headbutt","Seeing Red"],"picked":"Flex","floor":1.0},{"not_picked":["Havoc","Dual Wield"],"picked":"Rampage","floor":3.0},{"not_picked":["Sever Soul","Anger"],"picked":"True Grit+1","floor":5.0},{"not_picked":["Headbutt","True Grit+1"],"picked":"Feed","floor":6.0},{"not_picked":["Intimidate+1","Thunderclap","Clash"],"picked":"SKIP","floor":8.0},{"not_picked":["Pummel","Searing Blow"],"picked":"Sword Boomerang","floor":11.0},{"not_picked":["Entrench+1","Twin Strike","Armaments+1"],"picked":"SKIP","floor":14.0},{"not_picked":["Demon Form","Brutality"],"picked":"Reaper","floor":16.0},{"not_picked":["Flame Barrier+1","Twin Strike"],"picked":"Evolve","floor":18.0},{"not_picked":["Perfected Strike","Ghostly Armor+1"],"picked":"Warcry+1","floor":19.0},{"not_picked":["Iron Wave","Intimidate+1"],"picked":"Spot Weakness+1","floor":21.0},{"not_picked":["Warcry+1","Ghostly Armor+1"],"picked":"Inflame","floor":22.0},{"not_picked":["Evolve","Iron Wave","Bloodletting+1"],"picked":"SKIP","floor":24.0},{"not_picked":["Rupture","Armaments+1"],"picked":"Reaper","floor":28.0},{"not_picked":["Dual Wield+1","Sever Soul"],"picked":"Shrug It Off+1","floor":29.0},{"not_picked":["Fire Breathing","Cleave"],"picked":"Disarm+1","floor":30.0},{"not_picked":["Juggernaut","True Grit+1"],"picked":"Inflame+1","floor":31.0},{"not_picked":["Berserk","Barricade"],"picked":"Feed","floor":33.0},{"not_picked":["Warcry+1","Cleave+1","Ghostly Armor+1"],"picked":"SKIP","floor":35.0},{"not_picked":["Hemokinesis","Cleave+1","Twin Strike"],"picked":"True Grit+1","floor":42.0},{"not_picked":["Dropkick","Dual Wield+1","Wild Strike"],"picked":"Burning Pact+1","floor":45},{"not_picked":["Perfected Strike","Thunderclap+1","Armaments+1","Cleave"],"picked":"SKIP","floor":47}],"player_experience":3734796,"relics_obtained":[{"floor":6.0,"key":"Lantern"},{"floor":24.0,"key":"Ornamental Fan"},{"floor":28.0,"key":"Peace Pipe"},{"floor":29.0,"key":"Red Mask"},{"floor":31.0,"key":"Centennial Puzzle"},{"floor":42.0,"key":"Ancient Tea Set"},{"floor":45,"key":"Gremlin Horn"}],"event_choices":[{"cards_removed":["Rampage"],"damage_healed":0.0,"max_hp_gain":0.0,"max_hp_loss":0.0,"gold_gain":0.0,"event_name":"WeMeetAgain","player_choice":"Gave Card","floor":4.0,"gold_loss":0.0,"damage_taken":0.0,"relics_obtained":["Toxic Egg 2"]},{"damage_healed":0.0,"max_hp_gain":0.0,"max_hp_loss":0.0,"gold_gain":0.0,"event_name":"Masked Bandits","player_choice":"Fought Bandits","floor":29.0,"gold_loss":0.0,"damage_taken":0.0},{"cards_removed":["Spot Weakness"],"damage_healed":0.0,"max_hp_gain":0.0,"max_hp_loss":0.0,"gold_gain":0.0,"event_name":"Falling","player_choice":"Removed Skill","floor":36.0,"gold_loss":0.0,"damage_taken":0.0},{"damage_healed":0.0,"max_hp_gain":0.0,"max_hp_loss":5.0,"gold_gain":0.0,"event_name":"Winding Halls","player_choice":"Max HP","floor":37.0,"gold_loss":0.0,"damage_taken":0.0},{"damage_healed":0.0,"max_hp_gain":0.0,"max_hp_loss":0.0,"gold_gain":222.0,"event_name":"Tomb of Lord Red Mask","player_choice":"Wore Mask","floor":38.0,"gold_loss":0.0,"damage_taken":0.0},{"damage_healed":0.0,"max_hp_gain":0.0,"max_hp_loss":0.0,"gold_gain":999.0,"event_name":"MindBloom","player_choice":"Gold","floor":39.0,"gold_loss":0.0,"damage_taken":0.0,"cards_obtained":["Normality","Normality"]}],"is_beta":false,"boss_relics":[{"not_picked":["Runic Cube","Black Star"],"picked":"Cursed Key"},{"not_picked":["Empty Cage","Snecko Eye"],"picked":"Velvet Choker"}],"items_purged_floors":[12,41,48],"is_endless":false,"potions_floor_spawned":[3,6,11,14,18,21,28,30,31,33,35],"killed_by":"Time Eater","ascension_level":20}