{"gold_per_floor":[20,36,56,71,71,71,102,102,129,141,153,184,209,221,233,245],"floor_reached":16,"playtime":411,"items_purged":[],"score":102,"play_id":"1f807647-c75d-4b70-9ef6-ed209cefdbdc","local_time":"20181123165715","is_ascension_mode":false,"campfire_choices":[{"data":"Loop","floor":6,"key":"SMITH"},{"data":"Consume","floor":8,"key":"SMITH"},{"data":"Zap","floor":11,"key":"SMITH"},{"data":"Multi-Cast","floor":15,"key":"SMITH"}],"neow_cost":"NO_GOLD","seed_source_timestamp":3106269787261,"circlet_count":0,"master_deck":["Strike_B","Strike_B+1","Strike_B","Defend_B","Defend_B+1","Defend_B","Zap+1","Dualcast","Self Repair","Consume+1","Loop+1","Ball Lightning","Multi-Cast+1","Darkness"],"relics":["Cracked Core","Boot","MawBank"],"potions_floor_usage":[12,12],"damage_taken":[{"damage":0,"enemies":"2 Louse","floor":1,"turns":2},{"damage":0,"enemies":"Small Slimes","floor":2,"turns":2},{"damage":0,"enemies":"Cultist","floor":3,"turns":3},{"damage":28,"enemies":"Exordium Thugs","floor":4,"turns":5},{"damage":36,"enemies":"Gremlin Nob","floor":7,"turns":4},{"damage":0,"enemies":"Red Slaver","floor":12,"turns":2},{"damage":0,"enemies":"2 Fungi Beasts","floor":13,"turns":3},{"damage":15,"enemies":"Hexaghost","floor":16,"turns":4}],"seed_played":"-649141736134926662","potions_obtained":[{"floor":1,"key":"Swift Potion"},{"floor":3,"key":"Poison Potion"},{"floor":7,"key":"SteroidPotion"},{"floor":13,"key":"Poison Potion"}],"is_trial":false,"path_per_floor":["M","M","M","M","$","R","E","R","T","?","R","M","M","?","R","B"],"character_chosen":"DEFECT","items_purchased":[],"campfire_rested":0,"item_purchase_floors":[],"current_hp_per_floor":[75,75,75,47,47,47,18,18,18,3,3,10,10,15,15,0],"gold":245,"neow_bonus":"REMOVE_TWO","is_prod":false,"is_daily":false,"chose_seed":false,"campfire_upgraded":4,"win_rate":0,"timestamp":1542963435,"path_taken":["M","M","M","M","$","R","E","R","T","?","R","M","M","?","R","BOSS"],"build_version":"2018-11-15","purchased_purges":0,"victory":false,"max_hp_per_floor":[75,75,75,75,75,75,75,75,75,75,75,75,75,80,80,80],"card_choices":[{"not_picked":["BootSequence","Ball Lightning"],"picked":"Self Repair","floor":1},{"not_picked":["Force Field","Sweeping Beam"],"picked":"Consume","floor":2},{"not_picked":["Aggregate","Lockon"],"picked":"Loop","floor":3},{"not_picked":["Turbo","Compile Driver","Stack"],"picked":"SKIP","floor":4},{"not_picked":["Streamline","Reprogram"],"picked":"Ball Lightning","floor":7},{"not_picked":["Stack","BootSequence"],"picked":"Multi-Cast","floor":12},{"not_picked":["Rebound","Steam"],"picked":"Darkness","floor":13}],"player_experience":1112081,"relics_obtained":[{"floor":7,"key":"Boot"},{"floor":9,"key":"MawBank"}],"event_choices":[{"damage_healed":0,"gold_gain":0,"player_choice":"Entered Light","damage_taken":15,"max_hp_gain":0,"max_hp_loss":0,"event_name":"Shining Light","floor":10,"gold_loss":0,"cards_upgraded":["Strike_B","Defend_B"]},{"damage_healed":0,"gold_gain":0,"player_choice":"Donut","damage_taken":0,"max_hp_gain":5,"max_hp_loss":0,"event_name":"Big Fish","floor":14,"gold_loss":0}],"is_beta":false,"boss_relics":[],"items_purged_floors":[],"is_endless":false,"potions_floor_spawned":[1,3,7,13],"killed_by":"Hexaghost","ascension_level":0}