{"gold_per_floor":[109,109,61,72,83,83,96,96,96,110,285,285,285,32,32,32],"floor_reached":16,"playtime":1013,"items_purged":[],"score":90,"play_id":"821d0624-de5f-4305-b960-cd706bd0b128","local_time":"20180623194754","is_ascension_mode":false,"campfire_choices":[{"data":"Capacitor","floor":6,"key":"SMITH"},{"data":"Zap","floor":8,"key":"SMITH"},{"floor":12,"key":"REST"},{"data":"Dualcast","floor":15,"key":"SMITH"}],"neow_cost":"NONE","seed_source_timestamp":19636712412084,"circlet_count":0,"master_deck":["Strike_B","Strike_B","Strike_B","Strike_B","Defend_B","Defend_B","Defend_B","Zap+1","Dualcast+1","Barrage","Conserve Battery","Chaos","Capacitor+1","Recycle","Leap"],"relics":["Eternal Feather","Molten Egg 2","Toxic Egg 2"],"potions_floor_usage":[16],"damage_taken":[{"damage":6,"enemies":"Jaw Worm","floor":1,"turns":4},{"damage":0,"enemies":"Cultist","floor":4,"turns":3},{"damage":6,"enemies":"2 Louse","floor":5,"turns":3},{"damage":7,"enemies":"Exordium Wildlife","floor":7,"turns":7},{"damage":39,"enemies":"Exordium Thugs","floor":10,"turns":7},{"damage":56,"enemies":"Hexaghost","floor":16,"turns":10}],"seed_played":"2776481909746034760","potions_obtained":[{"floor":1,"key":"SneckoOil"},{"floor":7,"key":"Ancient Potion"}],"is_trial":false,"path_per_floor":["M","?","$","M","M","R","M","R","T","M","?","R","?","$","R"],"character_chosen":"DEFECT","items_purchased":["Conserve Battery","Toxic Egg 2"],"campfire_rested":1,"item_purchase_floors":[3,14],"current_hp_per_floor":[69,69,69,69,63,67,60,64,64,25,25,53,46,46,52,0],"gold":32,"neow_bonus":"BOSS_RELIC","is_prod":false,"is_daily":false,"chose_seed":false,"campfire_upgraded":3,"win_rate":0,"timestamp":1529776074,"path_taken":["M","?","$","M","M","R","?","R","T","M","?","R","?","$","R","BOSS"],"build_version":"2018-06-21v2","purchased_purges":0,"victory":false,"max_hp_per_floor":[75,75,75,75,75,75,75,75,75,75,75,75,75,75,75,75],"card_choices":[{"not_picked":["Lockon","Auto Shields"],"picked":"Barrage","floor":1},{"not_picked":["FTL","Hologram"],"picked":"Chaos","floor":4},{"not_picked":["Hello World","Steam"],"picked":"Capacitor","floor":5},{"not_picked":["Stack","Gash"],"picked":"Recycle","floor":7},{"not_picked":["Heatsinks","Loop"],"picked":"Leap","floor":10}],"player_experience":269446,"relics_obtained":[{"floor":9,"key":"Molten Egg 2"}],"event_choices":[{"event_name":"Living Wall","player_choice":"Forget","floor":2,"damage_taken":0},{"event_name":"Liars Game","player_choice":"agreed","floor":11,"damage_taken":0},{"event_name":"Golden Wing","player_choice":"Card Removal","floor":13,"damage_taken":0}],"boss_relics":[],"items_purged_floors":[],"is_endless":false,"potions_floor_spawned":[1,7],"killed_by":"Hexaghost","ascension_level":0}