{"gold_per_floor":[119,119,142,142,142,142,156,169,194,194,194,119,31,49,49,148,148,137,37,50,69,93,93,93],"floor_reached":24,"playtime":600,"items_purged":["Strike_G","Strike_G"],"score":338,"play_id":"7cb948e5-a656-4fef-a229-c2dcddc2d004","local_time":"20190201040158","is_ascension_mode":true,"campfire_choices":[{"data":"Neutralize","floor":6,"key":"SMITH"},{"data":"Terror","floor":11,"key":"SMITH"},{"data":"Catalyst","floor":15,"key":"SMITH"},{"data":"Footwork","floor":23,"key":"SMITH"}],"neow_cost":"NONE","seed_source_timestamp":7731672353707,"circlet_count":0,"master_deck":["AscendersBane","Defend_G","Defend_G","Defend_G","Defend_G+1","Defend_G","Strike_G","Strike_G+1","Strike_G","Survivor","Neutralize+1","Terror+1","Bouncing Flask+1","Footwork+1","Catalyst+1","After Image","Escape Plan"],"relics":["Ring of the Serpent","Bronze Scales","Golden Idol","Ancient Tea Set"],"potions_floor_usage":[16,20],"damage_taken":[{"damage":1,"enemies":"Small Slimes","floor":1,"turns":4},{"damage":3,"enemies":"2 Louse","floor":3,"turns":4},{"damage":0,"enemies":"Jaw Worm","floor":7,"turns":3},{"damage":9,"enemies":"3 Louse","floor":8,"turns":4},{"damage":2,"enemies":"Exordium Thugs","floor":14,"turns":5},{"damage":5,"enemies":"The Guardian","floor":16,"turns":7},{"damage":5,"enemies":"2 Thieves","floor":18,"turns":4},{"damage":4,"enemies":"Spheric Guardian","floor":20,"turns":5},{"damage":28,"enemies":"Centurion and Healer","floor":21,"turns":10},{"damage":6,"enemies":"Shelled Parasite and Fungi","floor":22,"turns":10},{"damage":26,"enemies":"Colosseum Slavers","floor":24,"turns":4}],"seed_played":"8994763058357149677","potions_obtained":[{"floor":3,"key":"Strength Potion"},{"floor":7,"key":"Energy Potion"},{"floor":18,"key":"Regen Potion"},{"floor":21,"key":"Strength Potion"}],"is_trial":false,"path_per_floor":["M","?","M","?","?","R","M","M","T","?","R","$","$","M","R","B",null,"M","$","M","M","M","R","?"],"character_chosen":"THE_SILENT","items_purchased":["Footwork"],"campfire_rested":0,"item_purchase_floors":[13],"current_hp_per_floor":[58,58,55,55,37,37,37,28,28,28,28,28,28,26,26,21,50,45,45,56,28,22,22,0],"gold":93,"neow_bonus":"RANDOM_COMMON_RELIC","is_prod":false,"is_daily":false,"chose_seed":false,"campfire_upgraded":4,"win_rate":0,"timestamp":1548964918,"path_taken":["M","?","M","?","?","R","M","?","T","?","R","?","$","M","R","BOSS","M","$","M","M","M","R","?"],"build_version":"2019-01-23","purchased_purges":2,"victory":false,"max_hp_per_floor":[66,60,60,60,60,60,60,60,60,60,60,60,60,60,60,60,60,60,60,60,60,60,60,60],"card_choices":[{"not_picked":["Blade Dance","Deflect"],"picked":"Terror","floor":1},{"not_picked":["Slice","Deflect","Backflip"],"picked":"SKIP","floor":3},{"not_picked":["Finisher","Concentrate"],"picked":"Bouncing Flask","floor":7},{"not_picked":["Blade Dance","Poisoned Stab","Flechettes"],"picked":"SKIP","floor":8},{"not_picked":["Endless Agony","Dash"],"picked":"Catalyst","floor":14},{"not_picked":["Die Die Die","Phantasmal Killer"],"picked":"After Image","floor":16},{"not_picked":["Deadly Poison","Quick Slash","Cloak And Dagger"],"picked":"SKIP","floor":18},{"not_picked":["Eviscerate","Accuracy","Blade Dance"],"picked":"SKIP","floor":20},{"not_picked":["Terror","Dagger Spray"],"picked":"Escape Plan","floor":21},{"not_picked":["Setup","Calculated Gamble","Flying Knee"],"picked":"SKIP","floor":22}],"player_experience":2438374,"relics_obtained":[{"floor":9,"key":"Ancient Tea Set"}],"event_choices":[{"damage_healed":0,"gold_gain":0,"player_choice":"Lose Max HP","damage_taken":0,"relics_obtained":["Golden Idol"],"max_hp_gain":0,"max_hp_loss":6,"event_name":"Golden Idol","floor":2,"gold_loss":0},{"damage_healed":0,"gold_gain":0,"player_choice":"Ignored","damage_taken":0,"max_hp_gain":0,"max_hp_loss":0,"event_name":"Liars Game","floor":4,"gold_loss":0},{"damage_healed":0,"gold_gain":0,"player_choice":"Entered Light","damage_taken":18,"max_hp_gain":0,"max_hp_loss":0,"event_name":"Shining Light","floor":5,"gold_loss":0,"cards_upgraded":["Defend_G","Strike_G"]},{"damage_healed":0,"gold_gain":0,"player_choice":"Upgraded","damage_taken":0,"max_hp_gain":0,"max_hp_loss":0,"event_name":"Upgrade Shrine","floor":10,"gold_loss":0,"cards_upgraded":["Bouncing Flask"]},{"damage_healed":0,"gold_gain":0,"player_choice":"Fight","damage_taken":0,"max_hp_gain":0,"max_hp_loss":0,"event_name":"Colosseum","floor":24,"gold_loss":0}],"is_beta":false,"boss_relics":[{"not_picked":["Snecko Eye","HoveringKite"],"picked":"Ring of the Serpent"}],"items_purged_floors":[12,19],"is_endless":false,"potions_floor_spawned":[3,7,18,21],"killed_by":"Colosseum Slavers","ascension_level":16}