{"gold_per_floor":[363,363,212,212,228,228,249,149,229,253,253,253,128,147,147,276,276,297,310,333,183,283,283,283,299,372,385,398,398,313,138,138,263,263,284,297,318,118,133,133,177,201,201,21,21,40,40,40,40,40],"floor_reached":51,"playtime":2860,"items_purged":["Strike_G","Strike_G","Defend_G","Strike_G","Strike_G","Defend_G","Defend_G"],"score":869,"play_id":"d6c67617-ff39-4149-8ba9-a6fd6b6b6d45","local_time":"20181026100418","is_ascension_mode":false,"campfire_choices":[{"data":"Deadly Poison","floor":6,"key":"SMITH"},{"data":"Footwork","floor":11,"key":"SMITH"},{"data":"Neutralize","floor":15,"key":"SMITH"},{"data":"Night Terror","floor":23,"key":"SMITH"},{"data":"Heel Hook","floor":29,"key":"SMITH"},{"data":"Survivor","floor":32,"key":"SMITH"},{"data":"Wraith Form v2","floor":40,"key":"SMITH"},{"data":"Defend_G","floor":49,"key":"SMITH"}],"neow_cost":"PERCENT_DAMAGE","seed_source_timestamp":2975054467225,"circlet_count":0,"master_deck":["Defend_G+1","Defend_G+1","Strike_G","Survivor+1","Neutralize+1","Dash+1","Footwork+1","Deadly Poison+1","Night Terror+1","Heel Hook+1","Wraith Form v2+1"],"relics":["Ring of the Snake","Golden Idol","Mummified Hand","Runic Pyramid","Pear","Paper Crane","Question Card","Black Star","Gremlin Horn","Molten Egg 2","The Courier","Pocketwatch"],"potions_floor_usage":[27,50,50,50],"damage_taken":[{"damage":3,"enemies":"Jaw Worm","floor":1,"turns":9},{"damage":0,"enemies":"2 Louse","floor":5,"turns":3},{"damage":0,"enemies":"Cultist","floor":7,"turns":4},{"damage":0,"enemies":"Exordium Wildlife","floor":10,"turns":3},{"damage":0,"enemies":"Looter","floor":14,"turns":3},{"damage":42,"enemies":"Slime Boss","floor":16,"turns":18},{"damage":0,"enemies":"Spheric Guardian","floor":18,"turns":6},{"damage":0,"enemies":"3 Byrds","floor":19,"turns":6},{"damage":0,"enemies":"Shelled Parasite and Fungi","floor":20,"turns":8},{"damage":1,"enemies":"Snake Plant","floor":25,"turns":7},{"damage":8,"enemies":"Sentry and Sphere","floor":27,"turns":11},{"damage":0,"enemies":"Centurion and Healer","floor":28,"turns":7},{"damage":0,"enemies":"Champ","floor":33,"turns":4},{"damage":0,"enemies":"3 Darklings","floor":35,"turns":7},{"damage":0,"enemies":"Orb Walker","floor":36,"turns":4},{"damage":0,"enemies":"3 Darklings","floor":37,"turns":7},{"damage":0,"enemies":"Jaw Worm Horde","floor":39,"turns":6},{"damage":0,"enemies":"Giant Head","floor":41,"turns":3},{"damage":0,"enemies":"Transient","floor":42,"turns":5},{"damage":0,"enemies":"Writhing Mass","floor":46,"turns":2},{"damage":21,"enemies":"Awakened One","floor":50,"turns":4}],"seed_played":"253026988623306582","potions_obtained":[{"floor":1,"key":"Block Potion"},{"floor":16,"key":"Ancient Potion"},{"floor":18,"key":"SteroidPotion"},{"floor":27,"key":"Fire Potion"},{"floor":36,"key":"SteroidPotion"}],"is_trial":false,"path_per_floor":["M","?","$","?","M","R","M","$","T","M","R","?","$","M","R","B",null,"M","M","M","$","?","R","?","M","T","M","M","R","?","$","R","B",null,"M","M","M","$","M","R","E","M","T","$","?","M","T","$","R","B"],"character_chosen":"THE_SILENT","items_purchased":["Footwork"],"campfire_rested":0,"item_purchase_floors":[3],"current_hp_per_floor":[46,46,46,65,65,65,65,65,65,65,65,52,52,52,52,10,65,65,65,65,65,65,65,75,74,74,66,66,66,66,66,66,66,75,75,75,75,75,75,75,75,75,75,75,71,71,71,71,71,50],"gold":40,"neow_bonus":"TWO_FIFTY_GOLD","is_prod":false,"is_daily":false,"chose_seed":false,"campfire_upgraded":8,"win_rate":0,"timestamp":1540519458,"path_taken":["M","?","$","?","M","R","M","$","T","M","R","?","?","?","R","BOSS","M","?","M","$","?","R","?","?","T","M","M","R","?","?","R","BOSS","M","M","M","$","M","R","E","M","T","$","?","M","?","?","R","BOSS"],"build_version":"2018-10-25","purchased_purges":7,"victory":true,"max_hp_per_floor":[70,65,65,65,65,65,65,65,65,65,65,65,65,65,65,65,65,65,65,65,65,65,65,75,75,75,75,75,75,75,75,75,75,75,75,75,75,75,75,75,75,75,75,75,71,71,71,71,71,71],"card_choices":[{"not_picked":["Setup","Underhanded Strike"],"picked":"Dash","floor":1},{"not_picked":["Quick Slash","Cloak And Dagger"],"picked":"Deadly Poison","floor":5},{"not_picked":["Dagger Spray","Prepared","Cloak And Dagger"],"picked":"SKIP","floor":7},{"not_picked":["Deflect","Bane","Underhanded Strike"],"picked":"SKIP","floor":10},{"not_picked":["Tactician","Infinite Blades","Backstab"],"picked":"SKIP","floor":14},{"not_picked":["Wraith Form v2","A Thousand Cuts"],"picked":"Night Terror","floor":16},{"not_picked":["Poisoned Stab+1","Quick Slash","Deflect"],"picked":"SKIP","floor":18},{"not_picked":["Deadly Poison","Accuracy","Deflect"],"picked":"SKIP","floor":19},{"not_picked":["Concentrate","Bouncing Flask"],"picked":"Heel Hook","floor":20},{"not_picked":["Crippling Poison","Caltrops+1","Underhanded Strike"],"picked":"SKIP","floor":25},{"not_picked":["Dagger Spray","Dodge and Roll","Sucker Punch"],"picked":"SKIP","floor":27},{"not_picked":["Underhanded Strike+1","Doppelganger","Flying Knee"],"picked":"SKIP","floor":28},{"not_picked":["Grand Finale","Doppelganger","Bullet Time"],"picked":"Wraith Form v2","floor":33},{"not_picked":["Underhanded Strike+1","Eviscerate+1","Dagger Spray+1","Poisoned Stab+1"],"picked":"SKIP","floor":35},{"not_picked":["Poisoned Stab+1","Dodge and Roll","Expertise","Bane"],"picked":"SKIP","floor":36},{"not_picked":["Quick Slash","Outmaneuver+1","Acrobatics","Poisoned Stab"],"picked":"SKIP","floor":37},{"not_picked":["Flying Knee","Infinite Blades","Doppelganger","Deflect+1"],"picked":"SKIP","floor":39},{"not_picked":["Outmaneuver+1","Leg Sweep+1","Riddle With Holes","Dagger Spray"],"picked":"SKIP","floor":41},{"not_picked":["Dodge and Roll","Crippling Poison","Quick Slash+1","Acrobatics"],"picked":"SKIP","floor":42},{"not_picked":["Flying Knee+1","Dagger Spray+1","Cloak And Dagger+1","All Out Attack+1"],"picked":"SKIP","floor":46}],"player_experience":643229,"relics_obtained":[{"floor":9,"key":"Mummified Hand"},{"floor":26,"key":"Paper Crane"},{"floor":41,"key":"Gremlin Horn"},{"floor":41,"key":"Molten Egg 2"},{"floor":43,"key":"The Courier"},{"floor":47,"key":"Pocketwatch"}],"event_choices":[{"damage_healed":0,"gold_gain":0,"player_choice":"Lose Max HP","damage_taken":0,"relics_obtained":["Golden Idol"],"max_hp_gain":0,"max_hp_loss":5,"event_name":"Golden Idol","floor":2,"gold_loss":0},{"damage_healed":21,"gold_gain":0,"player_choice":"Banana","damage_taken":0,"max_hp_gain":0,"max_hp_loss":0,"event_name":"Big Fish","floor":4,"gold_loss":0},{"damage_healed":0,"gold_gain":0,"player_choice":"Entered Light","damage_taken":13,"max_hp_gain":0,"max_hp_loss":0,"event_name":"Shining Light","floor":12,"gold_loss":0,"cards_upgraded":["Defend_G","Dash"]},{"damage_healed":0,"gold_gain":100,"player_choice":"Pray","damage_taken":0,"max_hp_gain":0,"max_hp_loss":0,"event_name":"Golden Shrine","floor":22,"gold_loss":0},{"damage_healed":0,"gold_gain":0,"player_choice":"Opened","damage_taken":0,"relics_obtained":["Pear"],"max_hp_gain":0,"max_hp_loss":0,"event_name":"The Mausoleum","floor":24,"gold_loss":0},{"damage_healed":0,"gold_gain":0,"player_choice":"Obtained Relic","damage_taken":0,"relics_obtained":["Question Card"],"max_hp_gain":0,"max_hp_loss":0,"event_name":"Addict","floor":30,"gold_loss":85},{"damage_healed":0,"gold_gain":0,"player_choice":"Max HP","damage_taken":0,"max_hp_gain":0,"max_hp_loss":4,"event_name":"Winding Halls","floor":45,"gold_loss":0}],"is_beta":false,"boss_relics":[{"not_picked":["Calling Bell","Orrery"],"picked":"Runic Pyramid"},{"not_picked":["Velvet Choker","Fusion Hammer"],"picked":"Black Star"}],"items_purged_floors":[3,8,13,21,31,38,44],"is_endless":false,"potions_floor_spawned":[1,16,18,25,27,33,36,41,42],"ascension_level":0}