{"gold_per_floor":[112,112,29,47,60,60,60,60,133,133,150,150,161,187,187,262,262,282,197,122,122,122,122,122,122,122,122,137,137,148,161,161,235,235,254,154,154,154,154,154,154,154,223,223,223,223,98,132,132,132,132,132,132,0,29,29],"floor_reached":56,"playtime":2682,"items_purged":["Strike_G","Strike_G","Defend_G"],"score":1845,"play_id":"5ebf8695-6e48-4ce5-ae55-6acbdb289933","local_time":"20190123215714","is_ascension_mode":true,"campfire_choices":[{"data":"Neutralize","floor":6.0,"key":"SMITH"},{"data":"Well Laid Plans","floor":8.0,"key":"SMITH"},{"data":"Bouncing Flask","floor":15.0,"key":"SMITH"},{"data":"Noxious Fumes","floor":23.0,"key":"SMITH"},{"data":"Tools of the Trade","floor":25.0,"key":"SMITH"},{"floor":29.0,"key":"RECALL"},{"data":"After Image","floor":32.0,"key":"SMITH"},{"data":"Reflex","floor":40.0,"key":"SMITH"},{"data":"Madness","floor":42.0,"key":"SMITH"},{"data":"Madness","floor":45.0,"key":"SMITH"},{"data":"Malaise","floor":49,"key":"SMITH"},{"data":"After Image","floor":53,"key":"SMITH"}],"neow_cost":"NONE","seed_source_timestamp":28266166315581,"circlet_count":0,"master_deck":["AscendersBane","Defend_G","Defend_G","Defend_G+1","Defend_G+1","Survivor+1","Neutralize+1","After Image+1","Well Laid Plans+1","Bouncing Flask+1","Tools of the Trade+1","After Image+1","Noxious Fumes+1","Acrobatics+1","Flechettes+1","Reflex+1","Madness+1","Madness+1","Malaise+1"],"special_seed":0,"relics":["Ring of the Snake","Pantograph","Juzu Bracelet","Coffee Dripper","Gremlin Horn","Orrery","Pocketwatch","Paper Crane","War Paint","Gambling Chip"],"potions_floor_usage":[48,50,55,56],"damage_taken":[{"damage":1.0,"enemies":"Jaw Worm","floor":1.0,"turns":7.0},{"damage":0.0,"enemies":"Cultist","floor":4.0,"turns":5.0},{"damage":2.0,"enemies":"2 Louse","floor":5.0,"turns":3.0},{"damage":8.0,"enemies":"Exordium Wildlife","floor":11.0,"turns":6.0},{"damage":6.0,"enemies":"Looter","floor":13.0,"turns":4.0},{"damage":1.0,"enemies":"Lagavulin","floor":14.0,"turns":7.0},{"damage":4.0,"enemies":"The Guardian","floor":16.0,"turns":10.0},{"damage":3.0,"enemies":"Shell Parasite","floor":18.0,"turns":7.0},{"damage":0.0,"enemies":"Slavers","floor":24.0,"turns":1.0},{"damage":15.0,"enemies":"Colosseum Slavers","floor":27.0,"turns":6.0},{"damage":11.0,"enemies":"Spheric Guardian","floor":28.0,"turns":4.0},{"damage":18.0,"enemies":"3 Cultists","floor":30.0,"turns":6.0},{"damage":0.0,"enemies":"Snake Plant","floor":31.0,"turns":5.0},{"damage":30.0,"enemies":"Automaton","floor":33.0,"turns":10.0},{"damage":0.0,"enemies":"Orb Walker","floor":35.0,"turns":4.0},{"damage":0,"enemies":"Reptomancer","floor":48,"turns":5},{"damage":36,"enemies":"Awakened One","floor":50,"turns":6},{"damage":4,"enemies":"Donu and Deca","floor":51,"turns":7},{"damage":44,"enemies":"Shield and Spear","floor":55,"turns":10},{"damage":32,"enemies":"The Heart","floor":56,"turns":9}],"seed_played":"4478244376273445264","potions_obtained":[{"floor":5.0,"key":"SteroidPotion"},{"floor":11.0,"key":"SmokeBomb"},{"floor":28.0,"key":"Block Potion"},{"floor":33.0,"key":"PowerPotion"},{"floor":48,"key":"PowerPotion"}],"is_trial":false,"path_per_floor":["M","?","$","M","M","R","$","R","T","?","M","?","M","E","R","B",null,"M","?","$","?","?","R","E","R","T","?","M","R","M","M","R","B",null,"M","$","?","?","?","R","?","R","T","?","R","?","$","E","R","B","B",null,"R","$","E","B"],"character_chosen":"THE_SILENT","items_purchased":["Well Laid Plans","Swift Potion","LiquidBronze"],"campfire_rested":0,"item_purchase_floors":[3,54,54],"current_hp_per_floor":[58,58,58,58,56,56,56,56,56,56,48,48,42,41,41,62,65,62,62,62,62,62,62,62,62,62,47,36,36,18,18,18,13,53,53,53,41,41,41,41,41,41,41,41,41,41,41,41,41,30,51,62,62,62,18,11],"gold":29,"neow_bonus":"ONE_RANDOM_RARE_CARD","is_prod":false,"is_daily":false,"chose_seed":false,"campfire_upgraded":11,"win_rate":0,"timestamp":1548251834,"path_taken":["M","?","$","M","?","R","$","R","T","?","?","?","M","E","R","BOSS","M","?","$","?","?","R","E","R","T","?","M","R","M","M","R","BOSS","M","$","?","?","?","R","?","R","T","?","R","?","$","E","R","BOSS","BOSS","R","$","E","BOSS"],"build_version":"2019-01-17v2","purchased_purges":3,"victory":false,"max_hp_per_floor":[66,66,66,66,66,66,66,66,66,66,66,66,66,66,66,66,66,66,66,66,66,66,66,66,66,66,66,66,66,66,66,66,66,66,66,66,66,66,66,66,66,66,66,66,66,66,66,66,66,66,66,66,66,66,66,66],"card_choices":[{"not_picked":["PiercingWail","Deflect","Predator"],"picked":"SKIP","floor":1.0},{"not_picked":["Deflect","Outmaneuver","Quick Slash"],"picked":"SKIP","floor":4.0},{"not_picked":["Dagger Spray","PiercingWail","Dash"],"picked":"SKIP","floor":5.0},{"not_picked":["Quick Slash","Dagger Throw"],"picked":"Bouncing Flask","floor":11.0},{"not_picked":["Deadly Poison","Dagger Throw","Dagger Spray"],"picked":"SKIP","floor":13.0},{"not_picked":["Dash","Sucker Punch","Dagger Spray"],"picked":"SKIP","floor":14.0},{"not_picked":["Corpse Explosion","Envenom"],"picked":"After Image","floor":16.0},{"not_picked":["Leg Sweep","Dodge and Roll"],"picked":"Noxious Fumes","floor":18.0},{"not_picked":["Finisher","Bane","Predator"],"picked":"SKIP","floor":28.0},{"not_picked":["Poisoned Stab","Dagger Spray"],"picked":"Acrobatics+1","floor":30.0},{"not_picked":["Poisoned Stab+1","Outmaneuver"],"picked":"Flechettes+1","floor":31.0},{"not_picked":["Acrobatics","Flechettes"],"picked":"Catalyst","floor":34.0},{"not_picked":["Sucker Punch","Poisoned Stab"],"picked":"Reflex","floor":34.0},{"not_picked":["Eviscerate+1","Accuracy","Outmaneuver+1"],"picked":"SKIP","floor":35.0},{"not_picked":["Eviscerate+1","Accuracy","Outmaneuver+1"],"picked":"SKIP","floor":35.0},{"not_picked":["Dagger Throw","Dagger Spray+1"],"picked":"Malaise","floor":48},{"not_picked":["Dagger Spray","Prepared","Distraction+1"],"picked":"SKIP","floor":55}],"player_experience":2179074,"relics_obtained":[{"floor":9.0,"key":"Pantograph"},{"floor":14.0,"key":"Juzu Bracelet"},{"floor":43.0,"key":"Paper Crane"},{"floor":48,"key":"War Paint"},{"floor":55,"key":"Gambling Chip"}],"event_choices":[{"cards_removed":["Strike_G"],"damage_healed":0.0,"max_hp_gain":0.0,"max_hp_loss":0.0,"gold_gain":0.0,"event_name":"Wheel of Change","player_choice":"Card Removal","floor":2.0,"gold_loss":0.0,"damage_taken":0.0},{"damage_healed":0.0,"max_hp_gain":0.0,"max_hp_loss":0.0,"gold_gain":0.0,"event_name":"Upgrade Shrine","player_choice":"Upgraded","floor":10.0,"gold_loss":0.0,"damage_taken":0.0,"cards_upgraded":["Survivor"]},{"damage_healed":0.0,"max_hp_gain":0.0,"max_hp_loss":0.0,"gold_gain":0.0,"cards_transformed":["Strike_G"],"event_name":"Living Wall","player_choice":"Change","floor":12.0,"gold_loss":0.0,"damage_taken":0.0,"cards_obtained":["Tools of the Trade"]},{"damage_healed":0.0,"max_hp_gain":0.0,"max_hp_loss":0.0,"gold_gain":0.0,"event_name":"Addict","player_choice":"Obtained Relic","floor":19.0,"gold_loss":85.0,"damage_taken":0.0,"relics_obtained":["Gremlin Horn"]},{"damage_healed":0.0,"max_hp_gain":0.0,"max_hp_loss":0.0,"gold_gain":0.0,"event_name":"Vampires","player_choice":"Ignored","floor":21.0,"gold_loss":0.0,"damage_taken":0.0},{"damage_healed":0.0,"max_hp_gain":0.0,"max_hp_loss":0.0,"gold_gain":0.0,"event_name":"The Mausoleum","player_choice":"Ignored","floor":22.0,"gold_loss":0.0,"damage_taken":0.0},{"damage_healed":0.0,"max_hp_gain":0.0,"max_hp_loss":0.0,"gold_gain":0.0,"event_name":"Colosseum","player_choice":"Fight","floor":27.0,"gold_loss":0.0,"damage_taken":0.0},{"damage_healed":0.0,"max_hp_gain":0.0,"max_hp_loss":0.0,"gold_gain":0.0,"event_name":"Colosseum","player_choice":"Fled From Nobs","floor":27.0,"gold_loss":0.0,"damage_taken":0.0},{"damage_healed":0.0,"max_hp_gain":0.0,"max_hp_loss":0.0,"gold_gain":0.0,"event_name":"Winding Halls","player_choice":"Embrace Madness","floor":37.0,"gold_loss":0.0,"damage_taken":12.0,"cards_obtained":["Madness","Madness"]},{"cards_removed":["Catalyst"],"damage_healed":0.0,"max_hp_gain":0.0,"max_hp_loss":0.0,"gold_gain":0.0,"event_name":"WeMeetAgain","player_choice":"Gave Card","floor":38.0,"gold_loss":0.0,"damage_taken":0.0,"relics_obtained":["Pocketwatch"]},{"cards_removed":["Strike_G"],"damage_healed":0.0,"max_hp_gain":0.0,"max_hp_loss":0.0,"gold_gain":0.0,"event_name":"Falling","player_choice":"Removed Attack","floor":39.0,"gold_loss":0.0,"damage_taken":0.0},{"damage_healed":0.0,"max_hp_gain":0.0,"max_hp_loss":0.0,"gold_gain":0.0,"event_name":"SensoryStone","player_choice":"Memory 1","floor":41.0,"gold_loss":0.0,"damage_taken":0.0},{"damage_healed":0.0,"max_hp_gain":0.0,"max_hp_loss":0.0,"gold_gain":0.0,"event_name":"Tomb of Lord Red Mask","player_choice":"Ignored","floor":44.0,"gold_loss":0.0,"damage_taken":0.0},{"damage_healed":0.0,"max_hp_gain":0.0,"max_hp_loss":0.0,"gold_gain":0.0,"event_name":"Mysterious Sphere","player_choice":"Ignored","floor":46.0,"gold_loss":0.0,"damage_taken":0.0}],"is_beta":false,"boss_relics":[{"not_picked":["Astrolabe","Cursed Key"],"picked":"Coffee Dripper"},{"not_picked":["Runic Dome","Pandora\u0027s Box"],"picked":"Orrery"}],"items_purged_floors":[20,36,47],"is_endless":false,"potions_floor_spawned":[5,11,18,28,33,48],"killed_by":"The Heart","ascension_level":20}