{"gold_per_floor":[118,118,118,191,205,249,249,524,550,569,569,42,60,103,103,196,196,220,238,3,19,19,19,57,81,105,126,41,82,82,82,82,177,177,201,67,67,85,85,85,418,453,453,472,490,521,533,552,552,552,552,552,552,64,93,93],"floor_reached":57,"playtime":2407,"items_purged":["Regret","Strike_G","Poisoned Stab","Infinite Blades"],"score":3445,"play_id":"77ed70fa-5df1-4fa8-bd8b-b4dde1891794","local_time":"20190730162800","is_ascension_mode":true,"campfire_choices":[{"data":"Tactician","floor":7.0,"key":"SMITH"},{"data":"Deadly Poison","floor":11.0,"key":"SMITH"},{"data":"Calculated Gamble","floor":15.0,"key":"SMITH"},{"data":"Catalyst","floor":23.0,"key":"SMITH"},{"data":"Well Laid Plans","floor":32.0,"key":"SMITH"},{"data":"Calculated Gamble","floor":40.0,"key":"SMITH"},{"floor":49.0,"key":"RECALL"},{"data":"Reflex","floor":53.0,"key":"SMITH"}],"neow_cost":"NONE","seed_source_timestamp":163250093858831,"circlet_count":0,"master_deck":["AscendersBane","Survivor","Tactician+1","Expertise+1","Deadly Poison+1","Calculated Gamble+1","Noxious Fumes","Corpse Explosion","Adrenaline","Catalyst+1","Purity","Calculated Gamble+1","Well Laid Plans+1","Reflex+1","Cloak And Dagger","Reflex","Eviscerate","After Image","Deadly Poison","Catalyst","Prepared+1","Acrobatics+1","Calculated Gamble+1","Night Terror+1"],"special_seed":0,"relics":["Ring of the Snake","NeowsBlessing","Mango","War Paint","Kunai","Dream Catcher","Empty Cage","Pen Nib","Snake Skull","Centennial Puzzle","The Courier","Pandora\u0027s Box","Toxic Egg 2","Peace Pipe","Boot","Incense Burner","Vajra"],"potions_floor_usage":[56],"damage_taken":[{"damage":0.0,"enemies":"Small Slimes","floor":1.0,"turns":1.0},{"damage":0.0,"enemies":"Jaw Worm","floor":5.0,"turns":1.0},{"damage":0.0,"enemies":"3 Sentries","floor":6.0,"turns":2.0},{"damage":19.0,"enemies":"Cultist","floor":10.0,"turns":5.0},{"damage":1.0,"enemies":"Red Slaver","floor":13.0,"turns":3.0},{"damage":51.0,"enemies":"Gremlin Nob","floor":14.0,"turns":4.0},{"damage":14.0,"enemies":"Hexaghost","floor":16.0,"turns":8.0},{"damage":12.0,"enemies":"Chosen","floor":18.0,"turns":5.0},{"damage":10.0,"enemies":"Spheric Guardian","floor":19.0,"turns":4.0},{"damage":0.0,"enemies":"3 Cultists","floor":21.0,"turns":3.0},{"damage":17.0,"enemies":"Book of Stabbing","floor":24.0,"turns":4.0},{"damage":0.0,"enemies":"Shelled Parasite and Fungi","floor":25.0,"turns":3.0},{"damage":2.0,"enemies":"Snake Plant","floor":27.0,"turns":4.0},{"damage":0.0,"enemies":"Gremlin Leader","floor":29.0,"turns":5.0},{"damage":0.0,"enemies":"Champ","floor":33.0,"turns":9.0},{"damage":0.0,"enemies":"3 Shapes","floor":35.0,"turns":3.0},{"damage":5.0,"enemies":"Orb Walker","floor":38.0,"turns":2.0},{"damage":0.0,"enemies":"Nemesis","floor":42.0,"turns":5.0},{"damage":23.0,"enemies":"Spire Growth","floor":44.0,"turns":3.0},{"damage":32.0,"enemies":"Jaw Worm Horde","floor":45.0,"turns":2.0},{"damage":0.0,"enemies":"Reptomancer","floor":46.0,"turns":2.0},{"damage":1.0,"enemies":"4 Shapes","floor":47.0,"turns":3.0},{"damage":0.0,"enemies":"Writhing Mass","floor":48.0,"turns":2.0},{"damage":0.0,"enemies":"Awakened One","floor":50.0,"turns":2.0},{"damage":0.0,"enemies":"Donu and Deca","floor":51.0,"turns":2.0},{"damage":0.0,"enemies":"Shield and Spear","floor":55.0,"turns":2.0},{"damage":49,"enemies":"The Heart","floor":56,"turns":5}],"seed_played":"4428627882252678493","potions_obtained":[{"floor":1.0,"key":"Fruit Juice"},{"floor":5.0,"key":"Regen Potion"},{"floor":14.0,"key":"AttackPotion"},{"floor":19.0,"key":"GhostInAJar"},{"floor":24.0,"key":"SkillPotion"},{"floor":25.0,"key":"GhostInAJar"},{"floor":27.0,"key":"Fire Potion"},{"floor":44.0,"key":"AttackPotion"},{"floor":47.0,"key":"Block Potion"},{"floor":48.0,"key":"Explosive Potion"}],"is_trial":false,"path_per_floor":["M","?","?","T","M","E","R","?","T","M","R","$","M","E","R","B",null,"M","M","$","M","$","R","E","M","T","M","?","E","?","?","R","B",null,"M","$","?","M","?","R","?","E","T","M","M","E","M","M","R","B","B",null,"R","$","E","B",null],"character_chosen":"THE_SILENT","items_purchased":["Kunai","Calculated Gamble","Noxious Fumes","PowerPotion","Purity","Calculated Gamble","Catalyst","Incense Burner","Night Terror+1","PowerPotion"],"campfire_rested":0,"item_purchase_floors":[12,12,12,12,20,20,36,54,54,54],"current_hp_per_floor":[64,64,64,64,64,78,78,78,78,59,59,59,58,7,7,8,61,49,39,39,39,39,39,22,22,22,20,20,20,20,20,20,20,64,64,64,64,59,59,59,59,59,59,36,4,4,3,3,3,3,3,56,56,56,56,7],"gold":93,"neow_bonus":"THREE_ENEMY_KILL","is_prod":false,"is_daily":false,"chose_seed":false,"campfire_upgraded":7,"win_rate":0,"timestamp":1564471680,"path_taken":["M","?","?","?","?","E","R","?","T","M","R","$","M","E","R","BOSS","M","?","$","M","?","R","E","M","T","M","?","E","?","?","R","BOSS","M","$","?","M","?","R","?","E","T","M","M","E","M","M","R","BOSS","BOSS","R","$","E","BOSS"],"build_version":"2019-07-17","purchased_purges":4,"victory":true,"max_hp_per_floor":[71,64,64,64,64,78,78,78,78,78,78,78,78,78,78,78,78,78,78,78,78,78,78,78,78,78,78,78,78,78,78,78,78,78,78,78,74,74,74,74,74,74,74,74,74,74,74,74,74,74,74,74,74,74,74,74],"card_choices":[{"not_picked":["Backflip","Eviscerate"],"picked":"Tactician","floor":1.0},{"not_picked":["Dagger Throw","Slice","Dagger Spray"],"picked":"SKIP","floor":5.0},{"not_picked":["Crippling Poison","Deflect"],"picked":"Infinite Blades","floor":6.0},{"not_picked":["Dagger Throw","Prepared"],"picked":"Deadly Poison","floor":10.0},{"not_picked":["PiercingWail","Heel Hook"],"picked":"Corpse Explosion","floor":13.0},{"not_picked":["Masterful Stab","Blur","Deadly Poison"],"picked":"SKIP","floor":14.0},{"not_picked":["Burst","Wraith Form v2"],"picked":"Adrenaline","floor":16.0},{"not_picked":["Deadly Poison","Dagger Throw","Outmaneuver"],"picked":"SKIP","floor":18.0},{"not_picked":["Quick Slash","Slice+1"],"picked":"Catalyst","floor":19.0},{"not_picked":["Bouncing Flask","Slice","Setup"],"picked":"SKIP","floor":21.0},{"not_picked":["Dagger Throw","Slice"],"picked":"Well Laid Plans","floor":24.0},{"not_picked":["Flying Knee+1","Masterful Stab","Cloak And Dagger"],"picked":"SKIP","floor":25.0},{"not_picked":["Outmaneuver","PiercingWail","Blade Dance"],"picked":"SKIP","floor":27.0},{"not_picked":["Backflip","Bane","Underhanded Strike+1"],"picked":"SKIP","floor":29.0},{"not_picked":["Backflip","Bane","Underhanded Strike+1"],"picked":"SKIP","floor":29.0},{"not_picked":["PiercingWail+1","Reflex","Backflip"],"picked":"SKIP","floor":35.0},{"not_picked":["Underhanded Strike+1","Deflect","Choke+1"],"picked":"SKIP","floor":38.0},{"not_picked":["Slice","Well Laid Plans","Cloak And Dagger+1"],"picked":"SKIP","floor":42.0},{"not_picked":["Calculated Gamble+1","Underhanded Strike","Deadly Poison+1"],"picked":"SKIP","floor":44.0},{"not_picked":["Infinite Blades","Terror+1","Poisoned Stab"],"picked":"SKIP","floor":45.0},{"not_picked":["Corpse Explosion+1","Concentrate+1"],"picked":"Prepared+1","floor":46.0},{"not_picked":["Expertise+1","Backflip+1"],"picked":"Acrobatics+1","floor":47.0},{"not_picked":["Crippling Poison+1","PiercingWail+1"],"picked":"Calculated Gamble+1","floor":48.0},{"not_picked":["Backstab+1","Endless Agony","Venomology+1"],"picked":"SKIP","floor":55.0}],"player_experience":688784,"relics_obtained":[{"floor":6.0,"key":"Mango"},{"floor":9.0,"key":"War Paint"},{"floor":14.0,"key":"Dream Catcher"},{"floor":24.0,"key":"Pen Nib"},{"floor":26.0,"key":"Snake Skull"},{"floor":29.0,"key":"The Courier"},{"floor":42.0,"key":"Toxic Egg 2"},{"floor":43.0,"key":"Peace Pipe"},{"floor":46.0,"key":"Boot"},{"floor":55.0,"key":"Vajra"}],"event_choices":[{"damage_healed":0.0,"max_hp_gain":0.0,"max_hp_loss":7.0,"gold_gain":0.0,"event_name":"Golden Idol","player_choice":"Lose Max HP","floor":2.0,"gold_loss":0.0,"damage_taken":0.0,"relics_obtained":["Golden Idol"]},{"damage_healed":0.0,"max_hp_gain":0.0,"max_hp_loss":0.0,"gold_gain":0.0,"cards_transformed":["Strike_G"],"event_name":"Living Wall","player_choice":"Change","floor":3.0,"gold_loss":0.0,"damage_taken":0.0,"cards_obtained":["Expertise"]},{"damage_healed":0.0,"max_hp_gain":0.0,"max_hp_loss":0.0,"gold_gain":275.0,"event_name":"Golden Shrine","player_choice":"Desecrate","floor":8.0,"gold_loss":0.0,"damage_taken":0.0,"cards_obtained":["Regret"]},{"damage_healed":0.0,"max_hp_gain":0.0,"max_hp_loss":0.0,"gold_gain":0.0,"event_name":"Addict","player_choice":"Obtained Relic","floor":28.0,"gold_loss":85.0,"damage_taken":0.0,"relics_obtained":["Centennial Puzzle"]},{"damage_healed":0.0,"max_hp_gain":0.0,"max_hp_loss":0.0,"gold_gain":0.0,"event_name":"The Library","player_choice":"Read","floor":30.0,"gold_loss":0.0,"damage_taken":0.0,"cards_obtained":["Reflex"]},{"damage_healed":0.0,"max_hp_gain":0.0,"max_hp_loss":0.0,"gold_gain":0.0,"event_name":"The Mausoleum","player_choice":"Ignored","floor":31.0,"gold_loss":0.0,"damage_taken":0.0},{"damage_healed":0.0,"max_hp_gain":0.0,"max_hp_loss":4.0,"gold_gain":0.0,"event_name":"Winding Halls","player_choice":"Max HP","floor":37.0,"gold_loss":0.0,"damage_taken":0.0},{"cards_removed":["Neutralize"],"damage_healed":0.0,"max_hp_gain":0.0,"max_hp_loss":0.0,"gold_gain":0.0,"event_name":"Falling","player_choice":"Removed Attack","floor":39.0,"gold_loss":0.0,"damage_taken":0.0},{"damage_healed":0.0,"max_hp_gain":0.0,"max_hp_loss":0.0,"gold_gain":333.0,"event_name":"The Moai Head","player_choice":"Gave Idol","floor":41.0,"relics_lost":["Golden Idol"],"gold_loss":0.0,"damage_taken":0.0}],"is_beta":false,"boss_relics":[{"not_picked":["Ectoplasm","Velvet Choker"],"picked":"Empty Cage"},{"not_picked":["WristBlade","Tiny House"],"picked":"Pandora\u0027s Box"}],"items_purged_floors":[12,20,36,54],"is_endless":false,"potions_floor_spawned":[1,5,14,19,24,25,27,44,47,48,55],"ascension_level":20}