{"gold_per_floor":[112,112,62,62,76,76,86,86,110,110,130,161,174,200,200,305,305,319,102,17,17,33,33,59,59,82,82,98,114,14,26,26,126,126,145,145,245,245,245,245,269,269,269,269,280,117,128,0,0,0],"floor_reached":51,"playtime":1868,"items_purged":["Strike_B","Defend_B","Defend_B"],"score":696,"play_id":"eada6bee-4084-463f-8ffa-740caea7e93c","local_time":"20190718073112","is_ascension_mode":false,"campfire_choices":[{"data":"Dualcast","floor":6.0,"key":"SMITH"},{"data":"Consume","floor":10.0,"key":"SMITH"},{"data":"Zap","floor":15.0,"key":"SMITH"},{"data":"Capacitor","floor":23.0,"key":"SMITH"},{"data":"Creative AI","floor":25.0,"key":"SMITH"},{"data":"Self Repair","floor":27.0,"key":"SMITH"},{"data":"Defragment","floor":32.0,"key":"SMITH"},{"floor":40,"key":"REST"},{"floor":42,"key":"REST"},{"floor":44,"key":"REST"},{"floor":49,"key":"REST"}],"neow_cost":"NONE","seed_source_timestamp":0,"circlet_count":0,"master_deck":["Strike_B+1","Defend_B","Defend_B+1","Zap+1","Dualcast+1","Hyperbeam+1","Genetic Algorithm","Consume+1","Skim","Cold Snap","Self Repair+1","Meteor Strike","Echo Form","Capacitor+1","Creative AI+1","Defragment+1","Core Surge","Storm","Storm"],"special_seed":0,"relics":["FrozenCore","Potion Belt","DataDisk","Strawberry","Boot","Juzu Bracelet","Mercury Hourglass","Pen Nib","Fusion Hammer","Regal Pillow","The Courier","Red Mask"],"potions_floor_usage":[50,50,50,50,50,50,50],"damage_taken":[{"damage":0.0,"enemies":"2 Louse","floor":1.0,"turns":2.0},{"damage":0.0,"enemies":"Small Slimes","floor":5.0,"turns":2.0},{"damage":0.0,"enemies":"Cultist","floor":7.0,"turns":2.0},{"damage":0.0,"enemies":"Exordium Thugs","floor":11.0,"turns":2.0},{"damage":8.0,"enemies":"3 Sentries","floor":12.0,"turns":4.0},{"damage":0.0,"enemies":"Red Slaver","floor":13.0,"turns":2.0},{"damage":12.0,"enemies":"Lagavulin","floor":14.0,"turns":4.0},{"damage":25.0,"enemies":"Hexaghost","floor":16.0,"turns":9.0},{"damage":0.0,"enemies":"Chosen","floor":18.0,"turns":7.0},{"damage":2.0,"enemies":"Spheric Guardian","floor":22.0,"turns":6.0},{"damage":29.0,"enemies":"Slavers","floor":24.0,"turns":2.0},{"damage":9.0,"enemies":"Snecko","floor":28.0,"turns":6.0},{"damage":18.0,"enemies":"Centurion and Healer","floor":29.0,"turns":8.0},{"damage":1.0,"enemies":"3 Cultists","floor":31.0,"turns":4.0},{"damage":5.0,"enemies":"Automaton","floor":33.0,"turns":10.0},{"damage":0,"enemies":"3 Shapes","floor":35,"turns":4},{"damage":34,"enemies":"3 Darklings","floor":45,"turns":3},{"damage":0,"enemies":"Sphere and 2 Shapes","floor":47,"turns":6},{"damage":62,"enemies":"Donu and Deca","floor":50,"turns":6}],"seed_played":"-7876948297863998482","potions_obtained":[{"floor":1.0,"key":"Explosive Potion"},{"floor":5.0,"key":"Weak Potion"},{"floor":7.0,"key":"EntropicBrew"},{"floor":14.0,"key":"PowerPotion"},{"floor":16.0,"key":"Poison Potion"},{"floor":22.0,"key":"SkillPotion"}],"is_trial":false,"path_per_floor":["M","?","?","?","M","R","M","T","T","R","M","E","M","E","R","B",null,"M","$","?","?","M","R","E","R","T","R","M","M","$","M","R","B",null,"M","?","?","?","?","R","T","R","T","R","M","$","M","?","R","B",null],"character_chosen":"DEFECT","items_purchased":["Echo Form","Storm"],"campfire_rested":4,"item_purchase_floors":[19,46],"current_hp_per_floor":[75,60,60,60,60,60,60,60,60,60,60,59,59,47,47,29,82,82,82,82,82,82,82,53,53,53,53,64,66,66,75,75,80,82,82,82,82,82,78,78,78,78,78,78,54,54,54,54,78,16],"gold":0,"neow_bonus":"TRANSFORM_CARD","is_prod":false,"is_daily":false,"chose_seed":false,"campfire_upgraded":7,"win_rate":0,"timestamp":1563406272,"path_taken":["M","?","?","?","M","R","?","?","T","R","M","E","?","E","R","BOSS","M","$","?","?","M","R","E","R","T","R","M","M","?","M","R","BOSS","M","?","?","?","?","R","?","R","T","R","M","$","M","?","R","BOSS"],"build_version":"2019-07-05","purchased_purges":3,"victory":true,"max_hp_per_floor":[75,75,75,75,75,75,75,75,75,75,75,82,82,82,82,82,82,82,82,82,82,82,82,82,82,82,82,82,82,82,82,82,82,82,82,82,82,82,78,78,78,78,78,78,78,78,78,78,78,78],"card_choices":[{"not_picked":["Static Discharge","Steam","Streamline"],"picked":"SKIP","floor":1.0},{"not_picked":["Turbo","Streamline"],"picked":"Genetic Algorithm","floor":5.0},{"not_picked":["Electrodynamics","Stack"],"picked":"Consume","floor":7.0},{"not_picked":["Turbo","Conserve Battery"],"picked":"Skim","floor":11.0},{"not_picked":["Steam","Amplify","Force Field"],"picked":"SKIP","floor":12.0},{"not_picked":["Hologram","Stack"],"picked":"Cold Snap","floor":13.0},{"not_picked":["Aggregate","Sunder"],"picked":"Self Repair","floor":14.0},{"not_picked":["Fission","Buffer"],"picked":"Meteor Strike","floor":16.0},{"not_picked":["Beam Cell","Conserve Battery","Go for the Eyes"],"picked":"SKIP","floor":18.0},{"not_picked":["Rebound","Conserve Battery","Gash"],"picked":"SKIP","floor":22.0},{"not_picked":["Reinforced Body","Doom and Gloom+1"],"picked":"Creative AI","floor":24.0},{"not_picked":["Sweeping Beam","Leap","Redo"],"picked":"SKIP","floor":28.0},{"not_picked":["Hello World","Hologram+1"],"picked":"Defragment","floor":29.0},{"not_picked":["Force Field+1","Beam Cell+1","Compile Driver"],"picked":"SKIP","floor":31.0},{"not_picked":["Machine Learning","Fission"],"picked":"Core Surge","floor":33.0},{"not_picked":["Hologram","Cold Snap+1","Steam Power"],"picked":"SKIP","floor":35},{"not_picked":["Leap+1","Genetic Algorithm+1","Cold Snap"],"picked":"SKIP","floor":45},{"not_picked":["Rip and Tear","Steam"],"picked":"Storm","floor":47}],"player_experience":5774769,"relics_obtained":[{"floor":8.0,"key":"Potion Belt"},{"floor":9.0,"key":"DataDisk"},{"floor":12.0,"key":"Strawberry"},{"floor":14.0,"key":"Boot"},{"floor":24.0,"key":"Mercury Hourglass"},{"floor":26.0,"key":"Pen Nib"},{"floor":41,"key":"Regal Pillow"},{"floor":43,"key":"The Courier"}],"event_choices":[{"damage_healed":0.0,"max_hp_gain":0.0,"max_hp_loss":0.0,"gold_gain":0.0,"event_name":"Shining Light","player_choice":"Entered Light","floor":2.0,"gold_loss":0.0,"damage_taken":15.0,"cards_upgraded":["Defend_B","Strike_B"]},{"cards_removed":["Strike_B"],"damage_healed":0.0,"max_hp_gain":0.0,"max_hp_loss":0.0,"gold_gain":0.0,"event_name":"The Cleric","player_choice":"Card Removal","floor":3.0,"gold_loss":50.0,"damage_taken":0.0},{"damage_healed":0.0,"max_hp_gain":0.0,"max_hp_loss":0.0,"gold_gain":0.0,"event_name":"Upgrade Shrine","player_choice":"Upgraded","floor":4.0,"gold_loss":0.0,"damage_taken":0.0,"cards_upgraded":["Hyperbeam"]},{"damage_healed":0.0,"max_hp_gain":0.0,"max_hp_loss":0.0,"gold_gain":0.0,"event_name":"Addict","player_choice":"Obtained Relic","floor":20.0,"gold_loss":85.0,"damage_taken":0.0,"relics_obtained":["Juzu Bracelet"]},{"damage_healed":0.0,"max_hp_gain":0.0,"max_hp_loss":0.0,"gold_gain":0.0,"event_name":"The Library","player_choice":"Read","floor":21.0,"gold_loss":0.0,"damage_taken":0.0,"cards_obtained":["Capacitor"]},{"damage_healed":0,"gold_gain":0,"player_choice":"Bought 0 Potions","damage_taken":0,"max_hp_gain":0,"max_hp_loss":0,"event_name":"The Woman in Blue","floor":36,"gold_loss":0},{"damage_healed":0,"gold_gain":100,"player_choice":"Pray","damage_taken":0,"max_hp_gain":0,"max_hp_loss":0,"event_name":"Golden Shrine","floor":37,"gold_loss":0},{"damage_healed":0,"gold_gain":0,"player_choice":"Ignored","damage_taken":0,"max_hp_gain":0,"max_hp_loss":0,"event_name":"Mysterious Sphere","floor":38,"gold_loss":0},{"damage_healed":0,"gold_gain":0,"player_choice":"Max HP","damage_taken":0,"max_hp_gain":0,"max_hp_loss":4,"event_name":"Winding Halls","floor":39,"gold_loss":0},{"damage_healed":0,"gold_gain":0,"player_choice":"Paid","damage_taken":0,"relics_obtained":["Red Mask"],"max_hp_gain":0,"max_hp_loss":0,"event_name":"Tomb of Lord Red Mask","floor":48,"gold_loss":128}],"is_beta":false,"boss_relics":[{"not_picked":["Tiny House","Velvet Choker"],"picked":"FrozenCore"},{"not_picked":["Astrolabe","Runic Pyramid"],"picked":"Fusion Hammer"}],"items_purged_floors":[19,30,46],"is_endless":false,"potions_floor_spawned":[1,5,7,14,16,22,24,33,47],"ascension_level":0}