{"gold_per_floor":[111,59,77,91,16,50,73,73,73,73,73,108,108,127,127,229,229,239,159,171,189,89,89,104,104,159,159,186,196,206,86,86,182,182,202,62,62,62,74,74,74,74,74,74,24,38,56,56,56,56],"floor_reached":51,"playtime":1375,"items_purged":["Strike_G","Pain","Defend_G","Strike_G","Defend_G","Defend_G+1"],"score":773,"play_id":"bc1948f1-0928-4cb6-a390-b7b4ee461b93","local_time":"20181104105146","is_ascension_mode":false,"campfire_choices":[{"data":"Catalyst","floor":8.0,"key":"SMITH"},{"data":"Deadly Poison","floor":10.0,"key":"SMITH"},{"data":"Noxious Fumes","floor":15.0,"key":"SMITH"},{"data":"Well Laid Plans","floor":23.0,"key":"SMITH"},{"data":"Neutralize","floor":25.0,"key":"SMITH"},{"data":"Concentrate","floor":27.0,"key":"SMITH"},{"data":"Corpse Explosion","floor":32.0,"key":"SMITH"},{"data":"Reflex","floor":40,"key":"SMITH"},{"data":"Tactician","floor":49,"key":"SMITH"}],"neow_cost":"NONE","seed_source_timestamp":2775509886749,"circlet_count":0,"master_deck":["Survivor+1","Neutralize+1","Catalyst+1","Backflip+1","Deadly Poison+1","Backstab+1","Backflip+1","Noxious Fumes+1","Tools of the Trade+1","Tactician+1","Deadly Poison+1","All Out Attack+1","Well Laid Plans+1","Bouncing Flask+1","Concentrate+1","Well Laid Plans+1","Corpse Explosion+1","Burst+1","Heel Hook+1","Tactician+1","All Out Attack+1","Reflex+1","Reflex+1","Escape Plan+1","Acrobatics","Tactician+1"],"special_seed":0,"relics":["Ring of the Snake","Vajra","Happy Flower","The Courier","Prayer Wheel","WarpedTongs","Coffee Dripper","Tiny Chest","Boot","Astrolabe","Sundial","Mark of the Bloom","PreservedInsect","Smiling Mask"],"potions_floor_usage":[39,50,50],"damage_taken":[{"damage":2.0,"enemies":"Cultist","floor":1.0,"turns":5.0},{"damage":0.0,"enemies":"Small Slimes","floor":3.0,"turns":3.0},{"damage":3.0,"enemies":"Jaw Worm","floor":4.0,"turns":2.0},{"damage":29.0,"enemies":"Gremlin Nob","floor":6.0,"turns":5.0},{"damage":0.0,"enemies":"Lagavulin","floor":12.0,"turns":4.0},{"damage":3.0,"enemies":"Lots of Slimes","floor":14.0,"turns":5.0},{"damage":9.0,"enemies":"Hexaghost","floor":16.0,"turns":7.0},{"damage":5.0,"enemies":"Chosen","floor":18.0,"turns":4.0},{"damage":5.0,"enemies":"Spheric Guardian","floor":20.0,"turns":4.0},{"damage":7.0,"enemies":"Snecko","floor":21.0,"turns":3.0},{"damage":1.0,"enemies":"Cultist and Chosen","floor":24.0,"turns":3.0},{"damage":12.0,"enemies":"Gremlin Leader","floor":28.0,"turns":4.0},{"damage":5.0,"enemies":"Snake Plant","floor":29.0,"turns":3.0},{"damage":4.0,"enemies":"Centurion and Healer","floor":30.0,"turns":5.0},{"damage":25.0,"enemies":"Champ","floor":33.0,"turns":6.0},{"damage":0.0,"enemies":"3 Shapes","floor":35.0,"turns":3.0},{"damage":1,"enemies":"Orb Walker","floor":39,"turns":3},{"damage":5,"enemies":"Maw","floor":46,"turns":4},{"damage":0,"enemies":"3 Darklings","floor":47,"turns":2},{"damage":26,"enemies":"Donu and Deca","floor":50,"turns":3}],"seed_played":"-4913246168473214128","potions_obtained":[{"floor":3.0,"key":"Ancient Potion"},{"floor":6.0,"key":"Weak Potion"},{"floor":14.0,"key":"PowerPotion"},{"floor":20.0,"key":"GhostInAJar"},{"floor":24.0,"key":"Ancient Potion"},{"floor":39,"key":"GamblersBrew"},{"floor":46,"key":"GhostInAJar"}],"is_trial":false,"path_per_floor":["M","$","M","M","$","E","T","R","T","R","?","E","?","M","R","B",null,"M","$","M","M","$","R","M","R","T","R","E","M","M","$","R","B",null,"M","$","T","?","M","R","T","R","T","R","$","M","M","?","R","B",null],"character_chosen":"THE_SILENT","items_purchased":["Deadly Poison"],"campfire_rested":0,"item_purchase_floors":[2],"current_hp_per_floor":[68,68,68,65,65,36,36,36,36,36,29,29,29,26,26,17,70,65,65,60,53,53,53,52,52,52,52,40,35,31,31,31,6,70,70,70,70,70,69,69,69,69,69,69,69,64,64,64,64,38],"gold":56,"neow_bonus":"TRANSFORM_CARD","is_prod":false,"is_daily":false,"chose_seed":false,"campfire_upgraded":9,"win_rate":0,"timestamp":1541299906,"path_taken":["M","?","M","?","$","E","?","R","T","R","?","E","?","M","R","BOSS","M","$","?","M","$","R","M","R","T","R","E","M","?","$","R","BOSS","M","$","?","?","?","R","?","R","T","R","$","M","M","?","R","BOSS"],"build_version":"2018-11-01","purchased_purges":6,"victory":true,"max_hp_per_floor":[70,70,70,70,70,70,70,70,70,70,70,70,70,70,70,70,70,70,70,70,70,70,70,70,70,70,70,70,70,70,70,70,70,70,70,70,70,70,70,70,70,70,70,70,70,70,70,70,70,70],"card_choices":[{"not_picked":["Prepared","Outmaneuver"],"picked":"Backflip","floor":1.0},{"not_picked":["Dagger Spray","Prepared"],"picked":"Backstab","floor":3.0},{"not_picked":["Underhanded Strike","Blade Dance"],"picked":"Backflip","floor":4.0},{"not_picked":["Blade Dance","Slice","Riddle With Holes"],"picked":"SKIP","floor":6.0},{"not_picked":["Predator","Flying Knee","Slice"],"picked":"SKIP","floor":12.0},{"not_picked":["Flechettes","Reflex"],"picked":"Noxious Fumes","floor":14.0},{"not_picked":["Quick Slash","Acrobatics","Masterful Stab"],"picked":"SKIP","floor":14.0},{"not_picked":["Bullet Time","Die Die Die"],"picked":"Tools of the Trade","floor":16.0},{"not_picked":["Backflip","Acrobatics"],"picked":"Tactician","floor":18.0},{"not_picked":["Slice","Acrobatics","Caltrops"],"picked":"SKIP","floor":18.0},{"not_picked":["Dagger Spray","PiercingWail"],"picked":"Deadly Poison","floor":20.0},{"not_picked":["Prepared+1","Acrobatics"],"picked":"All Out Attack+1","floor":20.0},{"not_picked":["Riddle With Holes","Tools of the Trade"],"picked":"Well Laid Plans","floor":21.0},{"not_picked":["Outmaneuver","Caltrops","Dagger Spray"],"picked":"SKIP","floor":21.0},{"not_picked":["Acrobatics","Blade Dance"],"picked":"Bouncing Flask","floor":24.0},{"not_picked":["Acrobatics+1","Expertise"],"picked":"Concentrate","floor":24.0},{"not_picked":["Underhanded Strike","Quick Slash+1","Bane"],"picked":"SKIP","floor":28.0},{"not_picked":["Slice","Caltrops"],"picked":"Well Laid Plans+1","floor":29.0},{"not_picked":["Masterful Stab+1","Flying Knee","Endless Agony+1"],"picked":"SKIP","floor":29.0},{"not_picked":["Slice","Blade Dance"],"picked":"Corpse Explosion","floor":30.0},{"not_picked":["Finisher","Blade Dance","Dash"],"picked":"SKIP","floor":30.0},{"not_picked":["After Image","Doppelganger"],"picked":"Burst","floor":33.0},{"not_picked":["Blade Dance","All Out Attack+1","Bane"],"picked":"SKIP","floor":35.0},{"not_picked":["Deadly Poison+1","Choke+1","Reflex+1"],"picked":"SKIP","floor":35.0},{"not_picked":["Deadly Poison+1","Choke+1"],"picked":"Reflex+1","floor":35.0},{"not_picked":["Blade Dance","All Out Attack+1","Bane"],"picked":"SKIP","floor":35.0},{"not_picked":["Underhanded Strike","Cloak And Dagger"],"picked":"Reflex","floor":39},{"not_picked":["Dodge and Roll","Prepared+1"],"picked":"Escape Plan+1","floor":39},{"not_picked":["Sucker Punch","Bane+1"],"picked":"Acrobatics","floor":46},{"not_picked":["Infinite Blades","Doppelganger","Quick Slash"],"picked":"SKIP","floor":46},{"not_picked":["Acrobatics+1","Poisoned Stab+1"],"picked":"Tactician","floor":47},{"not_picked":["Infinite Blades+1","Choke+1","Underhanded Strike+1"],"picked":"SKIP","floor":47}],"player_experience":849109,"relics_obtained":[{"floor":6.0,"key":"Vajra"},{"floor":7.0,"key":"Happy Flower"},{"floor":9.0,"key":"The Courier"},{"floor":12.0,"key":"Prayer Wheel"},{"floor":26.0,"key":"Tiny Chest"},{"floor":28.0,"key":"Boot"},{"floor":37.0,"key":"Sundial"},{"floor":41,"key":"PreservedInsect"},{"floor":43,"key":"Smiling Mask"}],"event_choices":[{"cards_removed":["Strike_G"],"damage_healed":0.0,"max_hp_gain":0.0,"max_hp_loss":0.0,"gold_gain":0.0,"event_name":"Golden Wing","player_choice":"Card Removal","floor":11.0,"gold_loss":0.0,"damage_taken":7.0},{"damage_healed":0.0,"max_hp_gain":0.0,"max_hp_loss":0.0,"gold_gain":0.0,"event_name":"Accursed Blacksmith","player_choice":"Rummage","floor":13.0,"gold_loss":0.0,"damage_taken":0.0,"relics_obtained":["WarpedTongs"],"cards_obtained":["Pain"]},{"damage_healed":0.0,"max_hp_gain":0.0,"max_hp_loss":0.0,"gold_gain":0.0,"event_name":"MindBloom","player_choice":"Upgrade","floor":38.0,"gold_loss":0.0,"damage_taken":0.0,"cards_upgraded":["Defend_G","Survivor","Backflip","Backstab","Backflip","Tools of the Trade","Tactician","Deadly Poison","Bouncing Flask","Burst"],"relics_obtained":["Mark of the Bloom"]},{"damage_healed":0,"gold_gain":0,"player_choice":"Memory 1","damage_taken":0,"max_hp_gain":0,"max_hp_loss":0,"event_name":"SensoryStone","floor":48,"gold_loss":0}],"is_beta":false,"boss_relics":[{"not_picked":["Orrery","Ring of the Serpent"],"picked":"Coffee Dripper"},{"not_picked":["Velvet Choker","Tiny House"],"picked":"Astrolabe"}],"items_purged_floors":[5,19,22,31,36,45],"is_endless":false,"potions_floor_spawned":[3,6,14,20,24,28,30,39,46],"ascension_level":0}