{"gold_per_floor":[115,115,115,132,147,147,180,180,180,105,105,105,105,128,128,205,205,216,216,229,246,3,3,35,35,35,35,52,52,52,63,63,136,136,152,152,152,52,52,52,79,79,79,109,120,120,131,131,131,131,131,131,131,27,61,61],"floor_reached":57,"playtime":3933,"items_purged":["Strike_G","Unload","All Out Attack"],"score":2944,"play_id":"688b88ff-d1f6-4345-8edb-609322176692","local_time":"20190625174246","is_ascension_mode":true,"campfire_choices":[{"data":"Noxious Fumes","floor":6.0,"key":"SMITH"},{"data":"Deadly Poison","floor":8.0,"key":"SMITH"},{"data":"Neutralize","floor":12.0,"key":"SMITH"},{"data":"Noxious Fumes","floor":15.0,"key":"SMITH"},{"data":"Footwork","floor":23.0,"key":"SMITH"},{"data":"Prepared","floor":29,"key":"SMITH"},{"floor":32,"key":"RECALL"},{"data":"Deep Breath","floor":40,"key":"SMITH"},{"data":"Adrenaline","floor":42,"key":"SMITH"},{"data":"Panacea","floor":49,"key":"SMITH"},{"data":"Madness","floor":53,"key":"SMITH"}],"neow_cost":"NONE","seed_source_timestamp":5702787747454,"circlet_count":0,"master_deck":["AscendersBane","Survivor+1","Neutralize+1","Noxious Fumes+1","Deadly Poison+1","Footwork+1","Noxious Fumes+1","After Image","Backflip","Acrobatics+1","Prepared+1","Caltrops","Flying Knee","Adrenaline+1","Calculated Gamble+1","Finesse","Panacea+1","Deep Breath+1","Madness+1","Madness","AscendersBane"],"special_seed":0,"relics":["White Beast Statue","Juzu Bracelet","Paper Crane","Bronze Scales","Runic Pyramid","Bag of Preparation","Art of War","Potion Belt","Pantograph","Pandora\u0027s Box","Smiling Mask","Centennial Puzzle","Boot"],"potions_floor_usage":[31,41,41,41,56,56,56,56],"damage_taken":[{"damage":0.0,"enemies":"Jaw Worm","floor":1.0,"turns":5.0},{"damage":0.0,"enemies":"Small Slimes","floor":4.0,"turns":5.0},{"damage":0.0,"enemies":"Cultist","floor":5.0,"turns":4.0},{"damage":15.0,"enemies":"Lagavulin","floor":7.0,"turns":7.0},{"damage":17.0,"enemies":"Slime Boss","floor":16.0,"turns":10.0},{"damage":0.0,"enemies":"Chosen","floor":18.0,"turns":5.0},{"damage":3.0,"enemies":"3 Byrds","floor":20.0,"turns":5.0},{"damage":4.0,"enemies":"Cultist and Chosen","floor":21.0,"turns":6.0},{"damage":9.0,"enemies":"Gremlin Leader","floor":24.0,"turns":8.0},{"damage":1,"enemies":"Shelled Parasite and Fungi","floor":28,"turns":8},{"damage":0,"enemies":"Snecko","floor":31,"turns":6},{"damage":0,"enemies":"Champ","floor":33,"turns":12},{"damage":0,"enemies":"3 Darklings","floor":35,"turns":6},{"damage":0,"enemies":"Reptomancer","floor":41,"turns":7},{"damage":0,"enemies":"Giant Head","floor":44,"turns":2},{"damage":0,"enemies":"Orb Walker","floor":45,"turns":4},{"damage":0,"enemies":"3 Darklings","floor":47,"turns":4},{"damage":0,"enemies":"Donu and Deca","floor":50,"turns":8},{"damage":14,"enemies":"Time Eater","floor":51,"turns":14},{"damage":6,"enemies":"Shield and Spear","floor":55,"turns":4},{"damage":35,"enemies":"The Heart","floor":56,"turns":8}],"seed_played":"5912221530787013294","potions_obtained":[{"floor":1.0,"key":"GamblersBrew"},{"floor":3.0,"key":"Dexterity Potion"},{"floor":4.0,"key":"Weak Potion"},{"floor":5.0,"key":"Swift Potion"},{"floor":7.0,"key":"Energy Potion"},{"floor":16.0,"key":"Strength Potion"},{"floor":18.0,"key":"Strength Potion"},{"floor":20.0,"key":"Weak Potion"},{"floor":21.0,"key":"Swift Potion"},{"floor":24.0,"key":"SteroidPotion"},{"floor":28,"key":"GamblersBrew"},{"floor":31,"key":"Swift Potion"},{"floor":33,"key":"GamblersBrew"},{"floor":35,"key":"Ancient Potion"},{"floor":41,"key":"FearPotion"},{"floor":44,"key":"FairyPotion"},{"floor":45,"key":"Dexterity Potion"},{"floor":47,"key":"SpeedPotion"}],"is_trial":false,"path_per_floor":["M","?","?","M","M","R","E","R","T","?","?","R","?","T","R","B",null,"M","?","M","M","$","R","E","?","T","$","M","R","$","M","R","B",null,"M","?","?","$","?","R","E","R","T","E","M","?","M","?","R","B","B",null,"R","$","E","B",null],"character_chosen":"THE_SILENT","items_purchased":["Bag of Preparation","Weak Potion"],"campfire_rested":0,"item_purchase_floors":[22,54],"current_hp_per_floor":[59,39,39,39,39,39,24,24,24,24,24,24,24,24,24,7,51,51,51,48,44,44,44,35,35,35,35,34,34,34,34,34,59,64,64,64,54,54,54,54,54,54,54,54,54,42,42,42,42,66,52,63,63,63,57,31],"gold":61,"neow_bonus":"BOSS_RELIC","is_prod":false,"is_daily":false,"chose_seed":false,"campfire_upgraded":10,"win_rate":0,"timestamp":1561455766,"path_taken":["M","?","?","M","M","R","E","R","T","?","?","R","?","?","R","BOSS","M","?","M","M","$","R","E","?","T","$","M","R","$","M","R","BOSS","M","?","?","$","?","R","E","R","T","E","M","?","M","?","R","BOSS","BOSS","R","$","E","BOSS"],"build_version":"2019-01-23","purchased_purges":3,"victory":true,"max_hp_per_floor":[66,66,66,66,66,66,66,66,66,66,66,66,66,66,66,66,66,66,66,66,66,66,66,66,66,66,66,66,66,66,66,66,66,66,66,66,66,66,66,66,66,66,66,66,66,66,66,66,66,66,66,66,66,66,66,66],"card_choices":[{"not_picked":["Backflip","Acrobatics"],"picked":"Noxious Fumes","floor":1.0},{"not_picked":["Finisher","Deflect","Slice"],"picked":"SKIP","floor":4.0},{"not_picked":["Prepared","Calculated Gamble"],"picked":"Deadly Poison","floor":5.0},{"not_picked":["Terror","Setup"],"picked":"Footwork","floor":7.0},{"not_picked":["Burst","Tools of the Trade"],"picked":"After Image","floor":16.0},{"not_picked":["Dagger Spray","Backstab","Finisher"],"picked":"SKIP","floor":18.0},{"not_picked":["PiercingWail","Bane"],"picked":"Backflip","floor":20.0},{"not_picked":["Prepared+1","Dagger Spray"],"picked":"Acrobatics+1","floor":21.0},{"not_picked":["Reflex","A Thousand Cuts"],"picked":"Prepared","floor":24.0},{"not_picked":["Riddle With Holes+1","Eviscerate","Bane"],"picked":"SKIP","floor":28},{"not_picked":["Deflect","Infinite Blades","Heel Hook+1"],"picked":"SKIP","floor":31},{"not_picked":["Deflect","Infinite Blades","Heel Hook+1"],"picked":"SKIP","floor":31},{"not_picked":["Skewer+1","Dagger Throw"],"picked":"Calculated Gamble","floor":35},{"not_picked":["Flash of Steel","Jack Of All Trades"],"picked":"Finesse","floor":37},{"not_picked":["Flash of Steel","Jack Of All Trades"],"picked":"Panacea","floor":37},{"not_picked":["The Bomb","Dark Shackles"],"picked":"Deep Breath","floor":37},{"not_picked":["Poisoned Stab","Setup+1","Endless Agony"],"picked":"SKIP","floor":41},{"not_picked":["Choke","Dagger Throw","Flying Knee"],"picked":"SKIP","floor":44},{"not_picked":["Skewer","Cloak And Dagger","Choke"],"picked":"SKIP","floor":45},{"not_picked":["Reflex+1","Masterful Stab","Prepared"],"picked":"SKIP","floor":47},{"not_picked":["Bane","Backflip","Sucker Punch+1"],"picked":"SKIP","floor":55}],"player_experience":5533830,"relics_obtained":[{"floor":7.0,"key":"Juzu Bracelet"},{"floor":9.0,"key":"Paper Crane"},{"floor":14.0,"key":"Bronze Scales"},{"floor":24.0,"key":"Art of War"},{"floor":26.0,"key":"Pantograph"},{"floor":41,"key":"Smiling Mask"},{"floor":44,"key":"Centennial Puzzle"},{"floor":55,"key":"Boot"}],"event_choices":[{"damage_healed":0.0,"max_hp_gain":0.0,"max_hp_loss":0.0,"gold_gain":0.0,"event_name":"Shining Light","player_choice":"Entered Light","floor":2.0,"gold_loss":0.0,"damage_taken":20.0,"cards_upgraded":["Survivor","Strike_G"]},{"damage_healed":0.0,"max_hp_gain":0.0,"max_hp_loss":0.0,"gold_gain":0.0,"event_name":"Lab","player_choice":"Got Potions","floor":3.0,"gold_loss":0.0,"damage_taken":0.0},{"cards_removed":["Strike_G"],"damage_healed":0.0,"max_hp_gain":0.0,"max_hp_loss":0.0,"gold_gain":0.0,"event_name":"The Cleric","player_choice":"Card Removal","floor":10.0,"gold_loss":75.0,"damage_taken":0.0},{"damage_healed":0.0,"max_hp_gain":0.0,"max_hp_loss":0.0,"gold_gain":0.0,"cards_transformed":["Strike_G"],"event_name":"Living Wall","player_choice":"Change","floor":11.0,"gold_loss":0.0,"damage_taken":0.0,"cards_obtained":["Noxious Fumes"]},{"damage_healed":0.0,"max_hp_gain":0.0,"max_hp_loss":0.0,"gold_gain":0.0,"event_name":"Liars Game","player_choice":"Ignored","floor":13.0,"gold_loss":0.0,"damage_taken":0.0},{"cards_removed":["Strike_G"],"damage_healed":0.0,"max_hp_gain":0.0,"max_hp_loss":0.0,"gold_gain":0.0,"event_name":"Bonfire Elementals","player_choice":"Offered Basic","floor":19.0,"gold_loss":0.0,"damage_taken":0.0},{"damage_healed":0.0,"max_hp_gain":0.0,"max_hp_loss":0.0,"gold_gain":0.0,"event_name":"WeMeetAgain","player_choice":"Gave Potion","floor":25.0,"gold_loss":0.0,"damage_taken":0.0,"relics_obtained":["Potion Belt"]},{"damage_healed":0,"gold_gain":0,"player_choice":"Upgraded","damage_taken":0,"max_hp_gain":0,"max_hp_loss":0,"event_name":"Upgrade Shrine","floor":36,"gold_loss":0,"cards_upgraded":["Calculated Gamble"]},{"damage_healed":0,"gold_gain":0,"player_choice":"Memory 3","damage_taken":10,"max_hp_gain":0,"max_hp_loss":0,"event_name":"SensoryStone","floor":37,"gold_loss":0},{"cards_removed":["Bane"],"damage_healed":0,"gold_gain":0,"player_choice":"Removed Attack","damage_taken":0,"max_hp_gain":0,"max_hp_loss":0,"event_name":"Falling","floor":39,"gold_loss":0},{"damage_healed":0,"gold_gain":0,"player_choice":"Embrace Madness","damage_taken":12,"max_hp_gain":0,"max_hp_loss":0,"event_name":"Winding Halls","floor":46,"gold_loss":0,"cards_obtained":["Madness","Madness"]},{"damage_healed":0,"gold_gain":0,"player_choice":"Copied","damage_taken":0,"max_hp_gain":0,"max_hp_loss":0,"event_name":"Duplicator","floor":48,"gold_loss":0,"cards_obtained":["AscendersBane"]}],"is_beta":false,"boss_relics":[{"not_picked":["WristBlade","Velvet Choker"],"picked":"Runic Pyramid"},{"not_picked":["Cursed Key","Busted Crown"],"picked":"Pandora\u0027s Box"}],"items_purged_floors":[22,38,54],"is_endless":false,"potions_floor_spawned":[1,4,5,7,16,18,20,21,24,28,31,33,35,41,44,45,47,55],"ascension_level":20}