{"gold_per_floor":[315,151,164,9,26,26,101,131,192,204,316,344,356,379,391,474,486,516,578,1,11,31,31,31,31,31,51,51,64,98,108,108,181,181,196,196,206,56,69,128,147,175,175,207,259,293,118,129,129,129],"floor_reached":50,"playtime":2225,"items_purged":["Strike_B","Strike_B","Defend_B","Defend_B","Defend_B"],"score":1389,"play_id":"7c7e7560-159b-4176-bc3f-fd55141feb02","local_time":"20190401211010","is_ascension_mode":true,"campfire_choices":[{"data":"Defragment","floor":6.0,"key":"SMITH"},{"data":"Dualcast","floor":10.0,"key":"SMITH"},{"data":"Zap","floor":13.0,"key":"SMITH"},{"data":"Rainbow","floor":15.0,"key":"SMITH"},{"data":"Defragment","floor":23.0,"key":"SMITH"},{"data":"Capacitor","floor":25.0,"key":"SMITH"},{"floor":28.0,"key":"REST"},{"data":"Coolheaded","floor":32.0,"key":"SMITH"},{"floor":49.0,"key":"RECALL"}],"neow_cost":"NO_GOLD","seed_source_timestamp":30427096991123,"circlet_count":0,"master_deck":["AscendersBane","Zap+1","Dualcast+1","Ball Lightning","Defragment+1","Recycle","Cold Snap","Hologram","Rainbow+1","Cold Snap","Buffer","White Noise+1","Hyperbeam+1","Meteor Strike+1","Self Repair","Capacitor+1","Defragment+1","Loop","Defragment+1","Coolheaded+1","Turbo","Electrodynamics","Skim","Biased Cognition","Sunder","Echo Form","Amplify","Parasite","Consume+1"],"special_seed":0,"relics":["Cracked Core","Old Coin","MawBank","Astrolabe","DataDisk","Nloth\u0027s Gift","Ornamental Fan","Anchor","Snecko Eye","Tiny Chest","Pantograph","Darkstone Periapt","Cables","Shovel","Bottled Tornado"],"potions_floor_usage":[50],"damage_taken":[{"damage":1.0,"enemies":"Cultist","floor":1.0,"turns":3.0},{"damage":8.0,"enemies":"2 Louse","floor":3.0,"turns":2.0},{"damage":3.0,"enemies":"Small Slimes","floor":5.0,"turns":3.0},{"damage":30.0,"enemies":"Gremlin Nob","floor":8.0,"turns":4.0},{"damage":9.0,"enemies":"Red Slaver","floor":12.0,"turns":3.0},{"damage":1.0,"enemies":"Blue Slaver","floor":14.0,"turns":3.0},{"damage":0.0,"enemies":"The Guardian","floor":16.0,"turns":10.0},{"damage":17.0,"enemies":"3 Byrds","floor":18.0,"turns":4.0},{"damage":11.0,"enemies":"2 Thieves","floor":21.0,"turns":3.0},{"damage":0.0,"enemies":"Snake Plant","floor":22.0,"turns":2.0},{"damage":19.0,"enemies":"Shelled Parasite and Fungi","floor":27.0,"turns":8.0},{"damage":12.0,"enemies":"3 Cultists","floor":29.0,"turns":4.0},{"damage":5.0,"enemies":"Gremlin Leader","floor":30.0,"turns":6.0},{"damage":3.0,"enemies":"Centurion and Healer","floor":31.0,"turns":3.0},{"damage":15.0,"enemies":"Champ","floor":33.0,"turns":10.0},{"damage":5.0,"enemies":"Orb Walker","floor":35.0,"turns":5.0},{"damage":0.0,"enemies":"3 Darklings","floor":37.0,"turns":2.0},{"damage":0.0,"enemies":"Maw","floor":39.0,"turns":4.0},{"damage":15.0,"enemies":"Nemesis","floor":40.0,"turns":7.0},{"damage":0.0,"enemies":"Spire Growth","floor":41.0,"turns":4.0},{"damage":29.0,"enemies":"Reptomancer","floor":42.0,"turns":5.0},{"damage":0.0,"enemies":"Giant Head","floor":44.0,"turns":6.0},{"damage":16.0,"enemies":"2 Orb Walkers","floor":45.0,"turns":3.0},{"damage":0.0,"enemies":"Reptomancer","floor":46.0,"turns":4.0},{"damage":6.0,"enemies":"Writhing Mass","floor":48.0,"turns":7.0},{"damage":88,"enemies":"Awakened One","floor":50,"turns":3}],"seed_played":"-9057478902896569130","potions_obtained":[{"floor":3.0,"key":"Dexterity Potion"},{"floor":8.0,"key":"Energy Potion"},{"floor":12.0,"key":"Swift Potion"},{"floor":14.0,"key":"Dexterity Potion"},{"floor":21.0,"key":"GamblersBrew"},{"floor":27.0,"key":"EssenceOfSteel"},{"floor":31.0,"key":"Ancient Potion"},{"floor":35.0,"key":"GamblersBrew"},{"floor":37.0,"key":"Ancient Potion"},{"floor":42.0,"key":"GamblersBrew"}],"is_trial":false,"path_per_floor":["M","$","M","$","M","R","?","E","T","R","?","M","R","M","R","B",null,"M","?","$","M","M","R","?","R","T","M","R","M","E","M","R","B",null,"M","?","M","$","M","E","M","E","T","E","?","E","$","M","R","B"],"character_chosen":"DEFECT","items_purchased":["Defragment","Cold Snap","DataDisk","Capacitor","DollysMirror"],"campfire_rested":1,"item_purchase_floors":[2,4,20,20,20],"current_hp_per_floor":[63,63,55,55,52,52,41,11,11,11,11,2,2,1,1,1,54,37,37,37,26,33,33,33,33,33,21,42,37,39,36,36,28,60,62,62,67,67,67,59,59,37,37,44,35,35,35,42,42,0],"gold":129,"neow_bonus":"ONE_RARE_RELIC","is_prod":false,"is_daily":false,"chose_seed":false,"campfire_upgraded":7,"win_rate":0,"timestamp":1554124210,"path_taken":["M","$","?","$","M","R","?","E","T","R","?","M","R","M","R","BOSS","M","?","$","M","M","R","?","R","T","M","R","?","E","M","R","BOSS","M","?","M","$","M","E","M","E","T","E","?","E","$","M","R","BOSS"],"build_version":"2019-01-23","purchased_purges":5,"victory":false,"max_hp_per_floor":[71,71,71,71,71,71,71,71,71,71,71,71,71,71,71,71,71,71,71,71,71,71,71,71,71,71,71,71,71,71,71,71,71,71,71,67,67,67,67,67,67,67,67,67,67,67,67,73,73,73],"card_choices":[{"not_picked":["Coolheaded","Hologram"],"picked":"Ball Lightning","floor":1.0},{"not_picked":["Turbo","Barrage"],"picked":"Recycle","floor":3.0},{"not_picked":["Streamline","Leap"],"picked":"Hologram","floor":5.0},{"not_picked":["Storm","Steam"],"picked":"Rainbow","floor":8.0},{"not_picked":["Rebound","Melter","Compile Driver"],"picked":"SKIP","floor":12.0},{"not_picked":["Sweeping Beam","Tempest"],"picked":"Cold Snap","floor":14.0},{"not_picked":["Creative AI","Seek"],"picked":"Buffer","floor":16.0},{"not_picked":["Ball Lightning","Go for the Eyes"],"picked":"Self Repair","floor":18.0},{"not_picked":["Doom and Gloom","Hello World"],"picked":"Loop","floor":21.0},{"not_picked":["Loop","Turbo"],"picked":"Defragment","floor":22.0},{"not_picked":["Beam Cell","Rebound+1"],"picked":"Coolheaded","floor":27.0},{"not_picked":["Streamline","Cold Snap"],"picked":"Turbo","floor":29.0},{"not_picked":["Thunder Strike","Hologram"],"picked":"Electrodynamics","floor":30.0},{"not_picked":["Loop","Turbo"],"picked":"Skim","floor":31.0},{"not_picked":["Rainbow","Echo Form"],"picked":"Biased Cognition","floor":33.0},{"not_picked":["Conserve Battery","Ball Lightning"],"picked":"Sunder","floor":35.0},{"not_picked":["Melter+1","Conserve Battery","Steam"],"picked":"SKIP","floor":37.0},{"not_picked":["Hologram","Gash","Go for the Eyes+1"],"picked":"SKIP","floor":39.0},{"not_picked":["Scrape","Reprogram","Cold Snap+1"],"picked":"SKIP","floor":40.0},{"not_picked":["Storm","FTL"],"picked":"Echo Form","floor":41.0},{"not_picked":["Redo","Barrage","Cold Snap+1"],"picked":"SKIP","floor":42.0},{"not_picked":["Beam Cell+1","Compile Driver+1","Chill"],"picked":"SKIP","floor":44.0},{"not_picked":["Leap","Hologram"],"picked":"Amplify","floor":46.0},{"not_picked":["Tempest","Skim+1"],"picked":"Consume+1","floor":48.0}],"player_experience":3990575,"relics_obtained":[{"floor":8.0,"key":"MawBank"},{"floor":26.0,"key":"Ornamental Fan"},{"floor":30.0,"key":"Anchor"},{"floor":40.0,"key":"Tiny Chest"},{"floor":42.0,"key":"Pantograph"},{"floor":43.0,"key":"Darkstone Periapt"},{"floor":44.0,"key":"Cables"},{"floor":45.0,"key":"Shovel"},{"floor":46.0,"key":"Bottled Tornado"}],"event_choices":[{"damage_healed":0.0,"max_hp_gain":0.0,"max_hp_loss":0.0,"gold_gain":75.0,"event_name":"World of Goop","player_choice":"Gather Gold","floor":7.0,"gold_loss":0.0,"damage_taken":11.0},{"damage_healed":0.0,"max_hp_gain":0.0,"max_hp_loss":0.0,"gold_gain":100.0,"event_name":"Wheel of Change","player_choice":"Gold","floor":11.0,"gold_loss":0.0,"damage_taken":0.0},{"damage_healed":0.0,"max_hp_gain":0.0,"max_hp_loss":0.0,"gold_gain":50.0,"event_name":"Nest","player_choice":"Stole From Cult","floor":19.0,"gold_loss":0.0,"damage_taken":0.0},{"damage_healed":0.0,"max_hp_gain":0.0,"max_hp_loss":0.0,"gold_gain":0.0,"event_name":"N\u0027loth","player_choice":"Traded Relic","floor":24.0,"relics_lost":["DollysMirror"],"gold_loss":0.0,"damage_taken":0.0,"relics_obtained":["Nloth\u0027s Gift"]},{"damage_healed":0.0,"max_hp_gain":0.0,"max_hp_loss":4.0,"gold_gain":0.0,"event_name":"Winding Halls","player_choice":"Max HP","floor":36.0,"gold_loss":0.0,"damage_taken":0.0},{"damage_healed":0.0,"max_hp_gain":0.0,"max_hp_loss":0.0,"gold_gain":0.0,"event_name":"Mysterious Sphere","player_choice":"Fight","floor":45.0,"gold_loss":0.0,"damage_taken":0.0}],"is_beta":false,"boss_relics":[{"not_picked":["Pandora\u0027s Box","Fusion Hammer"],"picked":"Astrolabe"},{"not_picked":["Busted Crown","Inserter"],"picked":"Snecko Eye"}],"items_purged_floors":[2,4,20,38,47],"is_endless":false,"potions_floor_spawned":[3,8,12,14,21,27,31,33,35,37,40,42,44],"killed_by":"Awakened One","ascension_level":20}