{"gold_per_floor":[113,133,133,146,164,164,164,34,59,90,70,86,86,98,98,98],"floor_reached":16,"playtime":408,"items_purged":["Pain"],"score":204,"play_id":"465de179-b851-4496-b591-15d0887d17ac","local_time":"20190703220551","is_ascension_mode":true,"campfire_choices":[{"data":"Well Laid Plans","floor":7,"key":"SMITH"},{"data":"Neutralize","floor":13,"key":"SMITH"},{"data":"Outmaneuver","floor":15,"key":"SMITH"}],"neow_cost":"NONE","seed_source_timestamp":85139303381794,"circlet_count":0,"master_deck":["AscendersBane","Strike_G","Strike_G","Strike_G","Strike_G","Strike_G","Defend_G","Defend_G","Defend_G","Defend_G","Defend_G","Survivor","Neutralize+1","Poisoned Stab","Well Laid Plans+1","Outmaneuver+1","Expertise"],"relics":["Ring of the Snake","NeowsBlessing","WarpedTongs","PreservedInsect","Oddly Smooth Stone"],"potions_floor_usage":[10,16],"damage_taken":[{"damage":0,"enemies":"Cultist","floor":1,"turns":1},{"damage":0,"enemies":"Small Slimes","floor":2,"turns":1},{"damage":0,"enemies":"2 Louse","floor":4,"turns":1},{"damage":29,"enemies":"Exordium Thugs","floor":5,"turns":5},{"damage":14,"enemies":"Lagavulin","floor":10,"turns":6},{"damage":2,"enemies":"Looter","floor":12,"turns":4},{"damage":4,"enemies":"Blue Slaver","floor":14,"turns":5},{"damage":11,"enemies":"Hexaghost","floor":16,"turns":9}],"seed_played":"1031406006290011232","potions_obtained":[{"floor":1,"key":"AttackPotion"},{"floor":2,"key":"PowerPotion"},{"floor":11,"key":"SteroidPotion"}],"is_trial":false,"path_per_floor":["M","M","?","M","M","?","R","$","T","E","?","M","R","M","R","B"],"character_chosen":"THE_SILENT","items_purchased":["Outmaneuver"],"campfire_rested":0,"item_purchase_floors":[8],"current_hp_per_floor":[59,59,59,59,30,30,30,30,30,16,16,14,14,10,10,0],"gold":98,"neow_bonus":"THREE_ENEMY_KILL","is_prod":false,"is_daily":false,"chose_seed":false,"campfire_upgraded":3,"win_rate":0,"timestamp":1562162751,"path_taken":["M","?","?","?","M","?","R","$","T","E","?","M","R","M","R","BOSS"],"build_version":"2019-07-01","purchased_purges":1,"victory":false,"max_hp_per_floor":[66,66,66,66,66,66,66,66,66,66,66,66,66,66,66,66],"card_choices":[{"not_picked":["Riddle With Holes","Deflect","Backstab"],"picked":"SKIP","floor":1},{"not_picked":["Quick Slash","Poisoned Stab","Slice"],"picked":"SKIP","floor":2},{"not_picked":["Sucker Punch","Deflect"],"picked":"Poisoned Stab","floor":4},{"not_picked":["Poisoned Stab","Leg Sweep"],"picked":"Well Laid Plans","floor":5},{"not_picked":["Outmaneuver","Flying Knee","Slice"],"picked":"SKIP","floor":10},{"not_picked":["Deflect","Heel Hook"],"picked":"Expertise","floor":12},{"not_picked":["Caltrops","Slice","Infinite Blades"],"picked":"SKIP","floor":14}],"player_experience":1523974,"relics_obtained":[{"floor":9,"key":"PreservedInsect"},{"floor":10,"key":"Oddly Smooth Stone"}],"event_choices":[{"damage_healed":0,"gold_gain":0,"player_choice":"Rummage","damage_taken":0,"relics_obtained":["WarpedTongs"],"max_hp_gain":0,"max_hp_loss":0,"event_name":"Accursed Blacksmith","floor":3,"gold_loss":0,"cards_obtained":["Pain"]},{"damage_healed":0,"gold_gain":0,"player_choice":"Ignored","damage_taken":0,"max_hp_gain":0,"max_hp_loss":0,"event_name":"Liars Game","floor":6,"gold_loss":0},{"damage_healed":0,"gold_gain":0,"player_choice":"Bought 1 Potion","damage_taken":0,"max_hp_gain":0,"max_hp_loss":0,"event_name":"The Woman in Blue","floor":11,"gold_loss":0}],"is_beta":false,"boss_relics":[],"items_purged_floors":[8],"is_endless":false,"potions_floor_spawned":[1,2,14],"killed_by":"Hexaghost","ascension_level":20}