{"gold_per_floor":[119,136,146,14,14,14,26,26,26,61,61,80,94,119,119,194,194,209,225,225,225,150,150,180,180,232,232,132,145,165,175,175,254,254,270,283,158,176,176,203,203,234,234,114,114,114,114,133,133,133,133,133,133,133,133],"floor_reached":55,"playtime":5275,"items_purged":["Strike_B","Strike_B","Strike_B","Strike_B"],"score":1910,"play_id":"4e084657-a522-4616-bafd-98fcadda5c21","local_time":"20190124002039","is_ascension_mode":true,"campfire_choices":[{"data":"Beam Cell","floor":6.0,"key":"SMITH"},{"data":"Dualcast","floor":8.0,"key":"SMITH"},{"floor":11.0,"key":"REST"},{"data":"Consume","floor":15.0,"key":"SMITH"},{"floor":23.0,"key":"REST"},{"floor":27.0,"key":"REST"},{"data":"Self Repair","floor":32,"key":"SMITH"},{"data":"Discovery","floor":45,"key":"SMITH"},{"data":"Echo Form","floor":47,"key":"SMITH"},{"floor":49,"key":"RECALL"},{"data":"Magnetism","floor":53,"key":"SMITH"}],"neow_cost":"NONE","seed_source_timestamp":34276561156704,"circlet_count":0,"master_deck":["AscendersBane","Defend_B","Defend_B","Defend_B","Defend_B","Zap","Dualcast+1","Gash","FTL","Ball Lightning","Echo Form+1","Beam Cell+1","Glacier","Consume+1","Core Surge","Glacier","Self Repair+1","Electrodynamics","Discovery+1","Magnetism+1","Loop+1"],"special_seed":0,"relics":["Sozu","Pantograph","Kunai","Cables","Inserter","Nilry\u0027s Codex","Dodecahedron","Centennial Puzzle","Runic Dome","Mercury Hourglass","The Courier"],"potions_floor_usage":[],"damage_taken":[{"damage":1.0,"enemies":"Cultist","floor":1.0,"turns":4.0},{"damage":2.0,"enemies":"Jaw Worm","floor":2.0,"turns":3.0},{"damage":0.0,"enemies":"2 Louse","floor":3.0,"turns":2.0},{"damage":2.0,"enemies":"2 Fungi Beasts","floor":7.0,"turns":3.0},{"damage":32.0,"enemies":"Gremlin Nob","floor":10.0,"turns":4.0},{"damage":7.0,"enemies":"Blue Slaver","floor":12.0,"turns":2.0},{"damage":0.0,"enemies":"Exordium Wildlife","floor":13.0,"turns":3.0},{"damage":1.0,"enemies":"Lagavulin","floor":14.0,"turns":4.0},{"damage":0.0,"enemies":"Slime Boss","floor":16.0,"turns":7.0},{"damage":0.0,"enemies":"Spheric Guardian","floor":18.0,"turns":4.0},{"damage":6.0,"enemies":"3 Byrds","floor":19.0,"turns":6.0},{"damage":32.0,"enemies":"Slavers","floor":24.0,"turns":7.0},{"damage":29.0,"enemies":"Shelled Parasite and Fungi","floor":29.0,"turns":6.0},{"damage":4.0,"enemies":"Snake Plant","floor":30.0,"turns":6.0},{"damage":5.0,"enemies":"Snecko","floor":31.0,"turns":5.0},{"damage":17,"enemies":"Champ","floor":33,"turns":12},{"damage":9,"enemies":"3 Shapes","floor":35,"turns":5},{"damage":27,"enemies":"3 Darklings","floor":36,"turns":4},{"damage":2,"enemies":"Maw","floor":38,"turns":10},{"damage":12,"enemies":"Giant Head","floor":40,"turns":10},{"damage":28,"enemies":"Reptomancer","floor":42,"turns":5},{"damage":18,"enemies":"Transient","floor":48,"turns":6},{"damage":14,"enemies":"Awakened One","floor":50,"turns":17},{"damage":27,"enemies":"Time Eater","floor":51,"turns":15},{"damage":80,"enemies":"Shield and Spear","floor":55,"turns":5}],"seed_played":"3039331514848567303","potions_obtained":[],"is_trial":false,"path_per_floor":["M","M","M","$","?","R","M","R","T","E","R","M","M","E","R","B",null,"M","M","?","?","$","R","E","?","T","R","$","M","M","M","R","B",null,"M","M","$","M","?","E","?","E","T","$","R","$","R","M","R","B","B",null,"R","$","E"],"character_chosen":"DEFECT","items_purchased":["Echo Form","Beam Cell"],"campfire_rested":3,"item_purchase_floors":[4,4],"current_hp_per_floor":[63,61,61,61,66,66,64,64,64,32,54,47,47,46,46,71,75,75,69,48,26,26,50,18,18,18,42,42,13,9,11,11,29,68,79,52,52,60,50,48,48,40,40,40,40,40,40,42,42,73,60,73,73,73,0],"gold":133,"neow_bonus":"BOSS_RELIC","is_prod":false,"is_daily":false,"chose_seed":false,"campfire_upgraded":7,"win_rate":0,"timestamp":1548260439,"path_taken":["M","M","?","?","?","R","M","R","T","E","R","M","M","E","R","BOSS","M","M","?","?","$","R","E","?","T","R","$","M","M","M","R","BOSS","M","M","$","M","?","E","?","E","T","?","R","$","R","M","R","BOSS","BOSS","R","$","E"],"build_version":"2019-01-17v2","purchased_purges":4,"victory":false,"max_hp_per_floor":[71,71,71,71,76,76,76,76,76,76,76,76,76,76,76,76,76,76,76,76,81,81,81,81,81,81,81,81,81,81,81,81,81,81,81,81,81,81,81,81,77,77,77,77,77,77,77,77,77,77,77,77,77,77,77],"card_choices":[{"not_picked":["Scrape","Sweeping Beam"],"picked":"Gash","floor":1.0},{"not_picked":["Loop","Leap"],"picked":"FTL","floor":2.0},{"not_picked":["Static Discharge","Steam"],"picked":"Ball Lightning","floor":3.0},{"not_picked":["Rebound","Machine Learning"],"picked":"Glacier","floor":7.0},{"not_picked":["Sweeping Beam","Beam Cell","BootSequence"],"picked":"SKIP","floor":10.0},{"not_picked":["Sweeping Beam","Beam Cell","BootSequence"],"picked":"SKIP","floor":10.0},{"not_picked":["Static Discharge","Barrage","Force Field"],"picked":"SKIP","floor":12.0},{"not_picked":["Sweeping Beam","Streamline"],"picked":"Consume","floor":13.0},{"not_picked":["Force Field","Double Energy","Loop"],"picked":"SKIP","floor":14.0},{"not_picked":["Reboot","Seek"],"picked":"Core Surge","floor":16.0},{"not_picked":["Go for the Eyes","Hologram"],"picked":"Glacier","floor":18.0},{"not_picked":["Sweeping Beam","Chaos","Streamline"],"picked":"SKIP","floor":19.0},{"not_picked":["Stack","Coolheaded","Doom and Gloom"],"picked":"SKIP","floor":24.0},{"not_picked":["Gash","Force Field","Storm"],"picked":"SKIP","floor":29.0},{"not_picked":["Melter","Gash"],"picked":"Self Repair","floor":30.0},{"not_picked":["Double Energy","Blizzard","Stack"],"picked":"SKIP","floor":31.0},{"not_picked":["Fission","Meteor Strike"],"picked":"Electrodynamics","floor":33},{"not_picked":["Leap","Redo","Streamline"],"picked":"SKIP","floor":35},{"not_picked":["Coolheaded","Double Energy","Sunder+1"],"picked":"SKIP","floor":36},{"not_picked":["Melter","Coolheaded","Sweeping Beam"],"picked":"SKIP","floor":38},{"not_picked":["Blind","Swift Strike"],"picked":"Discovery","floor":39},{"not_picked":["Flash of Steel","Violence"],"picked":"Magnetism","floor":39},{"not_picked":["Conserve Battery","Steam Power+1"],"picked":"Loop+1","floor":40},{"not_picked":["Conserve Battery+1","Beam Cell","Consume"],"picked":"SKIP","floor":42},{"not_picked":["Rebound","Self Repair+1","Cold Snap+1"],"picked":"SKIP","floor":48}],"player_experience":2184312,"relics_obtained":[{"floor":9.0,"key":"Pantograph"},{"floor":10.0,"key":"Kunai"},{"floor":14.0,"key":"Cables"},{"floor":20.0,"key":"Nilry\u0027s Codex"},{"floor":24.0,"key":"Dodecahedron"},{"floor":26.0,"key":"Centennial Puzzle"},{"floor":40,"key":"Mercury Hourglass"},{"floor":42,"key":"The Courier"}],"event_choices":[{"damage_healed":0.0,"max_hp_gain":5.0,"max_hp_loss":0.0,"gold_gain":0.0,"event_name":"Big Fish","player_choice":"Donut","floor":5.0,"gold_loss":0.0,"damage_taken":0.0},{"damage_healed":0.0,"max_hp_gain":0.0,"max_hp_loss":0.0,"gold_gain":0.0,"event_name":"Cursed Tome","player_choice":"Obtained Book","floor":20.0,"gold_loss":0.0,"damage_taken":21.0},{"damage_healed":0.0,"max_hp_gain":5.0,"max_hp_loss":0.0,"gold_gain":0.0,"event_name":"Forgotten Altar","player_choice":"Shed Blood","floor":21.0,"gold_loss":0.0,"damage_taken":27.0},{"damage_healed":0.0,"max_hp_gain":0.0,"max_hp_loss":0.0,"gold_gain":0.0,"event_name":"The Mausoleum","player_choice":"Ignored","floor":25.0,"gold_loss":0.0,"damage_taken":0.0},{"damage_healed":0,"gold_gain":0,"player_choice":"Memory 3","damage_taken":10,"max_hp_gain":0,"max_hp_loss":0,"event_name":"SensoryStone","floor":39,"gold_loss":0},{"damage_healed":0,"gold_gain":0,"player_choice":"Max HP","damage_taken":0,"max_hp_gain":0,"max_hp_loss":4,"event_name":"Winding Halls","floor":41,"gold_loss":0}],"is_beta":false,"boss_relics":[{"not_picked":["Nuclear Battery","Busted Crown"],"picked":"Inserter"},{"not_picked":["Black Star","Coffee Dripper"],"picked":"Runic Dome"}],"items_purged_floors":[22,28,37,44],"is_endless":false,"potions_floor_spawned":[1,2,7,10,12,14,19,30,38,48],"killed_by":"Shield and Spear","ascension_level":20}