{"path_per_floor":["M","M","?","?","?","E","M","R","T","M","$","M","?","E","R"],"character_chosen":"IRONCLAD","items_purchased":[],"gold_per_floor":[114,131,131,131,131,164,175,175,175,186,111,129,304,369,369],"floor_reached":16,"campfire_rested":1,"playtime":827,"current_hp_per_floor":[80,80,80,80,73,30,29,69,69,72,72,74,74,47,47],"items_purged":["Strike_R"],"gold":369,"score":135,"play_id":"356e1848-7bf8-4fd7-895e-8a844f58124e","local_time":"20180313185405","is_prod":false,"is_daily":false,"is_ascension_mode":false,"campfire_upgraded":1,"timestamp":1520963645,"path_taken":["M","M","?","?","?","E","?","R","T","M","$","?","?","E","R","BOSS"],"build_version":"2018-03-09","purchased_purges":1,"victory":false,"master_deck":["Strike_R","Strike_R","Strike_R","Strike_R","Defend_R","Defend_R","Defend_R","Defend_R","Bash","Bloodletting+1","Clash","Swift Strike","Feed","Regret","Ghostly Armor+1","Flex+1","Rampage","Doubt","Pommel Strike"],"max_hp_per_floor":[80,80,80,80,80,83,86,86,86,89,89,92,92,95,95],"relics":["Burning Blood","Bag of Marbles","Toxic Egg 2","Regal Pillow","Self Forming Clay","Oddly Smooth Stone","Tiny Chest"],"card_choices":[{"not_picked":["Cleave","Sever Soul"],"picked":"Bloodletting"},{"not_picked":["Clothesline","Corruption"],"picked":"Clash"},{"not_picked":["Sever Soul","Armaments"],"picked":"Ghostly Armor"},{"not_picked":["Warcry","Body Slam"],"picked":"Flex"},{"not_picked":["Havoc","Warcry"],"picked":"Rampage"},{"not_picked":["Iron Wave","Body Slam"],"picked":"Pommel Strike"}],"player_experience":133060,"potions_floor_usage":[],"damage_taken":[{"damage":0.0,"enemies":"2 Louse","floor":1.0,"turns":2.0},{"damage":4.0,"enemies":"Cultist","floor":2.0,"turns":3.0},{"damage":52.0,"enemies":"Gremlin Nob","floor":6.0,"turns":5.0},{"damage":10,"enemies":"Small Slimes","floor":7,"turns":3},{"damage":6,"enemies":"3 Louse","floor":10,"turns":3},{"damage":7,"enemies":"Looter","floor":12,"turns":5},{"damage":36,"enemies":"Lagavulin","floor":14,"turns":7},{"damage":49,"enemies":"Hexaghost","floor":16,"turns":12}],"event_choices":[{"event_name":"Match and Keep!","player_choice":"2 cards matched","floor":3.0,"damage_taken":0.0},{"event_name":"Big Fish","player_choice":"Box","floor":4.0,"damage_taken":0.0},{"event_name":"Scrap Ooze","player_choice":"success","floor":5.0,"damage_taken":7.0},{"event_name":"Liars Game","player_choice":"agreed","floor":13,"damage_taken":0}],"boss_relics":[],"potions_floor_spawned":[6,10,12],"seed_played":"3839452739436379693","killed_by":"Hexaghost","ascension_level":0,"is_trial":false}