{"gold_per_floor":[110,210,227,227,103,103,130,144,144,69,69,85,118,18,18,18],"floor_reached":16,"playtime":562,"items_purged":["Strike_G","Strike_G"],"score":233,"play_id":"d8c99964-eebe-421a-b17e-976ded8d2c26","local_time":"20190218233257","is_ascension_mode":true,"campfire_choices":[{"data":"Neutralize","floor":6,"key":"SMITH"},{"data":"Burst","floor":11,"key":"SMITH"},{"data":"Footwork","floor":15,"key":"SMITH"}],"neow_cost":"NONE","seed_source_timestamp":99313627611830,"circlet_count":0,"master_deck":["AscendersBane","Defend_G","Defend_G","Defend_G","Defend_G","Defend_G","Strike_G","Survivor","Neutralize+1","Leg Sweep","Burst+1","Deadly Poison","Crippling Poison+1","Backflip+1","PiercingWail+1","Footwork+1"],"relics":["Runic Dome","Toxic Egg 2","Omamori","PreservedInsect"],"potions_floor_usage":[16,16],"damage_taken":[{"damage":0,"enemies":"Cultist","floor":1,"turns":5},{"damage":2,"enemies":"Small Slimes","floor":3,"turns":5},{"damage":52,"enemies":"3 Sentries","floor":7,"turns":21},{"damage":0,"enemies":"Jaw Worm","floor":8,"turns":3},{"damage":0,"enemies":"2 Fungi Beasts","floor":12,"turns":4},{"damage":0,"enemies":"Lagavulin","floor":13,"turns":8},{"damage":11,"enemies":"Slime Boss","floor":16,"turns":8}],"seed_played":"3441266357408493846","potions_obtained":[{"floor":8,"key":"Swift Potion"},{"floor":12,"key":"SkillPotion"}],"is_trial":false,"path_per_floor":["M","?","M","?","$","R","E","M","T","?","R","M","E","$","R","B"],"character_chosen":"THE_SILENT","items_purchased":["Deadly Poison"],"campfire_rested":0,"item_purchase_floors":[5],"current_hp_per_floor":[59,59,57,57,57,57,5,5,5,5,5,5,5,5,5,0],"gold":18,"neow_bonus":"BOSS_RELIC","is_prod":false,"is_daily":false,"chose_seed":false,"campfire_upgraded":3,"win_rate":0,"timestamp":1550503977,"path_taken":["M","?","?","?","$","R","E","M","T","?","R","M","E","$","R","BOSS"],"build_version":"2019-01-23","purchased_purges":2,"victory":false,"max_hp_per_floor":[66,66,66,66,66,66,66,66,66,66,66,66,66,66,66,66],"card_choices":[{"not_picked":["Dodge and Roll","Cloak And Dagger","Accuracy"],"picked":"SKIP","floor":1},{"not_picked":["Flechettes","Blade Dance"],"picked":"Leg Sweep","floor":3},{"not_picked":["Underhanded Strike","Dagger Throw"],"picked":"Crippling Poison","floor":7},{"not_picked":["Flying Knee","Deadly Poison+1"],"picked":"Backflip+1","floor":8},{"not_picked":["Backflip+1","Sucker Punch"],"picked":"PiercingWail+1","floor":12},{"not_picked":["Bane","Cloak And Dagger+1"],"picked":"Footwork","floor":13}],"player_experience":830129,"relics_obtained":[{"floor":7,"key":"Toxic Egg 2"},{"floor":9,"key":"Omamori"},{"floor":13,"key":"PreservedInsect"}],"event_choices":[{"damage_healed":0,"gold_gain":100,"player_choice":"Gold","damage_taken":0,"max_hp_gain":0,"max_hp_loss":0,"event_name":"Wheel of Change","floor":2,"gold_loss":0},{"damage_healed":0,"gold_gain":0,"cards_transformed":["Strike_G"],"player_choice":"Change","damage_taken":0,"max_hp_gain":0,"max_hp_loss":0,"event_name":"Living Wall","floor":4,"gold_loss":0,"cards_obtained":["Burst"]},{"cards_removed":["Strike_G"],"damage_healed":0,"gold_gain":0,"player_choice":"Card Removal","damage_taken":0,"max_hp_gain":0,"max_hp_loss":0,"event_name":"The Cleric","floor":10,"gold_loss":75}],"is_beta":false,"boss_relics":[],"items_purged_floors":[5,14],"is_endless":false,"potions_floor_spawned":[8,12,13],"killed_by":"Slime Boss","ascension_level":15}