{"gold_per_floor":[11,61,81,91,107,135,60,60,86,121,121,91,101,115,115,193,193,204,217,417,121,131,163,175,199,211,250,262,290,302,344,356,442,454,483,495,507,519,543,581,593,638,650,662,143,163,192,206,206,206],"floor_reached":51,"playtime":3067,"items_purged":["Defend_G","Strike_G"],"score":1509,"play_id":"71b31cad-a32f-4c7b-982c-07d7cff71d17","local_time":"20180805112240","is_ascension_mode":true,"campfire_choices":[{"data":"Footwork","floor":8.0,"key":"SMITH"},{"data":"Bane","floor":15.0,"key":"SMITH"},{"data":"Burst","floor":24.0,"key":"SMITH"},{"floor":28.0,"key":"REST"},{"data":"Cloak And Dagger","floor":30.0,"key":"SMITH"},{"data":"Noxious Fumes","floor":32.0,"key":"SMITH"},{"floor":41.0,"key":"REST"},{"data":"Burst","floor":44,"key":"SMITH"},{"floor":49,"key":"REST"}],"neow_cost":"NO_GOLD","seed_source_timestamp":0,"circlet_count":0,"master_deck":["Defend_G","Defend_G","Defend_G","Defend_G","Strike_G","Strike_G","Strike_G","Survivor","Neutralize","AscendersBane","Cloak And Dagger+1","Backflip","Footwork+1","Well Laid Plans","Footwork","Dodge and Roll","Poisoned Stab","Deflect","Bane+1","Burst+1","Sucker Punch+1","Blur","Catalyst","Adrenaline","Poisoned Stab","Noxious Fumes+1","Expertise","Backflip+1","Burst+1","Backflip","Flechettes+1","Finesse","Panache","Thinking Ahead","Blade Dance","Backflip","After Image","Blur"],"special_seed":0,"relics":["Ring of the Serpent","Mango","Oddly Smooth Stone","Lantern","Potion Belt","Snake Skull","MawBank","Kunai","Mercury Hourglass","Art of War","Orrery","Blue Candle","Smiling Mask","Shuriken","Sundial","Bottled Tornado","Bronze Scales","Dodecahedron"],"potions_floor_usage":[47,48,48,50,50,50],"damage_taken":[{"damage":1.0,"enemies":"Jaw Worm","floor":1.0,"turns":4.0},{"damage":0.0,"enemies":"Cultist","floor":3.0,"turns":5.0},{"damage":1.0,"enemies":"Small Slimes","floor":4.0,"turns":4.0},{"damage":0.0,"enemies":"3 Louse","floor":5.0,"turns":7.0},{"damage":16.0,"enemies":"Gremlin Nob","floor":6.0,"turns":4.0},{"damage":12.0,"enemies":"Lagavulin","floor":10.0,"turns":12.0},{"damage":0.0,"enemies":"Looter","floor":12.0,"turns":4.0},{"damage":0.0,"enemies":"Blue Slaver","floor":13.0,"turns":5.0},{"damage":1.0,"enemies":"Large Slime","floor":14.0,"turns":9.0},{"damage":21.0,"enemies":"The Guardian","floor":16.0,"turns":16.0},{"damage":3.0,"enemies":"Chosen","floor":18.0,"turns":7.0},{"damage":1.0,"enemies":"Spheric Guardian","floor":19.0,"turns":8.0},{"damage":0.0,"enemies":"Cultist and Chosen","floor":22.0,"turns":10.0},{"damage":35.0,"enemies":"Slavers","floor":23.0,"turns":9.0},{"damage":6.0,"enemies":"3 Cultists","floor":25.0,"turns":9.0},{"damage":9.0,"enemies":"Gremlin Leader","floor":27.0,"turns":6.0},{"damage":0.0,"enemies":"Chosen and Byrds","floor":29.0,"turns":8.0},{"damage":0.0,"enemies":"Book of Stabbing","floor":31.0,"turns":6.0},{"damage":8.0,"enemies":"Champ","floor":33.0,"turns":15.0},{"damage":3.0,"enemies":"3 Darklings","floor":35.0,"turns":7.0},{"damage":9.0,"enemies":"Flame Bruiser 1 Orb","floor":39.0,"turns":6.0},{"damage":24.0,"enemies":"2 Orb Walkers","floor":40.0,"turns":5.0},{"damage":0,"enemies":"Nemesis","floor":42,"turns":7},{"damage":15,"enemies":"3 Darklings","floor":46,"turns":3},{"damage":13,"enemies":"Giant Head","floor":47,"turns":9},{"damage":8,"enemies":"Transient","floor":48,"turns":5},{"damage":2,"enemies":"Time Eater","floor":50,"turns":19}],"seed_played":"5955991526365363517","potions_obtained":[{"floor":4.0,"key":"FearPotion"},{"floor":5.0,"key":"SkillPotion"},{"floor":10.0,"key":"Ancient Potion"},{"floor":13.0,"key":"Explosive Potion"},{"floor":16.0,"key":"Ancient Potion"},{"floor":19.0,"key":"Block Potion"},{"floor":23.0,"key":"PowerPotion"},{"floor":25.0,"key":"EssenceOfSteel"},{"floor":27.0,"key":"Swift Potion"},{"floor":35.0,"key":"Swift Potion"},{"floor":42,"key":"Block Potion"},{"floor":47,"key":"PowerPotion"},{"floor":48,"key":"EssenceOfSteel"}],"is_trial":false,"path_per_floor":["M","?","M","M","M","E","?","R","T","E","$","M","M","M","R","B",null,"M","M","?","$","M","E","R","M","T","E","R","M","R","E","R","B",null,"M","?","T","?","M","E","R","E","T","R","$","M","E","M","R","B"],"character_chosen":"THE_SILENT","items_purchased":["Snake Skull","Blur","Bottled Tornado","Energy Potion","Bronze Scales","Backflip"],"campfire_rested":3,"item_purchase_floors":[21,21,45,45,45,45],"current_hp_per_floor":[72,72,72,71,71,55,55,55,55,43,43,43,43,42,42,21,65,62,61,61,61,61,26,26,20,20,11,35,35,35,35,35,27,67,64,64,64,54,45,21,45,45,45,45,45,30,17,9,33,31],"gold":206,"neow_bonus":"ONE_RARE_RELIC","is_prod":false,"is_daily":false,"chose_seed":false,"campfire_upgraded":6,"win_rate":0,"timestamp":1533439360,"path_taken":["M","?","M","M","M","E","?","R","T","E","?","M","M","M","R","BOSS","M","M","?","$","M","E","R","M","T","E","R","M","R","E","R","BOSS","M","?","?","?","M","E","R","E","T","R","$","?","E","M","R","BOSS"],"build_version":"2018-08-01","purchased_purges":2,"victory":true,"max_hp_per_floor":[80,80,80,80,80,80,80,80,80,80,80,80,80,80,80,80,80,80,80,80,80,80,80,80,80,80,80,80,80,80,80,80,80,80,80,80,80,80,80,80,80,80,80,80,80,80,80,80,80,80],"card_choices":[{"not_picked":["PiercingWail","Dodge and Roll"],"picked":"Cloak And Dagger","floor":1.0},{"not_picked":["Well Laid Plans","Bane"],"picked":"Backflip","floor":3.0},{"not_picked":["Underhanded Strike","Deflect"],"picked":"Footwork","floor":4.0},{"not_picked":["Deflect","Blade Dance"],"picked":"Well Laid Plans","floor":5.0},{"not_picked":["A Thousand Cuts","Catalyst"],"picked":"Footwork","floor":6.0},{"not_picked":["Bane","Backflip"],"picked":"Dodge and Roll","floor":10.0},{"not_picked":["Riddle With Holes","Flechettes"],"picked":"Poisoned Stab","floor":12.0},{"not_picked":["Dodge and Roll","All Out Attack"],"picked":"Deflect","floor":13.0},{"not_picked":["Concentrate","Backflip"],"picked":"Bane","floor":14.0},{"not_picked":["Tools of the Trade","Storm of Steel"],"picked":"Burst","floor":16.0},{"not_picked":["Eviscerate+1","Finisher"],"picked":"Sucker Punch+1","floor":18.0},{"not_picked":["Dodge and Roll","Outmaneuver+1","Flying Knee"],"picked":"SKIP","floor":19.0},{"not_picked":["Reflex","PiercingWail","Deflect"],"picked":"SKIP","floor":22.0},{"not_picked":["Deflect","Quick Slash"],"picked":"Catalyst","floor":23.0},{"not_picked":["Acrobatics","Quick Slash"],"picked":"Adrenaline","floor":25.0},{"not_picked":["Endless Agony","Tools of the Trade","Distraction"],"picked":"SKIP","floor":27.0},{"not_picked":["Setup","Concentrate"],"picked":"Poisoned Stab","floor":29.0},{"not_picked":["Bane","Dash"],"picked":"Noxious Fumes","floor":31.0},{"not_picked":["Flying Knee","Deflect"],"picked":"Expertise","floor":34.0},{"not_picked":["Heel Hook","Prepared"],"picked":"Backflip+1","floor":34.0},{"not_picked":["Reflex+1","Heel Hook"],"picked":"Burst","floor":34.0},{"not_picked":["Masterful Stab","All Out Attack"],"picked":"Backflip","floor":34.0},{"not_picked":["All Out Attack","Predator"],"picked":"Flechettes+1","floor":34.0},{"not_picked":["Acrobatics+1","Outmaneuver","Sucker Punch+1"],"picked":"SKIP","floor":35.0},{"not_picked":["Magnetism","Panache"],"picked":"Finesse","floor":38.0},{"not_picked":["Blind","Forethought"],"picked":"Panache","floor":38.0},{"not_picked":["Good Instincts","Enlightenment"],"picked":"Thinking Ahead","floor":38.0},{"not_picked":["PiercingWail","Heel Hook"],"picked":"Blade Dance","floor":39.0},{"not_picked":["Setup","Tactician","Reflex"],"picked":"SKIP","floor":40.0},{"not_picked":["Catalyst","Quick Slash","Bane"],"picked":"SKIP","floor":42},{"not_picked":["Underhanded Strike","Infinite Blades","Poisoned Stab"],"picked":"SKIP","floor":46},{"not_picked":["Caltrops+1","Calculated Gamble+1"],"picked":"After Image","floor":47},{"not_picked":["Finisher","Calculated Gamble+1"],"picked":"Blur","floor":48}],"player_experience":805752,"relics_obtained":[{"floor":6.0,"key":"Oddly Smooth Stone"},{"floor":9.0,"key":"Lantern"},{"floor":10.0,"key":"Potion Belt"},{"floor":23.0,"key":"MawBank"},{"floor":26.0,"key":"Kunai"},{"floor":27.0,"key":"Mercury Hourglass"},{"floor":31.0,"key":"Art of War"},{"floor":37.0,"key":"Blue Candle"},{"floor":40.0,"key":"Smiling Mask"},{"floor":42,"key":"Shuriken"},{"floor":43,"key":"Sundial"},{"floor":47,"key":"Dodecahedron"}],"event_choices":[{"event_name":"Golden Shrine","player_choice":"Pray","floor":2.0,"damage_taken":0.0},{"event_name":"The Cleric","player_choice":"Card Removal","floor":7.0,"damage_taken":0.0},{"event_name":"The Joust","player_choice":"Bet on Owner","floor":20.0,"damage_taken":0.0},{"event_name":"Tomb of Lord Red Mask","player_choice":"Ignored","floor":36.0,"damage_taken":0.0},{"event_name":"SensoryStone","player_choice":"Memory 3","floor":38.0,"damage_taken":0.0}],"is_beta":true,"boss_relics":[{"not_picked":["Ectoplasm","Cursed Key"],"picked":"Ring of the Serpent"},{"not_picked":["Lizard Tail","Pandora\u0027s Box"],"picked":"Orrery"}],"items_purged_floors":[21,45],"is_endless":false,"potions_floor_spawned":[4,5,10,13,16,19,23,25,27,35,42,47,48],"ascension_level":15}