{"gold_per_floor":[117,117,42,97,113,126,126,48,48,64,64,64,82,96,96,168,168,181,181,181,55,45,45,45],"floor_reached":24,"playtime":717,"items_purged":["Strike_G","Strike_G"],"score":372,"play_id":"431c0bd6-f558-40c2-bbb1-862d14faf7ed","local_time":"20190122164305","is_ascension_mode":true,"campfire_choices":[{"data":"Acrobatics","floor":7.0,"key":"SMITH"},{"data":"Prepared","floor":12.0,"key":"SMITH"},{"data":"Well Laid Plans","floor":15.0,"key":"SMITH"},{"data":"Deadly Poison","floor":23,"key":"SMITH"}],"neow_cost":"NONE","seed_source_timestamp":4659756578217,"circlet_count":0,"master_deck":["AscendersBane","Defend_G","Defend_G","Defend_G","Defend_G","Defend_G","Strike_G","Strike_G","Strike_G","Survivor","Neutralize+1","Trip","Heel Hook","Acrobatics+1","Prepared+1","Well Laid Plans+1","Backflip","Deadly Poison+1"],"special_seed":0,"relics":["Ring of the Snake","Vajra","Coffee Dripper","Enchiridion"],"potions_floor_usage":[],"damage_taken":[{"damage":1.0,"enemies":"2 Louse","floor":1.0,"turns":3.0},{"damage":0.0,"enemies":"Cultist","floor":5.0,"turns":3.0},{"damage":0.0,"enemies":"Small Slimes","floor":6.0,"turns":2.0},{"damage":2.0,"enemies":"2 Fungi Beasts","floor":10.0,"turns":4.0},{"damage":0.0,"enemies":"Looter","floor":13.0,"turns":3.0},{"damage":4.0,"enemies":"Exordium Thugs","floor":14.0,"turns":5.0},{"damage":8.0,"enemies":"Hexaghost","floor":16.0,"turns":11.0},{"damage":10.0,"enemies":"Chosen","floor":18.0,"turns":6.0},{"damage":18,"enemies":"2 Thieves","floor":22,"turns":5},{"damage":35,"enemies":"Chosen and Byrds","floor":24,"turns":3}],"seed_played":"-7842483610968732554","potions_obtained":[{"floor":1.0,"key":"LiquidBronze"},{"floor":10.0,"key":"Dexterity Potion"}],"is_trial":false,"path_per_floor":["?","T","?","?","?"],"character_chosen":"THE_SILENT","items_purchased":["Well Laid Plans","Deadly Poison"],"campfire_rested":0,"item_purchase_floors":[8,21],"current_hp_per_floor":[58,58,58,58,58,58,58,58,58,56,56,56,56,52,52,44,61,51,64,43,43,25,25,0],"gold":45,"neow_bonus":"RANDOM_COLORLESS","is_prod":false,"is_daily":false,"chose_seed":false,"campfire_upgraded":4,"win_rate":0,"timestamp":1548146585,"path_taken":["M","?","$","?","M","M","R","$","T","M","?","R","M","M","R","BOSS","M","?","?","$","M","R","M"],"build_version":"2019-01-20","purchased_purges":2,"victory":false,"max_hp_per_floor":[66,66,66,66,66,66,66,66,66,66,66,66,66,66,66,66,66,66,66,66,66,66,66,66],"card_choices":[{"not_picked":["Outmaneuver","Dash"],"picked":"Heel Hook","floor":1.0},{"not_picked":["Deflect","Sucker Punch"],"picked":"Acrobatics","floor":5.0},{"not_picked":["Dagger Throw","Acrobatics"],"picked":"Prepared","floor":6.0},{"not_picked":["Poisoned Stab","Outmaneuver","Dagger Spray"],"picked":"SKIP","floor":10.0},{"not_picked":["Sucker Punch","Quick Slash"],"picked":"Backflip","floor":13.0},{"not_picked":["Outmaneuver","A Thousand Cuts","Bane"],"picked":"SKIP","floor":14.0},{"not_picked":["Outmaneuver","A Thousand Cuts","Bane"],"picked":"SKIP","floor":14.0},{"not_picked":["Catalyst+1","Outmaneuver","Sucker Punch"],"picked":"SKIP","floor":18.0},{"not_picked":["Blade Dance+1","Endless Agony","PiercingWail"],"picked":"SKIP","floor":22}],"player_experience":1312678,"relics_obtained":[{"floor":4.0,"key":"Vajra"},{"floor":20,"key":"Enchiridion"}],"event_choices":[{"damage_healed":0.0,"max_hp_gain":0.0,"max_hp_loss":0.0,"gold_gain":0.0,"event_name":"Accursed Blacksmith","player_choice":"Forge","floor":2.0,"gold_loss":0.0,"damage_taken":0.0,"cards_upgraded":["Neutralize"]},{"damage_healed":0.0,"max_hp_gain":0.0,"max_hp_loss":0.0,"gold_gain":0.0,"event_name":"Liars Game","player_choice":"Ignored","floor":11.0,"gold_loss":0.0,"damage_taken":0.0},{"damage_healed":13,"gold_gain":0,"player_choice":"Heal","damage_taken":0,"max_hp_gain":0,"max_hp_loss":0,"event_name":"The Library","floor":19,"gold_loss":0},{"damage_healed":0,"gold_gain":0,"player_choice":"Obtained Book","damage_taken":21,"max_hp_gain":0,"max_hp_loss":0,"event_name":"Cursed Tome","floor":20,"gold_loss":0}],"is_beta":true,"boss_relics":[{"not_picked":["Velvet Choker","Philosopher\u0027s Stone"],"picked":"Coffee Dripper"}],"items_purged_floors":[3,21],"is_endless":false,"potions_floor_spawned":[1,10,13],"killed_by":"Chosen and Byrds","ascension_level":20}