{"gold_per_floor":[112,131,56,56,110,139,39,39,94,119,137,7,69,91,91,91],"floor_reached":16,"playtime":326,"items_purged":["Strike_B","Strike_B","Defend_B"],"score":312,"play_id":"a986d62e-caec-4f35-ac06-c502b38b295f","local_time":"20181120162822","is_ascension_mode":true,"campfire_choices":[{"data":"Zap","floor":8.0,"key":"SMITH"},{"data":"Defragment","floor":15,"key":"SMITH"}],"neow_cost":"NONE","seed_source_timestamp":1748134284340798,"circlet_count":0,"master_deck":["AscendersBane","Strike_B","Strike_B","Defend_B","Defend_B","Defend_B","Zap+1","Dualcast","Ball Lightning","Coolheaded","Blizzard","Defragment+1"],"special_seed":0,"relics":["Cracked Core","NeowsBlessing","Pen Nib","PreservedInsect","Smiling Mask","Ornamental Fan","DataDisk","Odd Mushroom"],"potions_floor_usage":[],"damage_taken":[{"damage":0.0,"enemies":"2 Louse","floor":1.0,"turns":1.0},{"damage":0.0,"enemies":"Jaw Worm","floor":2.0,"turns":1.0},{"damage":0.0,"enemies":"3 Sentries","floor":6.0,"turns":1.0},{"damage":0.0,"enemies":"Gremlin Nob","floor":10.0,"turns":2.0},{"damage":0.0,"enemies":"Cultist","floor":11.0,"turns":3.0},{"damage":23,"enemies":"Lagavulin Event","floor":13,"turns":4},{"damage":11,"enemies":"The Mushroom Lair","floor":14,"turns":4},{"damage":35,"enemies":"Hexaghost","floor":16,"turns":9}],"seed_played":"-3897717873464040596","potions_obtained":[{"floor":6.0,"key":"AttackPotion"},{"floor":14,"key":"Explosive Potion"}],"is_trial":false,"path_per_floor":["M","M","$","?","T","E","$","R","T","E","M","$","?","?","R","B"],"character_chosen":"DEFECT","items_purchased":["Blizzard"],"campfire_rested":0,"item_purchase_floors":[12],"current_hp_per_floor":[64,64,64,69,69,69,69,69,69,69,69,69,46,35,35,0],"gold":91,"neow_bonus":"THREE_ENEMY_KILL","is_prod":false,"is_daily":false,"chose_seed":false,"campfire_upgraded":2,"win_rate":0,"timestamp":1542702502,"path_taken":["M","M","$","?","?","E","?","R","T","E","?","$","?","?","R","BOSS"],"build_version":"2018-11-15","purchased_purges":3,"victory":false,"max_hp_per_floor":[71,71,71,76,76,76,76,76,76,76,76,76,76,76,76,76],"card_choices":[{"not_picked":["Redo","Compile Driver","Undo"],"picked":"SKIP","floor":1.0},{"not_picked":["Double Energy","Melter","Redo"],"picked":"SKIP","floor":2.0},{"not_picked":["Turbo","Steam"],"picked":"Ball Lightning","floor":6.0},{"not_picked":["BootSequence","Steam","White Noise"],"picked":"SKIP","floor":10.0},{"not_picked":["Rainbow","Cold Snap"],"picked":"Coolheaded","floor":11.0},{"not_picked":["Conserve Battery","Sunder"],"picked":"Defragment","floor":13}],"player_experience":581063,"relics_obtained":[{"floor":5.0,"key":"Pen Nib"},{"floor":6.0,"key":"PreservedInsect"},{"floor":9.0,"key":"Smiling Mask"},{"floor":10.0,"key":"Ornamental Fan"},{"floor":13,"key":"DataDisk"},{"floor":14,"key":"Odd Mushroom"}],"event_choices":[{"damage_healed":0.0,"max_hp_gain":5.0,"max_hp_loss":0.0,"gold_gain":0.0,"event_name":"Big Fish","player_choice":"Donut","floor":4.0,"gold_loss":0.0,"damage_taken":0.0},{"damage_healed":0,"gold_gain":0,"player_choice":"Searched \u00271\u0027 times","damage_taken":0,"max_hp_gain":0,"max_hp_loss":0,"event_name":"Dead Adventurer","floor":13,"gold_loss":0},{"damage_healed":0,"gold_gain":0,"player_choice":"Fought Mushrooms","damage_taken":0,"max_hp_gain":0,"max_hp_loss":0,"event_name":"Mushrooms","floor":14,"gold_loss":0}],"is_beta":true,"boss_relics":[],"items_purged_floors":[3,7,12],"is_endless":false,"potions_floor_spawned":[6,14],"killed_by":"Hexaghost","ascension_level":20}