{"gold_per_floor":[118,118,30,43,43,43,74,74,97,97,112,112,130,130,130,207,207,217,187,72,72,72,72,102,102,129,129,144,144,154,184,184,259,259,275,245,259,259,275,305,305,305,376,403,403,415,415,415,415,415,415,415,415,56,85,85],"floor_reached":57,"playtime":2829,"items_purged":["Strike_G","Doubt"],"score":3023,"play_id":"f8c3f89d-0913-40b9-a681-137bda7239dd","local_time":"20190103231942","is_ascension_mode":true,"campfire_choices":[{"data":"Deadly Poison","floor":6.0,"key":"SMITH"},{"data":"Well Laid Plans","floor":10.0,"key":"SMITH"},{"data":"Neutralize","floor":12.0,"key":"SMITH"},{"data":"Backflip","floor":15.0,"key":"SMITH"},{"data":"Catalyst","floor":23.0,"key":"SMITH"},{"data":"Survivor","floor":25.0,"key":"SMITH"},{"floor":27.0,"key":"RECALL"},{"floor":32.0,"key":"REST"},{"data":"Night Terror","floor":41.0,"key":"SMITH"},{"data":"Deadly Poison","floor":49,"key":"SMITH"},{"data":"Backflip","floor":53,"key":"SMITH"}],"neow_cost":"TEN_PERCENT_HP_LOSS","seed_source_timestamp":38040459966210,"circlet_count":0,"master_deck":["AscendersBane","Defend_G+1","Defend_G","Defend_G","Defend_G+1","Strike_G","Survivor+1","Neutralize+1","Backflip+1","After Image+1","Noxious Fumes+1","Well Laid Plans+1","Deadly Poison+1","Backflip+1","Catalyst+1","Well Laid Plans","Well Laid Plans+1","Deadly Poison+1","Backflip+1","Night Terror+1","Backflip+1"],"special_seed":0,"relics":["Ring of the Snake","Happy Flower","Bronze Scales","Black Star","Art of War","Smiling Mask","Vajra","Juzu Bracelet","Pen Nib","Busted Crown","Oddly Smooth Stone","Darkstone Periapt","Shuriken","Strawberry","Bag of Preparation","Blood Vial","Centennial Puzzle","War Paint"],"potions_floor_usage":[44,44,56,56],"damage_taken":[{"damage":1.0,"enemies":"2 Louse","floor":1.0,"turns":6.0},{"damage":0.0,"enemies":"Cultist","floor":4.0,"turns":4.0},{"damage":6.0,"enemies":"Gremlin Nob","floor":7.0,"turns":3.0},{"damage":1.0,"enemies":"Small Slimes","floor":11.0,"turns":4.0},{"damage":0.0,"enemies":"Blue Slaver","floor":13.0,"turns":4.0},{"damage":0.0,"enemies":"Hexaghost","floor":16.0,"turns":8.0},{"damage":2.0,"enemies":"Shell Parasite","floor":18.0,"turns":5.0},{"damage":2.0,"enemies":"2 Thieves","floor":19.0,"turns":4.0},{"damage":11.0,"enemies":"Book of Stabbing","floor":24.0,"turns":5.0},{"damage":10.0,"enemies":"Snake Plant","floor":28.0,"turns":4.0},{"damage":1.0,"enemies":"Centurion and Healer","floor":30.0,"turns":5.0},{"damage":17.0,"enemies":"Slavers","floor":31.0,"turns":5.0},{"damage":18.0,"enemies":"Collector","floor":33.0,"turns":11.0},{"damage":1.0,"enemies":"Orb Walker","floor":35.0,"turns":3.0},{"damage":0.0,"enemies":"3 Shapes","floor":37.0,"turns":5.0},{"damage":1.0,"enemies":"Sphere and 2 Shapes","floor":39.0,"turns":5.0},{"damage":0.0,"enemies":"Giant Head","floor":40.0,"turns":3.0},{"damage":21,"enemies":"Reptomancer","floor":44,"turns":3},{"damage":12,"enemies":"3 Darklings","floor":46,"turns":4},{"damage":32,"enemies":"Time Eater","floor":50,"turns":2},{"damage":0,"enemies":"Donu and Deca","floor":51,"turns":7},{"damage":20,"enemies":"Shield and Spear","floor":55,"turns":7},{"damage":21,"enemies":"The Heart","floor":56,"turns":6}],"seed_played":"5113232551961930013","potions_obtained":[{"floor":4.0,"key":"FearPotion"},{"floor":7.0,"key":"PowerPotion"},{"floor":11.0,"key":"FearPotion"},{"floor":18.0,"key":"SkillPotion"},{"floor":24.0,"key":"PowerPotion"},{"floor":30.0,"key":"GhostInAJar"},{"floor":36.0,"key":"SpeedPotion"},{"floor":36.0,"key":"Fruit Juice"},{"floor":39.0,"key":"SkillPotion"},{"floor":40.0,"key":"Fire Potion"},{"floor":46,"key":"EssenceOfSteel"}],"is_trial":false,"path_per_floor":["M","?","$","M","?","R","E","?","T","R","M","R","M","?","R","B",null,"M","M","$","?","T","R","E","R","T","R","M","?","M","E","R","B",null,"M","?","M","?","M","E","R","?","T","E","?","M","?","?","R","B","B",null,"R","$","E","B",null],"character_chosen":"THE_SILENT","items_purchased":["Well Laid Plans","Well Laid Plans","GhostInAJar","Blood Vial","PowerPotion"],"campfire_rested":1,"item_purchase_floors":[3,20,54,54,54],"current_hp_per_floor":[58,58,58,58,40,40,34,34,34,34,33,33,33,33,33,33,53,51,49,49,49,49,49,38,38,38,38,28,28,27,10,28,10,48,47,52,52,52,51,51,51,51,51,37,37,25,75,75,75,43,43,67,67,67,49,30],"gold":85,"neow_bonus":"TRANSFORM_TWO_CARDS","is_prod":false,"is_daily":false,"chose_seed":false,"campfire_upgraded":9,"win_rate":0,"timestamp":1546528782,"path_taken":["M","?","$","?","?","R","E","?","T","R","M","R","M","?","R","BOSS","M","M","$","?","?","R","E","R","T","R","M","?","?","E","R","BOSS","M","?","M","?","M","E","R","?","T","E","?","M","?","?","R","BOSS","BOSS","R","$","E","BOSS"],"build_version":"2018-12-20","purchased_purges":2,"victory":true,"max_hp_per_floor":[60,60,60,60,60,60,60,60,60,60,60,60,60,60,60,60,60,60,60,60,60,60,60,60,60,60,60,60,60,60,60,60,60,60,60,65,65,65,65,65,65,62,62,69,69,69,75,75,75,75,75,75,75,75,75,75],"card_choices":[{"not_picked":["Acrobatics","Bane"],"picked":"Noxious Fumes","floor":1.0},{"not_picked":["Flying Knee","Dodge and Roll"],"picked":"Deadly Poison","floor":4.0},{"not_picked":["Choke","Crippling Poison","Storm of Steel"],"picked":"SKIP","floor":7.0},{"not_picked":["Eviscerate","Backstab","Masterful Stab"],"picked":"SKIP","floor":11.0},{"not_picked":["Blade Dance","Deflect"],"picked":"Backflip","floor":13.0},{"not_picked":["Flying Knee","Dagger Spray"],"picked":"Catalyst","floor":18.0},{"not_picked":["Dagger Throw+1","Choke","Masterful Stab+1"],"picked":"SKIP","floor":19.0},{"not_picked":["Setup","Deadly Poison"],"picked":"Well Laid Plans+1","floor":24.0},{"not_picked":["Underhanded Strike","PiercingWail"],"picked":"Deadly Poison","floor":28.0},{"not_picked":["Dash","Endless Agony","Flechettes"],"picked":"SKIP","floor":30.0},{"not_picked":["Finisher","Outmaneuver","Infinite Blades"],"picked":"SKIP","floor":31.0},{"not_picked":["Storm of Steel","A Thousand Cuts"],"picked":"Night Terror","floor":33.0},{"not_picked":["Dagger Throw"],"picked":"SKIP","floor":35.0},{"not_picked":["Deadly Poison+1"],"picked":"SKIP","floor":37.0},{"not_picked":["Bane"],"picked":"SKIP","floor":39.0},{"not_picked":["Bane+1"],"picked":"SKIP","floor":40.0},{"not_picked":["Accuracy"],"picked":"SKIP","floor":44},{"not_picked":[],"picked":"Backflip+1","floor":46},{"not_picked":["Dodge and Roll+1"],"picked":"SKIP","floor":55}],"player_experience":1709773,"relics_obtained":[{"floor":7.0,"key":"Happy Flower"},{"floor":9.0,"key":"Bronze Scales"},{"floor":22.0,"key":"Art of War"},{"floor":24.0,"key":"Smiling Mask"},{"floor":24.0,"key":"Vajra"},{"floor":31.0,"key":"Juzu Bracelet"},{"floor":31.0,"key":"Pen Nib"},{"floor":40.0,"key":"Oddly Smooth Stone"},{"floor":40.0,"key":"Darkstone Periapt"},{"floor":43.0,"key":"Shuriken"},{"floor":44,"key":"Strawberry"},{"floor":44,"key":"Bag of Preparation"},{"floor":55,"key":"Centennial Puzzle"},{"floor":55,"key":"War Paint"}],"event_choices":[{"damage_healed":0.0,"max_hp_gain":0.0,"max_hp_loss":0.0,"gold_gain":0.0,"event_name":"Upgrade Shrine","player_choice":"Upgraded","floor":2.0,"gold_loss":0.0,"damage_taken":0.0,"cards_upgraded":["Noxious Fumes"]},{"damage_healed":0.0,"max_hp_gain":0.0,"max_hp_loss":0.0,"gold_gain":0.0,"event_name":"Shining Light","player_choice":"Entered Light","floor":5.0,"gold_loss":0.0,"damage_taken":18.0,"cards_upgraded":["After Image","Strike_G"]},{"cards_removed":["Strike_G"],"damage_healed":0.0,"max_hp_gain":0.0,"max_hp_loss":0.0,"gold_gain":0.0,"event_name":"Living Wall","player_choice":"Forget","floor":8.0,"gold_loss":0.0,"damage_taken":0.0},{"damage_healed":0.0,"max_hp_gain":0.0,"max_hp_loss":0.0,"gold_gain":0.0,"event_name":"Accursed Blacksmith","player_choice":"Forge","floor":14.0,"gold_loss":0.0,"damage_taken":0.0,"cards_upgraded":["Backflip"]},{"damage_healed":0.0,"max_hp_gain":0.0,"max_hp_loss":0.0,"gold_gain":0.0,"event_name":"The Mausoleum","player_choice":"Ignored","floor":21.0,"gold_loss":0.0,"damage_taken":0.0},{"damage_healed":0.0,"max_hp_gain":0.0,"max_hp_loss":0.0,"gold_gain":0.0,"event_name":"Match and Keep!","player_choice":"1 cards matched","floor":29.0,"gold_loss":0.0,"damage_taken":0.0,"cards_obtained":["Backflip"]},{"damage_healed":0.0,"max_hp_gain":0.0,"max_hp_loss":0.0,"gold_gain":0.0,"event_name":"The Woman in Blue","player_choice":"Bought 2 Potions","floor":36.0,"gold_loss":0.0,"damage_taken":0.0},{"damage_healed":0.0,"max_hp_gain":0.0,"max_hp_loss":0.0,"gold_gain":0.0,"event_name":"Mysterious Sphere","player_choice":"Ignored","floor":38.0,"gold_loss":0.0,"damage_taken":0.0},{"damage_healed":0.0,"max_hp_gain":0.0,"max_hp_loss":3.0,"gold_gain":0.0,"event_name":"Winding Halls","player_choice":"Max HP","floor":42.0,"gold_loss":0.0,"damage_taken":0.0},{"damage_healed":0,"gold_gain":0,"player_choice":"Ignored","damage_taken":0,"max_hp_gain":0,"max_hp_loss":0,"event_name":"SecretPortal","floor":45,"gold_loss":0},{"damage_healed":44,"gold_gain":0,"player_choice":"Heal","damage_taken":0,"max_hp_gain":0,"max_hp_loss":0,"event_name":"MindBloom","floor":47,"gold_loss":0,"cards_obtained":["Doubt"]},{"cards_removed":["Strike_G"],"damage_healed":0,"gold_gain":0,"player_choice":"Removed Attack","damage_taken":0,"max_hp_gain":0,"max_hp_loss":0,"event_name":"Falling","floor":48,"gold_loss":0}],"is_beta":false,"boss_relics":[{"not_picked":["Orrery","Eternal Feather"],"picked":"Black Star"},{"not_picked":["Astrolabe","Calling Bell"],"picked":"Busted Crown"}],"items_purged_floors":[20,54],"is_endless":false,"potions_floor_spawned":[4,7,11,18,24,30,39,40,46],"ascension_level":20}