{"gold_per_floor":[116,41,61,136,53,53,88,88,88,88,88],"floor_reached":11,"playtime":162,"items_purged":["Strike_G"],"score":188,"play_id":"6483cfeb-d7a9-440c-8984-00636b17b717","local_time":"20190124203926","is_ascension_mode":true,"campfire_choices":[{"data":"Well Laid Plans","floor":6,"key":"SMITH"},{"data":"Caltrops","floor":8,"key":"SMITH"}],"neow_cost":"NONE","seed_source_timestamp":29304437865698,"circlet_count":0,"master_deck":["AscendersBane","Defend_G","Defend_G","Defend_G","Defend_G","Defend_G","Strike_G","Strike_G","Strike_G","Strike_G","Survivor","Neutralize","Cloak And Dagger","Caltrops+1","Well Laid Plans+1","Malaise"],"relics":["Ring of the Snake","NeowsBlessing","Ninja Scroll","Bag of Marbles"],"potions_floor_usage":[],"damage_taken":[{"damage":0,"enemies":"Cultist","floor":1,"turns":1},{"damage":0,"enemies":"2 Louse","floor":3,"turns":1},{"damage":0,"enemies":"Gremlin Nob","floor":7,"turns":1},{"damage":46,"enemies":"Lagavulin","floor":11,"turns":9}],"seed_played":"-4432430465011644384","potions_obtained":[],"is_trial":false,"path_per_floor":["M","$","M","?","$","R","E","R","T","?","E"],"character_chosen":"THE_SILENT","items_purchased":["Well Laid Plans"],"campfire_rested":0,"item_purchase_floors":[5],"current_hp_per_floor":[59,59,59,48,48,48,48,48,48,30,0],"gold":88,"neow_bonus":"THREE_ENEMY_KILL","is_prod":false,"is_daily":false,"chose_seed":false,"campfire_upgraded":2,"win_rate":0,"timestamp":1548333566,"path_taken":["M","$","?","?","$","R","E","R","T","?","E"],"build_version":"2019-01-23","purchased_purges":1,"victory":false,"max_hp_per_floor":[66,66,66,66,66,66,66,66,66,66,66],"card_choices":[{"not_picked":["Dodge and Roll","Underhanded Strike","Cloak And Dagger"],"picked":"SKIP","floor":1},{"not_picked":["Dodge and Roll","Underhanded Strike"],"picked":"Cloak And Dagger","floor":1},{"not_picked":["Quick Slash","Blade Dance"],"picked":"Caltrops","floor":3},{"not_picked":["Terror","Sucker Punch"],"picked":"Malaise","floor":7}],"player_experience":2211869,"relics_obtained":[{"floor":7,"key":"Ninja Scroll"}],"event_choices":[{"damage_healed":0,"gold_gain":75,"player_choice":"Gather Gold","damage_taken":11,"max_hp_gain":0,"max_hp_loss":0,"event_name":"World of Goop","floor":4,"gold_loss":0},{"damage_healed":0,"gold_gain":0,"player_choice":"Success","damage_taken":18,"relics_obtained":["Bag of Marbles"],"max_hp_gain":0,"max_hp_loss":0,"event_name":"Scrap Ooze","floor":10,"gold_loss":0}],"is_beta":false,"boss_relics":[],"items_purged_floors":[2],"is_endless":false,"potions_floor_spawned":[],"killed_by":"Lagavulin","ascension_level":20}