{"gold_per_floor":[118,130,43,43,61,61,87,87,162,162,177,205,11,11,11,86,86,99,99,99,118,13,41,53,86,131,166,166,166,166,186,186,257,257,270,41,41,41,55,88,88,115,139,157,157,192,202,254,254,254,254,254,254,40,72,72],"floor_reached":57,"playtime":1773,"items_purged":["Strike_G","A Thousand Cuts","Setup"],"score":3783,"play_id":"4accbd66-628e-45e4-a215-8489128cadf6","local_time":"20190319214504","is_ascension_mode":true,"campfire_choices":[{"data":"Bouncing Flask","floor":6.0,"key":"SMITH"},{"data":"Well Laid Plans","floor":8.0,"key":"SMITH"},{"data":"Calculated Gamble","floor":10.0,"key":"SMITH"},{"data":"Grand Finale","floor":15.0,"key":"SMITH"},{"data":"Expertise","floor":28.0,"key":"SMITH"},{"data":"Acrobatics","floor":30.0,"key":"SMITH"},{"data":"Escape Plan","floor":32.0,"key":"SMITH"},{"data":"Tactician","floor":45.0,"key":"SMITH"},{"floor":49.0,"key":"RECALL"},{"data":"Footwork","floor":53,"key":"SMITH"}],"neow_cost":"PERCENT_DAMAGE","seed_source_timestamp":36934147409030,"circlet_count":0,"master_deck":["AscendersBane","Survivor+1","Neutralize","Grand Finale+1","Bouncing Flask+1","Escape Plan+1","Well Laid Plans+1","Calculated Gamble+1","Expertise+1","Acrobatics+1","Poisoned Stab+1","Footwork+1","Noxious Fumes","Adrenaline+1","Heel Hook+1","Tactician+1"],"special_seed":0,"relics":["Ring of the Snake","FaceOfCleric","Omamori","The Courier","Dream Catcher","Lantern","Gambling Chip","WristBlade","PreservedInsect","Molten Egg 2","Whetstone","Pandora\u0027s Box","Membership Card","Ginger","Oddly Smooth Stone","Bag of Marbles","Bronze Scales","Tingsha","Snake Skull","War Paint","Mercury Hourglass"],"potions_floor_usage":[56],"damage_taken":[{"damage":2.0,"enemies":"Jaw Worm","floor":1.0,"turns":5.0},{"damage":7.0,"enemies":"Cultist","floor":2.0,"turns":4.0},{"damage":4.0,"enemies":"Small Slimes","floor":5.0,"turns":3.0},{"damage":0.0,"enemies":"Gremlin Nob","floor":7.0,"turns":2.0},{"damage":8.0,"enemies":"Exordium Thugs","floor":11.0,"turns":5.0},{"damage":0.0,"enemies":"Lagavulin","floor":12.0,"turns":6.0},{"damage":0.0,"enemies":"Hexaghost","floor":16.0,"turns":5.0},{"damage":0.0,"enemies":"3 Byrds","floor":18.0,"turns":2.0},{"damage":0.0,"enemies":"2 Thieves","floor":21.0,"turns":1.0},{"damage":0.0,"enemies":"Gremlin Leader","floor":23.0,"turns":2.0},{"damage":6.0,"enemies":"Centurion and Healer","floor":24.0,"turns":2.0},{"damage":0.0,"enemies":"Book of Stabbing","floor":25.0,"turns":2.0},{"damage":12.0,"enemies":"Slavers","floor":27.0,"turns":2.0},{"damage":0.0,"enemies":"Snake Plant","floor":31.0,"turns":2.0},{"damage":0.0,"enemies":"Collector","floor":33.0,"turns":5.0},{"damage":0.0,"enemies":"3 Darklings","floor":35.0,"turns":1.0},{"damage":0.0,"enemies":"3 Shapes","floor":39.0,"turns":1.0},{"damage":0.0,"enemies":"Reptomancer","floor":40.0,"turns":1.0},{"damage":0.0,"enemies":"Nemesis","floor":42.0,"turns":1.0},{"damage":0.0,"enemies":"Sphere and 2 Shapes","floor":44.0,"turns":1.0},{"damage":0.0,"enemies":"Giant Head","floor":46.0,"turns":1.0},{"damage":0.0,"enemies":"Jaw Worm Horde","floor":47.0,"turns":1.0},{"damage":0.0,"enemies":"2 Orb Walkers","floor":48.0,"turns":1.0},{"damage":0.0,"enemies":"Donu and Deca","floor":50.0,"turns":2.0},{"damage":0,"enemies":"Time Eater","floor":51,"turns":2},{"damage":0,"enemies":"Shield and Spear","floor":55,"turns":1},{"damage":59,"enemies":"The Heart","floor":56,"turns":4}],"seed_played":"-1564057527749916139","potions_obtained":[{"floor":1.0,"key":"GamblersBrew"},{"floor":2.0,"key":"GhostInAJar"},{"floor":11.0,"key":"GamblersBrew"},{"floor":18.0,"key":"LiquidBronze"},{"floor":23.0,"key":"PowerPotion"},{"floor":39.0,"key":"Weak Potion"},{"floor":55,"key":"SpeedPotion"}],"is_trial":false,"path_per_floor":["M","M","$","?","M","R","E","R","T","R","M","E","$","?","R","B",null,"M","?","?","M","$","E","M","E","T","E","R","?","R","M","R","B",null,"M","$","?","?","M","E","?","E","T","M","R","E","M","?","R","B","B",null,"R","$","E","B",null],"character_chosen":"THE_SILENT","items_purchased":["Well Laid Plans","Lantern","Expertise","Acrobatics","Membership Card","Snake Skull","War Paint","Swift Potion"],"campfire_rested":0,"item_purchase_floors":[3,13,22,22,36,54,54,54],"current_hp_per_floor":[42,35,35,35,32,32,33,33,33,33,26,27,27,27,27,28,60,61,61,72,73,73,74,69,70,70,59,59,37,37,38,38,39,73,74,74,74,74,75,76,76,77,77,78,78,79,80,81,81,82,83,88,88,88,89,31],"gold":72,"neow_bonus":"THREE_RARE_CARDS","is_prod":false,"is_daily":false,"chose_seed":false,"campfire_upgraded":9,"win_rate":0,"timestamp":1553003104,"path_taken":["M","M","$","?","M","R","E","R","T","R","?","E","$","?","R","BOSS","M","?","?","M","$","E","M","E","T","E","R","?","R","M","R","BOSS","M","$","?","?","M","E","?","E","T","M","R","E","M","?","R","BOSS","BOSS","R","$","E","BOSS"],"build_version":"2019-01-23","purchased_purges":3,"victory":true,"max_hp_per_floor":[66,66,66,66,67,67,68,68,68,68,69,70,70,70,70,71,71,72,72,72,73,73,74,75,76,76,77,77,82,82,83,83,84,84,85,85,85,81,82,83,83,84,84,85,85,86,87,88,88,89,90,90,90,90,91,92],"card_choices":[{"not_picked":["Adrenaline","Tools of the Trade"],"picked":"Grand Finale","floor":0.0},{"not_picked":["Deflect","Underhanded Strike"],"picked":"Bouncing Flask","floor":1.0},{"not_picked":["Cloak And Dagger","Deflect"],"picked":"Escape Plan","floor":2.0},{"not_picked":["Accuracy","Eviscerate","Deadly Poison"],"picked":"SKIP","floor":5.0},{"not_picked":["Sucker Punch","Bane"],"picked":"Calculated Gamble","floor":7.0},{"not_picked":["Dagger Throw","Quick Slash","Endless Agony"],"picked":"SKIP","floor":11.0},{"not_picked":["Deflect","Bane","Underhanded Strike"],"picked":"SKIP","floor":12.0},{"not_picked":["Sucker Punch","Distraction","Dodge and Roll+1"],"picked":"SKIP","floor":18.0},{"not_picked":["Noxious Fumes","Dagger Throw","Sucker Punch"],"picked":"SKIP","floor":21.0},{"not_picked":["Blur","Doppelganger","Storm of Steel"],"picked":"SKIP","floor":23.0},{"not_picked":["PiercingWail+1","Underhanded Strike+1","Cloak And Dagger+1"],"picked":"SKIP","floor":24.0},{"not_picked":["Blade Dance","Quick Slash","Choke"],"picked":"SKIP","floor":25.0},{"not_picked":["All Out Attack+1","Footwork","Reflex"],"picked":"SKIP","floor":27.0},{"not_picked":["Dagger Throw+1","Sucker Punch+1","Backflip"],"picked":"SKIP","floor":31.0},{"not_picked":["Poisoned Stab+1","Acrobatics","Dagger Spray+1"],"picked":"SKIP","floor":35.0},{"not_picked":["Catalyst+1","Cloak And Dagger","Backstab+1"],"picked":"SKIP","floor":39.0},{"not_picked":["Quick Slash+1","A Thousand Cuts"],"picked":"Tactician","floor":40.0},{"not_picked":["Prepared+1","PiercingWail","Phantasmal Killer"],"picked":"SKIP","floor":42.0},{"not_picked":["Noxious Fumes","Dodge and Roll","Well Laid Plans"],"picked":"SKIP","floor":44.0},{"not_picked":["Accuracy","Acrobatics","Footwork"],"picked":"SKIP","floor":46.0},{"not_picked":["Concentrate","Dagger Spray+1","Deflect+1"],"picked":"SKIP","floor":47.0},{"not_picked":["Reflex","Dagger Spray+1","Bouncing Flask"],"picked":"SKIP","floor":55}],"player_experience":3732083,"relics_obtained":[{"floor":7.0,"key":"Omamori"},{"floor":9.0,"key":"The Courier"},{"floor":12.0,"key":"Dream Catcher"},{"floor":23.0,"key":"PreservedInsect"},{"floor":25.0,"key":"Molten Egg 2"},{"floor":27.0,"key":"Whetstone"},{"floor":40.0,"key":"Ginger"},{"floor":42.0,"key":"Oddly Smooth Stone"},{"floor":43.0,"key":"Bag of Marbles"},{"floor":46.0,"key":"Bronze Scales"},{"floor":48.0,"key":"Tingsha"},{"floor":55,"key":"Mercury Hourglass"}],"event_choices":[{"damage_healed":0.0,"max_hp_gain":0.0,"max_hp_loss":0.0,"gold_gain":0.0,"event_name":"FaceTrader","player_choice":"Trade","floor":4.0,"gold_loss":0.0,"damage_taken":0.0,"relics_obtained":["FaceOfCleric"]},{"damage_healed":0.0,"max_hp_gain":0.0,"max_hp_loss":0.0,"gold_gain":0.0,"event_name":"Big Fish","player_choice":"Box","floor":14.0,"gold_loss":0.0,"damage_taken":0.0,"relics_obtained":["Gambling Chip"],"cards_obtained":["Regret"]},{"cards_removed":["Strike_G"],"damage_healed":0.0,"max_hp_gain":0.0,"max_hp_loss":0.0,"gold_gain":0.0,"event_name":"Back to Basics","player_choice":"Elegance","floor":19.0,"gold_loss":0.0,"damage_taken":0.0},{"damage_healed":14.0,"max_hp_gain":0.0,"max_hp_loss":0.0,"gold_gain":0.0,"event_name":"The Library","player_choice":"Heal","floor":20.0,"gold_loss":0.0,"damage_taken":0.0},{"damage_healed":0.0,"max_hp_gain":5.0,"max_hp_loss":0.0,"gold_gain":0.0,"event_name":"Forgotten Altar","player_choice":"Shed Blood","floor":29.0,"gold_loss":0.0,"damage_taken":27.0},{"cards_removed":["Leg Sweep"],"damage_healed":0.0,"max_hp_gain":0.0,"max_hp_loss":0.0,"gold_gain":0.0,"event_name":"Falling","player_choice":"Removed Skill","floor":37.0,"gold_loss":0.0,"damage_taken":0.0},{"damage_healed":0.0,"max_hp_gain":0.0,"max_hp_loss":4.0,"gold_gain":0.0,"event_name":"Winding Halls","player_choice":"Max HP","floor":38.0,"gold_loss":0.0,"damage_taken":0.0},{"damage_healed":0.0,"max_hp_gain":0.0,"max_hp_loss":0.0,"gold_gain":0.0,"event_name":"Tomb of Lord Red Mask","player_choice":"Ignored","floor":41.0,"gold_loss":0.0,"damage_taken":0.0},{"damage_healed":0.0,"max_hp_gain":0.0,"max_hp_loss":0.0,"gold_gain":0.0,"event_name":"Mysterious Sphere","player_choice":"Fight","floor":48.0,"gold_loss":0.0,"damage_taken":0.0}],"is_beta":false,"boss_relics":[{"not_picked":["Sozu","Eternal Feather"],"picked":"WristBlade"},{"not_picked":["Tiny House","White Beast Statue"],"picked":"Pandora\u0027s Box"}],"items_purged_floors":[13,36,54],"is_endless":false,"potions_floor_spawned":[1,2,11,18,23,24,39,46,48,55],"ascension_level":20}