{"gold_per_floor":[114,127,127,142,2,16,191,221,221,32,52,52,52,70,70,173,173,184,195,110,126,141,141,141,157,209,224,224,239,239,239],"floor_reached":31,"playtime":2859,"items_purged":["Regret"],"score":441,"play_id":"84680ab5-55c3-48b5-8446-705ada106c34","local_time":"20190802114004","is_ascension_mode":false,"campfire_choices":[{"floor":13,"key":"REST"},{"data":"Flex","floor":15,"key":"SMITH"},{"floor":23,"key":"REST"},{"floor":28,"key":"REST"}],"neow_cost":"NONE","seed_source_timestamp":0,"circlet_count":0,"master_deck":["Strike_R","Strike_R","Strike_R","Strike_R","Strike_R","Defend_R+1","Defend_R","Defend_R","Defend_R","Bash+1","Clash","Cleave","Armaments","Flame Barrier","Combust","Flex+1","Doubt","Searing Blow+1","Dropkick+1","Twin Strike+1","Rampage+1","Fiend Fire+1","Shame","Normality","Injury","Perfected Strike+1","Entrench+1","Clothesline+1","Body Slam+1","Warcry+1","Impervious","Perfected Strike+1","Pain"],"special_seed":0,"relics":["Burning Blood","Self Forming Clay","Question Card","Molten Egg 2","Gremlin Horn","Calling Bell","Vajra","Dodecahedron","Nunchaku","Mummified Hand","War Paint","WarpedTongs"],"potions_floor_usage":[],"damage_taken":[{"damage":10,"enemies":"2 Louse","floor":1,"turns":3},{"damage":1,"enemies":"Jaw Worm","floor":2,"turns":3},{"damage":2,"enemies":"Cultist","floor":4,"turns":3},{"damage":9,"enemies":"Large Slime","floor":6,"turns":5},{"damage":33,"enemies":"Lagavulin","floor":8,"turns":8},{"damage":1,"enemies":"Gremlin Gang","floor":11,"turns":2},{"damage":0,"enemies":"2 Fungi Beasts","floor":14,"turns":2},{"damage":63,"enemies":"Hexaghost","floor":16,"turns":11},{"damage":24,"enemies":"Spheric Guardian","floor":18,"turns":4},{"damage":5,"enemies":"Chosen","floor":19,"turns":4},{"damage":32,"enemies":"Centurion and Healer","floor":21,"turns":6},{"damage":25,"enemies":"Sentry and Sphere","floor":22,"turns":4},{"damage":27,"enemies":"Snecko","floor":25,"turns":6},{"damage":15,"enemies":"3 Cultists","floor":27,"turns":5},{"damage":39,"enemies":"Chosen and Byrds","floor":29,"turns":8},{"damage":14,"enemies":"Snake Plant","floor":31,"turns":2}],"seed_played":"4242354311864036799","potions_obtained":[{"floor":4,"key":"Block Potion"},{"floor":11,"key":"EssenceOfSteel"},{"floor":14,"key":"PowerPotion"},{"floor":19,"key":"FairyPotion"},{"floor":29,"key":"LiquidBronze"}],"is_trial":false,"path_per_floor":["M","M","?","M","$","M","?","E","T","$","M","?","R","M","R","B",null,"M","M","?","M","M","R","$","M","T","M","R","M","?","M"],"character_chosen":"IRONCLAD","items_purchased":["Flame Barrier","Combust","Searing Blow+1","Dropkick+1"],"campfire_rested":3,"item_purchase_floors":[5,5,10,10],"current_hp_per_floor":[76,80,80,80,80,77,77,50,50,50,55,55,79,80,80,23,80,62,63,63,37,18,42,42,21,21,12,36,13,13,0],"gold":239,"neow_bonus":"UPGRADE_CARD","is_prod":false,"is_daily":false,"chose_seed":false,"campfire_upgraded":1,"win_rate":0.0,"timestamp":1564767604,"path_taken":["M","M","?","M","$","M","?","E","T","?","M","?","R","M","R","BOSS","M","?","?","M","M","R","$","M","T","M","R","M","?","M"],"build_version":"2019-07-17","purchased_purges":1,"victory":false,"max_hp_per_floor":[80,80,80,80,80,80,80,80,80,80,80,80,80,80,80,80,80,80,80,80,80,80,80,80,80,80,80,80,80,80,80],"card_choices":[{"not_picked":["Carnage","Perfected Strike"],"picked":"Clash","floor":1},{"not_picked":["Armaments","Thunderclap"],"picked":"Cleave","floor":2},{"not_picked":["Headbutt","Pommel Strike"],"picked":"Armaments","floor":4},{"not_picked":["Sword Boomerang","Feel No Pain"],"picked":"Flex","floor":6},{"not_picked":["Sword Boomerang","Shrug It Off"],"picked":"Cleave","floor":8},{"not_picked":["Armaments","Clash+1","Iron Wave+1"],"picked":"Twin Strike+1","floor":11},{"not_picked":["Searing Blow+1","Second Wind","Hemokinesis+1"],"picked":"Rampage+1","floor":14},{"not_picked":["Limit Break","Demon Form","Berserk"],"picked":"Fiend Fire+1","floor":16},{"not_picked":["Pummel+1","Anger+1","Thunderclap+1"],"picked":"Perfected Strike+1","floor":18},{"not_picked":["Intimidate","Flame Barrier","Cleave+1"],"picked":"Entrench+1","floor":19},{"not_picked":["Headbutt+1","Ghostly Armor","Rampage+1"],"picked":"Clothesline+1","floor":21},{"not_picked":["Feel No Pain","Sword Boomerang+1","Pummel+1"],"picked":"Body Slam+1","floor":22},{"not_picked":["Headbutt+1","Perfected Strike+1","Body Slam+1"],"picked":"Warcry","floor":25},{"not_picked":["Rampage+1","Warcry","Clash+1"],"picked":"Impervious","floor":27},{"not_picked":["Flex","Bloodletting","Reckless Charge+1"],"picked":"Perfected Strike+1","floor":29}],"player_experience":10047,"relics_obtained":[{"floor":8,"key":"Question Card"},{"floor":9,"key":"Molten Egg 2"},{"floor":17,"key":"Vajra"},{"floor":17,"key":"Dodecahedron"},{"floor":17,"key":"Nunchaku"},{"floor":26,"key":"War Paint"}],"event_choices":[{"damage_healed":0,"gold_gain":0,"player_choice":"Box","damage_taken":0,"relics_obtained":["Self Forming Clay"],"max_hp_gain":0,"max_hp_loss":0,"event_name":"Big Fish","floor":3,"gold_loss":0,"cards_obtained":["Regret"]},{"damage_healed":0,"gold_gain":175,"player_choice":"AGREE","damage_taken":0,"max_hp_gain":0,"max_hp_loss":0,"event_name":"Liars Game","floor":7,"gold_loss":0,"cards_obtained":["Doubt"]},{"cards_removed":["Cleave"],"damage_healed":0,"gold_gain":0,"player_choice":"Gave Card","damage_taken":0,"relics_obtained":["Gremlin Horn"],"max_hp_gain":0,"max_hp_loss":0,"event_name":"WeMeetAgain","floor":12,"gold_loss":0},{"damage_healed":0,"gold_gain":0,"player_choice":"Obtained Relic","damage_taken":0,"relics_obtained":["Mummified Hand"],"max_hp_gain":0,"max_hp_loss":0,"event_name":"Addict","floor":20,"gold_loss":85},{"damage_healed":0,"gold_gain":0,"player_choice":"Rummage","damage_taken":0,"relics_obtained":["WarpedTongs"],"max_hp_gain":0,"max_hp_loss":0,"event_name":"Accursed Blacksmith","floor":30,"gold_loss":0,"cards_obtained":["Pain"]}],"is_beta":false,"boss_relics":[{"not_picked":["Mark of Pain","Velvet Choker"],"picked":"Calling Bell"}],"items_purged_floors":[10],"is_endless":false,"potions_floor_spawned":[4,11,14,16,19,25,29],"killed_by":"Snake Plant","ascension_level":0}