{"gold_per_floor":[114,39,314,331,342,342,492,492,492,316,331,331,206,264,264,264],"floor_reached":16,"playtime":244,"items_purged":["Strike_G","Regret","Doubt"],"score":176,"play_id":"e1be985c-e3e6-431a-9644-5ed7cf4c4b83","local_time":"20190107232112","is_ascension_mode":true,"campfire_choices":[{"data":"Caltrops","floor":6,"key":"SMITH"},{"data":"Noxious Fumes","floor":15,"key":"SMITH"}],"neow_cost":"NONE","seed_source_timestamp":40932078994250,"circlet_count":0,"master_deck":["AscendersBane","Defend_G","Defend_G","Defend_G","Defend_G","Defend_G","Strike_G","Strike_G","Strike_G","Strike_G","Survivor","Neutralize","Caltrops+1","Noxious Fumes+1"],"relics":["Ring of the Snake","NeowsBlessing","Incense Burner","PreservedInsect","Shuriken"],"potions_floor_usage":[8],"damage_taken":[{"damage":0,"enemies":"Small Slimes","floor":1,"turns":1},{"damage":0,"enemies":"Cultist","floor":4,"turns":1},{"damage":0,"enemies":"Jaw Worm","floor":5,"turns":1},{"damage":18,"enemies":"Lots of Slimes","floor":11,"turns":3},{"damage":36,"enemies":"Lagavulin Event","floor":14,"turns":8},{"damage":36,"enemies":"The Guardian","floor":16,"turns":2}],"seed_played":"-223114274647851929","potions_obtained":[{"floor":1,"key":"GhostInAJar"},{"floor":5,"key":"Energy Potion"},{"floor":8,"key":"Fruit Juice"},{"floor":8,"key":"SmokeBomb"}],"is_trial":false,"path_per_floor":["M","$","?","M","M","R","?","?","T","$","M","T","$","?","R","B"],"character_chosen":"THE_SILENT","items_purchased":["Noxious Fumes"],"campfire_rested":0,"item_purchase_floors":[10],"current_hp_per_floor":[59,59,59,59,59,59,59,64,64,64,46,46,46,10,10,0],"gold":264,"neow_bonus":"THREE_ENEMY_KILL","is_prod":false,"is_daily":false,"chose_seed":false,"campfire_upgraded":2,"win_rate":0,"timestamp":1546874472,"path_taken":["M","$","?","M","?","R","?","?","T","$","?","?","$","?","R","BOSS"],"build_version":"2019-01-03v4","purchased_purges":3,"victory":false,"max_hp_per_floor":[66,66,66,66,66,66,66,71,71,71,71,71,71,71,71,71],"card_choices":[{"not_picked":["Outmaneuver","Dagger Spray","Deflect"],"picked":"SKIP","floor":1},{"not_picked":["All Out Attack","Flying Knee","Quick Slash"],"picked":"SKIP","floor":4},{"not_picked":["Flying Knee","Sucker Punch"],"picked":"Caltrops","floor":5},{"not_picked":["Storm of Steel","Cloak And Dagger","Crippling Poison"],"picked":"SKIP","floor":11}],"player_experience":1838593,"relics_obtained":[{"floor":9,"key":"Incense Burner"},{"floor":12,"key":"PreservedInsect"},{"floor":14,"key":"Shuriken"}],"event_choices":[{"damage_healed":0,"gold_gain":275,"player_choice":"Desecrate","damage_taken":0,"max_hp_gain":0,"max_hp_loss":0,"event_name":"Golden Shrine","floor":3,"gold_loss":0,"cards_obtained":["Regret"]},{"damage_healed":0,"gold_gain":150,"player_choice":"AGREE","damage_taken":0,"max_hp_gain":0,"max_hp_loss":0,"event_name":"Liars Game","floor":7,"gold_loss":0,"cards_obtained":["Doubt"]},{"damage_healed":0,"gold_gain":0,"player_choice":"Got Potions","damage_taken":0,"max_hp_gain":0,"max_hp_loss":0,"event_name":"Lab","floor":8,"gold_loss":0},{"damage_healed":0,"gold_gain":30,"player_choice":"Searched \u00273\u0027 times","damage_taken":0,"max_hp_gain":0,"max_hp_loss":0,"event_name":"Dead Adventurer","floor":14,"gold_loss":0}],"is_beta":false,"boss_relics":[],"items_purged_floors":[2,10,13],"is_endless":false,"potions_floor_spawned":[1,5,14],"killed_by":"The Guardian","ascension_level":20}