{"gold_per_floor":[109,127,13,13,27,27,42,42,67,78,109,89,103,119,119,196,196,211,221,236,254,304,304,45,45,45,45,45,58,75,94,94,94],"floor_reached":33,"playtime":1084,"items_purged":["Strike_B"],"score":606,"play_id":"f7fa3296-2e54-414e-9daf-d3ab3acc24e1","local_time":"20190326190606","is_ascension_mode":true,"campfire_choices":[{"data":"Beam Cell","floor":6.0,"key":"SMITH"},{"data":"Zap","floor":8.0,"key":"SMITH"},{"data":"Capacitor","floor":15.0,"key":"SMITH"},{"data":"Dualcast","floor":23.0,"key":"SMITH"},{"data":"Blizzard","floor":25.0,"key":"SMITH"},{"data":"Turbo","floor":32.0,"key":"SMITH"}],"neow_cost":"NONE","seed_source_timestamp":2073484175050180,"circlet_count":0,"master_deck":["AscendersBane","Strike_B","Strike_B","Strike_B","Defend_B","Defend_B","Defend_B","Defend_B","Zap+1","Dualcast+1","Rip and Tear","Beam Cell+1","Ball Lightning","Chill","Capacitor+1","Glacier","Blizzard+1","Meteor Strike","Cold Snap","Coolheaded+1","Double Energy","Turbo+1","Core Surge","Glacier","Creative AI"],"special_seed":0,"relics":["Runic Pyramid","Anchor","Lantern","Coffee Dripper","Bronze Scales"],"potions_floor_usage":[],"damage_taken":[{"damage":8.0,"enemies":"2 Louse","floor":1.0,"turns":2.0},{"damage":9.0,"enemies":"Small Slimes","floor":2.0,"turns":3.0},{"damage":0.0,"enemies":"Cultist","floor":5.0,"turns":3.0},{"damage":7.0,"enemies":"Lots of Slimes","floor":7.0,"turns":4.0},{"damage":0.0,"enemies":"2 Fungi Beasts","floor":10.0,"turns":3.0},{"damage":12.0,"enemies":"Gremlin Nob","floor":11.0,"turns":3.0},{"damage":0.0,"enemies":"Looter","floor":13.0,"turns":2.0},{"damage":0.0,"enemies":"Red Slaver","floor":14.0,"turns":3.0},{"damage":0.0,"enemies":"The Guardian","floor":16.0,"turns":10.0},{"damage":21.0,"enemies":"3 Byrds","floor":18.0,"turns":7.0},{"damage":11.0,"enemies":"Shell Parasite","floor":19.0,"turns":5.0},{"damage":3.0,"enemies":"Snecko","floor":20.0,"turns":5.0},{"damage":7.0,"enemies":"Centurion and Healer","floor":21.0,"turns":8.0},{"damage":3.0,"enemies":"3 Cultists","floor":29.0,"turns":5.0},{"damage":7.0,"enemies":"Snecko","floor":30.0,"turns":5.0},{"damage":4.0,"enemies":"Snake Plant","floor":31.0,"turns":4.0},{"damage":2,"enemies":"Collector","floor":33,"turns":6}],"seed_played":"8457982465551982262","potions_obtained":[{"floor":5.0,"key":"Ancient Potion"},{"floor":12.0,"key":"GamblersBrew"},{"floor":13.0,"key":"Energy Potion"},{"floor":16.0,"key":"Strength Potion"},{"floor":19.0,"key":"SpeedPotion"},{"floor":20.0,"key":"PowerPotion"},{"floor":30.0,"key":"SpeedPotion"}],"is_trial":false,"path_per_floor":["M","M","$","?","M","R","M","R","T","M","E","?","M","M","R","B",null,"M","M","M","M","?","R","$","R","T","?","?","M","M","M","R","B"],"character_chosen":"DEFECT","items_purchased":["Beam Cell","Ball Lightning","Turbo","Core Surge"],"campfire_rested":0,"item_purchase_floors":[3,3,24,24],"current_hp_per_floor":[56,47,47,47,47,47,40,40,40,40,28,28,28,28,28,28,60,39,28,25,18,18,18,18,18,18,18,18,15,8,4,4,2],"gold":94,"neow_bonus":"BOSS_RELIC","is_prod":false,"is_daily":false,"chose_seed":false,"campfire_upgraded":6,"win_rate":0,"timestamp":1553598366,"path_taken":["M","M","$","?","M","R","M","R","T","M","E","?","M","M","R","BOSS","M","?","?","M","?","R","$","R","T","?","?","M","M","M","R","BOSS"],"build_version":"2019-01-23","purchased_purges":1,"victory":false,"max_hp_per_floor":[71,71,71,71,71,71,71,71,71,71,71,71,71,71,71,71,71,71,71,71,71,71,71,71,71,71,71,71,71,71,71,71,71],"card_choices":[{"not_picked":["Leap","Barrage","Rebound"],"picked":"SKIP","floor":1.0},{"not_picked":["Aggregate","Reprogram"],"picked":"Rip and Tear","floor":2.0},{"not_picked":["Ball Lightning","Steam"],"picked":"Chill","floor":5.0},{"not_picked":["Loop","Compile Driver"],"picked":"Capacitor","floor":7.0},{"not_picked":["Rip and Tear","Reinforced Body","Beam Cell"],"picked":"SKIP","floor":10.0},{"not_picked":["Hyperbeam","Redo","Leap"],"picked":"SKIP","floor":11.0},{"not_picked":["Tempest","Steam"],"picked":"Glacier","floor":13.0},{"not_picked":["Doom and Gloom","Gash"],"picked":"Blizzard","floor":14.0},{"not_picked":["Echo Form","Hyperbeam"],"picked":"Meteor Strike","floor":16.0},{"not_picked":["Rip and Tear","Sweeping Beam"],"picked":"Cold Snap","floor":18.0},{"not_picked":["Storm","Steam"],"picked":"Coolheaded+1","floor":19.0},{"not_picked":["BootSequence+1","Undo"],"picked":"Double Energy","floor":20.0},{"not_picked":["Cold Snap","Static Discharge","Chill"],"picked":"SKIP","floor":21.0},{"not_picked":["Turbo","Go for the Eyes","Redo"],"picked":"SKIP","floor":29.0},{"not_picked":["Go for the Eyes","BootSequence"],"picked":"Glacier","floor":30.0},{"not_picked":["Beam Cell","White Noise"],"picked":"Creative AI","floor":31.0}],"player_experience":1276542,"relics_obtained":[{"floor":9.0,"key":"Anchor"},{"floor":11.0,"key":"Lantern"}],"event_choices":[{"damage_healed":0.0,"max_hp_gain":0.0,"max_hp_loss":0.0,"gold_gain":0.0,"event_name":"The Cleric","player_choice":"Leave","floor":4.0,"gold_loss":0.0,"damage_taken":0.0},{"damage_healed":0.0,"max_hp_gain":0.0,"max_hp_loss":0.0,"gold_gain":0.0,"event_name":"The Woman in Blue","player_choice":"Bought 1 Potion","floor":12.0,"gold_loss":0.0,"damage_taken":0.0},{"damage_healed":0.0,"max_hp_gain":0.0,"max_hp_loss":0.0,"gold_gain":50.0,"event_name":"Nest","player_choice":"Stole From Cult","floor":22.0,"gold_loss":0.0,"damage_taken":0.0},{"damage_healed":0.0,"max_hp_gain":0.0,"max_hp_loss":0.0,"gold_gain":0.0,"event_name":"WeMeetAgain","player_choice":"Gave Potion","floor":28.0,"gold_loss":0.0,"damage_taken":0.0,"relics_obtained":["Bronze Scales"]}],"is_beta":false,"boss_relics":[{"not_picked":["Lizard Tail","Inserter"],"picked":"Coffee Dripper"}],"items_purged_floors":[24],"is_endless":false,"potions_floor_spawned":[5,13,16,19,20,30],"killed_by":"Collector","ascension_level":20}