{"gold_per_floor":[119,133,58,58,58,8,8,22,49,49,63,63,14,14,14,145,145,170,191,91,111,111,111,111,111,111,129,142,142,160,184,184,309,309,327,120,144,0,0,0,0,15,15,30,45,68,68,68,68,68],"floor_reached":51,"playtime":2083,"items_purged":["Strike_G","Strike_G","Defend_G"],"score":641,"play_id":"abbeeda8-3f3e-430b-acdd-042de36fa32b","local_time":"20181016124928","is_ascension_mode":false,"campfire_choices":[{"data":"Poisoned Stab","floor":7.0,"key":"SMITH"},{"data":"Neutralize","floor":10.0,"key":"SMITH"},{"data":"Deadly Poison","floor":15.0,"key":"SMITH"},{"data":"Deadly Poison","floor":24.0,"key":"SMITH"},{"data":"Envenom","floor":29.0,"key":"SMITH"},{"data":"Glass Knife","floor":32.0,"key":"SMITH"},{"data":"Footwork","floor":40.0,"key":"SMITH"},{"floor":47,"key":"REST"},{"data":"Backflip","floor":49,"key":"SMITH"}],"neow_cost":"NONE","seed_source_timestamp":16023017541802,"circlet_count":0,"master_deck":["Defend_G","Defend_G","Survivor","Neutralize+1","Poisoned Stab+1","Envenom+1","Venomology","Deadly Poison+1","Tools of the Trade","Deadly Poison+1","Bouncing Flask+1","Dodge and Roll","Glass Knife+1","After Image","Backflip+1","Footwork+1","Madness","Madness","Backflip+1","Escape Plan"],"special_seed":0,"relics":["Ring of the Snake","Dream Catcher","Golden Idol","Lantern","Empty Cage","Letter Opener","Eternal Feather","Red Mask","Singing Bowl"],"potions_floor_usage":[44,46,50,50],"damage_taken":[{"damage":0.0,"enemies":"Small Slimes","floor":1.0,"turns":3.0},{"damage":0.0,"enemies":"Cultist","floor":2.0,"turns":3.0},{"damage":0.0,"enemies":"2 Louse","floor":8.0,"turns":3.0},{"damage":1.0,"enemies":"Lots of Slimes","floor":11.0,"turns":6.0},{"damage":51.0,"enemies":"Slime Boss","floor":16.0,"turns":13.0},{"damage":5.0,"enemies":"Chosen","floor":18.0,"turns":4.0},{"damage":10.0,"enemies":"2 Thieves","floor":19.0,"turns":4.0},{"damage":8.0,"enemies":"Snake Plant","floor":21.0,"turns":4.0},{"damage":2.0,"enemies":"Centurion and Healer","floor":27.0,"turns":8.0},{"damage":4.0,"enemies":"Cultist and Chosen","floor":28.0,"turns":6.0},{"damage":0.0,"enemies":"Snake Plant","floor":30.0,"turns":3.0},{"damage":9.0,"enemies":"3 Cultists","floor":31.0,"turns":6.0},{"damage":78.0,"enemies":"Automaton","floor":33.0,"turns":10.0},{"damage":3.0,"enemies":"3 Shapes","floor":35.0,"turns":5.0},{"damage":18.0,"enemies":"3 Darklings","floor":37.0,"turns":8.0},{"damage":0.0,"enemies":"Spire Growth","floor":41.0,"turns":2.0},{"damage":7.0,"enemies":"4 Shapes","floor":42.0,"turns":5.0},{"damage":16,"enemies":"Sphere and 2 Shapes","floor":44,"turns":7},{"damage":0,"enemies":"Maw","floor":45,"turns":7},{"damage":15,"enemies":"Reptomancer","floor":46,"turns":7},{"damage":30,"enemies":"Awakened One","floor":50,"turns":23}],"seed_played":"-6581637415064790779","potions_obtained":[{"floor":2.0,"key":"PowerPotion"},{"floor":16.0,"key":"FairyPotion"},{"floor":27.0,"key":"Block Potion"},{"floor":35.0,"key":"SteroidPotion"},{"floor":44,"key":"EssenceOfSteel"}],"is_trial":false,"path_per_floor":["M","M","$","?","?","?","R","M","T","R","M","?","$","?","R","B",null,"M","M","$","M","?","?","R","$","T","M","M","R","M","M","R","B",null,"M","$","M","?","?","R","M","M","T","M","M","M","R","?","R","B"],"character_chosen":"THE_SILENT","items_purchased":["Deadly Poison","Footwork"],"campfire_rested":1,"item_purchase_floors":[13,36],"current_hp_per_floor":[70,70,70,65,65,65,65,65,65,65,64,64,64,64,64,13,65,60,50,50,42,42,42,42,42,42,40,36,36,36,27,27,1,65,62,62,44,44,36,45,45,38,38,24,26,11,40,60,60,30],"gold":68,"neow_bonus":"RANDOM_COMMON_RELIC","is_prod":false,"is_daily":false,"chose_seed":false,"campfire_upgraded":8,"win_rate":0,"timestamp":1539665368,"path_taken":["M","M","$","?","?","?","R","?","T","R","M","?","?","?","R","BOSS","M","M","$","M","?","?","R","$","T","M","M","R","M","M","R","BOSS","M","$","M","?","?","R","M","?","T","M","M","M","R","?","R","BOSS"],"build_version":"2018-10-11","purchased_purges":3,"victory":true,"max_hp_per_floor":[70,70,70,65,65,65,65,65,65,65,65,65,65,65,65,65,65,65,65,65,65,65,65,65,65,65,65,65,65,65,65,65,65,65,65,65,65,65,65,65,65,65,65,67,69,69,69,60,60,60],"card_choices":[{"not_picked":["Acrobatics","Accuracy","Quick Slash"],"picked":"SKIP","floor":1.0},{"not_picked":["Expertise","Slice"],"picked":"Poisoned Stab","floor":2.0},{"not_picked":["Dagger Spray","Slice","Prepared"],"picked":"SKIP","floor":8.0},{"not_picked":["Flying Knee","Well Laid Plans"],"picked":"Envenom","floor":11.0},{"not_picked":["Venomology","Storm of Steel"],"picked":"Tools of the Trade","floor":16.0},{"not_picked":["Bane+1","Dodge and Roll"],"picked":"Deadly Poison","floor":18.0},{"not_picked":["PiercingWail","Setup"],"picked":"Bouncing Flask+1","floor":19.0},{"not_picked":["Distraction","Bane"],"picked":"Dodge and Roll","floor":21.0},{"not_picked":["Prepared","Bouncing Flask","Heel Hook"],"picked":"SKIP","floor":27.0},{"not_picked":["Terror","Blade Dance","Flying Knee+1"],"picked":"SKIP","floor":28.0},{"not_picked":["Poisoned Stab","Acrobatics+1","Finisher+1"],"picked":"SKIP","floor":30.0},{"not_picked":["Blade Dance+1","Poisoned Stab"],"picked":"Glass Knife","floor":31.0},{"not_picked":["Die Die Die","Unload"],"picked":"After Image","floor":33.0},{"not_picked":["Distraction","Dagger Spray"],"picked":"Backflip+1","floor":35.0},{"not_picked":["Dagger Spray","Prepared+1","Slice+1"],"picked":"SKIP","floor":37.0},{"not_picked":["Deflect","Skewer+1","Accuracy+1"],"picked":"SKIP","floor":42.0},{"not_picked":["Flying Knee","Bullet Time","Finisher"],"picked":"Singing Bowl","floor":44},{"not_picked":["Blade Dance+1","Eviscerate","Reflex"],"picked":"Singing Bowl","floor":45},{"not_picked":["Dagger Spray","Deflect+1"],"picked":"Backflip","floor":46},{"not_picked":["Bane+1","Wraith Form v2"],"picked":"Escape Plan","floor":47}],"player_experience":244853,"relics_obtained":[{"floor":9.0,"key":"Lantern"},{"floor":26.0,"key":"Letter Opener"},{"floor":43.0,"key":"Singing Bowl"}],"event_choices":[{"event_name":"Golden Idol","player_choice":"Lose Max HP","floor":4.0,"damage_taken":0.0},{"event_name":"Purifier","player_choice":"One Purge","floor":5.0,"damage_taken":0.0},{"event_name":"The Cleric","player_choice":"Card Removal","floor":6.0,"damage_taken":0.0},{"event_name":"Living Wall","player_choice":"Change","floor":12.0,"damage_taken":0.0},{"event_name":"Scrap Ooze","player_choice":"unsuccessful","floor":14.0,"damage_taken":0.0},{"event_name":"Cursed Tome","player_choice":"Ignored","floor":22.0,"damage_taken":0.0},{"event_name":"Match and Keep!","player_choice":"0 cards matched","floor":23.0,"damage_taken":0.0},{"event_name":"Tomb of Lord Red Mask","player_choice":"Paid","floor":38.0,"damage_taken":0.0},{"event_name":"Winding Halls","player_choice":"Embrace Madness","floor":39.0,"damage_taken":0.0},{"event_name":"The Moai Head","player_choice":"Heal","floor":48,"damage_taken":0}],"is_beta":false,"boss_relics":[{"not_picked":["White Beast Statue","Calling Bell"],"picked":"Empty Cage"},{"not_picked":["WristBlade","Pandora\u0027s Box"],"picked":"Eternal Feather"}],"items_purged_floors":[3,20,36],"is_endless":false,"potions_floor_spawned":[2,16,18,27,28,31,35,37,44],"ascension_level":0}