{"gold_per_floor":[111,125,105,121,121,121,138,138,163,194,194,40,40,65,65,144,144,161,161,7,57,67,23,49,49,94,111,2,2,37,55,55,130,130,150,169,269,269,289,289,324,324,400,400,72,0,0,14,14,14,14,14,14,14,49,49],"floor_reached":57,"playtime":4160,"items_purged":["Strike_B","Strike_B","Defend_B"],"score":2748,"play_id":"570eedc3-985d-48ef-8279-a3d579a85621","local_time":"20190703220222","is_ascension_mode":true,"campfire_choices":[{"data":"Zap","floor":6.0,"key":"SMITH"},{"data":"Dualcast","floor":8.0,"key":"SMITH"},{"data":"Defragment","floor":13.0,"key":"SMITH"},{"data":"Biased Cognition","floor":15.0,"key":"SMITH"},{"floor":25.0,"key":"REST"},{"floor":29.0,"key":"REST"},{"data":"Biased Cognition","floor":32.0,"key":"SMITH"},{"data":"Reinforced Body","floor":40.0,"key":"SMITH"},{"floor":42.0,"key":"REST"},{"floor":44.0,"key":"REST"},{"floor":49.0,"key":"RECALL"},{"data":"Coolheaded","floor":53.0,"key":"SMITH"}],"neow_cost":"NONE","seed_source_timestamp":24653034763049,"circlet_count":0,"master_deck":["AscendersBane","Defend_B","Zap+1","Dualcast+1","Skim","Skim","Reinforced Body+1","Creative AI","White Noise","Defragment+1","Biased Cognition+1","Meteor Strike+1","Heatsinks","Biased Cognition+1","Capacitor","Reinforced Body+1","Core Surge+1","Echo Form+1","Master of Strategy","Turbo","Coolheaded+1","Panacea"],"special_seed":0,"relics":["Cracked Core","Ancient Tea Set","Centennial Puzzle","Art of War","Potion Belt","Busted Crown","Enchiridion","Oddly Smooth Stone","Anchor","Boot","Astrolabe","Du-Vu Doll","Bag of Marbles","Red Mask","Whetstone"],"potions_floor_usage":[56,56],"damage_taken":[{"damage":9.0,"enemies":"Jaw Worm","floor":1.0,"turns":4.0},{"damage":2.0,"enemies":"Cultist","floor":2.0,"turns":4.0},{"damage":4.0,"enemies":"Small Slimes","floor":4.0,"turns":4.0},{"damage":0.0,"enemies":"Exordium Wildlife","floor":7.0,"turns":2.0},{"damage":25.0,"enemies":"3 Sentries","floor":10.0,"turns":10.0},{"damage":0.0,"enemies":"Lagavulin","floor":14.0,"turns":6.0},{"damage":37.0,"enemies":"The Guardian","floor":16.0,"turns":6.0},{"damage":7.0,"enemies":"Chosen","floor":18.0,"turns":4.0},{"damage":0.0,"enemies":"2 Thieves","floor":22.0,"turns":4.0},{"damage":15.0,"enemies":"Gremlin Leader","floor":24.0,"turns":5.0},{"damage":7.0,"enemies":"Snecko","floor":27.0,"turns":6.0},{"damage":14.0,"enemies":"Book of Stabbing","floor":30.0,"turns":5.0},{"damage":0.0,"enemies":"Shelled Parasite and Fungi","floor":31.0,"turns":2.0},{"damage":8.0,"enemies":"Collector","floor":33.0,"turns":6.0},{"damage":0.0,"enemies":"3 Shapes","floor":35.0,"turns":6.0},{"damage":0.0,"enemies":"3 Darklings","floor":36.0,"turns":2.0},{"damage":0.0,"enemies":"Mind Bloom Boss Battle","floor":37.0,"turns":5.0},{"damage":9.0,"enemies":"Sphere and 2 Shapes","floor":39.0,"turns":5.0},{"damage":47.0,"enemies":"Nemesis","floor":41.0,"turns":7.0},{"damage":0.0,"enemies":"4 Shapes","floor":48.0,"turns":4.0},{"damage":0.0,"enemies":"Donu and Deca","floor":50.0,"turns":7.0},{"damage":30.0,"enemies":"Time Eater","floor":51.0,"turns":10.0},{"damage":18.0,"enemies":"Shield and Spear","floor":55.0,"turns":6.0},{"damage":31,"enemies":"The Heart","floor":56,"turns":9}],"seed_played":"-5264439611339922538","potions_obtained":[{"floor":3.0,"key":"SkillPotion"},{"floor":4.0,"key":"SpeedPotion"},{"floor":14.0,"key":"Regen Potion"},{"floor":22.0,"key":"Swift Potion"},{"floor":27.0,"key":"Energy Potion"},{"floor":30.0,"key":"AttackPotion"},{"floor":36.0,"key":"SteroidPotion"},{"floor":41.0,"key":"Swift Potion"},{"floor":48.0,"key":"Dexterity Potion"}],"is_trial":false,"path_per_floor":["M","M","?","M","?","R","M","R","T","E","?","$","R","E","R","B",null,"M","?","$","?","M","$","E","R","T","M","$","R","E","M","R","B",null,"M","M","?","?","M","R","E","R","T","R","$","?","$","M","R","B","B",null,"R","$","E","B",null],"character_chosen":"DEFECT","items_purchased":["Defragment","Block Potion","Heatsinks","Weak Potion","Dexterity Potion","Turbo","Coolheaded","Panacea"],"campfire_rested":4,"item_purchase_floors":[12,20,23,28,28,45,45,45],"current_hp_per_floor":[55,53,53,49,71,71,71,71,71,46,39,39,39,39,39,2,54,47,26,26,26,26,26,25,46,46,39,39,60,46,46,46,38,63,63,63,63,63,54,54,7,28,28,49,49,49,49,49,49,49,19,58,58,58,40,9],"gold":49,"neow_bonus":"RANDOM_COMMON_RELIC","is_prod":false,"is_daily":false,"chose_seed":false,"campfire_upgraded":7,"win_rate":0,"timestamp":1562162542,"path_taken":["M","M","?","?","?","R","M","R","T","E","?","?","R","E","R","BOSS","M","?","$","?","M","$","E","R","T","?","$","R","E","M","R","BOSS","M","M","?","?","M","R","E","R","T","R","?","?","$","?","R","BOSS","BOSS","R","$","E","BOSS"],"build_version":"2019-07-01","purchased_purges":3,"victory":true,"max_hp_per_floor":[71,71,71,71,71,71,71,71,71,71,71,71,71,71,71,71,71,71,71,71,71,71,71,71,71,71,71,71,71,71,71,71,71,71,71,71,71,71,71,71,71,71,71,71,71,71,71,71,71,71,71,71,71,71,71,71],"card_choices":[{"not_picked":["Streamline","Compile Driver"],"picked":"Skim","floor":1.0},{"not_picked":["Stack","Chill"],"picked":"Skim","floor":2.0},{"not_picked":["Stack","Sweeping Beam"],"picked":"Reinforced Body","floor":4.0},{"not_picked":["Turbo","Coolheaded"],"picked":"Creative AI","floor":7.0},{"not_picked":["Streamline","Redo"],"picked":"White Noise","floor":10.0},{"not_picked":["Lockon","Force Field"],"picked":"Biased Cognition","floor":14.0},{"not_picked":["Creative AI","Machine Learning"],"picked":"Meteor Strike","floor":16.0},{"not_picked":["Ball Lightning"],"picked":"SKIP","floor":18.0},{"not_picked":["Steam"],"picked":"SKIP","floor":22.0},{"not_picked":["Rebound"],"picked":"SKIP","floor":24.0},{"not_picked":["Redo"],"picked":"SKIP","floor":27.0},{"not_picked":[],"picked":"Biased Cognition","floor":30.0},{"not_picked":[],"picked":"Capacitor","floor":31.0},{"not_picked":["Ball Lightning+1"],"picked":"SKIP","floor":35.0},{"not_picked":["Lockon"],"picked":"SKIP","floor":36.0},{"not_picked":[],"picked":"Master of Strategy","floor":38.0},{"not_picked":["Static Discharge"],"picked":"SKIP","floor":39.0},{"not_picked":["Rebound+1"],"picked":"SKIP","floor":41.0},{"not_picked":["Steam"],"picked":"SKIP","floor":48.0},{"not_picked":["Skim"],"picked":"SKIP","floor":55.0}],"player_experience":5637097,"relics_obtained":[{"floor":9.0,"key":"Centennial Puzzle"},{"floor":10.0,"key":"Art of War"},{"floor":14.0,"key":"Potion Belt"},{"floor":19.0,"key":"Enchiridion"},{"floor":24.0,"key":"Oddly Smooth Stone"},{"floor":26.0,"key":"Anchor"},{"floor":30.0,"key":"Boot"},{"floor":37.0,"key":"Du-Vu Doll"},{"floor":41.0,"key":"Bag of Marbles"},{"floor":55.0,"key":"Whetstone"}],"event_choices":[{"damage_healed":0.0,"max_hp_gain":0.0,"max_hp_loss":0.0,"gold_gain":0.0,"event_name":"The Woman in Blue","player_choice":"Bought 1 Potion","floor":3.0,"gold_loss":0.0,"damage_taken":0.0},{"damage_healed":23.0,"max_hp_gain":0.0,"max_hp_loss":0.0,"gold_gain":0.0,"event_name":"Big Fish","player_choice":"Banana","floor":5.0,"gold_loss":0.0,"damage_taken":0.0},{"cards_removed":["Strike_B"],"damage_healed":0.0,"max_hp_gain":0.0,"max_hp_loss":0.0,"gold_gain":0.0,"event_name":"Golden Wing","player_choice":"Card Removal","floor":11.0,"gold_loss":0.0,"damage_taken":7.0},{"damage_healed":0.0,"max_hp_gain":0.0,"max_hp_loss":0.0,"gold_gain":0.0,"event_name":"Cursed Tome","player_choice":"Obtained Book","floor":19.0,"gold_loss":0.0,"damage_taken":21.0},{"damage_healed":0.0,"max_hp_gain":0.0,"max_hp_loss":0.0,"gold_gain":50.0,"event_name":"Golden Shrine","player_choice":"Pray","floor":21.0,"gold_loss":0.0,"damage_taken":0.0},{"damage_healed":0.0,"max_hp_gain":0.0,"max_hp_loss":0.0,"gold_gain":0.0,"event_name":"MindBloom","player_choice":"Fight","floor":37.0,"gold_loss":0.0,"damage_taken":0.0},{"damage_healed":0.0,"max_hp_gain":0.0,"max_hp_loss":0.0,"gold_gain":0.0,"event_name":"SensoryStone","player_choice":"Memory 1","floor":38.0,"gold_loss":0.0,"damage_taken":0.0},{"damage_healed":0.0,"max_hp_gain":0.0,"max_hp_loss":0.0,"gold_gain":0.0,"event_name":"Tomb of Lord Red Mask","player_choice":"Paid","floor":46.0,"gold_loss":72.0,"damage_taken":0.0,"relics_obtained":["Red Mask"]}],"is_beta":false,"boss_relics":[{"not_picked":["Black Star","Eternal Feather"],"picked":"Busted Crown"},{"not_picked":["Pandora\u0027s Box","Fusion Hammer"],"picked":"Astrolabe"}],"items_purged_floors":[12,20,45],"is_endless":false,"potions_floor_spawned":[4,7,10,14,22,27,30,36,41,48],"ascension_level":20}