{"gold_per_floor":[111,36,47,65,65,65,95,95,95,106,31,58,6,34,34,111,111,127,146,146,166,182,195,195,222,249,268,299,311,311,311,311,385,385,398,410,410,463,478,478,494,521,575,588,688,715,715,59,59,59,59],"floor_reached":52,"playtime":2205,"items_purged":["Strike_G","Defend_G"],"score":2423,"play_id":"1bab10d3-30f0-4510-9449-2e9a3a26c8e5","local_time":"20190126110802","is_ascension_mode":true,"campfire_choices":[{"data":"Catalyst","floor":6.0,"key":"SMITH"},{"data":"Catalyst","floor":8.0,"key":"SMITH"},{"data":"Catalyst","floor":15.0,"key":"SMITH"},{"data":"Bouncing Flask","floor":24.0,"key":"SMITH"},{"data":"Wraith Form v2","floor":30.0,"key":"SMITH"},{"data":"Crippling Poison","floor":32.0,"key":"SMITH"},{"data":"Crippling Poison","floor":40.0,"key":"SMITH"},{"data":"Corpse Explosion","floor":47,"key":"SMITH"},{"data":"Tactician","floor":49,"key":"SMITH"}],"neow_cost":"NONE","seed_source_timestamp":7002431847410,"circlet_count":0,"master_deck":["AscendersBane","Defend_G","Defend_G","Defend_G","Survivor","Neutralize","Corpse Explosion+1","Catalyst+1","Bouncing Flask+1","Catalyst+1","Catalyst+1","Leg Sweep","Wraith Form v2+1","Acrobatics+1","Leg Sweep+1","Crippling Poison+1","Night Terror","Tactician+1","Crippling Poison+1","Night Terror"],"special_seed":0,"relics":["Ring of the Snake","Ginger","Potion Belt","Pen Nib","Snecko Eye","CultistMask","Smiling Mask","Meat on the Bone","theJungle:SpiritDisease","HoveringKite","Gambling Chip","Dodecahedron","Spirit Poop","Incense Burner","Blood Vial","Lee\u0027s Waffle","Vajra","Orichalcum"],"potions_floor_usage":[50,51,51],"damage_taken":[{"damage":4.0,"enemies":"Small Slimes","floor":1.0,"turns":3.0},{"damage":0.0,"enemies":"2 Louse","floor":3.0,"turns":2.0},{"damage":2.0,"enemies":"Cultist","floor":4.0,"turns":5.0},{"damage":7.0,"enemies":"Large Slime","floor":10.0,"turns":7.0},{"damage":10.0,"enemies":"3 Sentries","floor":12.0,"turns":2.0},{"damage":4.0,"enemies":"Gremlin Nob","floor":14.0,"turns":3.0},{"damage":0.0,"enemies":"Slime Boss","floor":16.0,"turns":3.0},{"damage":9.0,"enemies":"theJungle:Flameango_and_Byrd","floor":18.0,"turns":3.0},{"damage":0.0,"enemies":"theJungle:5_Spyders","floor":19.0,"turns":4.0},{"damage":1.0,"enemies":"theJungle:Snecko_Cultist_And_Trap","floor":21.0,"turns":7.0},{"damage":0.0,"enemies":"theJungle:JungleHuntersEncounter","floor":22.0,"turns":3.0},{"damage":4.0,"enemies":"theJungle:SlimyTreeVines","floor":23.0,"turns":2.0},{"damage":1.0,"enemies":"theJungle:2_Phrogs","floor":25.0,"turns":2.0},{"damage":0.0,"enemies":"theJungle:Snecko_Cultist_And_Trap","floor":27.0,"turns":4.0},{"damage":2.0,"enemies":"theJungle:MamaSnecko","floor":28.0,"turns":4.0},{"damage":0.0,"enemies":"theJungle:Lyon","floor":29.0,"turns":3.0},{"damage":3.0,"enemies":"theJungle:QueenSpyder","floor":33.0,"turns":3.0},{"damage":0.0,"enemies":"3 Darklings","floor":35.0,"turns":3.0},{"damage":0.0,"enemies":"3 Shapes","floor":36.0,"turns":1.0},{"damage":0.0,"enemies":"2 Orb Walkers","floor":38.0,"turns":2.0},{"damage":0.0,"enemies":"Writhing Mass","floor":39.0,"turns":2.0},{"damage":0.0,"enemies":"Transient","floor":41.0,"turns":5.0},{"damage":0.0,"enemies":"Nemesis","floor":42.0,"turns":3.0},{"damage":0.0,"enemies":"Spire Growth","floor":44.0,"turns":1.0},{"damage":0.0,"enemies":"Mind Bloom Boss Battle","floor":45.0,"turns":2.0},{"damage":0,"enemies":"Reptomancer","floor":46,"turns":3},{"damage":0,"enemies":"Awakened One","floor":50,"turns":11},{"damage":0,"enemies":"Time Eater","floor":51,"turns":4}],"seed_played":"3881951826998362325","potions_obtained":[{"floor":1.0,"key":"Poison Potion"},{"floor":12.0,"key":"SteroidPotion"},{"floor":14.0,"key":"Dexterity Potion"},{"floor":21.0,"key":"Block Potion"},{"floor":22.0,"key":"Fire Potion"},{"floor":28.0,"key":"Dexterity Potion"},{"floor":29.0,"key":"Fire Potion"},{"floor":46,"key":"Poison Potion"}],"is_trial":false,"path_per_floor":["M","?","M","M","?","R","?","R","T","M","$","E","?","E","R","B",null,"M","M","?","M","M","M","R","E","T","M","E","M","R","?","R","B",null,"M","M","?","?","M","R","M","E","T","M","?","E","R","$","R","B","B",null],"character_chosen":"THE_SILENT","items_purchased":["Lee\u0027s Waffle","Vajra","Orichalcum","Swift Potion"],"campfire_rested":0,"item_purchase_floors":[48,48,48,48],"current_hp_per_floor":[55,55,55,53,46,46,46,46,46,39,39,29,29,25,25,25,56,47,47,47,46,46,45,45,44,44,44,42,42,42,42,42,39,59,59,59,59,59,59,59,59,59,59,59,59,59,59,73,73,73,73],"gold":59,"neow_bonus":"ONE_RANDOM_RARE_CARD","is_prod":false,"is_daily":false,"chose_seed":false,"campfire_upgraded":9,"win_rate":0,"timestamp":1548472082,"path_taken":["M","?","M","M","?","R","?","R","T","M","$","E","?","E","R","BOSS","M","M","?","?","M","M","R","E","T","M","E","M","R","?","R","BOSS","M","M","?","?","M","R","M","E","T","M","?","E","R","?","R","BOSS","BOSS"],"build_version":"2019-01-23","purchased_purges":2,"victory":true,"max_hp_per_floor":[66,66,66,66,66,66,66,66,66,66,66,66,66,66,66,66,66,66,66,66,66,66,66,66,66,66,66,66,66,66,66,66,66,66,66,66,66,66,66,66,66,66,66,66,66,66,66,73,73,73,73],"card_choices":[{"not_picked":["Leg Sweep","Riddle With Holes"],"picked":"Catalyst","floor":1.0},{"not_picked":["Accuracy","PiercingWail"],"picked":"Bouncing Flask","floor":3.0},{"not_picked":["PiercingWail","Dagger Throw"],"picked":"Catalyst","floor":4.0},{"not_picked":["Endless Agony","Deflect"],"picked":"Catalyst","floor":10.0},{"not_picked":["Dagger Throw","Acrobatics"],"picked":"Leg Sweep","floor":12.0},{"not_picked":["Backflip","Blade Dance","Quick Slash"],"picked":"SKIP","floor":14.0},{"not_picked":["Corpse Explosion","Burst"],"picked":"Wraith Form v2","floor":16.0},{"not_picked":["Flechettes","Backflip","Acrobatics"],"picked":"SKIP","floor":18.0},{"not_picked":["Backstab","Flying Knee"],"picked":"Acrobatics+1","floor":19.0},{"not_picked":["Bane","Slice","Dagger Throw+1"],"picked":"SKIP","floor":21.0},{"not_picked":["Sucker Punch","Heel Hook","Flying Knee"],"picked":"SKIP","floor":22.0},{"not_picked":["Backflip","Masterful Stab","Setup"],"picked":"SKIP","floor":23.0},{"not_picked":["Backstab","Tactician","Dagger Throw"],"picked":"SKIP","floor":25.0},{"not_picked":["Slice","After Image"],"picked":"Leg Sweep+1","floor":27.0},{"not_picked":["Deflect","Terror"],"picked":"Crippling Poison","floor":28.0},{"not_picked":["Reflex","Prepared","Cloak And Dagger"],"picked":"SKIP","floor":29.0},{"not_picked":["Envenom","Burst"],"picked":"Night Terror","floor":33.0},{"not_picked":["Caltrops+1","Concentrate","Deflect"],"picked":"SKIP","floor":35.0},{"not_picked":["Deadly Poison","Acrobatics","Bane+1"],"picked":"SKIP","floor":36.0},{"not_picked":["Dodge and Roll","Prepared"],"picked":"Tactician","floor":38.0},{"not_picked":["Dodge and Roll","Flying Knee"],"picked":"Crippling Poison","floor":39.0},{"not_picked":["Prepared+1","Endless Agony","Dash"],"picked":"SKIP","floor":41.0},{"not_picked":["Quick Slash","Underhanded Strike","PiercingWail"],"picked":"SKIP","floor":42.0},{"not_picked":["Dagger Spray+1","Bane","Blade Dance+1"],"picked":"SKIP","floor":44.0},{"not_picked":["Sucker Punch+1","Crippling Poison"],"picked":"Night Terror","floor":46}],"player_experience":2264434,"relics_obtained":[{"floor":9.0,"key":"Ginger"},{"floor":12.0,"key":"Potion Belt"},{"floor":14.0,"key":"Pen Nib"},{"floor":26.0,"key":"Smiling Mask"},{"floor":28.0,"key":"Meat on the Bone"},{"floor":38.0,"key":"Gambling Chip"},{"floor":42.0,"key":"Dodecahedron"},{"floor":43.0,"key":"Spirit Poop"},{"floor":45.0,"key":"Incense Burner"},{"floor":46,"key":"Blood Vial"}],"event_choices":[{"cards_removed":["Strike_G"],"damage_healed":0.0,"max_hp_gain":0.0,"max_hp_loss":0.0,"gold_gain":0.0,"event_name":"The Cleric","player_choice":"Card Removal","floor":2.0,"gold_loss":75.0,"damage_taken":0.0},{"cards_removed":["Strike_G"],"damage_healed":0.0,"max_hp_gain":0.0,"max_hp_loss":0.0,"gold_gain":0.0,"event_name":"Golden Wing","player_choice":"Card Removal","floor":5.0,"gold_loss":0.0,"damage_taken":7.0},{"damage_healed":0.0,"max_hp_gain":0.0,"max_hp_loss":0.0,"gold_gain":30.0,"event_name":"Dead Adventurer","player_choice":"Searched \u00271\u0027 times","floor":7.0,"gold_loss":0.0,"damage_taken":0.0},{"damage_healed":0.0,"max_hp_gain":0.0,"max_hp_loss":0.0,"gold_gain":0.0,"event_name":"World of Goop","player_choice":"Left Gold","floor":13.0,"gold_loss":52.0,"damage_taken":0.0},{"damage_healed":0.0,"max_hp_gain":0.0,"max_hp_loss":0.0,"gold_gain":0.0,"event_name":"FaceTrader","player_choice":"Trade","floor":20.0,"gold_loss":0.0,"damage_taken":0.0,"relics_obtained":["CultistMask"]},{"damage_healed":0.0,"max_hp_gain":0.0,"max_hp_loss":0.0,"gold_gain":0.0,"event_name":"SensoryStone","player_choice":"Memory 1","floor":37.0,"gold_loss":0.0,"damage_taken":0.0},{"damage_healed":0.0,"max_hp_gain":0.0,"max_hp_loss":0.0,"gold_gain":0.0,"event_name":"Mysterious Sphere","player_choice":"Fight","floor":38.0,"gold_loss":0.0,"damage_taken":0.0},{"damage_healed":0.0,"max_hp_gain":0.0,"max_hp_loss":0.0,"gold_gain":0.0,"event_name":"MindBloom","player_choice":"Fight","floor":45.0,"gold_loss":0.0,"damage_taken":0.0}],"is_beta":false,"boss_relics":[{"not_picked":["Calling Bell","White Beast Statue"],"picked":"Snecko Eye"},{"not_picked":["Eternal Feather","Velvet Choker"],"picked":"HoveringKite"}],"items_purged_floors":[11,48],"is_endless":false,"potions_floor_spawned":[1,12,14,21,22,28,29,38,41,46],"ascension_level":20}