{"gold_per_floor":[115,131,147,72,154,154,79,79,79,113,113,113,33,49,49,127,127,147,17,17,17],"floor_reached":21,"playtime":735,"items_purged":["Strike_G","Strike_G","Defend_G"],"score":350,"play_id":"913e8084-4965-4903-9aa2-f1243cf6864a","local_time":"20190128154403","is_ascension_mode":true,"campfire_choices":[{"data":"Noxious Fumes","floor":6.0,"key":"SMITH"},{"data":"Neutralize","floor":8.0,"key":"SMITH"},{"data":"Reflex","floor":12.0,"key":"SMITH"},{"data":"Well Laid Plans","floor":15.0,"key":"SMITH"}],"neow_cost":"NONE","seed_source_timestamp":20174545905575,"circlet_count":0,"master_deck":["AscendersBane","Defend_G","Defend_G","Defend_G","Defend_G","Strike_G","Strike_G","Survivor","Neutralize+1","Reflex","Reflex+1","Noxious Fumes+1","Well Laid Plans+1","Tools of the Trade","Reflex","Infinite Blades"],"special_seed":0,"relics":["Ring of the Snake","NeowsBlessing","Tiny Chest","Kunai","The Courier","Philosopher\u0027s Stone"],"potions_floor_usage":[21],"damage_taken":[{"damage":0.0,"enemies":"Jaw Worm","floor":1.0,"turns":1.0},{"damage":0.0,"enemies":"2 Louse","floor":2.0,"turns":1.0},{"damage":0.0,"enemies":"Cultist","floor":3.0,"turns":1.0},{"damage":16.0,"enemies":"3 Sentries","floor":10.0,"turns":7.0},{"damage":10.0,"enemies":"Large Slime","floor":14.0,"turns":8.0},{"damage":19.0,"enemies":"The Guardian","floor":16.0,"turns":14.0},{"damage":15,"enemies":"Shell Parasite","floor":18,"turns":9},{"damage":0,"enemies":"theJungle:Flameango_and_Byrd","floor":21,"turns":2}],"seed_played":"-3402961491051488636","potions_obtained":[{"floor":2.0,"key":"Swift Potion"},{"floor":3.0,"key":"Fire Potion"},{"floor":10.0,"key":"SpeedPotion"},{"floor":14.0,"key":"PowerPotion"}],"is_trial":false,"path_per_floor":["M","M","M","?","T","R","$","R","T","E","?","R","$","M","R","B",null,"M","$","?","M"],"character_chosen":"THE_SILENT","items_purchased":["Infinite Blades"],"campfire_rested":0,"item_purchase_floors":[19],"current_hp_per_floor":[59,59,59,59,59,59,59,59,59,43,48,48,48,38,38,19,58,43,43,43,43],"gold":17,"neow_bonus":"THREE_ENEMY_KILL","is_prod":false,"is_daily":false,"chose_seed":false,"campfire_upgraded":4,"win_rate":0,"timestamp":1548661443,"path_taken":["M","M","M","?","?","R","$","R","T","E","?","R","$","M","R","BOSS","M","$","?","M"],"build_version":"2019-01-23","purchased_purges":3,"victory":false,"max_hp_per_floor":[66,66,66,66,66,66,66,66,66,66,71,71,71,71,71,71,71,71,71,71,71],"card_choices":[{"not_picked":["Prepared","Bane"],"picked":"Reflex","floor":1.0},{"not_picked":["Deadly Poison","Distraction"],"picked":"Reflex","floor":2.0},{"not_picked":["Dagger Spray","Deadly Poison"],"picked":"Noxious Fumes","floor":3.0},{"not_picked":["Outmaneuver","Slice","Deadly Poison"],"picked":"SKIP","floor":10.0},{"not_picked":["Cloak And Dagger","Backflip"],"picked":"Well Laid Plans","floor":14.0},{"not_picked":["Corpse Explosion","Envenom"],"picked":"Tools of the Trade","floor":16.0},{"not_picked":["Bane","Poisoned Stab"],"picked":"Reflex","floor":18}],"player_experience":2347420,"relics_obtained":[{"floor":5.0,"key":"Tiny Chest"},{"floor":9.0,"key":"Kunai"},{"floor":10.0,"key":"The Courier"}],"event_choices":[{"cards_removed":["Strike_G"],"damage_healed":0.0,"max_hp_gain":0.0,"max_hp_loss":0.0,"gold_gain":0.0,"event_name":"The Cleric","player_choice":"Card Removal","floor":4.0,"gold_loss":75.0,"damage_taken":0.0},{"damage_healed":0.0,"max_hp_gain":5.0,"max_hp_loss":0.0,"gold_gain":0.0,"event_name":"Big Fish","player_choice":"Donut","floor":11.0,"gold_loss":0.0,"damage_taken":0.0},{"damage_healed":0,"gold_gain":0,"player_choice":"Got Potions","damage_taken":0,"max_hp_gain":0,"max_hp_loss":0,"event_name":"Lab","floor":20,"gold_loss":0}],"is_beta":false,"boss_relics":[{"not_picked":["Busted Crown","Tiny House"],"picked":"Philosopher\u0027s Stone"}],"items_purged_floors":[7,13,19],"is_endless":false,"potions_floor_spawned":[2,3,10,14],"killed_by":"theJungle:Flameango_and_Byrd","ascension_level":20}