{"path_per_floor":["M","M","?","M","$","R","M","E","T","R","$","R","?","M","R","B",null,"M","?","?","?","M","R","M","R","T","T","M","M","$","M","R","B",null,"M","?","?","$","M","E","R","M","T","R","E","$","?","$","R"],"character_chosen":"THE_SILENT","items_purchased":["Footwork","Infinite Blades","Deflect","Vajra","Thread and Needle"],"gold_per_floor":[115,125,75,95,58,58,71,96,96,96,96,96,96,109,109,183,183,193,224,224,224,235,235,251,251,276,276,293,313,137,155,155,233,233,250,472,472,226,244,278,278,298,322,322,353,46,46,46,46,46],"floor_reached":50,"campfire_rested":1,"playtime":1812,"item_purchase_floors":[5,30,30,38,46],"current_hp_per_floor":[59,59,59,59,59,59,59,48,48,48,48,48,23,17,17,17,54,48,16,38,38,66,66,50,50,50,50,34,33,33,29,29,21,55,40,40,57,57,39,29,29,19,19,53,15,15,58,58,58,0],"items_purged":["Strike_G","Writhe"],"gold":46,"score":957,"play_id":"70197383-f7ab-4ee6-9fed-25224455e21b","local_time":"20180615215648","is_prod":false,"is_daily":false,"chose_seed":false,"is_ascension_mode":true,"campfire_upgraded":7,"win_rate":0,"timestamp":1529071008,"campfire_choices":[{"data":"Neutralize","floor":6,"key":"SMITH"},{"data":"Footwork","floor":10,"key":"SMITH"},{"data":"Infinite Blades","floor":12,"key":"SMITH"},{"data":"1","floor":15,"key":"LIFT"},{"data":"Deadly Poison","floor":23,"key":"SMITH"},{"data":"After Image","floor":25,"key":"SMITH"},{"data":"2","floor":32,"key":"LIFT"},{"data":"Calculated Gamble","floor":41,"key":"SMITH"},{"floor":44,"key":"REST"},{"data":"After Image","floor":49,"key":"SMITH"}],"path_taken":["M","M","?","M","?","R","M","E","T","R","$","R","?","M","R","BOSS","M","?","?","?","?","R","M","R","T","?","?","M","?","?","R","BOSS","M","?","?","$","?","E","R","M","T","R","E","$","?","?","R","BOSS"],"build_version":"2018-06-14v2","seed_source_timestamp":43678203883537,"purchased_purges":2,"victory":false,"master_deck":["Defend_G","Defend_G","Defend_G","Defend_G","Defend_G","Strike_G","Strike_G+1","Survivor","Neutralize+1","AscendersBane","Calculated Gamble+1","Poisoned Stab+1","Flying Knee","Infinite Blades+1","Footwork+1","Noxious Fumes","After Image+1","After Image+1","Deadly Poison+1","Blade Dance+1","Infinite Blades","Deflect","Poisoned Stab+1","Eviscerate+1"],"max_hp_per_floor":[66,66,66,66,66,66,66,66,66,66,66,66,66,66,66,66,66,66,66,66,66,66,66,66,66,66,66,66,66,66,66,66,66,66,66,66,66,66,66,66,66,66,66,66,66,66,58,58,58,58],"relics":["Ring of the Snake","Girya","Ginger","Turnip","Philosopher\u0027s Stone","Red Mask","Potion Belt","Molten Egg 2","Runic Pyramid","Vajra","Bag of Marbles","Regal Pillow","Whetstone","Thread and Needle"],"card_choices":[{"not_picked":["Outmaneuver","Backflip"],"picked":"Poisoned Stab","floor":1},{"not_picked":["Blur","Catalyst"],"picked":"Flying Knee","floor":2},{"not_picked":["Slice","Skewer"],"picked":"Infinite Blades","floor":4},{"not_picked":["Deadly Poison","Predator"],"picked":"Noxious Fumes","floor":7},{"not_picked":["Choke","Concentrate","Flechettes"],"picked":"SKIP","floor":8},{"not_picked":["Dodge and Roll","Dagger Throw"],"picked":"After Image","floor":14},{"not_picked":["Die Die Die","Corpse Explosion"],"picked":"After Image","floor":16},{"not_picked":["Backflip","Slice"],"picked":"Deadly Poison","floor":18},{"not_picked":["Deflect","Flying Knee","Dodge and Roll"],"picked":"SKIP","floor":22},{"not_picked":["Cloak And Dagger","Dagger Throw","Noxious Fumes"],"picked":"SKIP","floor":24},{"not_picked":["Flying Knee+1","Accuracy","Quick Slash+1"],"picked":"SKIP","floor":28},{"not_picked":["Slice+1","All Out Attack+1"],"picked":"Blade Dance+1","floor":29},{"not_picked":["Skewer+1","Terror","Prepared"],"picked":"SKIP","floor":31},{"not_picked":["All Out Attack+1","Prepared"],"picked":"Poisoned Stab+1","floor":35},{"not_picked":["Predator+1","Dagger Spray+1","Bouncing Flask"],"picked":"SKIP","floor":39},{"not_picked":["Dodge and Roll","Underhanded Strike+1","Tactician"],"picked":"SKIP","floor":40},{"not_picked":["Dagger Spray+1","Eviscerate+1","PiercingWail"],"picked":"SKIP","floor":42},{"not_picked":["Dagger Spray+1","PiercingWail"],"picked":"Eviscerate+1","floor":42},{"not_picked":["Die Die Die+1","Catalyst","Masterful Stab+1"],"picked":"SKIP","floor":45}],"player_experience":617114,"potions_floor_usage":[16,16,19,22,22,40],"damage_taken":[{"damage":0,"enemies":"2 Louse","floor":1,"turns":5},{"damage":0,"enemies":"Cultist","floor":2,"turns":3},{"damage":0,"enemies":"Jaw Worm","floor":4,"turns":4},{"damage":0,"enemies":"Blue Slaver","floor":7,"turns":6},{"damage":11,"enemies":"3 Sentries","floor":8,"turns":9},{"damage":6,"enemies":"Exordium Thugs","floor":14,"turns":5},{"damage":0,"enemies":"Hexaghost","floor":16,"turns":9},{"damage":6,"enemies":"Chosen","floor":18,"turns":6},{"damage":32,"floor":19,"turns":5},{"damage":0,"enemies":"Spheric Guardian","floor":22,"turns":5},{"damage":16,"enemies":"Centurion and Healer","floor":24,"turns":8},{"damage":16,"enemies":"3 Cultists","floor":28,"turns":7},{"damage":1,"enemies":"Snake Plant","floor":29,"turns":5},{"damage":4,"enemies":"Snecko","floor":31,"turns":6},{"damage":8,"enemies":"Automaton","floor":33,"turns":10},{"damage":15,"enemies":"Orb Walker","floor":35,"turns":4},{"damage":18,"enemies":"3 Shapes","floor":39,"turns":7},{"damage":10,"enemies":"Giant Head","floor":40,"turns":8},{"damage":10,"enemies":"Spire Growth","floor":42,"turns":6},{"damage":38,"enemies":"2 Orb Walkers","floor":45,"turns":6},{"damage":69,"enemies":"Awakened One","floor":50,"turns":5}],"relics_obtained":[{"floor":8,"key":"Girya"},{"floor":9,"key":"Ginger"},{"floor":19,"key":"Red Mask"},{"floor":26,"key":"Potion Belt"},{"floor":27,"key":"Molten Egg 2"},{"floor":40,"key":"Bag of Marbles"},{"floor":43,"key":"Regal Pillow"},{"floor":45,"key":"Whetstone"}],"event_choices":[{"event_name":"The Cleric","player_choice":"Card Removal","floor":3,"damage_taken":0},{"event_name":"Scrap Ooze","player_choice":"success","floor":13,"damage_taken":25},{"event_name":"Masked Bandits","player_choice":"Fought over 193 gold","floor":19,"damage_taken":0},{"event_name":"The Library","player_choice":"Heal","floor":20,"damage_taken":0},{"event_name":"The Lab","player_choice":"Got Potions","floor":21,"damage_taken":0},{"event_name":"Tomb of Lord Red Mask","player_choice":"Wore Mask","floor":36,"damage_taken":0},{"event_name":"Winding Halls","player_choice":"Writhe","floor":37,"damage_taken":0},{"event_name":"The Moai Head","player_choice":"Heal","floor":47,"damage_taken":0}],"boss_relics":[{"not_picked":["White Beast Statue","Runic Dome"],"picked":"Philosopher\u0027s Stone"},{"not_picked":["Pandora\u0027s Box","Orrery"],"picked":"Runic Pyramid"}],"items_purged_floors":[30,38],"is_endless":false,"potions_floor_spawned":[8,14,18,19,35],"seed_played":"4642031441665023960","killed_by":"Awakened One","ascension_level":14,"potions_obtained":[{"floor":8,"key":"Poison Potion"},{"floor":14,"key":"Dexterity Potion"},{"floor":18,"key":"Explosive Potion"},{"floor":19,"key":"Regen Potion"},{"floor":21,"key":"Regen Potion"},{"floor":35,"key":"PowerPotion"}],"is_trial":false}