{"gold_per_floor":[112,122,137,149,74,74,93,93,147,164,183,183,183,183,183,283,283,297,297,308,324,190,190,203,220,220,220,13,13,33,33,33,137,137,149,149,101,116,116,116,116,116,189,222,0,35,35,35,35,35],"floor_reached":51,"playtime":1347,"items_purged":["Strike_R","Strike_R","Strike_R"],"score":720,"play_id":"5dd5dce7-8b22-405a-ac8a-5767b9576b07","local_time":"20181024230118","is_ascension_mode":false,"campfire_choices":[{"data":"Spot Weakness","floor":6.0,"key":"SMITH"},{"data":"Shockwave","floor":12.0,"key":"SMITH"},{"data":"Inflame","floor":15.0,"key":"SMITH"},{"data":"Heavy Blade","floor":23.0,"key":"SMITH"},{"data":"Demon Form","floor":27.0,"key":"SMITH"},{"data":"Disarm","floor":29.0,"key":"SMITH"},{"data":"Power Through","floor":32.0,"key":"SMITH"},{"data":"Shrug It Off","floor":40.0,"key":"SMITH"},{"data":"Bash","floor":42.0,"key":"SMITH"},{"data":"Evolve","floor":47.0,"key":"SMITH"},{"floor":49,"key":"REST"}],"neow_cost":"NONE","seed_source_timestamp":45731021451366,"circlet_count":0,"master_deck":["Strike_R","Strike_R","Defend_R","Defend_R","Defend_R","Defend_R","Bash+1","Spot Weakness+1","Evolve+1","Shockwave+1","Headbutt","Thunderclap","Inflame+1","Demon Form+1","True Grit+1","Heavy Blade+1","Dropkick","Disarm+1","Power Through+1","Shrug It Off+1","True Grit+1","Flex+1","Purity"],"special_seed":0,"relics":["Burning Blood","PreservedInsect","Tiny Chest","Pocketwatch","Juzu Bracelet","Busted Crown","Anchor","Potion Belt","Mark of Pain","Unceasing Top","Gremlin Horn","Bag of Preparation","Red Mask","Mercury Hourglass"],"potions_floor_usage":[50,50],"damage_taken":[{"damage":1.0,"enemies":"Cultist","floor":1.0,"turns":3.0},{"damage":11.0,"enemies":"Jaw Worm","floor":2.0,"turns":4.0},{"damage":12.0,"enemies":"Small Slimes","floor":3.0,"turns":4.0},{"damage":14.0,"enemies":"Blue Slaver","floor":4.0,"turns":5.0},{"damage":8.0,"enemies":"2 Fungi Beasts","floor":7.0,"turns":4.0},{"damage":37.0,"enemies":"Exordium Thugs","floor":10.0,"turns":5.0},{"damage":4.0,"enemies":"3 Louse","floor":11.0,"turns":4.0},{"damage":20.0,"enemies":"The Guardian","floor":16.0,"turns":7.0},{"damage":27.0,"enemies":"Spheric Guardian","floor":18.0,"turns":4.0},{"damage":4.0,"enemies":"Shell Parasite","floor":20.0,"turns":5.0},{"damage":6.0,"enemies":"Snecko","floor":21.0,"turns":3.0},{"damage":1.0,"enemies":"Cultist and Chosen","floor":24.0,"turns":5.0},{"damage":7.0,"enemies":"Snake Plant","floor":25.0,"turns":4.0},{"damage":17.0,"enemies":"Snecko","floor":30.0,"turns":5.0},{"damage":28.0,"enemies":"Automaton","floor":33.0,"turns":7.0},{"damage":7.0,"enemies":"Orb Walker","floor":35.0,"turns":4.0},{"damage":16.0,"enemies":"3 Shapes","floor":38.0,"turns":3.0},{"damage":0.0,"enemies":"Mind Bloom Boss Battle","floor":39.0,"turns":5.0},{"damage":4.0,"enemies":"Nemesis","floor":44.0,"turns":7.0},{"damage":23.0,"enemies":"Reptomancer","floor":46.0,"turns":5.0},{"damage":36,"enemies":"Time Eater","floor":50,"turns":7}],"seed_played":"9156295073418381644","potions_obtained":[{"floor":1.0,"key":"Strength Potion"},{"floor":3.0,"key":"Strength Potion"},{"floor":7.0,"key":"Swift Potion"},{"floor":21.0,"key":"PowerPotion"},{"floor":24.0,"key":"Strength Potion"},{"floor":30.0,"key":"SpeedPotion"},{"floor":33.0,"key":"FearPotion"},{"floor":38.0,"key":"FairyPotion"},{"floor":46.0,"key":"AttackPotion"}],"is_trial":false,"path_per_floor":["M","M","M","M","$","R","M","$","T","M","M","R","T","?","R","B",null,"M","?","M","M","$","R","M","M","T","R","$","R","M","$","R","B",null,"M","?","$","M","?","R","$","R","T","E","?","E","R","?","R","B"],"character_chosen":"IRONCLAD","items_purchased":["Dropkick","Power Through","Shrug It Off"],"campfire_rested":1,"item_purchase_floors":[22,28,37],"current_hp_per_floor":[80,75,69,61,61,61,59,59,59,28,30,30,30,27,27,13,80,59,59,61,61,61,61,66,65,65,65,65,65,54,54,54,32,80,79,79,79,69,75,75,75,75,75,77,77,60,60,60,80,50],"gold":35,"neow_bonus":"RANDOM_COMMON_RELIC","is_prod":false,"is_daily":false,"chose_seed":false,"campfire_upgraded":10,"win_rate":0,"timestamp":1540393278,"path_taken":["M","M","M","M","$","R","?","$","T","M","M","R","?","?","R","BOSS","M","?","M","M","$","R","M","M","T","R","$","R","M","$","R","BOSS","M","?","$","M","?","R","$","R","T","E","?","E","R","?","R","BOSS"],"build_version":"2018-10-18","purchased_purges":3,"victory":true,"max_hp_per_floor":[80,80,80,80,80,80,80,80,80,80,80,80,80,80,80,80,80,80,80,80,80,80,80,80,80,80,80,80,80,80,80,80,80,80,80,80,80,80,80,80,80,80,80,80,80,80,80,80,80,80],"card_choices":[{"not_picked":["Hemokinesis","Rage"],"picked":"Spot Weakness","floor":1.0},{"not_picked":["Sword Boomerang","True Grit"],"picked":"Evolve","floor":2.0},{"not_picked":["Sentinel","Corruption"],"picked":"Shockwave","floor":3.0},{"not_picked":["Havoc","Heavy Blade"],"picked":"Headbutt","floor":4.0},{"not_picked":["Intimidate","Pommel Strike"],"picked":"Thunderclap","floor":7.0},{"not_picked":["Flame Barrier","Clothesline"],"picked":"Inflame","floor":10.0},{"not_picked":["Rupture","Havoc","Thunderclap"],"picked":"SKIP","floor":11.0},{"not_picked":["Offering","Berserk"],"picked":"Demon Form","floor":16.0},{"not_picked":[],"picked":"True Grit+1","floor":18.0},{"not_picked":[],"picked":"Heavy Blade","floor":20.0},{"not_picked":["Feel No Pain+1"],"picked":"SKIP","floor":21.0},{"not_picked":[],"picked":"Disarm","floor":24.0},{"not_picked":["Perfected Strike"],"picked":"SKIP","floor":25.0},{"not_picked":["Warcry"],"picked":"SKIP","floor":30.0},{"not_picked":["Rage"],"picked":"SKIP","floor":35.0},{"not_picked":[],"picked":"True Grit+1","floor":38.0},{"not_picked":["Thunderclap"],"picked":"SKIP","floor":44.0},{"not_picked":[],"picked":"Flex+1","floor":46.0}],"player_experience":618410,"relics_obtained":[{"floor":9.0,"key":"Tiny Chest"},{"floor":13.0,"key":"Pocketwatch"},{"floor":26.0,"key":"Potion Belt"},{"floor":39.0,"key":"Unceasing Top"},{"floor":43.0,"key":"Gremlin Horn"},{"floor":44.0,"key":"Bag of Preparation"},{"floor":46.0,"key":"Mercury Hourglass"}],"event_choices":[{"damage_healed":0.0,"max_hp_gain":0.0,"max_hp_loss":0.0,"gold_gain":0.0,"event_name":"Scrap Ooze","player_choice":"Success","floor":14.0,"gold_loss":0.0,"damage_taken":3.0,"relics_obtained":["Juzu Bracelet"]},{"damage_healed":0.0,"max_hp_gain":0.0,"max_hp_loss":0.0,"gold_gain":0.0,"event_name":"WeMeetAgain","player_choice":"Gave Potion","floor":19.0,"gold_loss":0.0,"damage_taken":0.0,"relics_obtained":["Anchor"]},{"damage_healed":0.0,"max_hp_gain":0.0,"max_hp_loss":0.0,"gold_gain":0.0,"event_name":"Mysterious Sphere","player_choice":"Ignored","floor":36.0,"gold_loss":0.0,"damage_taken":0.0},{"damage_healed":0.0,"max_hp_gain":0.0,"max_hp_loss":0.0,"gold_gain":0.0,"event_name":"MindBloom","player_choice":"Fight","floor":39.0,"gold_loss":0.0,"damage_taken":0.0},{"damage_healed":0.0,"max_hp_gain":0.0,"max_hp_loss":0.0,"gold_gain":0.0,"event_name":"Tomb of Lord Red Mask","player_choice":"Paid","floor":45.0,"gold_loss":222.0,"damage_taken":0.0,"relics_obtained":["Red Mask"]},{"damage_healed":0,"gold_gain":0,"player_choice":"1 cards matched","damage_taken":0,"max_hp_gain":0,"max_hp_loss":0,"event_name":"Match and Keep!","floor":48,"gold_loss":0,"cards_obtained":["Purity"]}],"is_beta":false,"boss_relics":[{"not_picked":["Lizard Tail","Runic Cube"],"picked":"Busted Crown"},{"not_picked":["Black Blood","Fusion Hammer"],"picked":"Mark of Pain"}],"items_purged_floors":[5,22,28],"is_endless":false,"potions_floor_spawned":[1,3,7,11,21,24,30,33,38,46],"ascension_level":0}