{"gold_per_floor":[111,111,386,400,411,411,106,256,282,52,52,70,89,103,103,103],"floor_reached":16,"playtime":438,"items_purged":["Regret","Doubt"],"score":184,"play_id":"7da9fc48-9107-43ee-a8b7-0a98297fbab8","local_time":"20190126102223","is_ascension_mode":true,"campfire_choices":[{"data":"Neutralize","floor":6,"key":"SMITH"},{"data":"Concentrate","floor":11,"key":"SMITH"},{"data":"Noxious Fumes","floor":15,"key":"SMITH"}],"neow_cost":"NONE","seed_source_timestamp":6304737929370,"circlet_count":0,"master_deck":["AscendersBane","Defend_G","Defend_G","Defend_G+1","Defend_G","Defend_G","Strike_G","Strike_G","Strike_G","Strike_G+1","Strike_G","Survivor","Neutralize+1","Infinite Blades","Concentrate+1","Acrobatics","Noxious Fumes+1","Acrobatics"],"relics":["Ring of the Snake","NeowsBlessing","Medical Kit","Juzu Bracelet","Tiny Chest"],"potions_floor_usage":[12,14,16],"damage_taken":[{"damage":0,"enemies":"Jaw Worm","floor":1,"turns":1},{"damage":0,"enemies":"Cultist","floor":4,"turns":1},{"damage":0,"enemies":"2 Louse","floor":5,"turns":1},{"damage":10,"enemies":"Exordium Wildlife","floor":12,"turns":6},{"damage":14,"enemies":"Large Slime","floor":13,"turns":8},{"damage":7,"enemies":"Lots of Slimes","floor":14,"turns":4},{"damage":9,"enemies":"Hexaghost","floor":16,"turns":9}],"seed_played":"3275785413882694116","potions_obtained":[{"floor":5,"key":"Explosive Potion"},{"floor":12,"key":"AttackPotion"},{"floor":14,"key":"SneckoOil"}],"is_trial":false,"path_per_floor":["M","?","?","M","M","R","$","?","T","$","R","M","M","M","R","B"],"character_chosen":"THE_SILENT","items_purchased":["Medical Kit","Tiny Chest"],"campfire_rested":0,"item_purchase_floors":[7,10],"current_hp_per_floor":[59,39,39,39,39,39,39,39,39,39,39,29,15,8,8,0],"gold":103,"neow_bonus":"THREE_ENEMY_KILL","is_prod":false,"is_daily":false,"chose_seed":false,"campfire_upgraded":3,"win_rate":0,"timestamp":1548469343,"path_taken":["M","?","?","?","M","R","$","?","T","$","R","M","M","M","R","BOSS"],"build_version":"2019-01-23","purchased_purges":2,"victory":false,"max_hp_per_floor":[66,66,66,66,66,66,66,66,66,66,66,66,66,66,66,66],"card_choices":[{"not_picked":["Underhanded Strike","Riddle With Holes"],"picked":"Infinite Blades","floor":1},{"not_picked":["PiercingWail","Dagger Throw","Flying Knee"],"picked":"SKIP","floor":4},{"not_picked":["Prepared","PiercingWail"],"picked":"Concentrate","floor":5},{"not_picked":["Terror","Flechettes"],"picked":"Acrobatics","floor":12},{"not_picked":["Endless Agony","Prepared"],"picked":"Noxious Fumes","floor":13},{"not_picked":["Calculated Gamble","Outmaneuver"],"picked":"Acrobatics","floor":14}],"player_experience":2263996,"relics_obtained":[{"floor":9,"key":"Juzu Bracelet"}],"event_choices":[{"damage_healed":0,"gold_gain":0,"player_choice":"Entered Light","damage_taken":20,"max_hp_gain":0,"max_hp_loss":0,"event_name":"Shining Light","floor":2,"gold_loss":0,"cards_upgraded":["Defend_G","Strike_G"]},{"damage_healed":0,"gold_gain":275,"player_choice":"Desecrate","damage_taken":0,"max_hp_gain":0,"max_hp_loss":0,"event_name":"Golden Shrine","floor":3,"gold_loss":0,"cards_obtained":["Regret"]},{"damage_healed":0,"gold_gain":150,"player_choice":"AGREE","damage_taken":0,"max_hp_gain":0,"max_hp_loss":0,"event_name":"Liars Game","floor":8,"gold_loss":0,"cards_obtained":["Doubt"]}],"is_beta":false,"boss_relics":[],"items_purged_floors":[7,10],"is_endless":false,"potions_floor_spawned":[5,12,14],"killed_by":"Hexaghost","ascension_level":20}