{"gold_per_floor":[111,111,111,36,52,85,106,120,200,200,18,43,62,62],"floor_reached":14,"playtime":575,"items_purged":["Strike_G"],"score":228,"play_id":"0c25ff2a-12d7-412f-a26f-52b56bd8ea8b","local_time":"20181115181512","is_ascension_mode":true,"campfire_choices":[],"neow_cost":"NONE","seed_source_timestamp":981934387633,"circlet_count":0,"master_deck":["AscendersBane","Defend_G","Defend_G","Defend_G","Defend_G","Strike_G","Strike_G","Survivor","Neutralize","Prepared","Blur","Acrobatics","Heel Hook","Wraith Form v2","Flash of Steel+1","Grand Finale+1"],"relics":["Ring of the Snake","NeowsBlessing","Golden Idol","Gambling Chip","Molten Egg 2"],"potions_floor_usage":[12],"damage_taken":[{"damage":0,"enemies":"2 Louse","floor":1,"turns":1},{"damage":0,"enemies":"Small Slimes","floor":5,"turns":1},{"damage":0,"enemies":"Gremlin Nob","floor":6,"turns":1},{"damage":4,"enemies":"Jaw Worm","floor":7,"turns":7},{"damage":12,"enemies":"3 Louse","floor":8,"turns":6},{"damage":6,"enemies":"Exordium Thugs","floor":12,"turns":5},{"damage":0,"enemies":"2 Fungi Beasts","floor":13,"turns":5},{"damage":23,"enemies":"Large Slime","floor":14,"turns":13}],"seed_played":"8161455612252744473","potions_obtained":[{"floor":1,"key":"Explosive Potion"},{"floor":7,"key":"FearPotion"},{"floor":12,"key":"LiquidBronze"}],"is_trial":false,"path_per_floor":["M","?","?","?","M","E","M","M","T","?","$","M","M","M"],"character_chosen":"THE_SILENT","items_purchased":["Flash of Steel+1"],"campfire_rested":0,"item_purchase_floors":[11],"current_hp_per_floor":[59,59,52,52,52,52,48,36,36,36,36,30,30,7],"gold":62,"neow_bonus":"THREE_ENEMY_KILL","is_prod":false,"is_daily":false,"chose_seed":false,"campfire_upgraded":0,"win_rate":0,"timestamp":1542276912,"path_taken":["M","?","?","?","M","E","M","M","T","?","$","?","M","M"],"build_version":"2018-11-14","purchased_purges":1,"victory":false,"max_hp_per_floor":[66,60,60,60,60,60,60,60,60,60,60,60,60,60],"card_choices":[{"not_picked":["Concentrate","Dodge and Roll"],"picked":"Prepared","floor":1},{"not_picked":["All Out Attack","Dash"],"picked":"Blur","floor":5},{"not_picked":["Poisoned Stab","Infinite Blades","Dodge and Roll"],"picked":"SKIP","floor":6},{"not_picked":["Eviscerate","Leg Sweep"],"picked":"Acrobatics","floor":7},{"not_picked":["Backflip","Dodge and Roll"],"picked":"Heel Hook","floor":8},{"not_picked":["Backflip","Dagger Throw+1","Riddle With Holes+1"],"picked":"SKIP","floor":12},{"not_picked":["Prepared","Flying Knee+1"],"picked":"Grand Finale+1","floor":13}],"player_experience":1061766,"relics_obtained":[{"floor":6,"key":"Gambling Chip"},{"floor":9,"key":"Molten Egg 2"}],"event_choices":[{"damage_healed":0,"gold_gain":0,"player_choice":"Lose Max HP","damage_taken":0,"relics_obtained":["Golden Idol"],"max_hp_gain":0,"max_hp_loss":6,"event_name":"Golden Idol","floor":2,"gold_loss":0},{"cards_removed":["Strike_G"],"damage_healed":0,"gold_gain":0,"player_choice":"Card Removal","damage_taken":7,"max_hp_gain":0,"max_hp_loss":0,"event_name":"Golden Wing","floor":3,"gold_loss":0},{"cards_removed":["Defend_G"],"damage_healed":0,"gold_gain":0,"player_choice":"Card Removal","damage_taken":0,"max_hp_gain":0,"max_hp_loss":0,"event_name":"The Cleric","floor":4,"gold_loss":75},{"damage_healed":0,"gold_gain":0,"cards_transformed":["Strike_G"],"player_choice":"Transformed","damage_taken":0,"max_hp_gain":0,"max_hp_loss":0,"event_name":"Transmorgrifier","floor":10,"gold_loss":0,"cards_obtained":["Wraith Form v2"]}],"is_beta":true,"boss_relics":[],"items_purged_floors":[11],"is_endless":false,"potions_floor_spawned":[1,7,8,12],"killed_by":"Large Slime","ascension_level":19}