{"gold_per_floor":[115,125,138,138,154,154,165,185,185,185,201,215,238,238,238,340,340,327,361,379,379,7,37,37,37,37,37,47,67,67,81,81,183,183,201,201,201,101,121,121,132,132,132,152,162,162,162,176,176,176],"floor_reached":51,"playtime":1634,"items_purged":["Strike_G","Strike_G+1"],"score":692,"play_id":"892a9a8f-c7ac-446f-8f36-9ae44a4a46df","local_time":"20181015182833","is_ascension_mode":false,"campfire_choices":[{"data":"Deadly Poison","floor":6.0,"key":"SMITH"},{"data":"Catalyst","floor":10.0,"key":"SMITH"},{"data":"Neutralize","floor":15.0,"key":"SMITH"},{"data":"Venomology","floor":24.0,"key":"SMITH"},{"data":"Survivor","floor":27.0,"key":"SMITH"},{"data":"Footwork","floor":30.0,"key":"SMITH"},{"data":"Defend_G","floor":32.0,"key":"SMITH"},{"floor":40.0,"key":"REST"},{"data":"Bouncing Flask","floor":42.0,"key":"SMITH"},{"data":"Deadly Poison","floor":46,"key":"SMITH"},{"floor":49,"key":"REST"}],"neow_cost":"NONE","seed_source_timestamp":28200859075786,"circlet_count":0,"master_deck":["Defend_G+1","Defend_G+1","Defend_G+1","Defend_G+1","Defend_G+1","Strike_G+1","Strike_G+1","Strike_G+1","Survivor+1","Neutralize+1","Deadly Poison+1","Catalyst+1","Die Die Die+1","Predator+1","Catalyst+1","Venomology+1","Sucker Punch+1","Footwork+1","Catalyst+1","Malaise+1","Backflip+1","Night Terror+1","Well Laid Plans+1","Deadly Poison+1","Bouncing Flask+1","Deadly Poison+1"],"special_seed":0,"relics":["Ring of the Snake","Happy Flower","Calipers","Odd Mushroom","Cursed Key","Red Mask","Gambling Chip","Ornamental Fan","Orrery","Mark of the Bloom"],"potions_floor_usage":[44,44,47,50,50,50],"damage_taken":[{"damage":0.0,"enemies":"Small Slimes","floor":1.0,"turns":6.0},{"damage":0.0,"enemies":"Jaw Worm","floor":2.0,"turns":5.0},{"damage":0.0,"enemies":"Cultist","floor":3.0,"turns":4.0},{"damage":1.0,"enemies":"3 Louse","floor":5.0,"turns":6.0},{"damage":0.0,"enemies":"Large Slime","floor":7.0,"turns":10.0},{"damage":4.0,"enemies":"Gremlin Gang","floor":8.0,"turns":6.0},{"damage":1.0,"enemies":"Exordium Thugs","floor":11.0,"turns":3.0},{"damage":0.0,"enemies":"Looter","floor":12.0,"turns":4.0},{"damage":14.0,"enemies":"The Mushroom Lair","floor":13.0,"turns":6.0},{"damage":27.0,"enemies":"The Guardian","floor":16.0,"turns":9.0},{"damage":5.0,"enemies":"2 Thieves","floor":18.0,"turns":4.0},{"damage":11.0,"enemies":"Masked Bandits","floor":19.0,"turns":5.0},{"damage":0.0,"enemies":"Chosen","floor":20.0,"turns":4.0},{"damage":7.0,"enemies":"Gremlin Leader","floor":23.0,"turns":2.0},{"damage":0.0,"enemies":"Sentry and Sphere","floor":25.0,"turns":3.0},{"damage":12.0,"enemies":"3 Cultists","floor":28.0,"turns":5.0},{"damage":0.0,"enemies":"Snake Plant","floor":29.0,"turns":2.0},{"damage":2.0,"enemies":"Centurion and Healer","floor":31.0,"turns":6.0},{"damage":38.0,"enemies":"Collector","floor":33.0,"turns":4.0},{"damage":0.0,"enemies":"Orb Walker","floor":35.0,"turns":2.0},{"damage":0.0,"enemies":"3 Shapes","floor":39.0,"turns":5.0},{"damage":0.0,"enemies":"Sphere and 2 Shapes","floor":41.0,"turns":5.0},{"damage":3,"enemies":"3 Darklings","floor":44,"turns":4},{"damage":0,"enemies":"Reptomancer","floor":45,"turns":2},{"damage":0,"enemies":"Sphere and 2 Shapes","floor":47,"turns":2},{"damage":10,"enemies":"3 Darklings","floor":48,"turns":6},{"damage":16,"enemies":"Time Eater","floor":50,"turns":4}],"seed_played":"-256139990714197398","potions_obtained":[{"floor":2.0,"key":"Regen Potion"},{"floor":5.0,"key":"GhostInAJar"},{"floor":8.0,"key":"AttackPotion"},{"floor":16.0,"key":"GhostInAJar"},{"floor":23.0,"key":"Strength Potion"},{"floor":41.0,"key":"Weak Potion"},{"floor":48,"key":"Weak Potion"}],"is_trial":false,"path_per_floor":["M","M","M","?","M","R","M","M","T","R","M","M","?","?","R","B",null,"M","?","M","?","$","E","R","M","T","R","M","M","R","M","R","B",null,"M","?","?","$","M","R","M","R","T","M","M","R","M","M","R","B"],"character_chosen":"THE_SILENT","items_purchased":["Gambling Chip"],"campfire_rested":2,"item_purchase_floors":[22],"current_hp_per_floor":[70,70,70,75,74,74,74,70,70,70,69,69,55,40,40,13,75,70,74,74,74,74,67,67,67,67,67,55,55,55,53,53,15,75,75,75,75,75,75,75,75,75,75,72,72,72,72,62,62,46],"gold":176,"neow_bonus":"RANDOM_COMMON_RELIC","is_prod":false,"is_daily":false,"chose_seed":false,"campfire_upgraded":9,"win_rate":0,"timestamp":1539599313,"path_taken":["M","M","M","?","?","R","M","M","T","R","M","M","?","?","R","BOSS","M","?","M","?","$","E","R","M","T","R","M","M","R","?","R","BOSS","M","?","?","$","?","R","M","R","T","M","M","R","M","?","R","BOSS"],"build_version":"2018-10-11","purchased_purges":2,"victory":true,"max_hp_per_floor":[70,70,70,75,75,75,75,75,75,75,75,75,75,75,75,75,75,75,75,75,75,75,75,75,75,75,75,75,75,75,75,75,75,75,75,75,75,75,75,75,75,75,75,75,75,75,75,75,75,75],"card_choices":[{"not_picked":["Cloak And Dagger","Dagger Throw","Slice"],"picked":"SKIP","floor":1.0},{"not_picked":["Bane","Skewer"],"picked":"Deadly Poison","floor":2.0},{"not_picked":["Poisoned Stab","Expertise","Deflect"],"picked":"SKIP","floor":3.0},{"not_picked":["Skewer","Underhanded Strike","Bane"],"picked":"SKIP","floor":5.0},{"not_picked":["Deflect","Choke","Blade Dance"],"picked":"SKIP","floor":7.0},{"not_picked":["Dagger Throw","Masterful Stab"],"picked":"Catalyst","floor":8.0},{"not_picked":["Concentrate","Calculated Gamble","Finisher"],"picked":"SKIP","floor":11.0},{"not_picked":["Reflex","Concentrate","Quick Slash"],"picked":"SKIP","floor":12.0},{"not_picked":["Storm of Steel","Phantasmal Killer"],"picked":"Die Die Die","floor":16.0},{"not_picked":["Quick Slash","Finisher","Dodge and Roll"],"picked":"SKIP","floor":18.0},{"not_picked":["Outmaneuver","PiercingWail"],"picked":"Predator","floor":19.0},{"not_picked":["A Thousand Cuts","PiercingWail+1"],"picked":"Catalyst+1","floor":20.0},{"not_picked":["Acrobatics+1","Accuracy"],"picked":"Venomology","floor":23.0},{"not_picked":["PiercingWail+1","Calculated Gamble"],"picked":"Sucker Punch+1","floor":28.0},{"not_picked":["Flying Knee","Dagger Spray"],"picked":"Footwork","floor":29.0},{"not_picked":["Accuracy","Underhanded Strike+1"],"picked":"Catalyst+1","floor":31.0},{"not_picked":["Bullet Time","Venomology"],"picked":"Malaise","floor":33.0},{"not_picked":["Dagger Throw","Poisoned Stab"],"picked":"Backflip","floor":34.0},{"not_picked":["Flying Knee","Dodge and Roll"],"picked":"Night Terror","floor":34.0},{"not_picked":["Leg Sweep","Bouncing Flask+1"],"picked":"Well Laid Plans","floor":34.0},{"not_picked":["Escape Plan+1","Dagger Throw"],"picked":"Deadly Poison+1","floor":35.0},{"not_picked":["Outmaneuver+1","PiercingWail","Deflect+1"],"picked":"SKIP","floor":39.0},{"not_picked":["Expertise+1","Bane"],"picked":"Bouncing Flask","floor":41.0},{"not_picked":["Dodge and Roll+1","Bane+1"],"picked":"Deadly Poison","floor":44},{"not_picked":["Flying Knee+1","Deflect","Dodge and Roll"],"picked":"SKIP","floor":45},{"not_picked":["Terror","Dagger Throw","Flying Knee+1"],"picked":"SKIP","floor":48}],"player_experience":220047,"relics_obtained":[{"floor":9.0,"key":"Calipers"},{"floor":13.0,"key":"Odd Mushroom"},{"floor":19.0,"key":"Red Mask"},{"floor":23.0,"key":"Ornamental Fan"}],"event_choices":[{"event_name":"Big Fish","player_choice":"Donut","floor":4.0,"damage_taken":0.0},{"event_name":"Mushrooms","player_choice":"Fought Mushrooms","floor":13.0,"damage_taken":0.0},{"event_name":"Shining Light","player_choice":"Entered Light","floor":14.0,"damage_taken":0.0},{"event_name":"Masked Bandits","player_choice":"Fought Bandits","floor":19.0,"damage_taken":0.0},{"event_name":"Accursed Blacksmith","player_choice":"Forge","floor":21.0,"damage_taken":0.0},{"event_name":"Mysterious Sphere","player_choice":"Ignore","floor":36.0,"damage_taken":0.0},{"event_name":"MindBloom","player_choice":"Upgrade","floor":37.0,"damage_taken":0.0}],"is_beta":false,"boss_relics":[{"not_picked":["Astrolabe","WristBlade"],"picked":"Cursed Key"},{"not_picked":["Ring of the Serpent","Runic Dome"],"picked":"Orrery"}],"items_purged_floors":[22,38],"is_endless":false,"potions_floor_spawned":[2,5,8,16,18,23,25,29,35,41,47,48],"ascension_level":0}