{"gold_per_floor":[113,133,133,133,183,183,215,227,264,286,298,345,29,46,46,122,122,132,142,142,162,77,77,93,105,105,105,30,30,30,58,58,132,132,143,1,1,11,0,0],"floor_reached":40,"playtime":973,"items_purged":["Strike_B","Defend_B"],"score":874,"play_id":"efc54363-0659-4906-a001-c202146efa9b","local_time":"20190216160956","is_ascension_mode":true,"campfire_choices":[{"data":"Streamline","floor":6.0,"key":"SMITH"},{"data":"Dualcast","floor":8.0,"key":"SMITH"},{"data":"Redo","floor":11.0,"key":"SMITH"},{"data":"Darkness","floor":15.0,"key":"SMITH"},{"floor":23.0,"key":"REST"},{"data":"Loop","floor":27.0,"key":"SMITH"},{"floor":29.0,"key":"REST"},{"floor":32.0,"key":"REST"}],"neow_cost":"NONE","seed_source_timestamp":334215607054818,"circlet_count":0,"master_deck":["AscendersBane","Defend_B+1","Defend_B","Defend_B+1","Zap","Dualcast+1","Streamline+1","Redo+1","Darkness+1","Loop+1","Undo","Seek","Self Repair","BootSequence","Loop"],"special_seed":0,"relics":["Cracked Core","NeowsBlessing","MawBank","Regal Pillow","Pantograph","Bag of Preparation","Runic Dome","Kunai","Torii","Lantern","Runic Pyramid","Red Mask"],"potions_floor_usage":[],"damage_taken":[{"damage":0.0,"enemies":"Jaw Worm","floor":1.0,"turns":1.0},{"damage":0.0,"enemies":"Small Slimes","floor":2.0,"turns":1.0},{"damage":0.0,"enemies":"Gremlin Nob","floor":7.0,"turns":1.0},{"damage":0.0,"enemies":"2 Louse","floor":10.0,"turns":2.0},{"damage":27.0,"enemies":"3 Sentries","floor":12.0,"turns":7.0},{"damage":8.0,"enemies":"Gremlin Gang","floor":14.0,"turns":5.0},{"damage":10.0,"enemies":"Hexaghost","floor":16.0,"turns":7.0},{"damage":16.0,"enemies":"3 Byrds","floor":18.0,"turns":3.0},{"damage":22.0,"enemies":"Chosen","floor":19.0,"turns":4.0},{"damage":22.0,"enemies":"Snake Plant","floor":21.0,"turns":4.0},{"damage":5.0,"enemies":"Cultist and Chosen","floor":24.0,"turns":5.0},{"damage":34.0,"enemies":"Shelled Parasite and Fungi","floor":25.0,"turns":7.0},{"damage":51.0,"enemies":"Slavers","floor":31.0,"turns":6.0},{"damage":10.0,"enemies":"Champ","floor":33.0,"turns":9.0},{"damage":0.0,"enemies":"Orb Walker","floor":35.0,"turns":3.0},{"damage":0.0,"enemies":"3 Shapes","floor":38.0,"turns":5.0},{"damage":82,"enemies":"Reptomancer","floor":40,"turns":6}],"seed_played":"5296971338804576027","potions_obtained":[{"floor":1.0,"key":"Ancient Potion"},{"floor":2.0,"key":"AttackPotion"},{"floor":12.0,"key":"SpeedPotion"},{"floor":24.0,"key":"FearPotion"}],"is_trial":false,"path_per_floor":["M","M","?","?","?","R","E","R","T","M","R","E","$","M","R","B",null,"M","M","?","M","?","R","M","M","T","R","?","R","$","E","R","B",null,"M","$","?","M","?","E"],"character_chosen":"DEFECT","items_purchased":["Loop","Bag of Preparation","Loop"],"campfire_rested":3,"item_purchase_floors":[13,13,36],"current_hp_per_floor":[64,64,43,43,43,43,43,43,43,43,43,16,16,8,8,23,59,43,28,28,13,13,49,51,24,24,24,24,60,60,16,52,68,70,71,71,71,71,71,0],"gold":0,"neow_bonus":"THREE_ENEMY_KILL","is_prod":false,"is_daily":false,"chose_seed":false,"campfire_upgraded":5,"win_rate":0,"timestamp":1550304596,"path_taken":["M","M","?","?","?","R","E","R","T","M","R","E","$","M","R","BOSS","M","?","?","M","?","R","M","?","T","R","?","R","?","E","R","BOSS","M","$","?","M","?","E"],"build_version":"2019-01-23","purchased_purges":2,"victory":false,"max_hp_per_floor":[71,71,71,71,71,71,71,71,71,71,71,71,71,71,71,71,71,71,71,71,71,71,71,71,71,71,71,71,71,71,71,71,71,71,71,71,71,71,71,71],"card_choices":[{"not_picked":["Steam Power","Static Discharge"],"picked":"Streamline","floor":1.0},{"not_picked":["Steam","Compile Driver","Storm"],"picked":"SKIP","floor":2.0},{"not_picked":["Fusion","Heatsinks","Steam"],"picked":"SKIP","floor":7.0},{"not_picked":["Gash","Cold Snap","Leap"],"picked":"SKIP","floor":10.0},{"not_picked":["Double Energy","Skim"],"picked":"Darkness","floor":12.0},{"not_picked":["Rebound","Sweeping Beam"],"picked":"Undo","floor":14.0},{"not_picked":["Hyperbeam","Thunder Strike"],"picked":"Seek","floor":16.0},{"not_picked":["Leap","Compile Driver"],"picked":"Self Repair","floor":18.0},{"not_picked":["Self Repair","Stack","Sweeping Beam+1"],"picked":"SKIP","floor":19.0},{"not_picked":["Force Field","Go for the Eyes","Rip and Tear"],"picked":"SKIP","floor":21.0},{"not_picked":["Doom and Gloom","Go for the Eyes"],"picked":"BootSequence","floor":24.0},{"not_picked":["Rebound","Sunder+1","Stack+1"],"picked":"SKIP","floor":25.0},{"not_picked":["Rip and Tear","Steam Power+1","Sunder"],"picked":"SKIP","floor":31.0},{"not_picked":["Undo+1","Streamline","Compile Driver"],"picked":"SKIP","floor":35.0},{"not_picked":["Stack","Conserve Battery","Blizzard"],"picked":"SKIP","floor":38.0}],"player_experience":785644,"relics_obtained":[{"floor":7.0,"key":"MawBank"},{"floor":9.0,"key":"Regal Pillow"},{"floor":12.0,"key":"Pantograph"},{"floor":26.0,"key":"Torii"},{"floor":31.0,"key":"Lantern"}],"event_choices":[{"damage_healed":0.0,"max_hp_gain":0.0,"max_hp_loss":0.0,"gold_gain":0.0,"event_name":"Shining Light","player_choice":"Entered Light","floor":3.0,"gold_loss":0.0,"damage_taken":21.0,"cards_upgraded":["Defend_B","Defend_B"]},{"damage_healed":0.0,"max_hp_gain":0.0,"max_hp_loss":0.0,"gold_gain":0.0,"cards_transformed":["Strike_B"],"event_name":"Living Wall","player_choice":"Change","floor":4.0,"gold_loss":0.0,"damage_taken":0.0,"cards_obtained":["Redo"]},{"damage_healed":0.0,"max_hp_gain":0.0,"max_hp_loss":0.0,"gold_gain":50.0,"event_name":"Golden Shrine","player_choice":"Pray","floor":5.0,"gold_loss":0.0,"damage_taken":0.0},{"cards_removed":["Strike_B"],"damage_healed":0.0,"max_hp_gain":0.0,"max_hp_loss":0.0,"gold_gain":0.0,"event_name":"Back to Basics","player_choice":"Elegance","floor":20.0,"gold_loss":0.0,"damage_taken":0.0},{"damage_healed":0.0,"max_hp_gain":0.0,"max_hp_loss":0.0,"gold_gain":0.0,"event_name":"Addict","player_choice":"Obtained Relic","floor":22.0,"gold_loss":85.0,"damage_taken":0.0,"relics_obtained":["Kunai"]},{"cards_removed":["Strike_B"],"damage_healed":0.0,"max_hp_gain":0.0,"max_hp_loss":0.0,"gold_gain":0.0,"event_name":"Beggar","player_choice":"Gave Gold","floor":28.0,"gold_loss":75.0,"damage_taken":0.0},{"damage_healed":0.0,"max_hp_gain":0.0,"max_hp_loss":0.0,"gold_gain":0.0,"event_name":"Mysterious Sphere","player_choice":"Ignored","floor":37.0,"gold_loss":0.0,"damage_taken":0.0},{"damage_healed":0.0,"max_hp_gain":0.0,"max_hp_loss":0.0,"gold_gain":0.0,"event_name":"Tomb of Lord Red Mask","player_choice":"Paid","floor":39.0,"gold_loss":11.0,"damage_taken":0.0,"relics_obtained":["Red Mask"]}],"is_beta":false,"boss_relics":[{"not_picked":["Orrery","Philosopher\u0027s Stone"],"picked":"Runic Dome"},{"not_picked":["Eternal Feather","White Beast Statue"],"picked":"Runic Pyramid"}],"items_purged_floors":[13,36],"is_endless":false,"potions_floor_spawned":[1,2,12,19,24],"killed_by":"Reptomancer","ascension_level":20}