{"gold_per_floor":[118,118,132,142,154,154,169,169,169,169,186,186,198,216,216,320,320,340,42,53,53,73,73,87,87,87,119,119,137,137,156,156,253,253,272,272,372,372,372,384,384,384,384,384,395,395,395,80,80,80],"floor_reached":51,"playtime":1361,"items_purged":["Searing Blow"],"score":709,"play_id":"07cf266d-c74a-4b52-bfcd-7aa5c7bcb074","local_time":"20190804130047","is_ascension_mode":false,"campfire_choices":[{"data":"Rampage","floor":6,"key":"SMITH"},{"data":"Battle Trance","floor":8,"key":"SMITH"},{"data":"Second Wind","floor":10,"key":"SMITH"},{"data":"Fiend Fire","floor":12,"key":"SMITH"},{"data":"Bash","floor":15,"key":"SMITH"},{"data":"Trip","floor":23,"key":"SMITH"},{"data":"Fiend Fire","floor":25,"key":"SMITH"},{"data":"Buffer","floor":30,"key":"SMITH"},{"data":"Dropkick","floor":32,"key":"SMITH"},{"data":"Wild Strike","floor":42,"key":"PURGE"},{"data":"Sword Boomerang","floor":46,"key":"PURGE"},{"data":"Enlightenment","floor":49,"key":"SMITH"}],"neow_cost":"PERCENT_DAMAGE","seed_source_timestamp":4949265480007,"circlet_count":0,"master_deck":["Bash+1","Second Wind+1","Armaments","Dropkick+1","Rampage+1","Battle Trance+1","Fiend Fire+1","Fiend Fire+1","Intimidate","Dropkick","Trip+1","Hologram+1","Meteor Strike","Buffer+1","Secret Technique","Doubt","Flash of Steel+1","Deep Breath","Finesse","Violence","Backflip","Enlightenment+1"],"special_seed":0,"relics":["Burning Blood","Sundial","Pandora\u0027s Box","PrismaticShard","Blood Vial","Omamori","Calling Bell","Juzu Bracelet","Mercury Hourglass","Peace Pipe","Self Forming Clay","Letter Opener","Centennial Puzzle"],"potions_floor_usage":[18,18,24,50,50,50],"damage_taken":[{"damage":9.0,"enemies":"2 Louse","floor":1.0,"turns":3.0},{"damage":4,"enemies":"Cultist","floor":3,"turns":4},{"damage":6,"enemies":"Jaw Worm","floor":4,"turns":3},{"damage":13,"enemies":"Gremlin Gang","floor":5,"turns":6},{"damage":9,"enemies":"3 Louse","floor":7,"turns":4},{"damage":0,"enemies":"Looter","floor":11,"turns":3},{"damage":10,"enemies":"Exordium Wildlife","floor":13,"turns":4},{"damage":17,"enemies":"Exordium Thugs","floor":14,"turns":4},{"damage":16,"enemies":"Slime Boss","floor":16,"turns":6},{"damage":5,"enemies":"2 Thieves","floor":18,"turns":2},{"damage":0,"enemies":"Spheric Guardian","floor":20,"turns":2},{"damage":8,"enemies":"Snecko","floor":22,"turns":3},{"damage":8,"enemies":"Centurion and Healer","floor":24,"turns":4},{"damage":18,"enemies":"Gremlin Leader","floor":27,"turns":3},{"damage":21,"enemies":"Snake Plant","floor":29,"turns":2},{"damage":10,"enemies":"Cultist and Chosen","floor":31,"turns":3},{"damage":25,"enemies":"Champ","floor":33,"turns":7},{"damage":13,"enemies":"3 Darklings","floor":35,"turns":4},{"damage":0,"enemies":"Orb Walker","floor":40,"turns":1},{"damage":25,"enemies":"Writhing Mass","floor":45,"turns":4},{"damage":0,"enemies":"Awakened One","floor":50,"turns":4}],"seed_played":"3070509537951667668","potions_obtained":[{"floor":3,"key":"FairyPotion"},{"floor":4,"key":"Energy Potion"},{"floor":7,"key":"Strength Potion"},{"floor":13,"key":"AttackPotion"},{"floor":18,"key":"Regen Potion"},{"floor":20,"key":"SteroidPotion"},{"floor":33,"key":"Strength Potion"},{"floor":35,"key":"FearPotion"}],"is_trial":false,"path_per_floor":["M","?","M","M","M","R","M","R","T","R","M","R","M","M","R","B",null,"M","$","M","?","M","R","M","R","T","E","?","M","R","M","R","B",null,"M","?","?","?","?","M","?","R","T","?","M","R","?","$","R","B",null],"character_chosen":"IRONCLAD","items_purchased":["PrismaticShard","Trip","Enlightenment","Centennial Puzzle"],"campfire_rested":0,"item_purchase_floors":[19,19,48,48],"current_hp_per_floor":[53,53,55,55,48,48,45,45,45,45,51,51,47,36,36,26,80,80,80,80,80,78,78,76,76,76,66,66,53,53,51,51,34,80,73,63,63,63,63,71,71,71,71,71,54,54,54,54,54,62],"gold":80,"neow_bonus":"TRANSFORM_TWO_CARDS","is_prod":false,"is_daily":false,"chose_seed":false,"campfire_upgraded":10,"win_rate":0,"timestamp":1564894847,"path_taken":["M","?","?","M","M","R","M","R","T","R","M","R","M","M","R","BOSS","M","$","M","?","?","R","?","R","T","E","?","M","R","M","R","BOSS","M","?","?","?","?","M","?","R","T","?","M","R","?","$","R","BOSS"],"build_version":"2019-07-17","purchased_purges":1,"victory":true,"max_hp_per_floor":[80,80,80,80,80,80,80,80,80,80,80,80,80,80,80,80,80,80,80,80,80,80,80,80,80,80,80,80,80,80,80,80,80,80,80,80,80,80,80,80,80,80,80,76,76,76,76,76,76,76],"card_choices":[{"not_picked":["Pommel Strike","Anger"],"picked":"Armaments","floor":1.0},{"not_picked":["Flex","Warcry"],"picked":"Rampage","floor":3},{"not_picked":["Warcry","Heavy Blade","Body Slam"],"picked":"SKIP","floor":4},{"not_picked":["Fire Breathing","Warcry","Clothesline"],"picked":"SKIP","floor":5},{"not_picked":["Iron Wave","Warcry"],"picked":"Battle Trance","floor":7},{"not_picked":["Flame Barrier","Iron Wave"],"picked":"Fiend Fire","floor":11},{"not_picked":["Uppercut","Perfected Strike","Thunderclap"],"picked":"SKIP","floor":13},{"not_picked":["Inflame","Perfected Strike","Clash"],"picked":"SKIP","floor":14},{"not_picked":["Twin Strike","Heavy Blade","Armaments"],"picked":"SKIP","floor":18},{"not_picked":["Pommel Strike+1","True Grit+1"],"picked":"Hologram","floor":20},{"not_picked":["True Grit","Accuracy+1"],"picked":"Meteor Strike","floor":22},{"not_picked":["Backstab","Bouncing Flask","Deflect+1"],"picked":"SKIP","floor":24},{"not_picked":["Swift Strike","Iron Wave+1"],"picked":"Buffer","floor":27},{"not_picked":["Rebound+1","Scrape","Sweeping Beam"],"picked":"SKIP","floor":29},{"not_picked":["Aggregate+1","Sweeping Beam","Dagger Throw"],"picked":"SKIP","floor":31},{"not_picked":["Demon Form","Bludgeon"],"picked":"Secret Technique","floor":33},{"not_picked":["Panacea","Blood for Blood"],"picked":"Flash of Steel+1","floor":35},{"not_picked":["Trip","HandOfGreed"],"picked":"Deep Breath","floor":36},{"not_picked":["PanicButton","Thinking Ahead"],"picked":"Finesse","floor":36},{"not_picked":["Trip","Purity"],"picked":"Violence","floor":36},{"not_picked":["Beam Cell","Steam+1","Armaments"],"picked":"SKIP","floor":40},{"not_picked":["Quick Slash+1","Ball Lightning"],"picked":"Backflip","floor":45}],"player_experience":5867393,"relics_obtained":[{"floor":9,"key":"Sundial"},{"floor":26,"key":"Blood Vial"},{"floor":27,"key":"Omamori"},{"floor":34,"key":"Juzu Bracelet"},{"floor":34,"key":"Mercury Hourglass"},{"floor":34,"key":"Peace Pipe"},{"floor":43,"key":"Letter Opener"}],"event_choices":[{"damage_healed":0,"gold_gain":0,"cards_transformed":["Strike_R"],"player_choice":"Transformed","damage_taken":0,"max_hp_gain":0,"max_hp_loss":0,"event_name":"Transmorgrifier","floor":2,"gold_loss":0,"cards_obtained":["Dropkick"]},{"damage_healed":0,"gold_gain":0,"player_choice":"Upgraded","damage_taken":0,"max_hp_gain":0,"max_hp_loss":0,"event_name":"Upgrade Shrine","floor":21,"gold_loss":0,"cards_upgraded":["Hologram"]},{"damage_healed":0,"gold_gain":0,"player_choice":"Read","damage_taken":0,"max_hp_gain":0,"max_hp_loss":0,"event_name":"The Library","floor":28,"gold_loss":0,"cards_obtained":["Evolve"]},{"damage_healed":0,"gold_gain":0,"player_choice":"Memory 3","damage_taken":10,"max_hp_gain":0,"max_hp_loss":0,"event_name":"SensoryStone","floor":36,"gold_loss":0},{"damage_healed":0,"gold_gain":100,"player_choice":"Pray","damage_taken":0,"max_hp_gain":0,"max_hp_loss":0,"event_name":"Golden Shrine","floor":37,"gold_loss":0},{"damage_healed":0,"gold_gain":0,"player_choice":"Ignored","damage_taken":0,"max_hp_gain":0,"max_hp_loss":0,"event_name":"Tomb of Lord Red Mask","floor":38,"gold_loss":0},{"damage_healed":0,"gold_gain":0,"player_choice":"Ignored","damage_taken":0,"max_hp_gain":0,"max_hp_loss":0,"event_name":"Mysterious Sphere","floor":39,"gold_loss":0},{"cards_removed":["Whirlwind"],"damage_healed":0,"gold_gain":0,"player_choice":"Gave Card","damage_taken":0,"relics_obtained":["Self Forming Clay"],"max_hp_gain":0,"max_hp_loss":0,"event_name":"WeMeetAgain","floor":41,"gold_loss":0},{"damage_healed":0,"gold_gain":0,"player_choice":"Max HP","damage_taken":0,"max_hp_gain":0,"max_hp_loss":4,"event_name":"Winding Halls","floor":44,"gold_loss":0},{"cards_removed":["Evolve"],"damage_healed":0,"gold_gain":0,"player_choice":"Removed Power","damage_taken":0,"max_hp_gain":0,"max_hp_loss":0,"event_name":"Falling","floor":47,"gold_loss":0}],"is_beta":false,"boss_relics":[{"not_picked":["Snecko Eye","Runic Cube"],"picked":"Pandora\u0027s Box"},{"not_picked":["Runic Dome","White Beast Statue"],"picked":"Calling Bell"}],"items_purged_floors":[48],"is_endless":false,"potions_floor_spawned":[3,4,7,13,18,20,33,35,40,45],"ascension_level":0}