{"gold_per_floor":[117,42,42,13,13,13,41,41,41,57,57,76,95,6,6,6],"floor_reached":16,"playtime":293,"items_purged":[],"score":196,"play_id":"4cf80856-ae7d-4336-98e4-adb502ace7f5","local_time":"20190318000231","is_ascension_mode":true,"campfire_choices":[{"data":"Zap","floor":6,"key":"SMITH"},{"floor":8,"key":"REST"},{"data":"Consume","floor":11,"key":"SMITH"},{"data":"Coolheaded","floor":15,"key":"SMITH"}],"neow_cost":"NONE","seed_source_timestamp":1315004345671795,"circlet_count":0,"master_deck":["AscendersBane","Strike_B","Strike_B","Defend_B","Defend_B","Defend_B","Defend_B","Zap+1","Dualcast","Ball Lightning","Coolheaded+1","Consume+1","Coolheaded","Double Energy","Loop"],"relics":["Sozu","Vajra"],"potions_floor_usage":[],"damage_taken":[{"damage":18,"enemies":"Small Slimes","floor":1,"turns":4},{"damage":38,"enemies":"Gremlin Nob","floor":7,"turns":4},{"damage":2,"enemies":"2 Louse","floor":10,"turns":3},{"damage":2,"enemies":"Jaw Worm","floor":12,"turns":3},{"damage":0,"enemies":"3 Louse","floor":13,"turns":3},{"damage":25,"enemies":"Hexaghost","floor":16,"turns":10}],"seed_played":"3894798302977841353","potions_obtained":[],"is_trial":false,"path_per_floor":["M","?","?","$","?","R","E","R","T","M","R","M","M","$","R","B"],"character_chosen":"DEFECT","items_purchased":["Coolheaded","Loop"],"campfire_rested":1,"item_purchase_floors":[4,14],"current_hp_per_floor":[46,46,39,39,39,39,1,22,22,20,20,18,18,18,18,0],"gold":6,"neow_bonus":"BOSS_RELIC","is_prod":false,"is_daily":false,"chose_seed":false,"campfire_upgraded":3,"win_rate":0,"timestamp":1552838551,"path_taken":["M","?","?","?","?","R","E","R","T","M","R","?","M","$","R","BOSS"],"build_version":"2019-01-23","purchased_purges":0,"victory":false,"max_hp_per_floor":[71,71,71,71,71,71,71,71,71,71,71,71,71,71,71,71],"card_choices":[{"not_picked":["Aggregate","Steam Power"],"picked":"Ball Lightning","floor":1},{"not_picked":["Lockon","White Noise"],"picked":"Consume","floor":7},{"not_picked":["Ball Lightning","Melter"],"picked":"Coolheaded","floor":10},{"not_picked":["Undo","Coolheaded"],"picked":"Double Energy","floor":12},{"not_picked":["Static Discharge","Redo","Auto Shields"],"picked":"SKIP","floor":13}],"player_experience":1212246,"relics_obtained":[{"floor":7,"key":"Vajra"}],"event_choices":[{"cards_removed":["Strike_B"],"damage_healed":0,"gold_gain":0,"player_choice":"Card Removal","damage_taken":0,"max_hp_gain":0,"max_hp_loss":0,"event_name":"The Cleric","floor":2,"gold_loss":75},{"cards_removed":["Strike_B"],"damage_healed":0,"gold_gain":0,"player_choice":"Card Removal","damage_taken":7,"max_hp_gain":0,"max_hp_loss":0,"event_name":"Golden Wing","floor":3,"gold_loss":0},{"damage_healed":0,"gold_gain":0,"player_choice":"Got Potions","damage_taken":0,"max_hp_gain":0,"max_hp_loss":0,"event_name":"Lab","floor":5,"gold_loss":0}],"is_beta":false,"boss_relics":[],"items_purged_floors":[],"is_endless":false,"potions_floor_spawned":[1,12],"killed_by":"Hexaghost","ascension_level":20}