{"gold_per_floor":[116,130,50,50,65,65,97,97,122,122,133,133],"floor_reached":12,"playtime":384,"items_purged":[],"score":156,"play_id":"140b9929-b701-4041-b0fb-2245ff0bf8dc","local_time":"20190416011449","is_ascension_mode":true,"campfire_choices":[{"data":"Cloak And Dagger","floor":6.0,"key":"SMITH"},{"data":"Well Laid Plans","floor":8.0,"key":"SMITH"}],"neow_cost":"TEN_PERCENT_HP_LOSS","seed_source_timestamp":50104878587686,"circlet_count":0,"master_deck":["AscendersBane","Defend_G","Defend_G","Defend_G","Defend_G","Defend_G","Strike_G","Strike_G","Strike_G","Strike_G","Strike_G","Survivor","Neutralize","Envenom","Cloak And Dagger+1","Bane","Infinite Blades","Well Laid Plans+1","Wraith Form v2","Parasite","Infinite Blades"],"special_seed":0,"relics":["Ring of the Snake","Boot","Art of War"],"potions_floor_usage":[12],"damage_taken":[{"damage":2.0,"enemies":"2 Louse","floor":1.0,"turns":5.0},{"damage":1.0,"enemies":"Jaw Worm","floor":2.0,"turns":5.0},{"damage":4.0,"enemies":"Small Slimes","floor":5.0,"turns":4.0},{"damage":30.0,"enemies":"Gremlin Nob","floor":7.0,"turns":4.0},{"damage":17.0,"enemies":"Exordium Wildlife","floor":11.0,"turns":5.0},{"damage":19,"enemies":"3 Sentries","floor":12,"turns":7}],"seed_played":"6370238047830962461","potions_obtained":[{"floor":7.0,"key":"Poison Potion"},{"floor":11.0,"key":"Fire Potion"}],"is_trial":false,"path_per_floor":["M","M","$","?","M","R","E","R","T","?","M","E"],"character_chosen":"THE_SILENT","items_purchased":["Infinite Blades"],"campfire_rested":0,"item_purchase_floors":[3],"current_hp_per_floor":[57,56,56,56,52,52,22,22,22,37,20,1],"gold":133,"neow_bonus":"THREE_RARE_CARDS","is_prod":false,"is_daily":false,"chose_seed":false,"campfire_upgraded":2,"win_rate":0,"timestamp":1555348489,"path_taken":["M","M","$","?","M","R","E","R","T","?","M","E"],"build_version":"2019-01-23","purchased_purges":0,"victory":false,"max_hp_per_floor":[60,60,60,60,60,60,60,60,60,60,60,60],"card_choices":[{"not_picked":["Unload","Bullet Time"],"picked":"Envenom","floor":0.0},{"not_picked":["Bane","Backflip"],"picked":"Cloak And Dagger","floor":1.0},{"not_picked":["Concentrate","Dagger Spray"],"picked":"Bane","floor":2.0},{"not_picked":["Caltrops","Skewer"],"picked":"Well Laid Plans","floor":5.0},{"not_picked":["Masterful Stab","All Out Attack"],"picked":"Wraith Form v2","floor":7.0},{"not_picked":["Prepared","Deflect"],"picked":"Infinite Blades","floor":11.0}],"player_experience":4305872,"relics_obtained":[{"floor":7.0,"key":"Boot"},{"floor":9.0,"key":"Art of War"}],"event_choices":[{"damage_healed":0.0,"max_hp_gain":0.0,"max_hp_loss":0.0,"gold_gain":0.0,"event_name":"Scrap Ooze","player_choice":"Fled","floor":4.0,"gold_loss":0.0,"damage_taken":0.0},{"damage_healed":15.0,"max_hp_gain":0.0,"max_hp_loss":0.0,"gold_gain":0.0,"event_name":"Mushrooms","player_choice":"Healed and dodged fight","floor":10.0,"gold_loss":0.0,"damage_taken":0.0,"cards_obtained":["Parasite"]}],"is_beta":false,"boss_relics":[],"items_purged_floors":[],"is_endless":false,"potions_floor_spawned":[7,11],"killed_by":"3 Sentries","ascension_level":20}