{"gold_per_floor":[112,127,127,177,196,196,225,225,249,264,277,277,296,145,145,145],"floor_reached":16,"playtime":549,"items_purged":["Strike_G"],"score":204,"play_id":"923fc45f-7483-4d90-98bd-f31879dddfcf","local_time":"20190210231022","is_ascension_mode":true,"campfire_choices":[{"data":"Masterful Stab","floor":6,"key":"SMITH"},{"data":"Neutralize","floor":8,"key":"SMITH"},{"data":"Expertise","floor":12,"key":"SMITH"},{"data":"Masterful Stab","floor":15,"key":"SMITH"}],"neow_cost":"TEN_PERCENT_HP_LOSS","seed_source_timestamp":52305445907203,"circlet_count":0,"master_deck":["AscendersBane","Defend_G","Defend_G","Defend_G","Defend_G","Defend_G","Strike_G","Strike_G","Strike_G","Strike_G","Survivor","Neutralize+1","Masterful Stab+1","Escape Plan","Expertise+1","Masterful Stab+1","Concentrate"],"relics":["Ring of the Snake","StoneCalendar","Ancient Tea Set"],"potions_floor_usage":[7,16],"damage_taken":[{"damage":4,"enemies":"Jaw Worm","floor":1,"turns":7},{"damage":0,"enemies":"Cultist","floor":2,"turns":4},{"damage":0,"enemies":"Small Slimes","floor":5,"turns":4},{"damage":10,"enemies":"Lagavulin","floor":7,"turns":7},{"damage":7,"enemies":"Exordium Thugs","floor":10,"turns":7},{"damage":0,"enemies":"2 Fungi Beasts","floor":11,"turns":4},{"damage":0,"enemies":"Looter","floor":13,"turns":2},{"damage":8,"enemies":"The Guardian","floor":16,"turns":9}],"seed_played":"2854028741393510632","potions_obtained":[{"floor":1,"key":"GhostInAJar"},{"floor":2,"key":"AttackPotion"},{"floor":13,"key":"Weak Potion"}],"is_trial":false,"path_per_floor":["M","M","?","?","M","R","E","R","T","M","M","R","M","$","R","B"],"character_chosen":"THE_SILENT","items_purchased":["Concentrate"],"campfire_rested":0,"item_purchase_floors":[14],"current_hp_per_floor":[55,55,60,60,60,60,50,50,50,43,43,43,43,43,43,35],"gold":145,"neow_bonus":"ONE_RARE_RELIC","is_prod":false,"is_daily":false,"chose_seed":false,"campfire_upgraded":4,"win_rate":0,"timestamp":1549811422,"path_taken":["M","M","?","?","?","R","E","R","T","M","M","R","M","$","R","BOSS"],"build_version":"2019-01-23","purchased_purges":1,"victory":false,"max_hp_per_floor":[60,60,65,65,65,65,65,65,65,65,65,65,65,65,65,65],"card_choices":[{"not_picked":["Expertise","All Out Attack"],"picked":"Masterful Stab","floor":1},{"not_picked":["Slice","Deadly Poison"],"picked":"Escape Plan","floor":2},{"not_picked":["Dagger Throw","Poisoned Stab","Choke"],"picked":"SKIP","floor":5},{"not_picked":["Infinite Blades","Prepared"],"picked":"Expertise","floor":7},{"not_picked":["Dash","Blade Dance","Slice"],"picked":"SKIP","floor":10},{"not_picked":["Slice","Eviscerate","Flying Knee"],"picked":"SKIP","floor":11},{"not_picked":["Backflip","Poisoned Stab"],"picked":"Masterful Stab","floor":13}],"player_experience":2596266,"relics_obtained":[{"floor":7,"key":"Ancient Tea Set"}],"event_choices":[{"damage_healed":0,"gold_gain":0,"player_choice":"Donut","damage_taken":0,"max_hp_gain":5,"max_hp_loss":0,"event_name":"Big Fish","floor":3,"gold_loss":0},{"damage_healed":0,"gold_gain":50,"player_choice":"Pray","damage_taken":0,"max_hp_gain":0,"max_hp_loss":0,"event_name":"Golden Shrine","floor":4,"gold_loss":0}],"is_beta":false,"boss_relics":[],"items_purged_floors":[14],"is_endless":false,"potions_floor_spawned":[1,2,13],"killed_by":"The Guardian","ascension_level":20}