{"gold_per_floor":[109,34,34,46,46,46,46,78,78,92,110,110,138,138,138,214,214,232,132,132,47,57,57,76,46,46,75,75,93,93,112,112,186,186,199,211,1210,1228,1252,1278,527,877,927,927,23,38,58,91,91,91,91,91,91,45,75,75],"floor_reached":57,"playtime":2461,"items_purged":["Strike_B","Strike_B+1","Defend_B"],"score":3031,"play_id":"ba3a7091-d121-4547-8b29-2aa8962ef95b","local_time":"20190723164013","is_ascension_mode":true,"campfire_choices":[{"data":"Chaos","floor":6.0,"key":"SMITH"},{"data":"Darkness","floor":12.0,"key":"SMITH"},{"data":"Zap","floor":15.0,"key":"SMITH"},{"data":"Defragment","floor":23.0,"key":"SMITH"},{"data":"Turbo","floor":28.0,"key":"SMITH"},{"data":"Skim","floor":30.0,"key":"SMITH"},{"data":"Skim","floor":32.0,"key":"SMITH"},{"data":"Seek","floor":44.0,"key":"SMITH"},{"floor":49.0,"key":"RECALL"},{"data":"Double Energy","floor":53,"key":"SMITH"}],"neow_cost":"NONE","seed_source_timestamp":395405789404800,"circlet_count":0,"master_deck":["AscendersBane","Defend_B","Defend_B","Zap+1","Dualcast","Cold Snap","Darkness+1","Skim+1","Turbo+1","Electrodynamics","Defragment+1","Skim+1","Double Energy+1","Meteor Strike","Machine Learning+1","Compile Driver+1","Chaos+1","Hologram","Glacier","Seek+1","Loop+1","Heatsinks+1","Defragment+1","Biased Cognition+1","Coolheaded+1","Buffer+1","Turbo+1"],"special_seed":0,"relics":["Cracked Core","NeowsBlessing","Vajra","Potion Belt","Whetstone","Odd Mushroom","Runic Dome","The Courier","Omamori","Meat on the Bone","Astrolabe","Art of War","Ginger","Bottled Lightning","Toxic Egg 2","Lantern","Old Coin","Frozen Egg 2","OrangePellets","Bottled Tornado","Bag of Marbles","Mummified Hand"],"potions_floor_usage":[56,56,56],"damage_taken":[{"damage":0.0,"enemies":"2 Louse","floor":1.0,"turns":1.0},{"damage":0.0,"enemies":"Jaw Worm","floor":4.0,"turns":1.0},{"damage":0.0,"enemies":"Gremlin Nob","floor":8.0,"turns":1.0},{"damage":8.0,"enemies":"Small Slimes","floor":10.0,"turns":3.0},{"damage":9.0,"enemies":"2 Fungi Beasts","floor":11.0,"turns":4.0},{"damage":7.0,"enemies":"The Mushroom Lair","floor":13.0,"turns":4.0},{"damage":19.0,"enemies":"The Guardian","floor":16.0,"turns":10.0},{"damage":1.0,"enemies":"Spheric Guardian","floor":18.0,"turns":3.0},{"damage":0.0,"enemies":"Chosen","floor":22.0,"turns":2.0},{"damage":19.0,"enemies":"Shelled Parasite and Fungi","floor":24.0,"turns":3.0},{"damage":14.0,"enemies":"Gremlin Leader","floor":27.0,"turns":4.0},{"damage":14.0,"enemies":"Snake Plant","floor":29.0,"turns":3.0},{"damage":0.0,"enemies":"Centurion and Healer","floor":31.0,"turns":2.0},{"damage":0.0,"enemies":"Automaton","floor":33.0,"turns":6.0},{"damage":0.0,"enemies":"Orb Walker","floor":35.0,"turns":3.0},{"damage":7.0,"enemies":"3 Darklings","floor":36.0,"turns":2.0},{"damage":7.0,"enemies":"Jaw Worm Horde","floor":38.0,"turns":2.0},{"damage":17.0,"enemies":"Reptomancer","floor":40.0,"turns":3.0},{"damage":13.0,"enemies":"2 Orb Walkers","floor":42.0,"turns":4.0},{"damage":0.0,"enemies":"4 Shapes","floor":46.0,"turns":1.0},{"damage":17.0,"enemies":"Maw","floor":47.0,"turns":4.0},{"damage":0.0,"enemies":"Nemesis","floor":48.0,"turns":5.0},{"damage":8,"enemies":"Awakened One","floor":50,"turns":4},{"damage":0,"enemies":"Time Eater","floor":51,"turns":11},{"damage":0,"enemies":"Shield and Spear","floor":55,"turns":3},{"damage":16,"enemies":"The Heart","floor":56,"turns":8}],"seed_played":"-4693232123065221494","potions_obtained":[{"floor":4.0,"key":"Fire Potion"},{"floor":11.0,"key":"Fire Potion"},{"floor":16.0,"key":"GamblersBrew"},{"floor":22.0,"key":"Explosive Potion"},{"floor":25.0,"key":"Weak Potion"},{"floor":25.0,"key":"Strength Potion"},{"floor":27.0,"key":"Swift Potion"},{"floor":29.0,"key":"Swift Potion"},{"floor":31.0,"key":"Swift Potion"},{"floor":35.0,"key":"GamblersBrew"},{"floor":42.0,"key":"SmokeBomb"},{"floor":47.0,"key":"Swift Potion"},{"floor":48.0,"key":"GamblersBrew"}],"is_trial":false,"path_per_floor":["M","$","?","M","?","R","?","E","T","M","M","R","?","?","R","B",null,"M","$","?","?","M","R","M","?","T","E","R","M","R","M","R","B",null,"M","M","?","M","T","E","$","?","T","R","$","M","M","E","R","B","B",null,"R","$","E","B",null],"character_chosen":"DEFECT","items_purchased":["Seek","Bottled Lightning","Toxic Egg 2","Lantern","Frozen Egg 2","OrangePellets","Loop+1","Heatsinks+1","Defragment+1","Biased Cognition+1","Bottled Tornado","Turbo+1"],"campfire_rested":0,"item_purchase_floors":[41,41,41,41,45,45,45,45,45,45,45,54],"current_hp_per_floor":[64,64,46,46,46,46,46,46,46,38,29,29,22,22,22,3,54,53,53,53,53,53,53,34,34,34,20,20,18,18,30,30,42,64,64,57,57,50,50,45,45,44,44,44,44,44,39,39,39,43,43,64,64,64,64,48],"gold":75,"neow_bonus":"THREE_ENEMY_KILL","is_prod":false,"is_daily":false,"chose_seed":false,"campfire_upgraded":9,"win_rate":0,"timestamp":1563871213,"path_taken":["M","$","?","M","?","R","?","E","T","M","M","R","?","?","R","BOSS","M","$","?","?","M","R","M","?","T","E","R","?","R","M","R","BOSS","M","M","?","M","?","E","$","?","T","R","$","M","M","E","R","BOSS","BOSS","R","$","E","BOSS"],"build_version":"2019-07-17","purchased_purges":3,"victory":true,"max_hp_per_floor":[71,71,71,71,71,71,71,71,71,71,71,71,71,71,71,71,71,71,71,71,71,71,71,71,71,71,71,71,71,71,71,71,71,71,71,71,71,71,71,71,71,71,71,71,71,71,71,71,71,71,71,71,71,71,71,71],"card_choices":[{"not_picked":["Loop","Streamline"],"picked":"Cold Snap","floor":1.0},{"not_picked":["Stack","Steam"],"picked":"Chaos","floor":4.0},{"not_picked":["Beam Cell","Stack","Scrape"],"picked":"SKIP","floor":8.0},{"not_picked":["Leap","Chill"],"picked":"Darkness","floor":10.0},{"not_picked":["Chill","Tempest"],"picked":"Skim","floor":11.0},{"not_picked":["Sweeping Beam","Rebound"],"picked":"Turbo","floor":13.0},{"not_picked":["Core Surge","Machine Learning"],"picked":"Electrodynamics","floor":16.0},{"not_picked":["Hologram","Chill"],"picked":"Defragment","floor":18.0},{"not_picked":["Steam","Go for the Eyes"],"picked":"Skim","floor":22.0},{"not_picked":["Barrage","Beam Cell","Conserve Battery"],"picked":"SKIP","floor":24.0},{"not_picked":["Aggregate","Self Repair"],"picked":"Double Energy","floor":27.0},{"not_picked":["Rip and Tear","Ball Lightning"],"picked":"Compile Driver","floor":29.0},{"not_picked":["Go for the Eyes","Melter","Beam Cell"],"picked":"SKIP","floor":31.0},{"not_picked":["Core Surge","Buffer"],"picked":"Meteor Strike","floor":33.0},{"not_picked":["Static Discharge+1","Compile Driver"],"picked":"Hologram","floor":35.0},{"not_picked":["Capacitor+1","Beam Cell","Gash"],"picked":"SKIP","floor":36.0},{"not_picked":["Capacitor+1","Beam Cell","Gash"],"picked":"SKIP","floor":36.0},{"not_picked":["Reinforced Body","Redo","Leap+1"],"picked":"SKIP","floor":38.0},{"not_picked":["Hologram+1","Force Field+1"],"picked":"Glacier","floor":40.0},{"not_picked":["Hello World+1","Reprogram+1"],"picked":"Coolheaded+1","floor":46.0},{"not_picked":["Hologram+1","Go for the Eyes"],"picked":"Buffer+1","floor":47.0},{"not_picked":["Reprogram+1","Doom and Gloom","Gash"],"picked":"SKIP","floor":48.0},{"not_picked":["Stack+1","Ball Lightning","Meteor Strike"],"picked":"SKIP","floor":55}],"player_experience":673974,"relics_obtained":[{"floor":8.0,"key":"Potion Belt"},{"floor":9.0,"key":"Whetstone"},{"floor":13.0,"key":"Odd Mushroom"},{"floor":26.0,"key":"Omamori"},{"floor":27.0,"key":"Meat on the Bone"},{"floor":39.0,"key":"Art of War"},{"floor":40.0,"key":"Ginger"},{"floor":42.0,"key":"Old Coin"},{"floor":48.0,"key":"Bag of Marbles"},{"floor":55,"key":"Mummified Hand"}],"event_choices":[{"damage_healed":0.0,"max_hp_gain":0.0,"max_hp_loss":0.0,"gold_gain":0.0,"event_name":"Scrap Ooze","player_choice":"Success","floor":3.0,"gold_loss":0.0,"damage_taken":18.0,"relics_obtained":["Vajra"]},{"damage_healed":0.0,"max_hp_gain":0.0,"max_hp_loss":0.0,"gold_gain":0.0,"event_name":"Liars Game","player_choice":"Ignored","floor":5.0,"gold_loss":0.0,"damage_taken":0.0},{"damage_healed":0.0,"max_hp_gain":0.0,"max_hp_loss":0.0,"gold_gain":0.0,"event_name":"The Cleric","player_choice":"Leave","floor":7.0,"gold_loss":0.0,"damage_taken":0.0},{"damage_healed":0.0,"max_hp_gain":0.0,"max_hp_loss":0.0,"gold_gain":0.0,"event_name":"Mushrooms","player_choice":"Fought Mushrooms","floor":13.0,"gold_loss":0.0,"damage_taken":0.0},{"cards_removed":["Strike_B"],"damage_healed":0.0,"max_hp_gain":0.0,"max_hp_loss":0.0,"gold_gain":0.0,"event_name":"Bonfire Elementals","player_choice":"Offered Basic","floor":14.0,"gold_loss":0.0,"damage_taken":0.0},{"cards_removed":["Strike_B"],"damage_healed":0.0,"max_hp_gain":0.0,"max_hp_loss":0.0,"gold_gain":0.0,"event_name":"Back to Basics","player_choice":"Elegance","floor":20.0,"gold_loss":0.0,"damage_taken":0.0},{"damage_healed":0.0,"max_hp_gain":0.0,"max_hp_loss":0.0,"gold_gain":0.0,"event_name":"Addict","player_choice":"Obtained Relic","floor":21.0,"gold_loss":85.0,"damage_taken":0.0,"relics_obtained":["The Courier"]},{"damage_healed":0.0,"max_hp_gain":0.0,"max_hp_loss":0.0,"gold_gain":0.0,"event_name":"The Woman in Blue","player_choice":"Bought 2 Potions","floor":25.0,"gold_loss":0.0,"damage_taken":0.0},{"damage_healed":0.0,"max_hp_gain":0.0,"max_hp_loss":0.0,"gold_gain":999.0,"event_name":"MindBloom","player_choice":"Gold","floor":37.0,"gold_loss":0.0,"damage_taken":0.0,"cards_obtained":["Normality","Normality"]},{"damage_healed":0.0,"max_hp_gain":0.0,"max_hp_loss":0.0,"gold_gain":0.0,"event_name":"Mysterious Sphere","player_choice":"Fight","floor":42.0,"gold_loss":0.0,"damage_taken":0.0}],"is_beta":false,"boss_relics":[{"not_picked":["Lizard Tail","Nuclear Battery"],"picked":"Runic Dome"},{"not_picked":["Pandora\u0027s Box","Fusion Hammer"],"picked":"Astrolabe"}],"items_purged_floors":[2,19,41],"is_endless":false,"potions_floor_spawned":[4,11,16,22,27,29,31,35,42,47,48],"ascension_level":20}