{"gold_per_floor":[363,363,363,380,70,70,82,95,95,95,106,117,117,150,150,150],"floor_reached":16,"playtime":1048,"items_purged":[],"score":204,"play_id":"5613cda9-9a3c-4f2c-8418-8954bb30ce24","local_time":"20190513142439","is_ascension_mode":true,"campfire_choices":[{"data":"Coolheaded","floor":6.0,"key":"SMITH"},{"data":"Doom and Gloom","floor":10.0,"key":"SMITH"},{"floor":13.0,"key":"REST"},{"data":"Impatience","floor":15.0,"key":"SMITH"}],"neow_cost":"PERCENT_DAMAGE","seed_source_timestamp":11377984326850,"circlet_count":0,"master_deck":["AscendersBane","Strike_B+1","Strike_B","Strike_B","Defend_B","Defend_B","Defend_B","Defend_B","Zap+1","Dualcast","Coolheaded+1","Ball Lightning","Recycle","Doom and Gloom+1","Turbo","Impatience+1","Crippling Poison"],"special_seed":0,"relics":["Cracked Core","PrismaticShard","Matryoshka"],"potions_floor_usage":[],"damage_taken":[{"damage":0.0,"enemies":"2 Louse","floor":1.0,"turns":3.0},{"damage":0.0,"enemies":"Cultist","floor":4.0,"turns":3.0},{"damage":0.0,"enemies":"Small Slimes","floor":7.0,"turns":4.0},{"damage":4.0,"enemies":"Red Slaver","floor":8.0,"turns":3.0},{"damage":12.0,"enemies":"Gremlin Gang","floor":11.0,"turns":5.0},{"damage":0.0,"enemies":"2 Fungi Beasts","floor":12.0,"turns":2.0},{"damage":18.0,"enemies":"Lagavulin","floor":14.0,"turns":6.0},{"damage":12,"enemies":"Hexaghost","floor":16,"turns":8}],"seed_played":"-8629680630010014289","potions_obtained":[{"floor":1.0,"key":"Fire Potion"},{"floor":8.0,"key":"Ancient Potion"},{"floor":11.0,"key":"Poison Potion"}],"is_trial":false,"path_per_floor":["M","?","?","M","$","R","M","M","T","R","M","M","R","E","R","B"],"character_chosen":"DEFECT","items_purchased":["PrismaticShard","Recycle"],"campfire_rested":1,"item_purchase_floors":[5,5],"current_hp_per_floor":[46,25,25,25,25,25,25,21,21,21,9,9,30,12,12,0],"gold":150,"neow_bonus":"TWO_FIFTY_GOLD","is_prod":false,"is_daily":false,"chose_seed":false,"campfire_upgraded":3,"win_rate":0,"timestamp":1557728679,"path_taken":["M","?","?","M","$","R","?","M","T","R","M","M","R","E","R","BOSS"],"build_version":"2019-01-23","purchased_purges":0,"victory":false,"max_hp_per_floor":[71,71,71,71,71,71,71,71,71,71,71,71,71,71,71,71],"card_choices":[{"not_picked":["Tempest","Fusion"],"picked":"Coolheaded","floor":1.0},{"not_picked":["Conserve Battery","Stack"],"picked":"Ball Lightning","floor":4.0},{"not_picked":["Sucker Punch","Iron Wave"],"picked":"Doom and Gloom","floor":7.0},{"not_picked":["Armaments","Skewer"],"picked":"Turbo","floor":8.0},{"not_picked":["Steam","Sweeping Beam","Steam Power"],"picked":"SKIP","floor":11.0},{"not_picked":["Accuracy","Panache"],"picked":"Impatience","floor":12.0},{"not_picked":["Crippling Poison","Compile Driver","Beam Cell"],"picked":"SKIP","floor":14.0},{"not_picked":["Compile Driver","Beam Cell"],"picked":"Crippling Poison","floor":14.0}],"player_experience":4721263,"relics_obtained":[{"floor":14.0,"key":"Matryoshka"}],"event_choices":[{"damage_healed":0.0,"max_hp_gain":0.0,"max_hp_loss":0.0,"gold_gain":0.0,"event_name":"Shining Light","player_choice":"Entered Light","floor":2.0,"gold_loss":0.0,"damage_taken":21.0,"cards_upgraded":["Strike_B","Zap"]},{"cards_removed":["Strike_B"],"damage_healed":0.0,"max_hp_gain":0.0,"max_hp_loss":0.0,"gold_gain":0.0,"event_name":"Bonfire Elementals","player_choice":"Offered Basic","floor":3.0,"gold_loss":0.0,"damage_taken":0.0}],"is_beta":false,"boss_relics":[],"items_purged_floors":[],"is_endless":false,"potions_floor_spawned":[1,8,11],"killed_by":"Hexaghost","ascension_level":20}