{"gold_per_floor":[118,133,133,133,133,133,48,82,82,102,102,102,126,172,184,290,302,329,341,353,375,4,4,4,4],"floor_reached":25,"playtime":646,"items_purged":["Strike_G"],"score":460,"play_id":"36fc1113-c8fe-45bd-b02b-9659d722ba13","local_time":"20181118164502","is_ascension_mode":true,"campfire_choices":[{"data":"Catalyst","floor":6.0,"key":"SMITH"},{"data":"Concentrate","floor":12.0,"key":"SMITH"},{"floor":15.0,"key":"REST"},{"data":"Prepared","floor":23.0,"key":"SMITH"}],"neow_cost":"NONE","seed_source_timestamp":1575850700782630,"circlet_count":0,"master_deck":["AscendersBane","Defend_G+1","Defend_G","Defend_G","Defend_G","Defend_G","Strike_G","Strike_G","Survivor","Neutralize+1","Catalyst+1","Grand Finale","Concentrate+1","Deadly Poison","Malaise","Adrenaline","Prepared+1","Acrobatics","Escape Plan","Finesse"],"special_seed":0,"relics":["Ring of the Snake","NeowsBlessing","Bloody Idol","Pantograph","Ninja Scroll","Blood Vial","MawBank","Anchor","Philosopher\u0027s Stone","Lantern"],"potions_floor_usage":[25],"damage_taken":[{"damage":0.0,"enemies":"2 Louse","floor":1.0,"turns":1.0},{"damage":0.0,"enemies":"Jaw Worm","floor":2.0,"turns":1.0},{"damage":0.0,"enemies":"Gremlin Nob","floor":8.0,"turns":1.0},{"damage":1.0,"enemies":"Small Slimes","floor":10.0,"turns":3.0},{"damage":4.0,"enemies":"Lagavulin","floor":14.0,"turns":6.0},{"damage":30.0,"enemies":"The Guardian","floor":16.0,"turns":12.0},{"damage":0.0,"enemies":"Chosen","floor":18.0,"turns":4.0},{"damage":25.0,"enemies":"3 Byrds","floor":21.0,"turns":7.0},{"damage":23,"enemies":"3 Cultists","floor":25,"turns":5}],"seed_played":"3870487392174740992","potions_obtained":[{"floor":2.0,"key":"Block Potion"},{"floor":8.0,"key":"EssenceOfSteel"},{"floor":16.0,"key":"PowerPotion"},{"floor":18.0,"key":"Explosive Potion"},{"floor":21.0,"key":"EssenceOfSteel"}],"is_trial":false,"path_per_floor":["M","M","?","?","?","R","$","E","T","M","?","R","T","E","R","B",null,"M","?","$","M","$","R","?","M"],"character_chosen":"THE_SILENT","items_purchased":["Grand Finale","Escape Plan","Lantern","Finesse"],"campfire_rested":1,"item_purchase_floors":[7,22,22,22],"current_hp_per_floor":[59,59,59,39,39,39,39,39,39,38,3,3,3,1,19,16,49,51,51,56,40,45,45,45,24],"gold":4,"neow_bonus":"THREE_ENEMY_KILL","is_prod":false,"is_daily":false,"chose_seed":false,"campfire_upgraded":3,"win_rate":0,"timestamp":1542530702,"path_taken":["M","M","?","?","?","R","?","E","T","M","?","R","?","E","R","BOSS","M","?","$","M","$","R","?","?"],"build_version":"2018-11-15","purchased_purges":1,"victory":false,"max_hp_per_floor":[66,66,66,66,60,60,60,60,60,60,60,60,60,60,60,60,60,60,60,60,60,60,60,60,60],"card_choices":[{"not_picked":["Dagger Spray","Quick Slash","Poisoned Stab"],"picked":"SKIP","floor":1.0},{"not_picked":["Choke","Bane"],"picked":"Catalyst","floor":2.0},{"not_picked":["Blade Dance","Dagger Throw"],"picked":"Concentrate","floor":8.0},{"not_picked":["Blade Dance","Dodge and Roll"],"picked":"Deadly Poison","floor":10.0},{"not_picked":["Slice","Sucker Punch"],"picked":"Malaise","floor":14.0},{"not_picked":["Envenom","Phantasmal Killer"],"picked":"Adrenaline","floor":16.0},{"not_picked":["Deadly Poison","Quick Slash"],"picked":"Prepared","floor":18.0},{"not_picked":["Dagger Spray","Sucker Punch"],"picked":"Acrobatics","floor":21.0}],"player_experience":534662,"relics_obtained":[{"floor":8.0,"key":"Pantograph"},{"floor":9.0,"key":"Ninja Scroll"},{"floor":13.0,"key":"MawBank"},{"floor":14.0,"key":"Anchor"}],"event_choices":[{"cards_removed":["Strike_G"],"damage_healed":0.0,"max_hp_gain":0.0,"max_hp_loss":0.0,"gold_gain":0.0,"event_name":"Living Wall","player_choice":"Forget","floor":3.0,"gold_loss":0.0,"damage_taken":0.0},{"damage_healed":0.0,"max_hp_gain":0.0,"max_hp_loss":0.0,"gold_gain":0.0,"event_name":"Shining Light","player_choice":"Entered Light","floor":4.0,"gold_loss":0.0,"damage_taken":20.0,"cards_upgraded":["Defend_G","Neutralize"]},{"damage_healed":0.0,"max_hp_gain":0.0,"max_hp_loss":6.0,"gold_gain":0.0,"event_name":"Golden Idol","player_choice":"Lose Max HP","floor":5.0,"gold_loss":0.0,"damage_taken":0.0,"relics_obtained":["Golden Idol"]},{"damage_healed":0.0,"max_hp_gain":0.0,"max_hp_loss":0.0,"gold_gain":0.0,"event_name":"Scrap Ooze","player_choice":"Success","floor":11.0,"gold_loss":0.0,"damage_taken":35.0,"relics_obtained":["Blood Vial"]},{"damage_healed":0.0,"max_hp_gain":0.0,"max_hp_loss":0.0,"gold_gain":0.0,"event_name":"Forgotten Altar","player_choice":"Gave Idol","floor":19.0,"relics_lost":["Golden Idol"],"gold_loss":0.0,"damage_taken":0.0,"relics_obtained":["Bloody Idol"]},{"cards_removed":["Strike_G"],"damage_healed":0.0,"max_hp_gain":0.0,"max_hp_loss":0.0,"gold_gain":0.0,"event_name":"Purifier","player_choice":"Purged","floor":24.0,"gold_loss":0.0,"damage_taken":0.0}],"is_beta":true,"boss_relics":[{"not_picked":["Orrery","Velvet Choker"],"picked":"Philosopher\u0027s Stone"}],"items_purged_floors":[22],"is_endless":false,"potions_floor_spawned":[2,8,10,16,18,21],"killed_by":"3 Cultists","ascension_level":20}