{"gold_per_floor":[118,2,21,21,21,60,60,5,5,18,49,49,68,68,68,68],"floor_reached":16,"playtime":283,"items_purged":["Strike_R"],"score":266,"play_id":"745fad29-bf00-4269-857c-2656d4c53db1","local_time":"20190211170100","is_ascension_mode":true,"campfire_choices":[{"data":"Body Slam","floor":7,"key":"SMITH"},{"data":"Carnage","floor":15,"key":"SMITH"}],"neow_cost":"NONE","seed_source_timestamp":1209984102050597,"circlet_count":0,"master_deck":["AscendersBane","Strike_R","Strike_R","Strike_R","Defend_R","Defend_R","Defend_R","Defend_R","Bash","Carnage+1","Feel No Pain","Body Slam+1","Shrug It Off","True Grit"],"relics":["Burning Blood","NeowsBlessing","Golden Idol","Frozen Egg 2","Kunai","Bag of Marbles"],"potions_floor_usage":[11,11],"damage_taken":[{"damage":0,"enemies":"Small Slimes","floor":1,"turns":1},{"damage":0,"enemies":"2 Louse","floor":3,"turns":1},{"damage":0,"enemies":"3 Sentries","floor":6,"turns":2},{"damage":7,"enemies":"Jaw Worm","floor":10,"turns":3},{"damage":58,"enemies":"Lagavulin","floor":11,"turns":10},{"damage":0,"enemies":"Exordium Wildlife","floor":13,"turns":4},{"damage":7,"enemies":"Hexaghost","floor":16,"turns":5}],"seed_played":"533460713889456950","potions_obtained":[{"floor":1,"key":"Regen Potion"},{"floor":3,"key":"EssenceOfSteel"},{"floor":11,"key":"Explosive Potion"}],"is_trial":false,"path_per_floor":["M","$","M","?","?","E","R","$","T","M","E","?","M","?","R","B"],"character_chosen":"IRONCLAD","items_purchased":["Feel No Pain","Shrug It Off"],"campfire_rested":0,"item_purchase_floors":[2,8],"current_hp_per_floor":[74,74,75,68,42,48,48,48,48,47,10,5,11,11,11,4],"gold":68,"neow_bonus":"THREE_ENEMY_KILL","is_prod":false,"is_daily":false,"chose_seed":false,"campfire_upgraded":2,"win_rate":0,"timestamp":1549875660,"path_taken":["M","$","M","?","?","E","R","$","T","M","E","?","M","?","R","BOSS"],"build_version":"2019-01-23","purchased_purges":1,"victory":false,"max_hp_per_floor":[75,75,75,75,75,75,75,75,75,75,75,75,75,75,75,75],"card_choices":[{"not_picked":["Whirlwind","Twin Strike"],"picked":"Carnage","floor":1},{"not_picked":["Iron Wave","Rupture","Pommel Strike"],"picked":"SKIP","floor":3},{"not_picked":["Flex","Iron Wave"],"picked":"Body Slam","floor":6},{"not_picked":["Thunderclap","Headbutt","Corruption+1"],"picked":"SKIP","floor":10},{"not_picked":["Twin Strike","Warcry"],"picked":"True Grit","floor":11},{"not_picked":["Dual Wield","Clash","Combust+1"],"picked":"SKIP","floor":13}],"player_experience":726497,"relics_obtained":[{"floor":6,"key":"Frozen Egg 2"},{"floor":9,"key":"Kunai"},{"floor":11,"key":"Bag of Marbles"}],"event_choices":[{"cards_removed":["Strike_R"],"damage_healed":0,"gold_gain":0,"player_choice":"Card Removal","damage_taken":7,"max_hp_gain":0,"max_hp_loss":0,"event_name":"Golden Wing","floor":4,"gold_loss":0},{"damage_healed":0,"gold_gain":0,"player_choice":"Take Damage","damage_taken":26,"relics_obtained":["Golden Idol"],"max_hp_gain":0,"max_hp_loss":0,"event_name":"Golden Idol","floor":5,"gold_loss":0},{"damage_healed":0,"gold_gain":0,"player_choice":"Fled","damage_taken":5,"max_hp_gain":0,"max_hp_loss":0,"event_name":"Scrap Ooze","floor":12,"gold_loss":0},{"damage_healed":0,"gold_gain":0,"player_choice":"Ignored","damage_taken":0,"max_hp_gain":0,"max_hp_loss":0,"event_name":"Shining Light","floor":14,"gold_loss":0}],"is_beta":false,"boss_relics":[],"items_purged_floors":[2],"is_endless":false,"potions_floor_spawned":[1,3,11],"killed_by":"Hexaghost","ascension_level":20}