{"gold_per_floor":[109,129,29,29,104,136,136,156,182,192,242,272,272,75,75,150,150,170,25,40,57,57],"floor_reached":22,"playtime":805,"items_purged":["Strike_G","Strike_G","Strike_G"],"score":525,"play_id":"bece9818-406b-4bce-8f11-397f44ec865b","local_time":"20181115182848","is_ascension_mode":true,"campfire_choices":[{"data":"Deadly Poison","floor":7,"key":"SMITH"},{"data":"Bouncing Flask","floor":13,"key":"SMITH"},{"data":"Calculated Gamble","floor":15,"key":"SMITH"}],"neow_cost":"NONE","seed_source_timestamp":1567445818918,"circlet_count":0,"master_deck":["AscendersBane","Defend_G","Defend_G","Defend_G","Defend_G","Defend_G","Strike_G","Strike_G","Survivor","Neutralize","Calculated Gamble+1","Reflex","Deadly Poison+1","Escape Plan","PiercingWail","Bouncing Flask+1","Deep Breath","Crippling Poison","Impatience","Footwork"],"relics":["Ring of the Snake","NeowsBlessing","Smiling Mask","Boot","Dream Catcher","Runic Pyramid"],"potions_floor_usage":[12,12,16,21],"damage_taken":[{"damage":0,"enemies":"Small Slimes","floor":1,"turns":1},{"damage":0,"enemies":"Jaw Worm","floor":2,"turns":1},{"damage":0,"enemies":"Gremlin Nob","floor":6,"turns":1},{"damage":1,"enemies":"2 Louse","floor":8,"turns":3},{"damage":0,"enemies":"Red Slaver","floor":10,"turns":5},{"damage":26,"enemies":"3 Sentries","floor":12,"turns":8},{"damage":0,"enemies":"The Guardian","floor":16,"turns":7},{"damage":0,"enemies":"Spheric Guardian","floor":18,"turns":2},{"damage":6,"enemies":"2 Thieves","floor":20,"turns":4},{"damage":29,"enemies":"Chosen and Byrds","floor":21,"turns":6},{"damage":22,"enemies":"3 Cultists","floor":22,"turns":4}],"seed_played":"8466671534509051873","potions_obtained":[{"floor":1,"key":"Strength Potion"},{"floor":2,"key":"Explosive Potion"},{"floor":10,"key":"SkillPotion"},{"floor":20,"key":"SkillPotion"}],"is_trial":false,"path_per_floor":["M","M","$","?","?","E","R","M","T","M","?","E","R","$","R","B",null,"M","$","M","M","M"],"character_chosen":"THE_SILENT","items_purchased":["Deadly Poison","Deep Breath","Poison Potion","Impatience"],"campfire_rested":0,"item_purchase_floors":[3,14,14,19],"current_hp_per_floor":[59,59,59,59,48,48,48,47,47,47,47,21,21,21,21,21,55,55,55,49,20,0],"gold":57,"neow_bonus":"THREE_ENEMY_KILL","is_prod":false,"is_daily":false,"chose_seed":false,"campfire_upgraded":3,"win_rate":0,"timestamp":1542277728,"path_taken":["M","M","$","?","?","E","R","M","T","M","?","E","R","$","R","BOSS","M","$","M","M","M"],"build_version":"2018-11-14","purchased_purges":3,"victory":false,"max_hp_per_floor":[66,66,66,66,66,66,66,66,66,66,66,66,66,66,66,66,66,66,66,66,66,66],"card_choices":[{"not_picked":["Riddle With Holes","Outmaneuver"],"picked":"Calculated Gamble","floor":1},{"not_picked":["Deflect","Crippling Poison"],"picked":"Reflex","floor":2},{"not_picked":["Tools of the Trade","Dagger Spray"],"picked":"Escape Plan","floor":6},{"not_picked":["Cloak And Dagger","Flechettes"],"picked":"PiercingWail","floor":8},{"not_picked":["Dagger Spray","Underhanded Strike","Slice"],"picked":"SKIP","floor":10},{"not_picked":["Well Laid Plans","Caltrops"],"picked":"Bouncing Flask","floor":12},{"not_picked":["Slice","Backflip"],"picked":"Crippling Poison","floor":18},{"not_picked":["Predator","Underhanded Strike"],"picked":"Footwork","floor":20},{"not_picked":["Dagger Throw","Slice","Masterful Stab"],"picked":"SKIP","floor":21}],"player_experience":1062341,"relics_obtained":[{"floor":6,"key":"Smiling Mask"},{"floor":9,"key":"Boot"},{"floor":12,"key":"Dream Catcher"}],"event_choices":[{"damage_healed":0,"gold_gain":0,"player_choice":"Ignored","damage_taken":0,"max_hp_gain":0,"max_hp_loss":0,"event_name":"Liars Game","floor":4,"gold_loss":0},{"damage_healed":0,"gold_gain":75,"player_choice":"Gather Gold","damage_taken":11,"max_hp_gain":0,"max_hp_loss":0,"event_name":"World of Goop","floor":5,"gold_loss":0},{"damage_healed":0,"gold_gain":50,"player_choice":"Pray","damage_taken":0,"max_hp_gain":0,"max_hp_loss":0,"event_name":"Golden Shrine","floor":11,"gold_loss":0}],"is_beta":true,"boss_relics":[{"not_picked":["Ectoplasm","Eternal Feather"],"picked":"Runic Pyramid"}],"items_purged_floors":[3,14,19],"is_endless":false,"potions_floor_spawned":[1,2,10,20],"killed_by":"3 Cultists","ascension_level":19}