{"gold_per_floor":[117,129,129,129,141,141,169,189,189,189,200,200,125,125,125,199,199,211,54,71,71,71,71,82,82,107,119,119,135,135,10,10,89,89,107,117,117,117,128,163,163,163,163,163,197,3,3,52,52,52,52,52,52,52,86,86],"floor_reached":57,"playtime":2394,"items_purged":["Strike_G","Strike_G","Defend_G","Deadly Poison+1"],"score":2812,"play_id":"ad6789d9-201c-4426-89ac-db0838f4794b","local_time":"20190730214546","is_ascension_mode":true,"campfire_choices":[{"data":"Crippling Poison","floor":6.0,"key":"SMITH"},{"floor":10.0,"key":"REST"},{"data":"Deadly Poison","floor":15.0,"key":"SMITH"},{"data":"Well Laid Plans","floor":23.0,"key":"SMITH"},{"data":"Prepared","floor":25.0,"key":"SMITH"},{"data":"Neutralize","floor":32.0,"key":"SMITH"},{"floor":41.0,"key":"RECALL"},{"data":"Deep Breath","floor":44.0,"key":"SMITH"},{"data":"Deep Breath","floor":47.0,"key":"SMITH"},{"floor":49.0,"key":"REST"},{"data":"Footwork","floor":53.0,"key":"SMITH"}],"neow_cost":"NONE","seed_source_timestamp":167210593720887,"circlet_count":0,"master_deck":["AscendersBane","Defend_G+1","Defend_G+1","Survivor","Neutralize+1","PiercingWail","Footwork+1","Grand Finale+1","Well Laid Plans+1","Backflip","Prepared+1","After Image","Acrobatics+1","Die Die Die+1","Malaise+1","Expertise+1","Deep Breath+1","Deep Breath+1","Escape Plan","Well Laid Plans+1"],"special_seed":0,"relics":["Ring of the Snake","NeowsBlessing","War Paint","Molten Egg 2","Philosopher\u0027s Stone","Tough Bandages","Astrolabe","Shovel","Blue Candle","Dream Catcher","Tingsha","Letter Opener"],"potions_floor_usage":[56],"damage_taken":[{"damage":0.0,"enemies":"2 Louse","floor":1.0,"turns":1.0},{"damage":0.0,"enemies":"Jaw Worm","floor":2.0,"turns":1.0},{"damage":0.0,"enemies":"Cultist","floor":5.0,"turns":1.0},{"damage":48.0,"enemies":"Gremlin Nob","floor":7.0,"turns":6.0},{"damage":0.0,"enemies":"Gremlin Gang","floor":8.0,"turns":6.0},{"damage":7.0,"enemies":"Large Slime","floor":11.0,"turns":17.0},{"damage":0.0,"enemies":"The Guardian","floor":16.0,"turns":10.0},{"damage":0.0,"enemies":"2 Thieves","floor":18.0,"turns":2.0},{"damage":15.0,"enemies":"Chosen","floor":20.0,"turns":4.0},{"damage":18.0,"enemies":"3 Cultists","floor":24.0,"turns":5.0},{"damage":4.0,"enemies":"Snecko","floor":27.0,"turns":5.0},{"damage":0.0,"enemies":"Centurion and Healer","floor":29.0,"turns":4.0},{"damage":13.0,"enemies":"Champ","floor":33.0,"turns":14.0},{"damage":0.0,"enemies":"3 Darklings","floor":35.0,"turns":2.0},{"damage":0.0,"enemies":"3 Shapes","floor":36.0,"turns":2.0},{"damage":0.0,"enemies":"Maw","floor":39.0,"turns":5.0},{"damage":20.0,"enemies":"Nemesis","floor":40.0,"turns":9.0},{"damage":0.0,"enemies":"Giant Head","floor":45.0,"turns":4.0},{"damage":12.0,"enemies":"2 Orb Walkers","floor":48.0,"turns":4.0},{"damage":5.0,"enemies":"Awakened One","floor":50.0,"turns":5.0},{"damage":2.0,"enemies":"Time Eater","floor":51.0,"turns":7.0},{"damage":18.0,"enemies":"Shield and Spear","floor":55.0,"turns":4.0},{"damage":36,"enemies":"The Heart","floor":56,"turns":8}],"seed_played":"4076385015069717947","potions_obtained":[{"floor":2.0,"key":"Swift Potion"},{"floor":7.0,"key":"LiquidBronze"},{"floor":11.0,"key":"Fire Potion"},{"floor":14.0,"key":"EntropicBrew"},{"floor":18.0,"key":"Dexterity Potion"},{"floor":24.0,"key":"Block Potion"},{"floor":36.0,"key":"SkillPotion"},{"floor":40.0,"key":"Strength Potion"},{"floor":48.0,"key":"SteroidPotion"}],"is_trial":false,"path_per_floor":["M","M","?","?","M","R","E","M","T","R","M","?","$","?","R","B",null,"M","$","M","?","T","R","M","R","T","M","$","M","?","$","R","B",null,"M","M","$","?","M","E","R","?","T","R","E","$","R","?","R","B","B",null,"R","$","E","B",null],"character_chosen":"THE_SILENT","items_purchased":["Backflip","Escape Plan"],"campfire_rested":2,"item_purchase_floors":[19,46],"current_hp_per_floor":[59,59,52,52,52,52,4,4,4,23,16,38,38,38,38,38,59,59,59,44,44,44,44,26,26,26,22,22,22,22,22,22,9,52,52,52,52,52,52,32,32,27,27,27,27,27,27,15,34,29,27,56,56,56,38,2],"gold":86,"neow_bonus":"THREE_ENEMY_KILL","is_prod":false,"is_daily":false,"chose_seed":false,"campfire_upgraded":8,"win_rate":0,"timestamp":1564490746,"path_taken":["M","M","?","?","?","R","E","?","T","R","M","?","$","?","R","BOSS","M","$","M","?","?","R","M","R","T","M","?","M","?","$","R","BOSS","M","M","$","?","?","E","R","?","T","R","E","$","R","?","R","BOSS","BOSS","R","$","E","BOSS"],"build_version":"2019-07-17","purchased_purges":4,"victory":true,"max_hp_per_floor":[66,66,66,66,66,66,66,66,66,66,66,66,66,66,66,66,66,66,66,66,66,66,66,66,66,66,66,66,66,66,66,66,66,66,66,66,66,66,66,66,66,66,66,66,66,66,66,66,66,66,66,66,66,66,66,66],"card_choices":[{"not_picked":["PiercingWail","Dagger Spray","Dagger Throw"],"picked":"SKIP","floor":1.0},{"not_picked":["Dagger Spray","Dagger Throw"],"picked":"PiercingWail","floor":1.0},{"not_picked":["PiercingWail","Deflect","Flying Knee"],"picked":"SKIP","floor":2.0},{"not_picked":["Flying Knee","Cloak And Dagger"],"picked":"Crippling Poison","floor":5.0},{"not_picked":["Unload","Dagger Spray"],"picked":"Footwork","floor":7.0},{"not_picked":["Dagger Throw","Riddle With Holes","Outmaneuver"],"picked":"SKIP","floor":8.0},{"not_picked":["Deflect","Expertise"],"picked":"Deadly Poison","floor":11.0},{"not_picked":["Wraith Form v2","Phantasmal Killer"],"picked":"Grand Finale+1","floor":16.0},{"not_picked":["Underhanded Strike+1","Infinite Blades+1"],"picked":"Well Laid Plans","floor":18.0},{"not_picked":["Dagger Spray+1","Slice+1","Die Die Die+1"],"picked":"SKIP","floor":20.0},{"not_picked":["Bane+1","Accuracy"],"picked":"Prepared","floor":24.0},{"not_picked":["Crippling Poison","Sucker Punch+1","Flying Knee+1"],"picked":"SKIP","floor":27.0},{"not_picked":["Flying Knee+1","Poisoned Stab+1","Dodge and Roll"],"picked":"SKIP","floor":29.0},{"not_picked":["Adrenaline","Glass Knife+1"],"picked":"After Image","floor":33.0},{"not_picked":["Infinite Blades","Blur+1","Deadly Poison+1"],"picked":"SKIP","floor":35.0},{"not_picked":["Dash+1","Deadly Poison+1"],"picked":"Expertise+1","floor":36.0},{"not_picked":["Setup","Outmaneuver+1","Dagger Throw+1"],"picked":"SKIP","floor":39.0},{"not_picked":["Setup","Outmaneuver+1","Dagger Throw+1"],"picked":"SKIP","floor":39.0},{"not_picked":["Poisoned Stab+1","Prepared","Well Laid Plans"],"picked":"SKIP","floor":40.0},{"not_picked":["Chrysalis","Madness"],"picked":"Deep Breath","floor":42.0},{"not_picked":["Enlightenment","Panache"],"picked":"Deep Breath","floor":42.0},{"not_picked":["Bouncing Flask","Flying Knee+1","Underhanded Strike+1"],"picked":"SKIP","floor":45.0},{"not_picked":["Catalyst","Backstab+1"],"picked":"Well Laid Plans+1","floor":55.0}],"player_experience":691407,"relics_obtained":[{"floor":7.0,"key":"War Paint"},{"floor":9.0,"key":"Molten Egg 2"},{"floor":22.0,"key":"Tough Bandages"},{"floor":40.0,"key":"Shovel"},{"floor":43.0,"key":"Blue Candle"},{"floor":45.0,"key":"Dream Catcher"},{"floor":48.0,"key":"Tingsha"},{"floor":55.0,"key":"Letter Opener"}],"event_choices":[{"cards_removed":["Strike_G"],"damage_healed":0.0,"max_hp_gain":0.0,"max_hp_loss":0.0,"gold_gain":0.0,"event_name":"Golden Wing","player_choice":"Card Removal","floor":3.0,"gold_loss":0.0,"damage_taken":7.0},{"cards_removed":["Strike_G"],"damage_healed":0.0,"max_hp_gain":0.0,"max_hp_loss":0.0,"gold_gain":0.0,"event_name":"Purifier","player_choice":"Purged","floor":4.0,"gold_loss":0.0,"damage_taken":0.0},{"damage_healed":22.0,"max_hp_gain":0.0,"max_hp_loss":0.0,"gold_gain":0.0,"event_name":"Big Fish","player_choice":"Banana","floor":12.0,"gold_loss":0.0,"damage_taken":0.0},{"damage_healed":0.0,"max_hp_gain":0.0,"max_hp_loss":0.0,"gold_gain":0.0,"event_name":"Lab","player_choice":"Got Potions","floor":14.0,"gold_loss":0.0,"damage_taken":0.0},{"damage_healed":0.0,"max_hp_gain":0.0,"max_hp_loss":0.0,"gold_gain":0.0,"event_name":"Cursed Tome","player_choice":"Ignored","floor":21.0,"gold_loss":0.0,"damage_taken":0.0},{"cards_removed":["Strike_G"],"damage_healed":0.0,"max_hp_gain":0.0,"max_hp_loss":0.0,"gold_gain":0.0,"event_name":"Bonfire Elementals","player_choice":"Offered Basic","floor":30.0,"gold_loss":0.0,"damage_taken":0.0},{"damage_healed":0.0,"max_hp_gain":0.0,"max_hp_loss":0.0,"gold_gain":0.0,"event_name":"SecretPortal","player_choice":"Ignored","floor":38.0,"gold_loss":0.0,"damage_taken":0.0},{"damage_healed":0.0,"max_hp_gain":0.0,"max_hp_loss":0.0,"gold_gain":0.0,"event_name":"SensoryStone","player_choice":"Memory 2","floor":42.0,"gold_loss":0.0,"damage_taken":5.0},{"damage_healed":0.0,"max_hp_gain":0.0,"max_hp_loss":0.0,"gold_gain":0.0,"event_name":"Mysterious Sphere","player_choice":"Fight","floor":48.0,"gold_loss":0.0,"damage_taken":0.0}],"is_beta":false,"boss_relics":[{"not_picked":["Cursed Key","WristBlade"],"picked":"Philosopher\u0027s Stone"},{"not_picked":["Busted Crown","Empty Cage"],"picked":"Astrolabe"}],"items_purged_floors":[13,19,31,46],"is_endless":false,"potions_floor_spawned":[2,7,11,18,24,29,36,40,48],"ascension_level":20}