{"gold_per_floor":[10,10,10,10,26,26,60,72,72,118,118,135,60,88,88,188,188,188,143,43,43,43,43,43,43,43,43,43,43,43,43,43,43,43,43,43,43,0,0,0,0,0,0,0,0,0,0,0,0,0],"floor_reached":51,"playtime":2590,"items_purged":["Defend_R","Strike_R"],"score":1296,"play_id":"0826acff-77c1-4336-8ce8-fa21895ae1e1","local_time":"20180922132917","is_ascension_mode":true,"campfire_choices":[{"data":"Spot Weakness","floor":6.0,"key":"SMITH"},{"data":"Metallicize","floor":11.0,"key":"SMITH"},{"data":"Feel No Pain","floor":15.0,"key":"SMITH"},{"data":"Body Slam","floor":23.0,"key":"SMITH"},{"data":"Second Wind","floor":28,"key":"SMITH"},{"data":"Limit Break","floor":32,"key":"SMITH"},{"data":"Flame Barrier","floor":40,"key":"SMITH"},{"data":"Flash of Steel","floor":42,"key":"SMITH"},{"data":"Demon Form","floor":49,"key":"SMITH"}],"neow_cost":"NO_GOLD","seed_source_timestamp":87058503954204,"circlet_count":0,"master_deck":["Strike_R","Strike_R","Defend_R","Defend_R+1","Defend_R+1","Bash+1","AscendersBane","Spot Weakness+1","Feel No Pain+1","Second Wind+1","Metallicize+1","Cleave","Reaper","Battle Trance+1","Body Slam+1","Shrug It Off+1","Shrug It Off+1","Armaments+1","Limit Break+1","Body Slam+1","Flash of Steel+1","Flame Barrier+1","Shrug It Off+1","Heavy Blade","Demon Form+1"],"special_seed":0,"relics":["Black Blood","Thread and Needle","Bottled Lightning","Ancient Tea Set","Art of War","Shuriken","Ectoplasm","Nilry\u0027s Codex","Strawberry","War Paint","Red Skull","Smiling Mask","Red Mask","MawBank","Matryoshka","Du-Vu Doll"],"potions_floor_usage":[24,27,30,33,33,41,50,50],"damage_taken":[{"damage":8.0,"enemies":"Small Slimes","floor":1.0,"turns":3.0},{"damage":0.0,"enemies":"2 Louse","floor":5.0,"turns":2.0},{"damage":39.0,"enemies":"Gremlin Nob","floor":7.0,"turns":6.0},{"damage":0.0,"enemies":"Cultist","floor":8.0,"turns":3.0},{"damage":0.0,"enemies":"Looter","floor":12.0,"turns":2.0},{"damage":7.0,"enemies":"Lagavulin","floor":14.0,"turns":7.0},{"damage":49.0,"enemies":"Hexaghost","floor":16.0,"turns":12.0},{"damage":15.0,"enemies":"Shell Parasite","floor":18.0,"turns":5.0},{"damage":14.0,"enemies":"2 Thieves","floor":19.0,"turns":3.0},{"damage":0.0,"enemies":"Snake Plant","floor":21.0,"turns":3.0},{"damage":33,"enemies":"Gremlin Leader","floor":24,"turns":8},{"damage":2,"enemies":"Chosen and Byrds","floor":25,"turns":5},{"damage":23,"enemies":"Slavers","floor":27,"turns":6},{"damage":15,"enemies":"Centurion and Healer","floor":29,"turns":4},{"damage":0,"enemies":"Book of Stabbing","floor":30,"turns":5},{"damage":0,"enemies":"Sentry and Sphere","floor":31,"turns":5},{"damage":68,"enemies":"Collector","floor":33,"turns":11},{"damage":0,"enemies":"Orb Walker","floor":35,"turns":3},{"damage":54,"enemies":"3 Darklings","floor":36,"turns":7},{"damage":30,"enemies":"Sphere and 2 Shapes","floor":39,"turns":10},{"damage":3,"enemies":"Giant Head","floor":41,"turns":7},{"damage":13,"enemies":"Reptomancer","floor":44,"turns":7},{"damage":37,"enemies":"Spire Growth","floor":45,"turns":7},{"damage":39,"enemies":"2 Orb Walkers","floor":46,"turns":7},{"damage":10,"enemies":"Sphere and 2 Shapes","floor":47,"turns":6},{"damage":2,"enemies":"Maw","floor":48,"turns":8},{"damage":21,"enemies":"Donu and Deca","floor":50,"turns":9}],"seed_played":"6096005209524137790","potions_obtained":[{"floor":8.0,"key":"SteroidPotion"},{"floor":12.0,"key":"Strength Potion"},{"floor":14.0,"key":"Regen Potion"},{"floor":21.0,"key":"Poison Potion"},{"floor":24,"key":"FearPotion"},{"floor":25,"key":"Energy Potion"},{"floor":29,"key":"FearPotion"},{"floor":31,"key":"Block Potion"},{"floor":36,"key":"Weak Potion"},{"floor":47,"key":"EssenceOfSteel"},{"floor":48,"key":"SneckoOil"}],"is_trial":false,"path_per_floor":["M","?","?","?","M","R","E","M","T","T","R","M","$","E","R","B",null,"M","M","$","M","?","R","E","M","T","E","R","M","E","M","R","B",null,"M","M","?","?","M","R","E","R","T","M","M","E","M","M","R","B"],"character_chosen":"IRONCLAD","items_purchased":[],"campfire_rested":0,"item_purchase_floors":[],"current_hp_per_floor":[70,54,54,54,60,60,27,33,33,33,33,39,39,38,38,10,63,67,59,59,65,49,49,84,87,87,79,79,81,87,90,90,63,83,90,90,90,90,90,90,90,90,90,90,75,46,79,90,90,79],"gold":0,"neow_bonus":"ONE_RARE_RELIC","is_prod":false,"is_daily":false,"chose_seed":false,"campfire_upgraded":9,"win_rate":0,"timestamp":1537594157,"path_taken":["M","?","?","?","M","R","E","?","T","?","R","M","$","E","R","BOSS","M","M","?","M","?","R","E","?","T","E","R","M","E","M","R","BOSS","M","M","?","?","?","R","E","R","T","M","M","E","M","M","R","BOSS"],"build_version":"2018-09-20","purchased_purges":2,"victory":true,"max_hp_per_floor":[80,80,80,80,80,80,80,80,80,80,80,80,80,80,80,80,80,80,80,80,80,80,80,87,87,87,90,90,90,90,90,90,90,90,90,90,90,90,90,90,90,90,90,90,90,90,90,90,90,90],"card_choices":[{"not_picked":["Pommel Strike","Wild Strike"],"picked":"Spot Weakness","floor":1.0},{"not_picked":["Clash","Perfected Strike","Twin Strike"],"picked":"SKIP","floor":5.0},{"not_picked":["Headbutt","Flame Barrier"],"picked":"Metallicize","floor":7.0},{"not_picked":["Clothesline","Carnage"],"picked":"Cleave","floor":8.0},{"not_picked":["Thunderclap","Dropkick","Flex"],"picked":"SKIP","floor":12.0},{"not_picked":["Sever Soul","Bloodletting","Dropkick"],"picked":"SKIP","floor":14.0},{"not_picked":["Exhume","Brutality"],"picked":"Reaper","floor":16.0},{"not_picked":["Heavy Blade","Anger+1"],"picked":"Battle Trance+1","floor":18.0},{"not_picked":["Battle Trance","Twin Strike"],"picked":"Body Slam","floor":19.0},{"not_picked":["Warcry","Clash"],"picked":"Shrug It Off","floor":21.0},{"not_picked":["Feed","True Grit"],"picked":"Shrug It Off+1","floor":24},{"not_picked":["Wild Strike","Hemokinesis","Anger"],"picked":"SKIP","floor":25},{"not_picked":["Shockwave","Spot Weakness","Thunderclap+1"],"picked":"SKIP","floor":27},{"not_picked":["Headbutt","Iron Wave"],"picked":"Armaments+1","floor":29},{"not_picked":["Sword Boomerang","Headbutt","Infernal Blade"],"picked":"SKIP","floor":30},{"not_picked":["Pummel","Perfected Strike"],"picked":"Limit Break","floor":31},{"not_picked":["Perfected Strike","Sword Boomerang"],"picked":"Body Slam+1","floor":35},{"not_picked":["Thunderclap","Hemokinesis","Shrug It Off"],"picked":"SKIP","floor":36},{"not_picked":["Forethought","Panache"],"picked":"Flash of Steel","floor":37},{"not_picked":["Bloodletting","Thunderclap"],"picked":"Flame Barrier","floor":39},{"not_picked":["Carnage+1","Intimidate"],"picked":"Shrug It Off+1","floor":41},{"not_picked":["Clash","Blood for Blood"],"picked":"Heavy Blade","floor":44},{"not_picked":["Rage","Headbutt","Sever Soul"],"picked":"SKIP","floor":45},{"not_picked":["Ghostly Armor","Sentinel","Warcry"],"picked":"SKIP","floor":46},{"not_picked":["Twin Strike","Thunderclap+1"],"picked":"Demon Form","floor":47},{"not_picked":["Dual Wield","Headbutt+1","Clash"],"picked":"SKIP","floor":48}],"player_experience":90780,"relics_obtained":[{"floor":7.0,"key":"Bottled Lightning"},{"floor":9.0,"key":"Ancient Tea Set"},{"floor":10.0,"key":"Art of War"},{"floor":14.0,"key":"Shuriken"},{"floor":22.0,"key":"Nilry\u0027s Codex"},{"floor":24,"key":"Strawberry"},{"floor":26,"key":"War Paint"},{"floor":27,"key":"Red Skull"},{"floor":30,"key":"Smiling Mask"},{"floor":41,"key":"MawBank"},{"floor":43,"key":"Matryoshka"},{"floor":46,"key":"Du-Vu Doll"}],"event_choices":[{"event_name":"Shining Light","player_choice":"Entered Light","floor":2.0,"damage_taken":0.0},{"event_name":"Transmorgrifier","player_choice":"Transform","floor":3.0,"damage_taken":0.0},{"event_name":"Living Wall","player_choice":"Change","floor":4.0,"damage_taken":0.0},{"event_name":"Cursed Tome","player_choice":"Obtained Book","floor":22.0,"damage_taken":0.0},{"event_name":"SensoryStone","player_choice":"Memory 1","floor":37,"damage_taken":0},{"event_name":"Tomb of Lord Red Mask","player_choice":"Paid","floor":38,"damage_taken":0}],"is_beta":false,"boss_relics":[{"not_picked":["Lizard Tail","Runic Cube"],"picked":"Ectoplasm"},{"not_picked":["Snecko Eye","Eternal Feather"],"picked":"Black Blood"}],"items_purged_floors":[13,20],"is_endless":false,"potions_floor_spawned":[8,12,14,21,24,25,29,31,36,47,48],"ascension_level":12}