{"gold_per_floor":[115,8,83,83,8,41,41,73,73,30,62,78,78,103,103,182,182,200,0,0,0,12,37,37,37,64,79,109,109,122,142,142,217,217,233,58,109,109,109,138,152,171,198,213,313,329,329,344,344,344,344],"floor_reached":52,"playtime":3190,"items_purged":["Strike_B","Defend_B"],"score":2092,"play_id":"387dd486-cf69-4fa9-b0aa-510c76b2c9e6","local_time":"20181119171656","is_ascension_mode":true,"campfire_choices":[{"data":"Defragment","floor":13.0,"key":"SMITH"},{"data":"Buffer","floor":15.0,"key":"SMITH"},{"data":"Creative AI","floor":24.0,"key":"SMITH"},{"data":"Defragment","floor":32.0,"key":"SMITH"},{"data":"Defragment","floor":49,"key":"SMITH"}],"neow_cost":"NONE","seed_source_timestamp":0,"circlet_count":0,"master_deck":["AscendersBane","Strike_B","Defend_B+1","Defend_B","Defend_B","Zap+1","Dualcast","Defragment+1","Defragment+1","Streamline","Blizzard","Capacitor","Buffer+1","Creative AI+1","Glacier","Redo","Coolheaded","Turbo","Echo Form","Defragment+1","Madness","Madness","Recycle","Glacier"],"special_seed":0,"relics":["FrozenCore","NeowsBlessing","Anchor","Calipers","Bird Faced Urn","Cables","Strawberry","DataDisk","Philosopher\u0027s Stone","Sundial","Bag of Preparation","Torii","Bottled Tornado","Unceasing Top","Kunai","StoneCalendar"],"potions_floor_usage":[51],"damage_taken":[{"damage":0.0,"enemies":"Jaw Worm","floor":1.0,"turns":1.0},{"damage":0.0,"enemies":"Gremlin Nob","floor":6.0,"turns":1.0},{"damage":0.0,"enemies":"3 Sentries","floor":8.0,"turns":1.0},{"damage":32.0,"enemies":"Gremlin Nob","floor":11.0,"turns":4.0},{"damage":0.0,"enemies":"2 Louse","floor":12.0,"turns":2.0},{"damage":9.0,"enemies":"Lagavulin","floor":14.0,"turns":5.0},{"damage":18.0,"enemies":"Slime Boss","floor":16.0,"turns":9.0},{"damage":8.0,"enemies":"2 Thieves","floor":18.0,"turns":4.0},{"damage":0.0,"enemies":"Shell Parasite","floor":22.0,"turns":7.0},{"damage":24.0,"enemies":"Gremlin Leader","floor":23.0,"turns":8.0},{"damage":0.0,"enemies":"Colosseum Slavers","floor":25.0,"turns":6.0},{"damage":4.0,"enemies":"Sentry and Sphere","floor":27.0,"turns":5.0},{"damage":76.0,"enemies":"Slavers","floor":28.0,"turns":7.0},{"damage":6.0,"enemies":"Shelled Parasite and Fungi","floor":30.0,"turns":13.0},{"damage":19.0,"enemies":"Snake Plant","floor":31.0,"turns":8.0},{"damage":0.0,"enemies":"Automaton","floor":33.0,"turns":13.0},{"damage":1.0,"enemies":"Orb Walker","floor":35.0,"turns":7.0},{"damage":26.0,"enemies":"2 Orb Walkers","floor":37.0,"turns":6.0},{"damage":32,"enemies":"Reptomancer","floor":40,"turns":6},{"damage":2,"enemies":"3 Darklings","floor":41,"turns":7},{"damage":0,"enemies":"Spire Growth","floor":42,"turns":8},{"damage":0,"enemies":"Maw","floor":44,"turns":7},{"damage":0,"enemies":"Mind Bloom Boss Battle","floor":45,"turns":9},{"damage":1,"enemies":"Sphere and 2 Shapes","floor":46,"turns":7},{"damage":8,"enemies":"Spire Growth","floor":48,"turns":8},{"damage":8,"enemies":"Time Eater","floor":50,"turns":18},{"damage":66,"enemies":"Awakened One","floor":51,"turns":22}],"seed_played":"-7277522065883672546","potions_obtained":[{"floor":6.0,"key":"FocusPotion"},{"floor":8.0,"key":"Swift Potion"},{"floor":11.0,"key":"GamblersBrew"},{"floor":22.0,"key":"SpeedPotion"},{"floor":23.0,"key":"Regen Potion"},{"floor":27.0,"key":"Ancient Potion"},{"floor":28.0,"key":"Regen Potion"},{"floor":37.0,"key":"FairyPotion"},{"floor":41,"key":"Swift Potion"}],"is_trial":false,"path_per_floor":["M","$","?","?","$","E","T","E","T","$","E","M","R","E","R","B",null,"M","?","?","?","M","E","R","?","T","M","E","T","M","M","R","B",null,"M","$","?","?","$","E","M","M","T","M","?","M","?","M","R","B","B",null],"character_chosen":"DEFECT","items_purchased":["Defragment","Streamline","Capacitor","Defragment"],"campfire_rested":0,"item_purchase_floors":[2,2,10,36],"current_hp_per_floor":[64,64,53,32,32,32,32,32,32,32,11,15,15,12,12,2,59,59,59,59,59,78,78,78,78,78,78,33,33,78,78,78,78,78,78,78,72,58,58,46,78,78,78,78,78,78,78,78,78,78,58],"gold":344,"neow_bonus":"THREE_ENEMY_KILL","is_prod":false,"is_daily":false,"chose_seed":false,"campfire_upgraded":5,"win_rate":0,"timestamp":1542619016,"path_taken":["M","$","?","?","$","E","?","E","T","?","E","?","R","E","R","BOSS","M","?","?","?","M","E","R","?","T","M","E","?","M","M","R","BOSS","M","$","?","?","$","E","M","M","T","?","?","M","?","M","R","BOSS","BOSS"],"build_version":"2018-11-15","purchased_purges":2,"victory":true,"max_hp_per_floor":[71,71,71,71,71,71,71,71,71,71,78,78,78,78,78,78,78,78,78,78,78,78,78,78,78,78,78,78,78,78,78,78,78,78,78,78,78,78,78,78,78,78,78,78,78,78,78,78,78,78,78],"card_choices":[{"not_picked":["Leap","Steam"],"picked":"Defragment","floor":1.0},{"not_picked":["Steam Power","Gash","Steam"],"picked":"SKIP","floor":6.0},{"not_picked":["Chaos","Streamline"],"picked":"Blizzard","floor":8.0},{"not_picked":["Genetic Algorithm","Ball Lightning","Barrage"],"picked":"SKIP","floor":11.0},{"not_picked":["Stack","Beam Cell","Leap"],"picked":"SKIP","floor":12.0},{"not_picked":["Aggregate","Skim"],"picked":"Buffer","floor":14.0},{"not_picked":["Echo Form","Rainbow"],"picked":"Creative AI","floor":16.0},{"not_picked":["Steam","Streamline","Redo"],"picked":"SKIP","floor":18.0},{"not_picked":["Cold Snap+1","Reinforced Body","Blizzard"],"picked":"SKIP","floor":22.0},{"not_picked":["Compile Driver","Coolheaded","Rip and Tear"],"picked":"SKIP","floor":23.0},{"not_picked":["Cold Snap","Steam+1"],"picked":"Coolheaded","floor":27.0},{"not_picked":["Beam Cell","All For One","Creative AI"],"picked":"SKIP","floor":28.0},{"not_picked":["Hologram","Tempest","Steam"],"picked":"SKIP","floor":30.0},{"not_picked":["Aggregate","Barrage"],"picked":"Turbo","floor":31.0},{"not_picked":["Reboot","Biased Cognition"],"picked":"Echo Form","floor":33.0},{"not_picked":["Sunder","Skim","Go for the Eyes+1"],"picked":"SKIP","floor":35.0},{"not_picked":["Leap","Defragment"],"picked":"Recycle","floor":40},{"not_picked":["Lockon+1","Barrage","Consume"],"picked":"SKIP","floor":41},{"not_picked":["Beam Cell","Go for the Eyes","Leap"],"picked":"SKIP","floor":42},{"not_picked":["Stack","Compile Driver"],"picked":"Glacier","floor":44},{"not_picked":["Compile Driver","Double Energy","Leap"],"picked":"SKIP","floor":46},{"not_picked":["Capacitor","Coolheaded","Storm"],"picked":"SKIP","floor":48}],"player_experience":553532,"relics_obtained":[{"floor":6.0,"key":"Anchor"},{"floor":7.0,"key":"Calipers"},{"floor":8.0,"key":"Bird Faced Urn"},{"floor":9.0,"key":"Cables"},{"floor":11.0,"key":"Strawberry"},{"floor":14.0,"key":"DataDisk"},{"floor":23.0,"key":"Sundial"},{"floor":26.0,"key":"Bag of Preparation"},{"floor":28.0,"key":"Torii"},{"floor":29.0,"key":"Bottled Tornado"},{"floor":37.0,"key":"Unceasing Top"},{"floor":40,"key":"Kunai"},{"floor":45,"key":"StoneCalendar"}],"event_choices":[{"damage_healed":0.0,"max_hp_gain":0.0,"max_hp_loss":0.0,"gold_gain":75.0,"event_name":"World of Goop","player_choice":"Gather Gold","floor":3.0,"gold_loss":0.0,"damage_taken":11.0},{"damage_healed":0.0,"max_hp_gain":0.0,"max_hp_loss":0.0,"gold_gain":0.0,"event_name":"Shining Light","player_choice":"Entered Light","floor":4.0,"gold_loss":0.0,"damage_taken":21.0,"cards_upgraded":["Zap","Defend_B"]},{"damage_healed":0.0,"max_hp_gain":0.0,"max_hp_loss":0.0,"gold_gain":0.0,"event_name":"Masked Bandits","player_choice":"Paid Fearfully","floor":19.0,"gold_loss":200.0,"damage_taken":0.0},{"damage_healed":0.0,"max_hp_gain":0.0,"max_hp_loss":0.0,"gold_gain":0.0,"cards_transformed":["Strike_B","Strike_B"],"event_name":"Drug Dealer","player_choice":"Became Test Subject","floor":20.0,"gold_loss":0.0,"damage_taken":0.0,"cards_obtained":["Glacier","Redo"]},{"damage_healed":0.0,"max_hp_gain":0.0,"max_hp_loss":0.0,"gold_gain":0.0,"event_name":"Colosseum","player_choice":"Fight","floor":25.0,"gold_loss":0.0,"damage_taken":0.0},{"damage_healed":0.0,"max_hp_gain":0.0,"max_hp_loss":0.0,"gold_gain":0.0,"event_name":"Colosseum","player_choice":"Fled From Nobs","floor":25.0,"gold_loss":0.0,"damage_taken":0.0},{"damage_healed":0.0,"max_hp_gain":0.0,"max_hp_loss":0.0,"gold_gain":0.0,"event_name":"Mysterious Sphere","player_choice":"Fight","floor":37.0,"gold_loss":0.0,"damage_taken":0.0},{"damage_healed":0.0,"max_hp_gain":0.0,"max_hp_loss":0.0,"gold_gain":0.0,"event_name":"Winding Halls","player_choice":"Embrace Madness","floor":38.0,"gold_loss":0.0,"damage_taken":14.0,"cards_obtained":["Madness","Madness"]},{"damage_healed":0,"gold_gain":0,"player_choice":"Fight","damage_taken":0,"max_hp_gain":0,"max_hp_loss":0,"event_name":"MindBloom","floor":45,"gold_loss":0},{"damage_healed":0,"gold_gain":0,"player_choice":"Ignored","damage_taken":0,"max_hp_gain":0,"max_hp_loss":0,"event_name":"Tomb of Lord Red Mask","floor":47,"gold_loss":0}],"is_beta":true,"boss_relics":[{"not_picked":["Runic Dome","Black Star"],"picked":"Philosopher\u0027s Stone"},{"not_picked":["Orrery","Fusion Hammer"],"picked":"FrozenCore"}],"items_purged_floors":[5,36],"is_endless":false,"potions_floor_spawned":[6,8,11,22,23,27,28,37,41,42,45],"ascension_level":20}