{"gold_per_floor":[115,1,1,11,11,11,42,42,42,42,66,66,89,104,104,225,225,244,49,74,98,122,122,122,155,155,180,180,130,130,130,130,256,256,277,277,176,509,519,519,554,554,608,624,624,640,600,632,632,632],"floor_reached":51,"playtime":1477,"items_purged":["Decay","Strike_G","Defend_G"],"score":1073,"play_id":"0d7ae9ec-100c-451a-8ba6-a021487260c7","local_time":"20181124210013","is_ascension_mode":false,"campfire_choices":[{"data":"Grand Finale","floor":6.0,"key":"SMITH"},{"data":"Acrobatics","floor":8.0,"key":"SMITH"},{"data":"Backflip","floor":10.0,"key":"SMITH"},{"data":"Acrobatics","floor":15.0,"key":"SMITH"},{"data":"Acrobatics","floor":23.0,"key":"SMITH"},{"data":"Burst","floor":28.0,"key":"SMITH"},{"data":"Backflip","floor":30.0,"key":"SMITH"},{"data":"Concentrate","floor":32.0,"key":"SMITH"},{"data":"Calculated Gamble","floor":40.0,"key":"SMITH"},{"data":"Neutralize","floor":42.0,"key":"SMITH"},{"data":"Survivor","floor":45.0,"key":"SMITH"},{"data":"Defend_G","floor":49,"key":"SMITH"}],"neow_cost":"CURSE","seed_source_timestamp":40512645128783,"circlet_count":0,"master_deck":["Defend_G","Defend_G+1","Defend_G","Strike_G+1","Strike_G+1","Survivor+1","Neutralize+1","Grand Finale+1","Acrobatics+1","Concentrate+1","Backflip+1","Backflip+1","Acrobatics+1","Burst+1","All Out Attack+1","Terror+1","Heel Hook+1","Acrobatics+1","Well Laid Plans+1","Reflex+1","Calculated Gamble+1"],"special_seed":0,"relics":["Ring of the Snake","Pear","Whetstone","Astrolabe","Membership Card","Turnip","Sundial","Sozu","Nunchaku","Happy Flower","Pen Nib"],"potions_floor_usage":[50],"damage_taken":[{"damage":0.0,"enemies":"2 Louse","floor":1.0,"turns":4.0},{"damage":0.0,"enemies":"Small Slimes","floor":4.0,"turns":2.0},{"damage":53.0,"enemies":"3 Sentries","floor":7.0,"turns":15.0},{"damage":0.0,"enemies":"Jaw Worm","floor":11.0,"turns":2.0},{"damage":7.0,"enemies":"3 Louse","floor":13.0,"turns":5.0},{"damage":0.0,"enemies":"Large Slime","floor":14.0,"turns":3.0},{"damage":0.0,"enemies":"Hexaghost","floor":16.0,"turns":9.0},{"damage":0.0,"enemies":"Chosen","floor":18.0,"turns":1.0},{"damage":0.0,"enemies":"3 Byrds","floor":20.0,"turns":1.0},{"damage":0.0,"enemies":"3 Cultists","floor":21.0,"turns":2.0},{"damage":3.0,"enemies":"Snake Plant","floor":22.0,"turns":2.0},{"damage":0.0,"enemies":"Slavers","floor":25.0,"turns":1.0},{"damage":0.0,"enemies":"Shelled Parasite and Fungi","floor":27.0,"turns":1.0},{"damage":0.0,"enemies":"Champ","floor":33.0,"turns":2.0},{"damage":0.0,"enemies":"Orb Walker","floor":35.0,"turns":2.0},{"damage":0.0,"enemies":"3 Shapes","floor":39.0,"turns":1.0},{"damage":0.0,"enemies":"Nemesis","floor":41.0,"turns":1.0},{"damage":0.0,"enemies":"3 Darklings","floor":44.0,"turns":1.0},{"damage":0.0,"enemies":"4 Shapes","floor":46.0,"turns":1.0},{"damage":0,"enemies":"Reptomancer","floor":48,"turns":1},{"damage":0,"enemies":"Donu and Deca","floor":50,"turns":3}],"seed_played":"-2941487726190171586","potions_obtained":[{"floor":4.0,"key":"FearPotion"},{"floor":13.0,"key":"Explosive Potion"},{"floor":21.0,"key":"PowerPotion"},{"floor":22.0,"key":"Dexterity Potion"}],"is_trial":false,"path_per_floor":["M","$","?","M","?","R","E","R","T","R","M","$","M","M","R","B",null,"M","$","M","M","M","R","?","E","T","M","R","$","R","?","R","B",null,"M","?","$","?","M","R","E","R","T","M","R","M","M","?","E","R","B",null],"character_chosen":"THE_SILENT","items_purchased":["Concentrate","Membership Card","Calculated Gamble"],"campfire_rested":0,"item_purchase_floors":[2,19,37],"current_hp_per_floor":[70,70,75,75,69,69,26,26,26,26,26,26,19,19,19,19,79,79,79,79,79,76,76,76,76,76,76,76,76,76,76,76,76,79,79,75,75,75,75,75,75,75,75,75,75,75,75,75,75,75],"gold":632,"neow_bonus":"THREE_RARE_CARDS","is_prod":false,"is_daily":false,"chose_seed":false,"campfire_upgraded":12,"win_rate":0,"timestamp":1543064413,"path_taken":["M","$","?","M","?","R","E","R","T","R","M","$","M","?","R","BOSS","M","$","M","M","M","R","?","E","T","M","R","$","R","?","R","BOSS","M","?","$","?","M","R","E","R","T","M","R","M","?","E","R","BOSS"],"build_version":"2018-11-15","purchased_purges":3,"victory":true,"max_hp_per_floor":[70,70,75,75,69,69,79,79,79,79,79,79,79,79,79,79,79,79,79,79,79,79,79,79,79,79,79,79,79,79,79,79,79,79,79,75,75,75,75,75,75,75,75,75,75,75,75,75,75,75],"card_choices":[{"not_picked":["Wraith Form v2","Envenom"],"picked":"Grand Finale","floor":0.0},{"not_picked":["Dodge and Roll","Bouncing Flask"],"picked":"Acrobatics","floor":1.0},{"not_picked":["Accuracy","Dodge and Roll","Backflip"],"picked":"SKIP","floor":4.0},{"not_picked":["Accuracy","Infinite Blades"],"picked":"Backflip","floor":7.0},{"not_picked":["Poisoned Stab","Prepared"],"picked":"Backflip","floor":11.0},{"not_picked":["Deflect","Cloak And Dagger"],"picked":"Acrobatics","floor":13.0},{"not_picked":["Catalyst","Infinite Blades","A Thousand Cuts"],"picked":"SKIP","floor":14.0},{"not_picked":["Die Die Die","Envenom"],"picked":"Burst","floor":16.0},{"not_picked":["Dagger Spray","Prepared"],"picked":"Acrobatics","floor":18.0},{"not_picked":["Dagger Throw","Deadly Poison","Prepared"],"picked":"SKIP","floor":20.0},{"not_picked":["Flying Knee+1","Blade Dance+1","PiercingWail"],"picked":"SKIP","floor":21.0},{"not_picked":["Concentrate","Blur"],"picked":"Well Laid Plans+1","floor":22.0},{"not_picked":["Cloak And Dagger","Die Die Die","Blur"],"picked":"SKIP","floor":25.0},{"not_picked":["Setup","Cloak And Dagger+1","Predator"],"picked":"SKIP","floor":27.0},{"not_picked":["Outmaneuver+1","Deflect"],"picked":"Reflex+1","floor":35.0},{"not_picked":["Endless Agony","Choke+1","Caltrops+1"],"picked":"SKIP","floor":39.0},{"not_picked":["Masterful Stab+1","A Thousand Cuts","Backstab+1"],"picked":"SKIP","floor":41.0},{"not_picked":["Outmaneuver+1","Endless Agony+1","Dagger Throw+1"],"picked":"SKIP","floor":44.0},{"not_picked":["Cloak And Dagger+1","Underhanded Strike","Quick Slash+1"],"picked":"SKIP","floor":46},{"not_picked":["Infinite Blades+1","All Out Attack","Deflect"],"picked":"SKIP","floor":48}],"player_experience":1164068,"relics_obtained":[{"floor":7.0,"key":"Pear"},{"floor":9.0,"key":"Whetstone"},{"floor":25.0,"key":"Turnip"},{"floor":26.0,"key":"Sundial"},{"floor":41.0,"key":"Nunchaku"},{"floor":43.0,"key":"Happy Flower"},{"floor":48,"key":"Pen Nib"}],"event_choices":[{"damage_healed":0.0,"max_hp_gain":5.0,"max_hp_loss":0.0,"gold_gain":0.0,"event_name":"Big Fish","player_choice":"Donut","floor":3.0,"gold_loss":0.0,"damage_taken":0.0},{"damage_healed":0.0,"max_hp_gain":0.0,"max_hp_loss":6.0,"gold_gain":0.0,"event_name":"Golden Idol","player_choice":"Lose Max HP","floor":5.0,"gold_loss":0.0,"damage_taken":0.0,"relics_obtained":["Golden Idol"]},{"damage_healed":0.0,"max_hp_gain":0.0,"max_hp_loss":0.0,"gold_gain":0.0,"event_name":"Ghosts","player_choice":"Ignored","floor":24.0,"gold_loss":0.0,"damage_taken":0.0},{"damage_healed":0.0,"max_hp_gain":0.0,"max_hp_loss":0.0,"gold_gain":0.0,"event_name":"The Mausoleum","player_choice":"Ignored","floor":31.0,"gold_loss":0.0,"damage_taken":0.0},{"damage_healed":0.0,"max_hp_gain":0.0,"max_hp_loss":4.0,"gold_gain":0.0,"event_name":"Winding Halls","player_choice":"Max HP","floor":36.0,"gold_loss":0.0,"damage_taken":0.0},{"damage_healed":0.0,"max_hp_gain":0.0,"max_hp_loss":0.0,"gold_gain":333.0,"event_name":"The Moai Head","player_choice":"Gave Idol","floor":38.0,"relics_lost":["Golden Idol"],"gold_loss":0.0,"damage_taken":0.0},{"damage_healed":0,"gold_gain":0,"player_choice":"Bought 3 Potions","damage_taken":0,"max_hp_gain":0,"max_hp_loss":0,"event_name":"The Woman in Blue","floor":47,"gold_loss":0}],"is_beta":false,"boss_relics":[{"not_picked":["Fusion Hammer","Ectoplasm"],"picked":"Astrolabe"},{"not_picked":["Busted Crown","Orrery"],"picked":"Sozu"}],"items_purged_floors":[2,29,37],"is_endless":false,"potions_floor_spawned":[4,13,21,22,44,46],"ascension_level":0}