{"gold_per_floor":[114,132,152,152,152,187,213,13,13,13,42,42,317,317,317,317],"floor_reached":16,"playtime":1369,"items_purged":[],"score":106,"play_id":"3ce0c3a2-1e7a-455d-8ddc-1d7f843e6e64","local_time":"20190802213624","is_ascension_mode":false,"campfire_choices":[{"floor":10,"key":"REST"},{"floor":12,"key":"REST"},{"floor":15,"key":"REST"}],"neow_cost":"NONE","seed_source_timestamp":432767533785200,"circlet_count":0,"master_deck":["Strike_R","Strike_R","Strike_R","Strike_R","Strike_R","Defend_R","Defend_R+1","Defend_R","Defend_R","Bash","Spot Weakness+1","Uppercut","Whirlwind","Second Wind","Regret"],"relics":["Burning Blood","Bottled Flame","Odd Mushroom","Medical Kit","Orichalcum","Juzu Bracelet","Letter Opener"],"potions_floor_usage":[],"damage_taken":[{"damage":14,"enemies":"2 Louse","floor":1,"turns":5},{"damage":0,"enemies":"Small Slimes","floor":2,"turns":3},{"damage":4,"enemies":"Cultist","floor":3,"turns":4},{"damage":35,"enemies":"3 Sentries","floor":6,"turns":7},{"damage":32,"enemies":"The Mushroom Lair","floor":7,"turns":3},{"damage":34,"enemies":"Lagavulin","floor":11,"turns":7},{"damage":65,"enemies":"Slime Boss","floor":16,"turns":10}],"seed_played":"3277234637991294208","potions_obtained":[{"floor":3,"key":"SmokeBomb"},{"floor":6,"key":"Dexterity Potion"},{"floor":7,"key":"PowerPotion"}],"is_trial":false,"path_per_floor":["M","M","M","$","?","E","?","$","T","R","E","R","?","?","R","B"],"character_chosen":"IRONCLAD","items_purchased":["Medical Kit"],"campfire_rested":3,"item_purchase_floors":[8],"current_hp_per_floor":[80,86,88,88,70,41,15,15,15,41,13,39,39,39,65,0],"gold":317,"neow_bonus":"TEN_PERCENT_HP_BONUS","is_prod":false,"is_daily":false,"chose_seed":false,"campfire_upgraded":0,"win_rate":0.0,"timestamp":1564803384,"path_taken":["M","M","M","$","?","E","?","$","T","R","E","R","?","?","R","BOSS"],"build_version":"2019-07-17","purchased_purges":0,"victory":false,"max_hp_per_floor":[88,88,88,88,88,88,88,88,88,88,88,88,88,88,88,88],"card_choices":[{"not_picked":["Heavy Blade","Feel No Pain"],"picked":"Spot Weakness","floor":1},{"not_picked":["Infernal Blade","True Grit"],"picked":"Iron Wave","floor":2},{"not_picked":["Flex","Sword Boomerang"],"picked":"Uppercut","floor":3},{"not_picked":["Headbutt","Carnage"],"picked":"Whirlwind","floor":6},{"not_picked":["Clothesline","Spot Weakness"],"picked":"Second Wind","floor":7},{"not_picked":["Warcry","Bloodletting","Thunderclap"],"picked":"SKIP","floor":11}],"player_experience":16032,"relics_obtained":[{"floor":6,"key":"Bottled Flame"},{"floor":7,"key":"Odd Mushroom"},{"floor":9,"key":"Orichalcum"},{"floor":11,"key":"Juzu Bracelet"}],"event_choices":[{"damage_healed":0,"gold_gain":0,"player_choice":"Entered Light","damage_taken":18,"max_hp_gain":0,"max_hp_loss":0,"event_name":"Shining Light","floor":5,"gold_loss":0,"cards_upgraded":["Defend_R","Spot Weakness"]},{"damage_healed":0,"gold_gain":0,"player_choice":"Fought Mushrooms","damage_taken":0,"max_hp_gain":0,"max_hp_loss":0,"event_name":"Mushrooms","floor":7,"gold_loss":0},{"damage_healed":0,"gold_gain":275,"player_choice":"Desecrate","damage_taken":0,"max_hp_gain":0,"max_hp_loss":0,"event_name":"Golden Shrine","floor":13,"gold_loss":0,"cards_obtained":["Regret"]},{"cards_removed":["Iron Wave"],"damage_healed":0,"gold_gain":0,"player_choice":"Gave Card","damage_taken":0,"relics_obtained":["Letter Opener"],"max_hp_gain":0,"max_hp_loss":0,"event_name":"WeMeetAgain","floor":14,"gold_loss":0}],"is_beta":false,"boss_relics":[],"items_purged_floors":[],"is_endless":false,"potions_floor_spawned":[3,6,7],"killed_by":"Slime Boss","ascension_level":0}