{"gold_per_floor":[361,511,511,530,542,542,123,123,123,138,138,38,49,84,84,162,162,172,47,47,60,60,60,60,60,60,76,76,76],"floor_reached":29,"playtime":687,"items_purged":["Normality","Strike_B","Strike_B"],"score":442,"play_id":"4b195320-689b-4cfa-a487-85c9ebcdf1b1","local_time":"20190505154637","is_ascension_mode":true,"campfire_choices":[{"data":"Dualcast","floor":6.0,"key":"SMITH"},{"data":"Zap","floor":8,"key":"SMITH"},{"data":"Rainbow","floor":11,"key":"SMITH"},{"data":"Darkness","floor":15,"key":"SMITH"},{"floor":23,"key":"REST"}],"neow_cost":"CURSE","seed_source_timestamp":21746032596694,"circlet_count":0,"master_deck":["AscendersBane","Strike_B","Strike_B","Defend_B","Defend_B","Defend_B","Defend_B","Zap+1","Dualcast+1","Cold Snap","Auto Shields","Rainbow+1","Ball Lightning","Darkness+1","Coolheaded","Meteor Strike","Rainbow+1","Conserve Battery+1","Hologram"],"special_seed":0,"relics":["Cracked Core","Gambling Chip","Centennial Puzzle","Letter Opener","Philosopher\u0027s Stone","Pear","Matryoshka"],"potions_floor_usage":[],"damage_taken":[{"damage":6.0,"enemies":"Cultist","floor":1.0,"turns":4.0},{"damage":7.0,"enemies":"Jaw Worm","floor":4.0,"turns":4.0},{"damage":4.0,"enemies":"2 Louse","floor":5.0,"turns":3.0},{"damage":4,"enemies":"Red Slaver","floor":10,"turns":3},{"damage":9,"enemies":"3 Louse","floor":13,"turns":2},{"damage":2,"enemies":"Lagavulin","floor":14,"turns":6},{"damage":10,"enemies":"Hexaghost","floor":16,"turns":8},{"damage":23,"enemies":"Shell Parasite","floor":18,"turns":5},{"damage":33,"enemies":"3 Byrds","floor":21,"turns":3},{"damage":10,"enemies":"Snake Plant","floor":27,"turns":3},{"damage":5,"enemies":"3 Cultists","floor":29,"turns":2}],"seed_played":"-3470655033035685372","potions_obtained":[{"floor":5.0,"key":"Poison Potion"},{"floor":16,"key":"PowerPotion"}],"is_trial":false,"path_per_floor":["M","?","?","M","M","R","$","R","T","M","R","$","M","E","R","B",null,"M","$","?","M","?","R","?","?","T","M","$","M"],"character_chosen":"DEFECT","items_purchased":["Gambling Chip"],"campfire_rested":1,"item_purchase_floors":[7],"current_hp_per_floor":[58,58,51,44,40,40,40,40,40,36,36,36,27,25,25,15,57,34,34,34,1,11,35,12,12,12,2,2,0],"gold":76,"neow_bonus":"TWO_FIFTY_GOLD","is_prod":false,"is_daily":false,"chose_seed":false,"campfire_upgraded":4,"win_rate":0,"timestamp":1557042397,"path_taken":["M","?","?","M","M","R","$","R","T","M","R","$","M","E","R","BOSS","M","$","?","?","?","R","?","?","T","M","$","M"],"build_version":"2019-01-23","purchased_purges":3,"victory":false,"max_hp_per_floor":[71,71,71,71,71,71,71,71,71,71,71,71,71,71,71,71,71,71,71,71,71,81,81,86,86,86,86,86,86],"card_choices":[{"not_picked":["Beam Cell","Conserve Battery"],"picked":"Cold Snap","floor":1.0},{"not_picked":["Go for the Eyes","Aggregate"],"picked":"Auto Shields","floor":4.0},{"not_picked":["Rebound","Coolheaded"],"picked":"Rainbow","floor":5.0},{"not_picked":["Steam","Force Field"],"picked":"Ball Lightning","floor":10},{"not_picked":["Cold Snap","Ball Lightning"],"picked":"Darkness","floor":13},{"not_picked":["BootSequence","Hyperbeam"],"picked":"Coolheaded","floor":14},{"not_picked":["Multi-Cast","Hyperbeam"],"picked":"Meteor Strike","floor":16},{"not_picked":["Leap+1","Ball Lightning","Rip and Tear"],"picked":"SKIP","floor":18},{"not_picked":["Blizzard","Compile Driver"],"picked":"Conserve Battery+1","floor":21},{"not_picked":["Steam","Barrage"],"picked":"Hologram","floor":27}],"player_experience":4597396,"relics_obtained":[{"floor":9,"key":"Centennial Puzzle"},{"floor":14,"key":"Letter Opener"},{"floor":26,"key":"Matryoshka"}],"event_choices":[{"damage_healed":0.0,"max_hp_gain":0.0,"max_hp_loss":0.0,"gold_gain":150.0,"event_name":"Liars Game","player_choice":"AGREE","floor":2.0,"gold_loss":0.0,"damage_taken":0.0,"cards_obtained":["Doubt"]},{"cards_removed":["Doubt"],"damage_healed":0.0,"max_hp_gain":0.0,"max_hp_loss":0.0,"gold_gain":0.0,"event_name":"Golden Wing","player_choice":"Card Removal","floor":3.0,"gold_loss":0.0,"damage_taken":7.0},{"damage_healed":0,"gold_gain":0,"player_choice":"Copied","damage_taken":0,"max_hp_gain":0,"max_hp_loss":0,"event_name":"Duplicator","floor":20,"gold_loss":0,"cards_obtained":["Rainbow"]},{"damage_healed":0,"gold_gain":0,"player_choice":"Stole Relic","damage_taken":0,"relics_obtained":["Pear"],"max_hp_gain":0,"max_hp_loss":0,"event_name":"Addict","floor":22,"gold_loss":0,"cards_obtained":["Shame"]},{"damage_healed":0,"gold_gain":0,"player_choice":"Shed Blood","damage_taken":28,"max_hp_gain":5,"max_hp_loss":0,"event_name":"Forgotten Altar","floor":24,"gold_loss":0},{"cards_removed":["Shame"],"damage_healed":0,"gold_gain":0,"player_choice":"Purged","damage_taken":0,"max_hp_gain":0,"max_hp_loss":0,"event_name":"Purifier","floor":25,"gold_loss":0}],"is_beta":false,"boss_relics":[{"not_picked":["FrozenCore","Ectoplasm"],"picked":"Philosopher\u0027s Stone"}],"items_purged_floors":[7,12,19],"is_endless":false,"potions_floor_spawned":[5,16,18,27],"killed_by":"3 Cultists","ascension_level":20}