{"gold_per_floor":[10,26,37,47,57,57,77,95,151,151,180,180,130,144,144,248,248,258,59,59,59,78,104,124,124,174,59,72,72],"floor_reached":29,"playtime":962,"items_purged":["Strike_B"],"score":386,"play_id":"22d17593-a974-4bd4-aea9-972cd205a8e0","local_time":"20181010232348","is_ascension_mode":true,"campfire_choices":[{"floor":6,"key":"REST"},{"floor":10,"key":"REST"},{"data":"Capacitor","floor":12,"key":"SMITH"},{"data":"Defragment","floor":15,"key":"SMITH"},{"floor":25,"key":"REST"}],"neow_cost":"NO_GOLD","seed_source_timestamp":9403118928684,"circlet_count":0,"master_deck":["Defend_B","Zap","Dualcast","AscendersBane","Streamline","Rip and Tear","Self Repair","Conserve Battery","Capacitor+1","Cold Snap","Chill","Recycle","Defragment+1","Buffer","Darkness+1","Static Discharge+1","Redo+1","Leap","Stack+1","Capacitor+1","Defragment","Warcry+1"],"relics":["Cracked Core","Tiny Chest","Art of War","Astrolabe","PrismaticShard","Anchor","Dream Catcher"],"potions_floor_usage":[11,16,18,23,24],"damage_taken":[{"damage":0,"enemies":"Small Slimes","floor":1,"turns":3},{"damage":4,"enemies":"Jaw Worm","floor":2,"turns":3},{"damage":4,"enemies":"2 Louse","floor":3,"turns":2},{"damage":14,"enemies":"Red Slaver","floor":4,"turns":3},{"damage":25,"enemies":"Exordium Thugs","floor":5,"turns":4},{"damage":20,"enemies":"Large Slime","floor":7,"turns":5},{"damage":3,"enemies":"Blue Slaver","floor":8,"turns":3},{"damage":28,"enemies":"Gremlin Nob","floor":11,"turns":5},{"damage":7,"enemies":"Looter","floor":14,"turns":3},{"damage":3,"enemies":"The Guardian","floor":16,"turns":9},{"damage":32,"enemies":"2 Thieves","floor":18,"turns":4},{"damage":8,"enemies":"Shell Parasite","floor":22,"turns":3},{"damage":41,"enemies":"Gremlin Leader","floor":23,"turns":10},{"damage":11,"enemies":"Snecko","floor":24,"turns":5},{"damage":18,"enemies":"Shelled Parasite and Fungi","floor":28,"turns":9},{"damage":29,"enemies":"Book of Stabbing","floor":29,"turns":5}],"seed_played":"6091282548017417883","potions_obtained":[{"floor":5,"key":"PowerPotion"},{"floor":7,"key":"Block Potion"},{"floor":11,"key":"FocusPotion"},{"floor":16,"key":"Regen Potion"},{"floor":20,"key":"Ancient Potion"},{"floor":28,"key":"SpeedPotion"}],"is_trial":false,"path_per_floor":["M","M","M","M","M","R","M","M","T","R","E","R","?","M","R","B",null,"M","$","?","?","M","E","M","R","T","$","M"],"character_chosen":"DEFECT","items_purchased":["PrismaticShard","Defragment"],"campfire_rested":3,"item_purchase_floors":[19,27],"current_hp_per_floor":[68,64,60,53,35,57,44,41,41,63,42,42,42,42,42,46,68,55,55,55,55,54,20,16,38,38,38,27,0],"gold":72,"neow_bonus":"REMOVE_TWO","is_prod":false,"is_daily":false,"chose_seed":false,"campfire_upgraded":2,"win_rate":0,"timestamp":1539185028,"path_taken":["M","M","M","M","M","R","M","M","T","R","E","R","?","M","R","BOSS","M","$","?","?","M","E","M","R","T","$","M","E"],"build_version":"2018-10-04v2","purchased_purges":1,"victory":false,"max_hp_per_floor":[75,75,75,75,75,75,75,75,75,75,75,75,75,75,75,75,75,75,75,75,75,75,75,75,75,75,75,75,75],"card_choices":[{"not_picked":["Hologram","Steam"],"picked":"Streamline","floor":1},{"not_picked":["Cold Snap","Barrage"],"picked":"Rip and Tear","floor":2},{"not_picked":["Hologram","Scrape"],"picked":"Self Repair","floor":3},{"not_picked":["Fusion","Rebound"],"picked":"Conserve Battery","floor":4},{"not_picked":["Sweeping Beam","Hologram"],"picked":"Capacitor","floor":5},{"not_picked":["Lockon","Gash"],"picked":"Cold Snap","floor":7},{"not_picked":["Turbo","Doom and Gloom"],"picked":"Chill","floor":8},{"not_picked":["Amplify","Streamline"],"picked":"Recycle","floor":11},{"not_picked":["Rebound","Beam Cell"],"picked":"Defragment","floor":14},{"not_picked":["Machine Learning","All For One"],"picked":"Buffer","floor":16},{"not_picked":["FTL+1","Steam"],"picked":"Leap","floor":18},{"not_picked":["Tempest","Thunderclap"],"picked":"Stack+1","floor":22},{"not_picked":["Perfected Strike","Genetic Algorithm","Sentinel"],"picked":"SKIP","floor":23},{"not_picked":["Rebound","Armaments"],"picked":"Capacitor+1","floor":24},{"not_picked":["Rip and Tear+1","Steam+1"],"picked":"Warcry+1","floor":28}],"player_experience":93865,"relics_obtained":[{"floor":9,"key":"Tiny Chest"},{"floor":11,"key":"Art of War"},{"floor":23,"key":"Anchor"},{"floor":26,"key":"Dream Catcher"}],"event_choices":[{"event_name":"The Cleric","player_choice":"Card Removal","floor":13,"damage_taken":0},{"event_name":"The Lab","player_choice":"Got Potions","floor":20,"damage_taken":0},{"event_name":"Cursed Tome","player_choice":"Ignored","floor":21,"damage_taken":0}],"is_beta":false,"boss_relics":[{"not_picked":["Tiny House","Calling Bell"],"picked":"Astrolabe"}],"items_purged_floors":[27],"is_endless":false,"potions_floor_spawned":[5,7,11,16,22,28],"killed_by":"Book of Stabbing","ascension_level":11}