{"gold_per_floor":[365,365,384,398,92,92,108,183,183,183,193,205,51,66,66,169,169,187,215,229,329,75,75,102,102,102,152,163,163,523,537,537,642,642,653,653,653,669,682,682,682,699,723,723,823,823,46,61,61,61],"floor_reached":51,"playtime":1765,"items_purged":["Strike_B","Strike_B"],"score":832,"play_id":"cf2342ed-3218-4447-b896-026a10fc9fc4","local_time":"20190615151150","is_ascension_mode":false,"campfire_choices":[{"data":"Darkness","floor":6.0,"key":"SMITH"},{"data":"Defragment","floor":10.0,"key":"SMITH"},{"floor":15.0,"key":"REST"},{"data":"Loop","floor":23.0,"key":"SMITH"},{"data":"Zap","floor":25.0,"key":"SMITH"},{"data":"Conserve Battery","floor":29.0,"key":"SMITH"},{"data":"Melter","floor":32.0,"key":"SMITH"},{"data":"Tempest","floor":40.0,"key":"SMITH"},{"data":"Beam Cell","floor":46,"key":"SMITH"},{"data":"Storm","floor":49,"key":"SMITH"}],"neow_cost":"PERCENT_DAMAGE","seed_source_timestamp":16100790419914,"circlet_count":0,"master_deck":["Zap+1","Dualcast+1","Tempest+1","Conserve Battery+1","Melter+1","Defragment+1","Darkness+1","Genetic Algorithm","Hologram+1","Conserve Battery+1","Fission+1","Loop+1","Coolheaded+1","Turbo+1","Reboot+1","Blizzard","Scrape","Amplify+1","Hologram+1","Beam Cell+1","Hologram+1","Trip+1","Chaos+1","Double Energy+1","Lockon+1","Storm+1","Static Discharge","Storm+1","Static Discharge","Hello World","Hello World","Storm","Defragment","Static Discharge","Capacitor","Static Discharge","Defragment","Heatsinks","Defragment","Skim+1"],"special_seed":0,"relics":["Cracked Core","Toxic Egg 2","Anchor","Runic Pyramid","Red Mask","Ginger","Ornamental Fan","DataDisk","Matryoshka","Bag of Preparation","Lantern","Pandora\u0027s Box","The Courier","Orichalcum","Pocketwatch"],"potions_floor_usage":[50,50],"damage_taken":[{"damage":6.0,"enemies":"Jaw Worm","floor":1.0,"turns":3.0},{"damage":1.0,"enemies":"Cultist","floor":3.0,"turns":3.0},{"damage":2.0,"enemies":"Small Slimes","floor":4.0,"turns":4.0},{"damage":0.0,"enemies":"Looter","floor":7.0,"turns":1.0},{"damage":4.0,"enemies":"Gremlin Gang","floor":11.0,"turns":2.0},{"damage":5.0,"enemies":"2 Fungi Beasts","floor":12.0,"turns":3.0},{"damage":1.0,"enemies":"Exordium Thugs","floor":14.0,"turns":3.0},{"damage":5.0,"enemies":"Slime Boss","floor":16.0,"turns":6.0},{"damage":0.0,"enemies":"3 Byrds","floor":18.0,"turns":4.0},{"damage":4.0,"enemies":"Masked Bandits","floor":19.0,"turns":4.0},{"damage":0.0,"enemies":"Chosen","floor":20.0,"turns":3.0},{"damage":0.0,"enemies":"Colosseum Slavers","floor":21.0,"turns":5.0},{"damage":5.0,"enemies":"Colosseum Nobs","floor":21.0,"turns":4.0},{"damage":0.0,"enemies":"Book of Stabbing","floor":24.0,"turns":5.0},{"damage":0.0,"enemies":"Centurion and Healer","floor":28.0,"turns":4.0},{"damage":0.0,"enemies":"Snecko","floor":31.0,"turns":4.0},{"damage":0.0,"enemies":"Automaton","floor":33.0,"turns":6.0},{"damage":0.0,"enemies":"3 Darklings","floor":35.0,"turns":2.0},{"damage":0.0,"enemies":"Orb Walker","floor":38.0,"turns":3.0},{"damage":0.0,"enemies":"4 Shapes","floor":39.0,"turns":6.0},{"damage":0.0,"enemies":"3 Darklings","floor":42.0,"turns":3.0},{"damage":0,"enemies":"Mind Bloom Boss Battle","floor":45,"turns":3},{"damage":0,"enemies":"Sphere and 2 Shapes","floor":48,"turns":2},{"damage":23,"enemies":"Time Eater","floor":50,"turns":4}],"seed_played":"-8568625008519184069","potions_obtained":[{"floor":1.0,"key":"Explosive Potion"},{"floor":7.0,"key":"PowerPotion"},{"floor":11.0,"key":"SneckoOil"},{"floor":12.0,"key":"GamblersBrew"},{"floor":21.0,"key":"Ancient Potion"},{"floor":24.0,"key":"Fire Potion"},{"floor":28.0,"key":"SkillPotion"},{"floor":35.0,"key":"SkillPotion"}],"is_trial":false,"path_per_floor":["M","?","M","M","$","R","M","?","T","R","M","M","$","M","R","B",null,"M","?","M","?","$","R","E","R","T","?","M","R","?","M","R","B",null,"M","?","?","M","M","R","?","M","T","$","?","R","$","M","R","B",null],"character_chosen":"DEFECT","items_purchased":["Defragment","Darkness","Genetic Algorithm","Anchor","DataDisk","Static Discharge","Storm","Static Discharge","Hello World","Hello World","Storm","Defragment","Static Discharge","Capacitor","Static Discharge","Defragment","Heatsinks","Defragment"],"campfire_rested":1,"item_purchase_floors":[5,5,5,13,22,47,47,47,47,47,47,47,47,47,47,47,47,47],"current_hp_per_floor":[48,48,47,45,45,45,45,34,34,34,30,25,25,24,46,41,75,75,71,71,66,66,66,66,66,66,66,66,66,31,31,31,31,75,75,75,75,75,75,75,75,75,75,75,75,75,75,75,75,52],"gold":61,"neow_bonus":"TWO_FIFTY_GOLD","is_prod":false,"is_daily":false,"chose_seed":false,"campfire_upgraded":9,"win_rate":0,"timestamp":1560582710,"path_taken":["M","?","?","M","$","R","M","?","T","R","M","M","$","M","R","BOSS","M","?","M","?","$","R","E","R","T","?","?","R","?","M","R","BOSS","M","?","?","M","M","R","?","M","T","$","?","R","$","M","R","BOSS"],"build_version":"2019-01-23","purchased_purges":2,"victory":true,"max_hp_per_floor":[75,75,75,75,75,75,75,75,75,75,75,75,75,75,75,75,75,75,75,75,75,75,75,75,75,75,75,75,75,75,75,75,75,75,75,75,75,75,75,75,75,75,75,75,75,75,75,75,75,75],"card_choices":[{"not_picked":["Conserve Battery","Turbo"],"picked":"Tempest","floor":1.0},{"not_picked":["Leap","Steam"],"picked":"Conserve Battery","floor":3.0},{"not_picked":["Reprogram","Conserve Battery"],"picked":"Melter","floor":4.0},{"not_picked":["Beam Cell","Streamline","Gash"],"picked":"SKIP","floor":7.0},{"not_picked":["Sweeping Beam","Barrage"],"picked":"Hologram+1","floor":11.0},{"not_picked":["Sweeping Beam","Steam Power+1"],"picked":"Conserve Battery+1","floor":12.0},{"not_picked":["Rip and Tear","Doom and Gloom","Sweeping Beam"],"picked":"SKIP","floor":14.0},{"not_picked":["All For One","Seek+1"],"picked":"Fission+1","floor":16.0},{"not_picked":["Steam+1","Compile Driver"],"picked":"Loop","floor":18.0},{"not_picked":["Sunder","Blizzard+1","Sweeping Beam"],"picked":"SKIP","floor":20.0},{"not_picked":["Sweeping Beam","Rebound+1"],"picked":"Coolheaded+1","floor":24.0},{"not_picked":["Genetic Algorithm+1","Conserve Battery+1","Stack+1"],"picked":"SKIP","floor":28.0},{"not_picked":["Steam Power+1","Beam Cell"],"picked":"Turbo+1","floor":31.0},{"not_picked":["Echo Form","Buffer"],"picked":"Reboot+1","floor":33.0},{"not_picked":["BootSequence+1","Cold Snap+1"],"picked":"Lockon","floor":35.0},{"not_picked":["Secret Technique+1","Flash of Steel"],"picked":"Trip+1","floor":37.0},{"not_picked":["Rebound","Cold Snap+1"],"picked":"Chaos+1","floor":38.0},{"not_picked":["Barrage+1","Force Field+1"],"picked":"Double Energy+1","floor":39.0},{"not_picked":["Cold Snap","Defragment+1"],"picked":"Lockon+1","floor":42.0},{"not_picked":["Leap+1","Streamline"],"picked":"Storm+1","floor":45},{"not_picked":["Go for the Eyes","Sunder"],"picked":"Skim+1","floor":48}],"player_experience":5244582,"relics_obtained":[{"floor":9.0,"key":"Toxic Egg 2"},{"floor":19.0,"key":"Red Mask"},{"floor":21.0,"key":"Ginger"},{"floor":21.0,"key":"Ornamental Fan"},{"floor":24.0,"key":"Matryoshka"},{"floor":26.0,"key":"Bag of Preparation"},{"floor":26.0,"key":"Lantern"},{"floor":43.0,"key":"The Courier"},{"floor":43.0,"key":"Orichalcum"},{"floor":45,"key":"Pocketwatch"}],"event_choices":[{"damage_healed":0.0,"max_hp_gain":0.0,"max_hp_loss":0.0,"gold_gain":0.0,"event_name":"Upgrade Shrine","player_choice":"Upgraded","floor":2.0,"gold_loss":0.0,"damage_taken":0.0,"cards_upgraded":["Dualcast"]},{"damage_healed":0.0,"max_hp_gain":0.0,"max_hp_loss":0.0,"gold_gain":75.0,"event_name":"World of Goop","player_choice":"Gather Gold","floor":8.0,"gold_loss":0.0,"damage_taken":11.0},{"damage_healed":0.0,"max_hp_gain":0.0,"max_hp_loss":0.0,"gold_gain":0.0,"event_name":"Masked Bandits","player_choice":"Fought Bandits","floor":19.0,"gold_loss":0.0,"damage_taken":0.0},{"damage_healed":0.0,"max_hp_gain":0.0,"max_hp_loss":0.0,"gold_gain":0.0,"event_name":"Colosseum","player_choice":"Fight","floor":21.0,"gold_loss":0.0,"damage_taken":0.0},{"damage_healed":0.0,"max_hp_gain":0.0,"max_hp_loss":0.0,"gold_gain":0.0,"event_name":"Colosseum","player_choice":"Fought Nobs","floor":21.0,"gold_loss":0.0,"damage_taken":0.0},{"damage_healed":0.0,"max_hp_gain":0.0,"max_hp_loss":0.0,"gold_gain":100.0,"event_name":"The Joust","player_choice":"Bet on Murderer","floor":27.0,"gold_loss":50.0,"damage_taken":0.0},{"damage_healed":0.0,"max_hp_gain":0.0,"max_hp_loss":0.0,"gold_gain":360.0,"event_name":"Knowing Skull","player_choice":"GOLD GOLD GOLD GOLD ","floor":30.0,"potions_obtained":[],"gold_loss":0.0,"damage_taken":35.0,"cards_obtained":[]},{"cards_removed":["Lockon"],"damage_healed":0.0,"max_hp_gain":0.0,"max_hp_loss":0.0,"gold_gain":0.0,"event_name":"Falling","player_choice":"Removed Attack","floor":36.0,"gold_loss":0.0,"damage_taken":0.0},{"damage_healed":0.0,"max_hp_gain":0.0,"max_hp_loss":0.0,"gold_gain":0.0,"event_name":"SensoryStone","player_choice":"Memory 1","floor":37.0,"gold_loss":0.0,"damage_taken":0.0},{"damage_healed":0.0,"max_hp_gain":0.0,"max_hp_loss":0.0,"gold_gain":0.0,"event_name":"Mysterious Sphere","player_choice":"Ignored","floor":41.0,"gold_loss":0.0,"damage_taken":0.0},{"damage_healed":0,"gold_gain":0,"player_choice":"Fight","damage_taken":0,"max_hp_gain":0,"max_hp_loss":0,"event_name":"MindBloom","floor":45,"gold_loss":0}],"is_beta":false,"boss_relics":[{"not_picked":["Sozu","Tiny House"],"picked":"Runic Pyramid"},{"not_picked":["White Beast Statue","Fusion Hammer"],"picked":"Pandora\u0027s Box"}],"items_purged_floors":[5,22],"is_endless":false,"potions_floor_spawned":[1,7,11,12,21,21,24,28,33,35,42,48],"ascension_level":0}