{"gold_per_floor":[110,120,45,63,63,63,63,79,79,79,79,79,91,111,111,213,213,232,147,162,197,197,197,210,210,288,288,300,125,136,236,236,339,339,356,375,250,472,472,472,472,484,507,517,517,427,33,33,33,33],"floor_reached":51,"playtime":1197,"items_purged":["Pain","Strike_B","Strike_B"],"score":660,"play_id":"b90d4a20-2bb3-44a9-a989-a1249327bcd2","local_time":"20190612131213","is_ascension_mode":false,"campfire_choices":[{"data":"Dualcast","floor":6,"key":"SMITH"},{"data":"Zap","floor":12,"key":"SMITH"},{"data":"Chaos","floor":15,"key":"SMITH"},{"data":"Consume","floor":23,"key":"SMITH"},{"data":"Capacitor","floor":25,"key":"SMITH"},{"floor":27,"key":"REST"},{"data":"Coolheaded","floor":32,"key":"SMITH"},{"data":"Biased Cognition","floor":40,"key":"SMITH"},{"data":"Multi-Cast","floor":45,"key":"SMITH"},{"data":"Discovery","floor":49,"key":"SMITH"}],"neow_cost":"CURSE","seed_source_timestamp":9208457142030,"circlet_count":0,"master_deck":["Defend_B","Defend_B","Defend_B+1","Zap+1","Dualcast+1","Heatsinks","Tempest+1","Conserve Battery+1","Coolheaded+1","Ball Lightning","Multi-Cast+1","Chaos+1","Loop+1","Consume+1","Capacitor+1","Capacitor+1","Skim","Biased Cognition+1","Heatsinks+1","Discovery+1"],"relics":["FrozenCore","WingedGreaves","Ornamental Fan","War Paint","Velvet Choker","Anchor","Red Mask","Blue Candle","GremlinMask","Bronze Scales","FossilizedHelix"],"potions_floor_usage":[16,16,16,28,42,50,50,50],"damage_taken":[{"damage":1,"enemies":"Small Slimes","floor":1,"turns":3},{"damage":11,"enemies":"2 Louse","floor":2,"turns":2},{"damage":0,"enemies":"Cultist","floor":4,"turns":3},{"damage":0,"enemies":"3 Louse","floor":8,"turns":4},{"damage":0,"enemies":"Looter","floor":13,"turns":3},{"damage":0,"enemies":"Large Slime","floor":14,"turns":3},{"damage":34,"enemies":"Slime Boss","floor":16,"turns":10},{"damage":5,"enemies":"3 Byrds","floor":18,"turns":3},{"damage":3,"enemies":"Chosen","floor":20,"turns":4},{"damage":19,"enemies":"Masked Bandits","floor":21,"turns":3},{"damage":8,"enemies":"Sentry and Sphere","floor":24,"turns":4},{"damage":0,"enemies":"Chosen and Byrds","floor":28,"turns":4},{"damage":14,"enemies":"Centurion and Healer","floor":30,"turns":6},{"damage":12,"enemies":"Champ","floor":33,"turns":8},{"damage":0,"enemies":"3 Shapes","floor":35,"turns":5},{"damage":5,"enemies":"Orb Walker","floor":36,"turns":4},{"damage":0,"enemies":"Transient","floor":42,"turns":5},{"damage":2,"enemies":"Jaw Worm Horde","floor":44,"turns":5},{"damage":34,"enemies":"Donu and Deca","floor":50,"turns":7}],"seed_played":"1077789109883451840","potions_obtained":[{"floor":1,"key":"SteroidPotion"},{"floor":4,"key":"EntropicBrew"},{"floor":24,"key":"Regen Potion"},{"floor":28,"key":"LiquidBronze"},{"floor":30,"key":"PowerPotion"},{"floor":42,"key":"Fruit Juice"},{"floor":44,"key":"Block Potion"}],"is_trial":false,"path_per_floor":["M","M","$","M","?","R","?","M","T","?","T","R","M","M","R","B",null,"M","?","M","?","?","R","M","R","T","R","M","$","M","?","R","B",null,"M","M","$","?","?","R","?","M","T","M","R","?","$","?","R","B",null],"character_chosen":"DEFECT","items_purchased":["Skim","FossilizedHelix","Discovery"],"campfire_rested":1,"item_purchase_floors":[29,47,47],"current_hp_per_floor":[74,63,63,63,68,68,43,43,43,36,36,36,36,36,36,2,80,75,75,72,53,53,53,45,45,45,69,80,80,66,66,66,54,80,80,75,75,75,75,75,75,80,80,78,78,78,78,78,78,44],"gold":33,"neow_bonus":"TRANSFORM_TWO_CARDS","is_prod":false,"is_daily":false,"chose_seed":false,"campfire_upgraded":9,"win_rate":0,"timestamp":1560316333,"path_taken":["M","M","$","M","?","R","?","M","T","?","?","R","?","M","R","BOSS","M","?","M","?","?","R","M","R","T","R","M","$","M","?","R","BOSS","M","M","$","?","?","R","?","M","T","?","R","?","?","?","R","BOSS"],"build_version":"2019-01-23","purchased_purges":3,"victory":true,"max_hp_per_floor":[75,75,75,75,80,80,80,80,80,80,80,80,80,80,80,80,80,80,80,80,80,80,80,80,80,80,80,80,80,80,80,80,80,80,80,80,80,80,80,80,80,85,85,85,85,85,85,81,81,81],"card_choices":[{"not_picked":["Redo","Conserve Battery"],"picked":"Tempest","floor":1},{"not_picked":["Compile Driver","Force Field"],"picked":"Conserve Battery","floor":2},{"not_picked":["Blizzard","Steam"],"picked":"Coolheaded","floor":4},{"not_picked":["Hologram","Coolheaded"],"picked":"Ball Lightning","floor":8},{"not_picked":["Reinforced Body","Stack"],"picked":"Multi-Cast","floor":13},{"not_picked":["Go for the Eyes","Beam Cell"],"picked":"Chaos","floor":14},{"not_picked":["Seek","Amplify"],"picked":"Hyperbeam","floor":16},{"not_picked":["Sweeping Beam+1","Go for the Eyes"],"picked":"Loop+1","floor":18},{"not_picked":["Steam","Leap"],"picked":"Consume","floor":20},{"not_picked":["FTL+1","Skim"],"picked":"Capacitor+1","floor":21},{"not_picked":["Leap","Stack"],"picked":"Capacitor","floor":24},{"not_picked":["Rebound","Leap+1","Steam"],"picked":"SKIP","floor":28},{"not_picked":["Melter","Scrape","Barrage+1"],"picked":"SKIP","floor":30},{"not_picked":["Meteor Strike","All For One"],"picked":"Biased Cognition","floor":33},{"not_picked":["Ball Lightning","Steam","Beam Cell+1"],"picked":"SKIP","floor":35},{"not_picked":["Defragment","Steam+1"],"picked":"Heatsinks+1","floor":36},{"not_picked":["Rebound","FTL+1","Reprogram+1"],"picked":"SKIP","floor":42},{"not_picked":["Stack+1","Hyperbeam","Cold Snap"],"picked":"SKIP","floor":44}],"player_experience":5095624,"relics_obtained":[{"floor":9,"key":"Ornamental Fan"},{"floor":11,"key":"War Paint"},{"floor":21,"key":"Red Mask"},{"floor":26,"key":"Blue Candle"},{"floor":43,"key":"Bronze Scales"}],"event_choices":[{"damage_healed":0,"gold_gain":0,"player_choice":"Donut","damage_taken":0,"max_hp_gain":5,"max_hp_loss":0,"event_name":"Big Fish","floor":5,"gold_loss":0},{"damage_healed":0,"gold_gain":0,"player_choice":"Success","damage_taken":25,"relics_obtained":["WingedGreaves"],"max_hp_gain":0,"max_hp_loss":0,"event_name":"Scrap Ooze","floor":7,"gold_loss":0},{"cards_removed":["Reprogram"],"damage_healed":0,"gold_gain":0,"player_choice":"Card Removal","damage_taken":7,"max_hp_gain":0,"max_hp_loss":0,"event_name":"Golden Wing","floor":10,"gold_loss":0},{"damage_healed":0,"gold_gain":0,"player_choice":"Obtained Relic","damage_taken":0,"relics_obtained":["Anchor"],"max_hp_gain":0,"max_hp_loss":0,"event_name":"Addict","floor":19,"gold_loss":85},{"damage_healed":0,"gold_gain":0,"player_choice":"Fought Bandits","damage_taken":0,"max_hp_gain":0,"max_hp_loss":0,"event_name":"Masked Bandits","floor":21,"gold_loss":0},{"damage_healed":0,"gold_gain":0,"player_choice":"Ignored","damage_taken":0,"max_hp_gain":0,"max_hp_loss":0,"event_name":"Vampires","floor":22,"gold_loss":0},{"damage_healed":0,"gold_gain":100,"player_choice":"Pray","damage_taken":0,"max_hp_gain":0,"max_hp_loss":0,"event_name":"Golden Shrine","floor":31,"gold_loss":0},{"damage_healed":0,"gold_gain":222,"player_choice":"Wore Mask","damage_taken":0,"max_hp_gain":0,"max_hp_loss":0,"event_name":"Tomb of Lord Red Mask","floor":38,"gold_loss":0},{"cards_removed":["Hyperbeam"],"damage_healed":0,"gold_gain":0,"player_choice":"Removed Attack","damage_taken":0,"max_hp_gain":0,"max_hp_loss":0,"event_name":"Falling","floor":39,"gold_loss":0},{"damage_healed":0,"gold_gain":0,"player_choice":"Trade","damage_taken":0,"relics_obtained":["GremlinMask"],"max_hp_gain":0,"max_hp_loss":0,"event_name":"FaceTrader","floor":41,"gold_loss":0},{"cards_removed":["Strike_B"],"damage_healed":0,"gold_gain":0,"player_choice":"Upgrade and Remove","damage_taken":0,"max_hp_gain":0,"max_hp_loss":0,"event_name":"Designer","floor":46,"gold_loss":90,"cards_upgraded":["Defend_B"]},{"damage_healed":0,"gold_gain":0,"player_choice":"Max HP","damage_taken":0,"max_hp_gain":0,"max_hp_loss":4,"event_name":"Winding Halls","floor":48,"gold_loss":0}],"is_beta":false,"boss_relics":[{"not_picked":["Philosopher\u0027s Stone","Calling Bell"],"picked":"Velvet Choker"},{"not_picked":["Snecko Eye","White Beast Statue"],"picked":"FrozenCore"}],"items_purged_floors":[3,29,37],"is_endless":false,"potions_floor_spawned":[1,4,24,28,30,42,44],"ascension_level":0}