{"gold_per_floor":[115,115,64,83,93,122,122,151,151,151,151],"floor_reached":11,"playtime":1280,"items_purged":[],"score":162,"play_id":"6206c339-c79d-4778-a7a4-0c6ed6ee10c2","local_time":"20190405015527","is_ascension_mode":true,"campfire_choices":[{"data":"Glass Knife","floor":7,"key":"SMITH"},{"data":"Corpse Explosion","floor":10,"key":"SMITH"}],"neow_cost":"CURSE","seed_source_timestamp":49122398061066,"circlet_count":0,"master_deck":["AscendersBane","Defend_G","Defend_G","Defend_G","Defend_G","Defend_G","Strike_G","Strike_G","Strike_G","Strike_G","Strike_G","Survivor","Neutralize","Clumsy","Glass Knife+1","Dagger Throw","Regret","Escape Plan","Infinite Blades","Corpse Explosion+1"],"relics":["Ring of the Snake","Paper Crane","Pantograph","Nunchaku","Meat on the Bone","Gremlin Horn"],"potions_floor_usage":[6],"damage_taken":[{"damage":4,"enemies":"Small Slimes","floor":1,"turns":3},{"damage":2,"enemies":"Cultist","floor":4,"turns":4},{"damage":3,"enemies":"2 Louse","floor":5,"turns":3},{"damage":13,"enemies":"3 Sentries","floor":6,"turns":12},{"damage":32,"enemies":"Gremlin Nob","floor":8,"turns":5},{"damage":5,"enemies":"Gremlin Gang","floor":11,"turns":1}],"seed_played":"-7141261082885191396","potions_obtained":[{"floor":5,"key":"AttackPotion"}],"is_trial":false,"path_per_floor":["M","?","?","M","M","E","R","E","T","R","M"],"character_chosen":"THE_SILENT","items_purchased":[],"campfire_rested":0,"item_purchase_floors":[],"current_hp_per_floor":[55,55,55,53,50,37,37,5,5,5,0],"gold":151,"neow_bonus":"THREE_RARE_CARDS","is_prod":false,"is_daily":false,"chose_seed":false,"campfire_upgraded":2,"win_rate":0,"timestamp":1554400527,"path_taken":["M","?","?","M","?","E","R","E","T","R","M"],"build_version":"2019-01-23","purchased_purges":0,"victory":false,"max_hp_per_floor":[66,66,66,66,66,66,66,66,66,66,66],"card_choices":[{"not_picked":["Night Terror","Burst"],"picked":"Glass Knife","floor":0},{"not_picked":["Cloak And Dagger","Underhanded Strike"],"picked":"Dagger Throw","floor":1},{"not_picked":["Bane","Accuracy","Dagger Throw"],"picked":"SKIP","floor":4},{"not_picked":["Prepared","Deflect"],"picked":"Escape Plan","floor":5},{"not_picked":["Bane","Flying Knee"],"picked":"Infinite Blades","floor":6},{"not_picked":["Slice","Masterful Stab"],"picked":"Corpse Explosion","floor":8}],"player_experience":4064812,"relics_obtained":[{"floor":6,"key":"Nunchaku"},{"floor":8,"key":"Meat on the Bone"},{"floor":9,"key":"Gremlin Horn"}],"event_choices":[{"damage_healed":0,"gold_gain":0,"player_choice":"Box","damage_taken":0,"relics_obtained":["Paper Crane"],"max_hp_gain":0,"max_hp_loss":0,"event_name":"Big Fish","floor":2,"gold_loss":0,"cards_obtained":["Regret"]},{"damage_healed":0,"gold_gain":0,"player_choice":"Paid Gold","damage_taken":0,"relics_obtained":["Pantograph"],"max_hp_gain":0,"max_hp_loss":0,"event_name":"WeMeetAgain","floor":3,"gold_loss":51}],"is_beta":false,"boss_relics":[],"items_purged_floors":[],"is_endless":false,"potions_floor_spawned":[5],"killed_by":"Gremlin Gang","ascension_level":20}