{"gold_per_floor":[109,184,184,199,199,199,217,217,217,235,265,265,343,354,354,450,450,466,466,466,247,247,282,293,326,326,343,87,103,115,148,148,250,250,263,263,275,289,199,227,239,257,303,338,338,363,381,401,401,401,401,401,27,54,54],"floor_reached":55,"playtime":5737,"items_purged":["Defend_R","Defend_R"],"score":1036,"play_id":"01badd0d-92a7-4452-8f87-706a034f6eaa","local_time":"20190524143605","is_ascension_mode":true,"campfire_choices":[{"data":"Bash","floor":6,"key":"SMITH"},{"data":"Sword Boomerang","floor":8,"key":"SMITH"},{"data":"Juggernaut","floor":12,"key":"SMITH"},{"data":"Shockwave","floor":15,"key":"SMITH"},{"data":"Juggernaut","floor":32,"key":"SMITH"},{"floor":49,"key":"RECALL"}],"neow_cost":"NONE","seed_source_timestamp":5522541541582,"circlet_count":0,"master_deck":["Defend_R+1","Thunderclap","Iron Wave","Spot Weakness","Sword Boomerang+1","Juggernaut+1","Shockwave+1","Limit Break","Bite","Bite","Bite","Bite","Bite","Warcry","Inflame","Warcry+1","Metallicize","Rampage","Juggernaut+1","Double Tap","Warcry+1","Warcry+1","Flame Barrier+1","True Grit+1","Metallicize+1","Enlightenment","Feel No Pain+1","Heavy Blade+1","Pummel","Apotheosis","Seeing Red"],"relics":["Burning Blood","Centennial Puzzle","Meat on the Bone","Pantograph","Coffee Dripper","Pear","Omamori","Du-Vu Doll","Happy Flower","Orichalcum","Vajra","Singing Bowl","Oddly Smooth Stone","Fusion Hammer","Red Skull","Anchor","Calipers","Bag of Preparation"],"potions_floor_usage":[11,11,30,37,44,46,47,54,54,55],"damage_taken":[{"damage":3,"enemies":"Small Slimes","floor":1,"turns":3},{"damage":6,"enemies":"Jaw Worm","floor":4,"turns":4},{"damage":1,"enemies":"Cultist","floor":7,"turns":3},{"damage":17,"enemies":"Exordium Thugs","floor":10,"turns":3},{"damage":27,"enemies":"Gremlin Nob","floor":11,"turns":4},{"damage":8,"enemies":"3 Louse","floor":14,"turns":3},{"damage":35,"enemies":"Hexaghost","floor":16,"turns":7},{"damage":27,"enemies":"Spheric Guardian","floor":18,"turns":4},{"damage":52,"enemies":"Book of Stabbing","floor":23,"turns":5},{"damage":16,"enemies":"2 Thieves","floor":24,"turns":2},{"damage":16,"enemies":"Gremlin Leader","floor":25,"turns":4},{"damage":33,"enemies":"Snake Plant","floor":27,"turns":4},{"damage":7,"enemies":"Shelled Parasite and Fungi","floor":29,"turns":3},{"damage":0,"enemies":"3 Cultists","floor":30,"turns":3},{"damage":21,"enemies":"Book of Stabbing","floor":31,"turns":4},{"damage":36,"enemies":"Champ","floor":33,"turns":7},{"damage":5,"enemies":"Orb Walker","floor":35,"turns":2},{"damage":27,"enemies":"3 Darklings","floor":37,"turns":4},{"damage":1,"enemies":"Maw","floor":38,"turns":5},{"damage":9,"enemies":"Nemesis","floor":40,"turns":5},{"damage":23,"enemies":"Jaw Worm Horde","floor":41,"turns":3},{"damage":17,"enemies":"Sphere and 2 Shapes","floor":42,"turns":3},{"damage":44,"enemies":"Reptomancer","floor":44,"turns":5},{"damage":33,"enemies":"Giant Head","floor":46,"turns":7},{"damage":12,"enemies":"Maw","floor":47,"turns":6},{"damage":6,"enemies":"Writhing Mass","floor":48,"turns":4},{"damage":68,"enemies":"Donu and Deca","floor":50,"turns":8},{"damage":50,"enemies":"Shield and Spear","floor":54,"turns":6},{"damage":98,"enemies":"The Heart","floor":55,"turns":6}],"seed_played":"-7655004795319248575","potions_obtained":[{"floor":4,"key":"BloodPotion"},{"floor":10,"key":"SpeedPotion"},{"floor":11,"key":"Fruit Juice"},{"floor":18,"key":"Ancient Potion"},{"floor":24,"key":"Fire Potion"},{"floor":29,"key":"GamblersBrew"},{"floor":33,"key":"BloodPotion"},{"floor":35,"key":"GamblersBrew"},{"floor":38,"key":"AttackPotion"},{"floor":46,"key":"BloodPotion"},{"floor":47,"key":"Poison Potion"},{"floor":54,"key":"LiquidBronze"}],"is_trial":false,"path_per_floor":["M","?","?","M","?","R","M","R","T","M","E","R","T","M","R","B",null,"M","?","T","$","?","E","M","E","T","M","$","M","M","E","R","B",null,"M","?","M","M","?","E","M","M","T","E","?","E","M","M","R","B",null,"R","$","E","B"],"character_chosen":"IRONCLAD","items_purchased":["Omamori","Singing Bowl","Apotheosis","Seeing Red","SkillPotion"],"campfire_rested":0,"item_purchase_floors":[21,28,53,53,53],"current_hp_per_floor":[80,69,51,51,51,51,56,56,56,57,61,61,61,61,61,56,78,59,59,69,69,69,43,49,57,57,54,54,59,73,64,64,75,92,95,95,78,95,95,97,82,75,75,59,59,66,82,86,86,67,93,93,93,66,0],"gold":54,"neow_bonus":"TRANSFORM_CARD","is_prod":false,"is_daily":false,"chose_seed":false,"campfire_upgraded":5,"win_rate":0,"timestamp":1558722965,"path_taken":["M","?","?","M","?","R","M","R","T","?","E","R","?","M","R","BOSS","M","?","?","$","?","E","M","E","T","M","$","M","M","E","R","BOSS","M","?","M","M","?","E","M","?","T","E","?","E","M","M","R","BOSS","R","$","E","BOSS"],"build_version":"2019-01-23","purchased_purges":2,"victory":false,"max_hp_per_floor":[80,80,80,80,80,80,80,80,80,80,85,85,85,85,85,85,85,85,85,95,95,95,95,95,95,95,95,95,95,97,97,97,97,97,97,97,97,97,97,97,99,99,99,101,101,101,101,101,101,101,101,101,101,103,103],"card_choices":[{"not_picked":["Perfected Strike","Thunderclap"],"picked":"Iron Wave","floor":1},{"not_picked":["Seeing Red","Thunderclap"],"picked":"Spot Weakness","floor":4},{"not_picked":["True Grit","Bloodletting"],"picked":"Sword Boomerang","floor":7},{"not_picked":["Havoc","True Grit","Thunderclap"],"picked":"SKIP","floor":10},{"not_picked":["Flex","Clothesline"],"picked":"Juggernaut","floor":11},{"not_picked":["Shrug It Off","Sword Boomerang"],"picked":"Shockwave","floor":14},{"not_picked":["Barricade","Impervious"],"picked":"Limit Break","floor":16},{"not_picked":["Burning Pact","Clash","Rage"],"picked":"SKIP","floor":18},{"not_picked":["Thunderclap","Sentinel"],"picked":"Warcry","floor":23},{"not_picked":["Combust","Sever Soul"],"picked":"Inflame","floor":24},{"not_picked":["Armaments","Combust"],"picked":"Warcry+1","floor":25},{"not_picked":["Iron Wave","Twin Strike"],"picked":"Metallicize","floor":27},{"not_picked":["Clothesline","True Grit"],"picked":"Rampage","floor":29},{"not_picked":["Flex","Havoc+1","Carnage"],"picked":"Singing Bowl","floor":30},{"not_picked":["Whirlwind","Clash"],"picked":"Juggernaut","floor":31},{"not_picked":["Barricade","Feed"],"picked":"Double Tap","floor":33},{"not_picked":["Dual Wield+1","Searing Blow+1"],"picked":"Warcry+1","floor":35},{"not_picked":["Entrench","Headbutt+1"],"picked":"Warcry+1","floor":37},{"not_picked":["Pummel+1","Thunderclap+1"],"picked":"Flame Barrier+1","floor":38},{"not_picked":["Infernal Blade+1","Warcry"],"picked":"True Grit+1","floor":40},{"not_picked":["Infernal Blade","True Grit+1","Evolve+1"],"picked":"Singing Bowl","floor":41},{"not_picked":["Flex+1","Anger+1"],"picked":"Metallicize+1","floor":42},{"not_picked":["Disarm","Headbutt","Perfected Strike"],"picked":"Singing Bowl","floor":44},{"not_picked":["Panacea","Metamorphosis"],"picked":"Enlightenment","floor":45},{"not_picked":["Iron Wave+1","Shrug It Off+1"],"picked":"Feel No Pain+1","floor":46},{"not_picked":["Inflame","Metallicize+1"],"picked":"Heavy Blade+1","floor":47},{"not_picked":["Hemokinesis+1","Corruption+1"],"picked":"Pummel","floor":48},{"not_picked":["True Grit+1","Shockwave","Fire Breathing+1"],"picked":"Singing Bowl","floor":54}],"player_experience":122190,"relics_obtained":[{"floor":9,"key":"Meat on the Bone"},{"floor":11,"key":"Blood Vial"},{"floor":13,"key":"Pantograph"},{"floor":20,"key":"Pear"},{"floor":23,"key":"Happy Flower"},{"floor":25,"key":"Orichalcum"},{"floor":26,"key":"Vajra"},{"floor":31,"key":"Oddly Smooth Stone"},{"floor":40,"key":"Red Skull"},{"floor":44,"key":"Anchor"},{"floor":46,"key":"Calipers"},{"floor":54,"key":"Bag of Preparation"}],"event_choices":[{"damage_healed":0,"gold_gain":75,"player_choice":"Gather Gold","damage_taken":11,"max_hp_gain":0,"max_hp_loss":0,"event_name":"World of Goop","floor":2,"gold_loss":0},{"damage_healed":0,"gold_gain":0,"player_choice":"Success","damage_taken":18,"relics_obtained":["Centennial Puzzle"],"max_hp_gain":0,"max_hp_loss":0,"event_name":"Scrap Ooze","floor":3,"gold_loss":0},{"cards_removed":["Strike_R"],"damage_healed":0,"gold_gain":0,"player_choice":"Purged","damage_taken":0,"max_hp_gain":0,"max_hp_loss":0,"event_name":"Purifier","floor":5,"gold_loss":0},{"damage_healed":0,"gold_gain":0,"player_choice":"Became a vampire (Vial)","damage_taken":0,"max_hp_gain":0,"max_hp_loss":0,"event_name":"Vampires","floor":19,"relics_lost":["Blood Vial"],"gold_loss":0,"cards_obtained":["Bite","Bite","Bite","Bite","Bite"]},{"damage_healed":0,"gold_gain":0,"player_choice":"Opened","damage_taken":0,"relics_obtained":["Du-Vu Doll"],"max_hp_gain":0,"max_hp_loss":0,"event_name":"The Mausoleum","floor":22,"gold_loss":0,"cards_obtained":["Writhe"]},{"cards_removed":["Bash"],"damage_healed":0,"gold_gain":0,"player_choice":"Removed Attack","damage_taken":0,"max_hp_gain":0,"max_hp_loss":0,"event_name":"Falling","floor":36,"gold_loss":0},{"cards_removed":["Defend_R"],"damage_healed":0,"gold_gain":0,"player_choice":"Upgrade and Remove","damage_taken":0,"max_hp_gain":0,"max_hp_loss":0,"event_name":"Designer","floor":39,"gold_loss":90,"cards_upgraded":["Defend_R"]},{"damage_healed":0,"gold_gain":0,"player_choice":"Memory 1","damage_taken":0,"max_hp_gain":0,"max_hp_loss":0,"event_name":"SensoryStone","floor":45,"gold_loss":0}],"is_beta":false,"boss_relics":[{"not_picked":["Busted Crown","Runic Dome"],"picked":"Coffee Dripper"},{"not_picked":["White Beast Statue","Snecko Eye"],"picked":"Fusion Hammer"}],"items_purged_floors":[21,53],"is_endless":false,"potions_floor_spawned":[4,10,11,18,24,29,33,35,38,42,46,47,54],"killed_by":"The Heart","ascension_level":5}