{"path_per_floor":["M","?","M","M","M","R","E","R","T","M","R","M","E","?","R","B",null,"M","$","?","?","?","M","R","M","T","R","M","R","E","?","R"],"character_chosen":"THE_SILENT","items_purchased":["Meat on the Bone","Lantern"],"gold_per_floor":[114,114,131,151,165,165,199,199,224,235,235,255,283,283,283,383,383,395,10,10,10,10,29,29,39,39,39,58,58,86,86,86,86],"floor_reached":33,"campfire_rested":3,"playtime":915,"item_purchase_floors":[19,19],"current_hp_per_floor":[56,56,49,45,33,33,41,41,41,34,34,30,20,5,28,9,60,45,45,31,31,31,21,21,26,26,26,28,52,48,32,56,0],"items_purged":[],"gold":86,"score":371,"play_id":"7e0dc7b3-0137-406a-b813-798a5680c99b","local_time":"20180522144810","is_prod":false,"is_daily":false,"chose_seed":false,"is_ascension_mode":true,"campfire_upgraded":5,"timestamp":1526971690,"campfire_choices":[{"data":"Neutralize","floor":6,"key":"SMITH"},{"data":"A Thousand Cuts","floor":8,"key":"SMITH"},{"data":"Prepared","floor":11,"key":"SMITH"},{"floor":15,"key":"REST"},{"data":"Cloak And Dagger","floor":24,"key":"SMITH"},{"data":"Terror","floor":27,"key":"SMITH"},{"floor":29,"key":"REST"},{"floor":32,"key":"REST"}],"path_taken":["M","?","M","?","M","R","E","R","T","M","R","M","E","?","R","BOSS","M","$","?","?","?","M","R","M","T","R","M","R","E","?","R","BOSS"],"build_version":"2018-05-18","seed_source_timestamp":4307986384115,"purchased_purges":0,"victory":false,"master_deck":["Defend_G","Defend_G","Defend_G+1","Strike_G","Strike_G","Strike_G","Survivor+1","Neutralize+1","Dagger Spray","A Thousand Cuts+1","Terror+1","Deflect","Endless Agony","Prepared+1","Quick Slash+1","Phantasmal Killer+1","Setup+1","Slice+1","Cloak And Dagger+1","Blade Dance+1","Distraction+1"],"max_hp_per_floor":[70,70,70,70,70,70,77,77,77,77,77,77,77,77,77,77,77,77,77,82,82,82,82,82,82,82,82,82,82,82,82,82,82],"relics":["Ring of the Snake","Strawberry","Bag of Marbles","Juzu Bracelet","Astrolabe","Meat on the Bone","Lantern","Bottled Flame","Letter Opener","Enchiridion"],"card_choices":[{"not_picked":["PiercingWail","Outmaneuver"],"picked":"Dagger Spray","floor":1},{"not_picked":["Endless Agony","Bane"],"picked":"Terror","floor":3},{"not_picked":["Dagger Spray","Dodge and Roll","Cloak And Dagger"],"picked":"SKIP","floor":4},{"not_picked":["Caltrops","Poisoned Stab"],"picked":"Deflect","floor":5},{"not_picked":["Catalyst","Malaise"],"picked":"Endless Agony","floor":7},{"not_picked":["Reflex","Bouncing Flask"],"picked":"Prepared","floor":10},{"not_picked":["Underhanded Strike","Bane","Outmaneuver"],"picked":"SKIP","floor":12},{"not_picked":["Die Die Die","Eviscerate","Accuracy"],"picked":"SKIP","floor":13},{"not_picked":["Heel Hook","Masterful Stab"],"picked":"Slice+1","floor":18},{"not_picked":["Heel Hook","Outmaneuver+1"],"picked":"Cloak And Dagger","floor":23},{"not_picked":["Terror+1","Deadly Poison"],"picked":"Blade Dance+1","floor":25},{"not_picked":["Dagger Throw","Bullet Time","Crippling Poison"],"picked":"SKIP","floor":28},{"not_picked":["Masterful Stab+1","PiercingWail"],"picked":"Distraction+1","floor":30}],"player_experience":488359,"potions_floor_usage":[7,13,13,28,33,33],"damage_taken":[{"damage":7,"enemies":"Jaw Worm","floor":1,"turns":5},{"damage":7,"enemies":"Small Slimes","floor":3,"turns":3},{"damage":4,"enemies":"2 Louse","floor":4,"turns":2},{"damage":12,"enemies":"Red Slaver","floor":5,"turns":7},{"damage":13,"enemies":"Lagavulin","floor":7,"turns":7},{"damage":7,"enemies":"Blue Slaver","floor":10,"turns":3},{"damage":4,"enemies":"3 Louse","floor":12,"turns":2},{"damage":10,"enemies":"Gremlin Nob","floor":13,"turns":4},{"damage":19,"enemies":"Slime Boss","floor":16,"turns":8},{"damage":15,"enemies":"Chosen","floor":18,"turns":4},{"damage":22,"enemies":"2 Thieves","floor":23,"turns":3},{"damage":7,"enemies":"Snecko","floor":25,"turns":3},{"damage":10,"enemies":"Snake Plant","floor":28,"turns":4},{"damage":16,"enemies":"Gremlin Leader","floor":30,"turns":3},{"damage":89,"enemies":"Automaton","floor":33,"turns":6}],"relics_obtained":[{"floor":7,"key":"Strawberry"},{"floor":9,"key":"Bag of Marbles"},{"floor":13,"key":"Juzu Bracelet"},{"floor":26,"key":"Bottled Flame"},{"floor":30,"key":"Letter Opener"},{"floor":31,"key":"Enchiridion"}],"event_choices":[{"event_name":"Living Wall","player_choice":"Change","floor":2,"damage_taken":0},{"event_name":"Shining Light","player_choice":"Entered Light","floor":14,"damage_taken":0},{"event_name":"Forgotten Altar","player_choice":"Shed Blood","floor":20,"damage_taken":0},{"event_name":"The Lab","player_choice":"Got Potions","floor":21,"damage_taken":0},{"event_name":"Beggar","player_choice":"Ignored","floor":22,"damage_taken":0},{"event_name":"Cursed Tome","player_choice":"Obtained Book","floor":31,"damage_taken":0}],"boss_relics":[{"not_picked":["Philosopher\u0027s Stone","Black Star"],"picked":"Astrolabe"}],"items_purged_floors":[],"potions_floor_spawned":[3,4,7,12,23,28],"seed_played":"2176300205879489083","killed_by":"Automaton","ascension_level":7,"potions_obtained":[{"floor":3,"key":"Regen Potion"},{"floor":4,"key":"Block Potion"},{"floor":7,"key":"FearPotion"},{"floor":12,"key":"Energy Potion"},{"floor":21,"key":"Energy Potion"},{"floor":21,"key":"Fire Potion"},{"floor":21,"key":"GhostInAJar"},{"floor":28,"key":"LiquidBronze"}],"is_trial":false}