{"gold_per_floor":[117,117,42,42,112,112,122,122,122,137,166,181,181,510,510,582,582,542],"floor_reached":18,"playtime":640,"items_purged":["Defend_G"],"score":336,"play_id":"c82b3360-dda0-4a21-803f-df10198c85a6","local_time":"20190417120655","is_ascension_mode":true,"campfire_choices":[{"data":"Poisoned Stab","floor":6,"key":"SMITH"},{"data":"A Thousand Cuts","floor":8,"key":"SMITH"},{"data":"Neutralize","floor":13,"key":"SMITH"},{"data":"Well Laid Plans","floor":15,"key":"SMITH"}],"neow_cost":"TEN_PERCENT_HP_LOSS","seed_source_timestamp":111723500799465,"circlet_count":0,"master_deck":["AscendersBane","Defend_G","Defend_G","Defend_G","Defend_G","Strike_G","Survivor","Neutralize+1","Dramatic Entrance","Secret Technique","Poisoned Stab+1","Infinite Blades","A Thousand Cuts+1","Well Laid Plans","Well Laid Plans+1","Dash","Venomology","A Thousand Cuts+1","Blur+1","Burst+1"],"relics":["Ring of the Snake","SsserpentHead","Mercury Hourglass","Ancient Tea Set","Old Coin","Astrolabe"],"potions_floor_usage":[11,16,16,18],"damage_taken":[{"damage":0,"enemies":"Jaw Worm","floor":1,"turns":6},{"damage":0,"enemies":"2 Louse","floor":5,"turns":2},{"damage":1,"enemies":"Cultist","floor":7,"turns":3},{"damage":8,"enemies":"Large Slime","floor":10,"turns":4},{"damage":30,"enemies":"Gremlin Nob","floor":11,"turns":4},{"damage":17,"enemies":"Lagavulin","floor":14,"turns":6},{"damage":2,"enemies":"The Guardian","floor":16,"turns":13},{"damage":0,"enemies":"2 Thieves","floor":18,"turns":2}],"seed_played":"-6807028792610836598","potions_obtained":[{"floor":1,"key":"Poison Potion"},{"floor":10,"key":"SpeedPotion"},{"floor":14,"key":"EssenceOfSteel"},{"floor":16,"key":"SkillPotion"}],"is_trial":false,"path_per_floor":["M","?","$","?","M","R","M","R","T","M","E","?","R","E","R","B",null,"M"],"character_chosen":"THE_SILENT","items_purchased":[],"campfire_rested":0,"item_purchase_floors":[],"current_hp_per_floor":[59,52,52,52,52,52,51,51,51,43,13,28,28,11,11,9,47,47],"gold":542,"neow_bonus":"RANDOM_COLORLESS_2","is_prod":false,"is_daily":false,"chose_seed":false,"campfire_upgraded":4,"win_rate":0,"timestamp":1555474015,"path_taken":["M","?","$","?","?","R","M","R","T","M","E","?","R","E","R","BOSS","M"],"build_version":"2019-01-23","purchased_purges":1,"victory":false,"max_hp_per_floor":[60,60,60,60,60,60,60,60,60,60,60,60,60,60,60,60,60,60],"card_choices":[{"not_picked":["Dagger Spray","Outmaneuver"],"picked":"Poisoned Stab","floor":1},{"not_picked":["Dagger Spray","Slice"],"picked":"Infinite Blades","floor":5},{"not_picked":["Poisoned Stab","Footwork"],"picked":"A Thousand Cuts","floor":7},{"not_picked":["Outmaneuver","Underhanded Strike"],"picked":"Well Laid Plans","floor":10},{"not_picked":["Poisoned Stab","Sucker Punch","Well Laid Plans"],"picked":"SKIP","floor":11},{"not_picked":["Poisoned Stab","Sucker Punch"],"picked":"Well Laid Plans","floor":11},{"not_picked":["PiercingWail","Sucker Punch"],"picked":"Dash","floor":14},{"not_picked":["Night Terror","Doppelganger"],"picked":"Venomology","floor":16}],"player_experience":4357229,"relics_obtained":[{"floor":9,"key":"Mercury Hourglass"},{"floor":11,"key":"Ancient Tea Set"},{"floor":14,"key":"Old Coin"}],"event_choices":[{"cards_removed":["Strike_G"],"damage_healed":0,"gold_gain":0,"player_choice":"Card Removal","damage_taken":7,"max_hp_gain":0,"max_hp_loss":0,"event_name":"Golden Wing","floor":2,"gold_loss":0},{"damage_healed":0,"gold_gain":0,"player_choice":"Trade","damage_taken":0,"relics_obtained":["SsserpentHead"],"max_hp_gain":0,"max_hp_loss":0,"event_name":"FaceTrader","floor":4,"gold_loss":0},{"damage_healed":15,"gold_gain":0,"player_choice":"Healed","damage_taken":0,"max_hp_gain":0,"max_hp_loss":0,"event_name":"The Cleric","floor":12,"gold_loss":35}],"is_beta":false,"boss_relics":[{"not_picked":["Sozu","Lizard Tail"],"picked":"Astrolabe"}],"items_purged_floors":[3],"is_endless":false,"potions_floor_spawned":[1,10,14,16],"killed_by":"2 Thieves","ascension_level":20}