{"gold_per_floor":[109,109,109,123,146,146,160,160,160,160,160,160,173,186,186,279,279,300,340,340,365,24,24,24],"floor_reached":24,"playtime":738,"items_purged":["Strike_B"],"score":372,"play_id":"05b46227-0b03-453c-90f5-ddba86867ea3","local_time":"20190707104436","is_ascension_mode":true,"campfire_choices":[{"data":"Dualcast","floor":6.0,"key":"SMITH"},{"data":"Consume","floor":8.0,"key":"SMITH"},{"data":"Coolheaded","floor":10.0,"key":"SMITH"},{"data":"Zap","floor":12.0,"key":"SMITH"},{"data":"Loop","floor":15.0,"key":"SMITH"},{"data":"Coolheaded","floor":23,"key":"SMITH"}],"neow_cost":"NONE","seed_source_timestamp":6277517240628,"circlet_count":0,"master_deck":["AscendersBane","Strike_B","Strike_B","Strike_B","Defend_B","Defend_B","Defend_B","Defend_B","Zap+1","Dualcast+1","Coolheaded+1","Ball Lightning","Consume+1","Lockon","Loop+1","Core Surge","Coolheaded+1"],"special_seed":0,"relics":["Cracked Core","Vajra","Golden Idol","Runic Pyramid","Red Mask","Lee\u0027s Waffle"],"potions_floor_usage":[19,21,24,24],"damage_taken":[{"damage":8.0,"enemies":"Small Slimes","floor":1.0,"turns":3.0},{"damage":1.0,"enemies":"2 Louse","floor":4.0,"turns":2.0},{"damage":0.0,"enemies":"Cultist","floor":5.0,"turns":3.0},{"damage":2.0,"enemies":"Exordium Wildlife","floor":7.0,"turns":3.0},{"damage":12.0,"enemies":"2 Fungi Beasts","floor":13.0,"turns":3.0},{"damage":7.0,"enemies":"Red Slaver","floor":14.0,"turns":3.0},{"damage":21.0,"enemies":"The Guardian","floor":16.0,"turns":8.0},{"damage":1.0,"enemies":"Spheric Guardian","floor":18.0,"turns":5.0},{"damage":29,"enemies":"Masked Bandits","floor":19,"turns":5},{"damage":15,"enemies":"Shell Parasite","floor":21,"turns":3},{"damage":93,"enemies":"Gremlin Leader","floor":24,"turns":9}],"seed_played":"9120531774625662089","potions_obtained":[{"floor":1.0,"key":"Dexterity Potion"},{"floor":7.0,"key":"SteroidPotion"},{"floor":16.0,"key":"SkillPotion"},{"floor":19,"key":"AttackPotion"},{"floor":20,"key":"Energy Potion"}],"is_trial":false,"path_per_floor":["M","?","?","M","M","R","M","R","T","R","?","R","M","M","R","B",null,"M","?","?","M","$","R","E"],"character_chosen":"DEFECT","items_purchased":["Lee\u0027s Waffle","Weak Potion"],"campfire_rested":0,"item_purchase_floors":[22,22],"current_hp_per_floor":[56,56,56,55,55,55,53,53,53,53,49,49,37,30,30,9,50,49,20,20,5,71,71,0],"gold":24,"neow_bonus":"RANDOM_COMMON_RELIC","is_prod":false,"is_daily":false,"chose_seed":false,"campfire_upgraded":6,"win_rate":0,"timestamp":1562467476,"path_taken":["M","?","?","M","M","R","M","R","T","R","?","R","?","M","R","BOSS","M","?","?","?","$","R","E"],"build_version":"2019-07-05","purchased_purges":1,"victory":false,"max_hp_per_floor":[71,71,64,64,64,64,64,64,64,64,64,64,64,64,64,64,64,64,64,64,64,71,71,71],"card_choices":[{"not_picked":["Capacitor","Go for the Eyes"],"picked":"Coolheaded","floor":1.0},{"not_picked":["Streamline","Go for the Eyes"],"picked":"Ball Lightning","floor":4.0},{"not_picked":["Redo","Melter","BootSequence"],"picked":"SKIP","floor":5.0},{"not_picked":["Compile Driver","Hologram"],"picked":"Consume","floor":7.0},{"not_picked":["Sweeping Beam","Coolheaded"],"picked":"Lockon","floor":13.0},{"not_picked":["Coolheaded","Barrage"],"picked":"Loop","floor":14.0},{"not_picked":["Meteor Strike","Multi-Cast"],"picked":"Core Surge","floor":16.0},{"not_picked":["Gash","Streamline","Consume"],"picked":"SKIP","floor":18.0},{"not_picked":["Gash","Ball Lightning"],"picked":"Coolheaded","floor":19},{"not_picked":["Rebound","Leap","Genetic Algorithm"],"picked":"SKIP","floor":21}],"player_experience":5703858,"relics_obtained":[{"floor":19,"key":"Red Mask"}],"event_choices":[{"damage_healed":0.0,"max_hp_gain":0.0,"max_hp_loss":0.0,"gold_gain":0.0,"event_name":"Liars Game","player_choice":"Ignored","floor":2.0,"gold_loss":0.0,"damage_taken":0.0},{"damage_healed":0.0,"max_hp_gain":0.0,"max_hp_loss":7.0,"gold_gain":0.0,"event_name":"Golden Idol","player_choice":"Lose Max HP","floor":3.0,"gold_loss":0.0,"damage_taken":0.0,"relics_obtained":["Golden Idol"]},{"damage_healed":0.0,"max_hp_gain":0.0,"max_hp_loss":0.0,"gold_gain":0.0,"event_name":"The Woman in Blue","player_choice":"Bought 0 Potions","floor":11.0,"gold_loss":0.0,"damage_taken":0.0},{"damage_healed":0,"gold_gain":0,"player_choice":"Fought Bandits","damage_taken":0,"max_hp_gain":0,"max_hp_loss":0,"event_name":"Masked Bandits","floor":19,"gold_loss":0},{"damage_healed":0,"gold_gain":0,"player_choice":"Got Potions","damage_taken":0,"max_hp_gain":0,"max_hp_loss":0,"event_name":"Lab","floor":20,"gold_loss":0}],"is_beta":false,"boss_relics":[{"not_picked":["Sozu","Fusion Hammer"],"picked":"Runic Pyramid"}],"items_purged_floors":[22],"is_endless":false,"potions_floor_spawned":[1,7,16,19],"killed_by":"Gremlin Leader","ascension_level":20}