{"gold_per_floor":[114,114,39,39,39,39,53,73,73,73,17,29,29,41,41,119,119,131,145,5,37,52,52,67,67,67,77,77],"floor_reached":28,"playtime":857,"items_purged":["Defend_B","Strike_B"],"score":420,"play_id":"49555849-3371-4528-b356-15a35b5f5017","local_time":"20190222113610","is_ascension_mode":true,"campfire_choices":[{"data":"Coolheaded","floor":6.0,"key":"SMITH"},{"data":"Consume","floor":10.0,"key":"SMITH"},{"data":"Defragment","floor":13.0,"key":"SMITH"},{"data":"Capacitor","floor":15.0,"key":"SMITH"},{"data":"Dualcast","floor":23.0,"key":"SMITH"},{"data":"Zap","floor":25,"key":"SMITH"}],"neow_cost":"NONE","seed_source_timestamp":4183904173058,"circlet_count":0,"master_deck":["AscendersBane","Strike_B","Defend_B","Defend_B","Zap+1","Dualcast+1","Conserve Battery","Coolheaded+1","Meteor Strike","Consume+1","Genetic Algorithm","Ball Lightning+1","Defragment+1","Capacitor+1","Electrodynamics","Go for the Eyes+1","Genetic Algorithm","Double Energy","Leap+1","Regret","Reboot"],"special_seed":0,"relics":["Cracked Core","Molten Egg 2","Cursed Key","Red Mask"],"potions_floor_usage":[28],"damage_taken":[{"damage":0.0,"enemies":"Small Slimes","floor":1.0,"turns":3.0},{"damage":0.0,"enemies":"Jaw Worm","floor":7.0,"turns":5.0},{"damage":0.0,"enemies":"Cultist","floor":8.0,"turns":5.0},{"damage":2.0,"enemies":"Red Slaver","floor":12.0,"turns":5.0},{"damage":5.0,"enemies":"2 Fungi Beasts","floor":14.0,"turns":3.0},{"damage":4.0,"enemies":"The Guardian","floor":16.0,"turns":11.0},{"damage":8.0,"enemies":"2 Thieves","floor":18.0,"turns":2.0},{"damage":3.0,"enemies":"Chosen","floor":19.0,"turns":4.0},{"damage":0.0,"enemies":"Masked Bandits","floor":21.0,"turns":2.0},{"damage":0.0,"enemies":"3 Cultists","floor":22.0,"turns":3.0},{"damage":19,"enemies":"Cultist and Chosen","floor":24,"turns":5},{"damage":1,"enemies":"Snecko","floor":27,"turns":4},{"damage":43,"enemies":"Slavers","floor":28,"turns":2}],"seed_played":"-2323200054136645969","potions_obtained":[{"floor":5.0,"key":"Poison Potion"},{"floor":5.0,"key":"PowerPotion"},{"floor":18.0,"key":"PowerPotion"},{"floor":21.0,"key":"SpeedPotion"},{"floor":24,"key":"FearPotion"}],"is_trial":false,"path_per_floor":["M","?","$","?","?","R","M","M","T","R","$","M","R","M","R","B",null,"M","M","$","?","M","R","M","R","T","M","E"],"character_chosen":"DEFECT","items_purchased":["Ball Lightning+1","Double Energy"],"campfire_rested":0,"item_purchase_floors":[11,20],"current_hp_per_floor":[64,64,64,57,57,57,57,57,57,57,57,55,55,50,50,46,65,57,54,54,54,54,54,35,35,35,34,0],"gold":77,"neow_bonus":"TRANSFORM_CARD","is_prod":false,"is_daily":false,"chose_seed":false,"campfire_upgraded":6,"win_rate":0,"timestamp":1550806570,"path_taken":["M","?","$","?","?","R","?","M","T","R","?","M","R","M","R","BOSS","M","M","$","?","M","R","M","R","T","M","E"],"build_version":"2019-01-23","purchased_purges":2,"victory":false,"max_hp_per_floor":[71,71,71,71,71,71,71,71,71,71,71,71,71,71,71,71,71,71,71,71,71,71,71,71,71,71,71,71],"card_choices":[{"not_picked":["Steam","Conserve Battery"],"picked":"Coolheaded","floor":1.0},{"not_picked":["Loop","Gash"],"picked":"Consume","floor":7.0},{"not_picked":["Scrape","Doom and Gloom"],"picked":"Genetic Algorithm","floor":8.0},{"not_picked":["Darkness","Turbo"],"picked":"Defragment","floor":12.0},{"not_picked":["Doom and Gloom+1","Turbo"],"picked":"Capacitor","floor":14.0},{"not_picked":["Rainbow","Machine Learning"],"picked":"Electrodynamics","floor":16.0},{"not_picked":["Leap","Turbo"],"picked":"Go for the Eyes+1","floor":18.0},{"not_picked":["Static Discharge","Sweeping Beam+1"],"picked":"Genetic Algorithm","floor":19.0},{"not_picked":["Sweeping Beam+1","Darkness"],"picked":"Leap+1","floor":22.0},{"not_picked":["Tempest","Redo","Conserve Battery"],"picked":"SKIP","floor":24},{"not_picked":["Sweeping Beam+1","Auto Shields"],"picked":"Reboot","floor":27}],"player_experience":3029160,"relics_obtained":[{"floor":9.0,"key":"Molten Egg 2"},{"floor":21.0,"key":"Red Mask"}],"event_choices":[{"damage_healed":0.0,"max_hp_gain":0.0,"max_hp_loss":0.0,"gold_gain":0.0,"cards_transformed":["Strike_B"],"event_name":"Living Wall","player_choice":"Change","floor":2.0,"gold_loss":0.0,"damage_taken":0.0,"cards_obtained":["Meteor Strike"]},{"cards_removed":["Defend_B"],"damage_healed":0.0,"max_hp_gain":0.0,"max_hp_loss":0.0,"gold_gain":0.0,"event_name":"Golden Wing","player_choice":"Card Removal","floor":4.0,"gold_loss":0.0,"damage_taken":7.0},{"damage_healed":0.0,"max_hp_gain":0.0,"max_hp_loss":0.0,"gold_gain":0.0,"event_name":"Lab","player_choice":"Got Potions","floor":5.0,"gold_loss":0.0,"damage_taken":0.0},{"damage_healed":0.0,"max_hp_gain":0.0,"max_hp_loss":0.0,"gold_gain":0.0,"event_name":"Masked Bandits","player_choice":"Fought Bandits","floor":21.0,"gold_loss":0.0,"damage_taken":0.0}],"is_beta":false,"boss_relics":[{"not_picked":["Calling Bell","Sozu"],"picked":"Cursed Key"}],"items_purged_floors":[3,20],"is_endless":false,"potions_floor_spawned":[14,18,21,24],"killed_by":"Slavers","ascension_level":20}