{"gold_per_floor":[112,387,15,35,54,85,85,4,4,14,41,41,41,41,41,118,118,132,152,152,167,84,84,110,110,134,134,134,163,163,175,175,249,249,261,261,276,2,21,21],"floor_reached":40,"playtime":1636,"items_purged":["Regret"],"score":1064,"play_id":"b537a1f7-9fcf-4580-85ba-af29b6679ead","local_time":"20181115203526","is_ascension_mode":true,"campfire_choices":[{"data":"Body Slam","floor":7,"key":"SMITH"},{"data":"True Grit","floor":13,"key":"SMITH"},{"data":"Power Through","floor":15,"key":"SMITH"},{"data":"Feel No Pain","floor":23,"key":"SMITH"},{"data":"Fiend Fire","floor":25,"key":"SMITH"},{"data":"Shrug It Off","floor":27,"key":"SMITH"},{"floor":32,"key":"REST"}],"neow_cost":"NONE","seed_source_timestamp":1329655010564030,"circlet_count":0,"master_deck":["AscendersBane","Bash","Whirlwind+1","Fire Breathing","Battle Trance","Cleave","Reckless Charge","Shrug It Off+1","Battle Trance","Wild Strike+1","True Grit+1","Power Through+1","Feel No Pain+1","Body Slam+1","Evolve","Impervious+1","Burning Pact+1","Fiend Fire+1","Inflame+1","Limit Break+1","Armaments+1","Second Wind+1","Flex+1","Pain","Warcry+1"],"relics":["Pandora\u0027s Box","Bag of Preparation","Thread and Needle","Toxic Egg 2","Whetstone","Cursed Key","Potion Belt","Omamori","Ancient Tea Set","Runic Dome","Meat on the Bone"],"potions_floor_usage":[11,29,33,33,39],"damage_taken":[{"damage":8,"enemies":"Small Slimes","floor":1,"turns":2},{"damage":0,"enemies":"Cultist","floor":4,"turns":3},{"damage":0,"enemies":"Jaw Worm","floor":5,"turns":2},{"damage":32,"enemies":"Gremlin Nob","floor":6,"turns":4},{"damage":1,"enemies":"Exordium Thugs","floor":10,"turns":3},{"damage":0,"enemies":"Lagavulin","floor":11,"turns":5},{"damage":6,"enemies":"Slime Boss","floor":16,"turns":10},{"damage":4,"enemies":"Spheric Guardian","floor":18,"turns":4},{"damage":0,"enemies":"Shell Parasite","floor":19,"turns":4},{"damage":11,"enemies":"Snake Plant","floor":21,"turns":4},{"damage":0,"enemies":"Gremlin Leader","floor":24,"turns":5},{"damage":1,"enemies":"Slavers","floor":29,"turns":3},{"damage":3,"enemies":"3 Cultists","floor":31,"turns":6},{"damage":8,"enemies":"Champ","floor":33,"turns":7},{"damage":7,"enemies":"Orb Walker","floor":35,"turns":2},{"damage":42,"enemies":"3 Darklings","floor":37,"turns":5},{"damage":32,"enemies":"Maw","floor":39,"turns":8},{"damage":30,"enemies":"Reptomancer","floor":40,"turns":3}],"seed_played":"-5814846158927638027","potions_obtained":[{"floor":5,"key":"PowerPotion"},{"floor":10,"key":"Swift Potion"},{"floor":18,"key":"EssenceOfSteel"},{"floor":29,"key":"PowerPotion"},{"floor":31,"key":"Weak Potion"},{"floor":35,"key":"Regen Potion"},{"floor":39,"key":"SpeedPotion"}],"is_trial":false,"path_per_floor":["M","?","$","M","M","E","R","$","T","M","E","$","R","?","R","B",null,"M","M","?","M","$","R","E","R","T","R","?","E","?","M","R","B",null,"M","?","M","$","M","E"],"character_chosen":"IRONCLAD","items_purchased":["Power Through","Feel No Pain","Bag of Preparation","Evolve","Second Wind+1","Meat on the Bone"],"campfire_rested":1,"item_purchase_floors":[3,3,3,8,22,38],"current_hp_per_floor":[60,60,60,60,60,28,28,28,28,27,27,27,27,27,27,21,62,58,58,58,47,47,47,47,47,47,47,26,25,25,22,46,38,70,63,63,21,21,16,0],"gold":21,"neow_bonus":"BOSS_RELIC","is_prod":false,"is_daily":false,"chose_seed":false,"campfire_upgraded":6,"win_rate":0,"timestamp":1542285326,"path_taken":["M","?","$","?","M","E","R","?","T","M","E","$","R","?","R","BOSS","M","M","?","M","?","R","E","R","T","R","?","E","?","M","R","BOSS","M","?","M","$","M","E"],"build_version":"2018-11-14","purchased_purges":1,"victory":false,"max_hp_per_floor":[75,75,75,75,75,75,75,75,75,75,75,75,75,75,75,75,75,75,75,75,75,75,75,75,75,75,75,80,80,80,80,80,80,80,80,80,80,80,80,80],"card_choices":[{"not_picked":["Heavy Blade","Hemokinesis"],"picked":"True Grit","floor":1},{"not_picked":["Sword Boomerang","Warcry"],"picked":"Body Slam","floor":4},{"not_picked":["Body Slam","Entrench","Spot Weakness"],"picked":"SKIP","floor":5},{"not_picked":["Burning Pact","Iron Wave","Armaments"],"picked":"SKIP","floor":6},{"not_picked":["Sever Soul","Ghostly Armor+1"],"picked":"Impervious+1","floor":10},{"not_picked":["Dropkick","Infernal Blade+1","Anger"],"picked":"SKIP","floor":11},{"not_picked":["Limit Break+1","Impervious+1"],"picked":"Fiend Fire","floor":16},{"not_picked":["Shrug It Off+1","Perfected Strike","Anger"],"picked":"SKIP","floor":18},{"not_picked":["Wild Strike+1","Sever Soul"],"picked":"Inflame+1","floor":19},{"not_picked":["Shrug It Off+1","Perfected Strike","Clothesline"],"picked":"SKIP","floor":21},{"not_picked":["Ghostly Armor+1","Berserk"],"picked":"Flex+1","floor":24},{"not_picked":["Clash","Twin Strike","Flex+1"],"picked":"SKIP","floor":29},{"not_picked":["Spot Weakness+1","Blood for Blood","Thunderclap"],"picked":"SKIP","floor":31},{"not_picked":["Reaper","Demon Form"],"picked":"Dark Embrace","floor":33},{"not_picked":["Cleave","Dropkick"],"picked":"Warcry+1","floor":35},{"not_picked":["Warcry+1","Clothesline","Havoc+1"],"picked":"SKIP","floor":37},{"not_picked":["Clothesline","Heavy Blade","Second Wind+1"],"picked":"SKIP","floor":39}],"player_experience":490397,"relics_obtained":[{"floor":6,"key":"Thread and Needle"},{"floor":9,"key":"Toxic Egg 2"},{"floor":11,"key":"Whetstone"},{"floor":24,"key":"Potion Belt"},{"floor":26,"key":"Omamori"},{"floor":29,"key":"Ancient Tea Set"}],"event_choices":[{"damage_healed":0,"gold_gain":275,"player_choice":"Desecrate","damage_taken":0,"max_hp_gain":0,"max_hp_loss":0,"event_name":"Golden Shrine","floor":2,"gold_loss":0,"cards_obtained":["Regret"]},{"damage_healed":0,"gold_gain":0,"cards_transformed":["Combust"],"player_choice":"Change","damage_taken":0,"max_hp_gain":0,"max_hp_loss":0,"event_name":"Living Wall","floor":14,"gold_loss":0,"cards_obtained":["Burning Pact"]},{"damage_healed":0,"gold_gain":0,"player_choice":"2 cards matched","damage_taken":0,"max_hp_gain":0,"max_hp_loss":0,"event_name":"Match and Keep!","floor":20,"gold_loss":0,"cards_obtained":["Limit Break","Armaments"]},{"damage_healed":0,"gold_gain":0,"player_choice":"Shed Blood","damage_taken":26,"max_hp_gain":5,"max_hp_loss":0,"event_name":"Forgotten Altar","floor":28,"gold_loss":0},{"damage_healed":0,"gold_gain":0,"player_choice":"Ignored","damage_taken":0,"max_hp_gain":0,"max_hp_loss":0,"event_name":"Cursed Tome","floor":30,"gold_loss":0},{"cards_removed":["Dark Embrace"],"damage_healed":0,"gold_gain":0,"player_choice":"Removed Power","damage_taken":0,"max_hp_gain":0,"max_hp_loss":0,"event_name":"Falling","floor":36,"gold_loss":0}],"is_beta":true,"boss_relics":[{"not_picked":["Busted Crown","Runic Pyramid"],"picked":"Cursed Key"},{"not_picked":["Snecko Eye","White Beast Statue"],"picked":"Runic Dome"}],"items_purged_floors":[3],"is_endless":false,"potions_floor_spawned":[5,10,18,29,31,35,39],"killed_by":"Reptomancer","ascension_level":20}