{"gold_per_floor":[209,66,82,82,82,98,116,116,116,127,27,37,37,47,47,148,148,163,181,198,210,19,19,54,64,110,110,127,146,163,7,7,110,110,120,130,5,20,35,35,67,67,93,93,93,106,124,136,136,136],"floor_reached":51,"playtime":1921,"items_purged":["Strike_G","Pain","Strike_G"],"score":849,"play_id":"139cf665-5a49-48a9-b45b-fddddf1aaa0c","local_time":"20181124155401","is_ascension_mode":false,"campfire_choices":[{"data":"Noxious Fumes","floor":8.0,"key":"SMITH"},{"data":"Deadly Poison","floor":13.0,"key":"SMITH"},{"data":"Footwork","floor":15.0,"key":"SMITH"},{"data":"Night Terror","floor":23.0,"key":"SMITH"},{"data":"Well Laid Plans","floor":27.0,"key":"SMITH"},{"data":"Catalyst","floor":32.0,"key":"SMITH"},{"data":"Burst","floor":40,"key":"SMITH"},{"data":"Corpse Explosion","floor":42,"key":"SMITH"},{"data":"Neutralize","floor":45,"key":"SMITH"},{"data":"Survivor","floor":49,"key":"SMITH"}],"neow_cost":"NONE","seed_source_timestamp":21851157341580,"circlet_count":0,"master_deck":["Defend_G+1","Defend_G","Defend_G","Defend_G","Defend_G+1","Strike_G","Strike_G","Strike_G","Survivor+1","Neutralize+1","Deadly Poison+1","Noxious Fumes+1","Footwork+1","Night Terror+1","Well Laid Plans+1","PiercingWail+1","Catalyst+1","Corpse Explosion+1","Burst+1","Escape Plan+1"],"special_seed":0,"relics":["Ring of the Snake","WarpedTongs","Torii","Coffee Dripper","ClockworkSouvenir","Tough Bandages","Pen Nib","Runic Pyramid","Kunai","Happy Flower"],"potions_floor_usage":[36,41],"damage_taken":[{"damage":0.0,"enemies":"Jaw Worm","floor":1.0,"turns":5.0},{"damage":0.0,"enemies":"2 Louse","floor":3.0,"turns":5.0},{"damage":3.0,"enemies":"Cultist","floor":6.0,"turns":3.0},{"damage":12.0,"enemies":"Gremlin Gang","floor":7.0,"turns":5.0},{"damage":3.0,"enemies":"Exordium Wildlife","floor":10.0,"turns":4.0},{"damage":1.0,"enemies":"Large Slime","floor":12.0,"turns":6.0},{"damage":0.0,"enemies":"Looter","floor":14.0,"turns":4.0},{"damage":24.0,"enemies":"Slime Boss","floor":16.0,"turns":10.0},{"damage":0.0,"enemies":"3 Byrds","floor":18.0,"turns":4.0},{"damage":0.0,"enemies":"2 Thieves","floor":19.0,"turns":5.0},{"damage":8.0,"enemies":"3 Cultists","floor":20.0,"turns":6.0},{"damage":0.0,"enemies":"Chosen and Byrds","floor":21.0,"turns":6.0},{"damage":39.0,"enemies":"Gremlin Leader","floor":24.0,"turns":10.0},{"damage":1.0,"enemies":"Snecko","floor":25.0,"turns":6.0},{"damage":0.0,"enemies":"3 Cultists","floor":28.0,"turns":7.0},{"damage":2.0,"enemies":"Sentry and Sphere","floor":29.0,"turns":5.0},{"damage":0.0,"enemies":"Chosen and Byrds","floor":30.0,"turns":7.0},{"damage":7.0,"enemies":"Automaton","floor":33.0,"turns":5.0},{"damage":0.0,"enemies":"3 Darklings","floor":35.0,"turns":2.0},{"damage":0,"enemies":"3 Shapes","floor":36,"turns":2},{"damage":0,"enemies":"Jaw Worm Horde","floor":38,"turns":3},{"damage":0,"enemies":"Spire Growth","floor":39,"turns":5},{"damage":0,"enemies":"Reptomancer","floor":41,"turns":2},{"damage":0,"enemies":"Writhing Mass","floor":46,"turns":3},{"damage":1,"enemies":"Jaw Worm Horde","floor":47,"turns":4},{"damage":0,"enemies":"4 Shapes","floor":48,"turns":3},{"damage":44,"enemies":"Awakened One","floor":50,"turns":7}],"seed_played":"-259868247429343192","potions_obtained":[{"floor":1.0,"key":"GamblersBrew"},{"floor":3.0,"key":"EssenceOfSteel"},{"floor":6.0,"key":"LiquidBronze"},{"floor":16.0,"key":"Ancient Potion"},{"floor":18.0,"key":"Ancient Potion"},{"floor":20.0,"key":"Explosive Potion"},{"floor":28.0,"key":"Fruit Juice"},{"floor":29.0,"key":"FearPotion"},{"floor":30.0,"key":"SpeedPotion"},{"floor":33.0,"key":"Ancient Potion"},{"floor":38,"key":"Explosive Potion"},{"floor":41,"key":"Fire Potion"}],"is_trial":false,"path_per_floor":["M","$","M","?","?","M","M","R","T","M","$","M","R","M","R","B",null,"M","M","M","M","$","R","E","M","T","R","M","M","M","$","R","B",null,"M","M","$","M","M","R","E","R","T","?","R","M","M","M","R","B",null],"character_chosen":"THE_SILENT","items_purchased":["Noxious Fumes","ClockworkSouvenir","Corpse Explosion"],"campfire_rested":0,"item_purchase_floors":[2,22,31],"current_hp_per_floor":[70,70,70,56,56,53,41,41,41,38,38,37,37,37,37,13,70,70,70,62,62,62,62,23,22,22,22,22,20,25,25,25,18,75,75,75,75,75,75,75,75,75,75,71,71,71,70,70,70,26],"gold":136,"neow_bonus":"HUNDRED_GOLD","is_prod":false,"is_daily":false,"chose_seed":false,"campfire_upgraded":10,"win_rate":0,"timestamp":1543046041,"path_taken":["M","$","M","?","?","M","M","R","T","M","$","M","R","M","R","BOSS","M","?","M","M","$","R","E","?","T","R","?","M","M","$","R","BOSS","M","?","$","M","M","R","E","R","T","?","R","M","M","M","R","BOSS"],"build_version":"2018-11-15","purchased_purges":3,"victory":true,"max_hp_per_floor":[70,70,70,70,70,70,70,70,70,70,70,70,70,70,70,70,70,70,70,70,70,70,70,70,70,70,70,70,70,75,75,75,75,75,75,75,75,75,75,75,75,75,75,71,71,71,71,71,71,71],"card_choices":[{"not_picked":["Flying Knee","PiercingWail"],"picked":"Deadly Poison","floor":1.0},{"not_picked":["Dagger Throw","Quick Slash","Envenom"],"picked":"SKIP","floor":3.0},{"not_picked":["Quick Slash","Dodge and Roll","Outmaneuver"],"picked":"SKIP","floor":6.0},{"not_picked":["Flying Knee","Prepared","Dodge and Roll"],"picked":"SKIP","floor":7.0},{"not_picked":["Dagger Spray","Tactician","PiercingWail"],"picked":"SKIP","floor":10.0},{"not_picked":["Dagger Throw","Backstab","Riddle With Holes"],"picked":"SKIP","floor":12.0},{"not_picked":["Escape Plan","Underhanded Strike"],"picked":"Footwork","floor":14.0},{"not_picked":["Calculated Gamble","Deflect+1","Dagger Spray"],"picked":"SKIP","floor":18.0},{"not_picked":["Dagger Throw","Heel Hook","Prepared"],"picked":"SKIP","floor":19.0},{"not_picked":["Poisoned Stab+1","Underhanded Strike"],"picked":"Night Terror","floor":20.0},{"not_picked":["Blade Dance+1","Prepared","Bane"],"picked":"SKIP","floor":21.0},{"not_picked":["Calculated Gamble","Blade Dance","Underhanded Strike"],"picked":"SKIP","floor":24.0},{"not_picked":["Poisoned Stab","Unload"],"picked":"Well Laid Plans","floor":25.0},{"not_picked":["Underhanded Strike+1","Quick Slash"],"picked":"PiercingWail+1","floor":28.0},{"not_picked":["Sucker Punch","Predator+1","Blade Dance"],"picked":"SKIP","floor":29.0},{"not_picked":["Flying Knee","Calculated Gamble"],"picked":"Catalyst","floor":30.0},{"not_picked":["Phantasmal Killer","A Thousand Cuts"],"picked":"Burst","floor":33.0},{"not_picked":["Dodge and Roll","Choke+1","Poisoned Stab+1"],"picked":"SKIP","floor":35.0},{"not_picked":["Reflex","Escape Plan+1","Cloak And Dagger+1"],"picked":"SKIP","floor":36},{"not_picked":["Reflex","Cloak And Dagger+1"],"picked":"Escape Plan+1","floor":36},{"not_picked":["Masterful Stab+1","Poisoned Stab+1","Backflip"],"picked":"SKIP","floor":38},{"not_picked":["Noxious Fumes","Slice+1","Choke+1"],"picked":"SKIP","floor":39},{"not_picked":["Outmaneuver","Backflip","Storm of Steel"],"picked":"SKIP","floor":41},{"not_picked":["Dash","Caltrops+1","Sucker Punch"],"picked":"SKIP","floor":46},{"not_picked":["Poisoned Stab","Eviscerate","Riddle With Holes"],"picked":"SKIP","floor":47},{"not_picked":["Well Laid Plans+1","Flying Knee+1","Deadly Poison"],"picked":"SKIP","floor":48}],"player_experience":1148288,"relics_obtained":[{"floor":9.0,"key":"Torii"},{"floor":24.0,"key":"Tough Bandages"},{"floor":26.0,"key":"Pen Nib"},{"floor":41,"key":"Kunai"},{"floor":43,"key":"Happy Flower"}],"event_choices":[{"damage_healed":0.0,"max_hp_gain":0.0,"max_hp_loss":0.0,"gold_gain":0.0,"event_name":"Shining Light","player_choice":"Entered Light","floor":4.0,"gold_loss":0.0,"damage_taken":14.0,"cards_upgraded":["Defend_G","Defend_G"]},{"damage_healed":0.0,"max_hp_gain":0.0,"max_hp_loss":0.0,"gold_gain":0.0,"event_name":"Accursed Blacksmith","player_choice":"Rummage","floor":5.0,"gold_loss":0.0,"damage_taken":0.0,"relics_obtained":["WarpedTongs"],"cards_obtained":["Pain"]},{"damage_healed":0,"gold_gain":0,"player_choice":"Max HP","damage_taken":0,"max_hp_gain":0,"max_hp_loss":4,"event_name":"Winding Halls","floor":44,"gold_loss":0}],"is_beta":false,"boss_relics":[{"not_picked":["Sozu","Eternal Feather"],"picked":"Coffee Dripper"},{"not_picked":["Snecko Eye","Astrolabe"],"picked":"Runic Pyramid"}],"items_purged_floors":[2,11,37],"is_endless":false,"potions_floor_spawned":[1,3,6,16,18,20,28,29,30,33,35,38,41,48],"ascension_level":0}