{"gold_per_floor":[215,235,4,22,35,35,54,154,181,198,198,123,123,137,137,240,240,260,260,260,278,278,308,45,45,71,71,88,19,19,32,32,133,133,143,157,157,77,77,77,90,90,90,90,90,40,53,67,67,67],"floor_reached":51,"playtime":2287,"items_purged":["Strike_G","Strike_G"],"score":757,"play_id":"ac2876df-0517-4848-9d1a-8bf37bd21ca5","local_time":"20181018191236","is_ascension_mode":false,"campfire_choices":[{"data":"Leg Sweep","floor":6,"key":"SMITH"},{"data":"Neutralize","floor":13,"key":"SMITH"},{"data":"Defend_G","floor":15,"key":"SMITH"},{"data":"RitualDagger","floor":25,"key":"SMITH"},{"data":"Footwork","floor":30,"key":"SMITH"},{"data":"Deadly Poison","floor":32,"key":"SMITH"},{"floor":40,"key":"REST"},{"floor":42,"key":"REST"},{"floor":49,"key":"REST"}],"neow_cost":"NONE","seed_source_timestamp":36355080654055,"circlet_count":0,"master_deck":["Defend_G+1","Defend_G+1","Defend_G+1","Defend_G+1","Defend_G+1","Strike_G+1","Strike_G+1","Strike_G+1","Survivor+1","Neutralize+1","Deadly Poison+1","Leg Sweep+1","Bouncing Flask+1","Adrenaline+1","RitualDagger+1","Purity+1","Deadly Poison+1","Footwork+1","Deadly Poison+1","Burst+1","PiercingWail+1","RitualDagger+1","Footwork+1","Normality","Madness+1","Madness+1","PiercingWail+1"],"relics":["Ring of the Snake","War Paint","Boot","Runic Pyramid","FaceOfCleric","Potion Belt","Bag of Marbles","Cursed Key","Mark of the Bloom","Toxic Egg 2"],"potions_floor_usage":[16,27,50,50,50,50,50,50,50],"damage_taken":[{"damage":0,"enemies":"Small Slimes","floor":1,"turns":3},{"damage":0,"enemies":"Cultist","floor":2,"turns":5},{"damage":0,"enemies":"Jaw Worm","floor":4,"turns":3},{"damage":0,"enemies":"3 Louse","floor":5,"turns":8},{"damage":0,"enemies":"Blue Slaver","floor":7,"turns":4},{"damage":0,"enemies":"2 Fungi Beasts","floor":10,"turns":6},{"damage":0,"enemies":"3 Louse","floor":14,"turns":4},{"damage":45,"enemies":"Slime Boss","floor":16,"turns":13},{"damage":0,"enemies":"Chosen","floor":18,"turns":4},{"damage":0,"enemies":"3 Byrds","floor":21,"turns":6},{"damage":6,"enemies":"Book of Stabbing","floor":23,"turns":7},{"damage":3,"enemies":"Colosseum Slavers","floor":27,"turns":6},{"damage":0,"enemies":"Snake Plant","floor":28,"turns":4},{"damage":0,"enemies":"Chosen and Byrds","floor":31,"turns":7},{"damage":9,"enemies":"Automaton","floor":33,"turns":15},{"damage":0,"enemies":"3 Shapes","floor":35,"turns":4},{"damage":0,"enemies":"3 Darklings","floor":36,"turns":6},{"damage":0,"enemies":"Reptomancer","floor":41,"turns":5},{"damage":0,"enemies":"Maw","floor":47,"turns":7},{"damage":0,"enemies":"Transient","floor":48,"turns":5},{"damage":0,"enemies":"Awakened One","floor":50,"turns":17}],"seed_played":"-6526446058252064120","potions_obtained":[{"floor":1,"key":"Dexterity Potion"},{"floor":7,"key":"Explosive Potion"},{"floor":10,"key":"EntropicBrew"},{"floor":23,"key":"PowerPotion"},{"floor":33,"key":"EssenceOfSteel"},{"floor":41,"key":"Swift Potion"},{"floor":48,"key":"PowerPotion"}],"is_trial":false,"path_per_floor":["M","M","$","M","M","R","M","?","T","M","?","$","R","M","R","B",null,"M","?","?","M","?","E","$","R","T","?","M","$","R","M","R","B",null,"M","M","?","$","?","R","M","R","T","?","?","$","M","M","R","B"],"character_chosen":"THE_SILENT","items_purchased":["Leg Sweep","War Paint","Purity","Regen Potion","Footwork","Footwork","Dexterity Potion"],"campfire_rested":3,"item_purchase_floors":[3,3,24,24,29,38,46],"current_hp_per_floor":[70,70,70,70,70,70,70,70,70,70,56,56,56,56,56,11,70,70,64,51,51,51,46,46,46,46,59,60,60,60,61,61,53,80,81,82,82,82,82,82,82,82,82,82,72,72,72,72,72,72],"gold":67,"neow_bonus":"HUNDRED_GOLD","is_prod":false,"is_daily":false,"chose_seed":false,"campfire_upgraded":6,"win_rate":0,"timestamp":1539861156,"path_taken":["M","M","$","M","M","R","M","?","T","M","?","$","R","M","R","BOSS","M","?","?","M","?","E","$","R","T","?","M","?","R","M","R","BOSS","M","M","?","$","?","R","M","R","T","?","?","?","?","M","R","BOSS"],"build_version":"2018-10-11","purchased_purges":2,"victory":true,"max_hp_per_floor":[70,70,70,70,70,70,70,70,70,70,70,70,70,70,70,70,70,70,70,75,75,75,76,76,76,76,77,78,78,78,79,79,80,80,81,82,82,82,82,82,83,83,83,83,83,83,84,85,85,86],"card_choices":[{"not_picked":["Sucker Punch","Outmaneuver","Underhanded Strike"],"picked":"SKIP","floor":1},{"not_picked":["Dagger Spray","Finisher"],"picked":"Deadly Poison","floor":2},{"not_picked":["Poisoned Stab","Caltrops","Blade Dance"],"picked":"SKIP","floor":4},{"not_picked":["Dodge and Roll","Flechettes","Flying Knee"],"picked":"SKIP","floor":5},{"not_picked":["Dash","Dagger Throw","Storm of Steel"],"picked":"SKIP","floor":7},{"not_picked":["Deflect","Cloak And Dagger"],"picked":"Bouncing Flask","floor":10},{"not_picked":["Blur","Crippling Poison","Poisoned Stab"],"picked":"SKIP","floor":14},{"not_picked":["Bullet Time","Phantasmal Killer"],"picked":"Adrenaline","floor":16},{"not_picked":["Sucker Punch","Backstab","Accuracy"],"picked":"SKIP","floor":18},{"not_picked":["Dodge and Roll","Backflip","Poisoned Stab"],"picked":"SKIP","floor":21},{"not_picked":["Riddle With Holes+1","Dagger Spray+1","Underhanded Strike+1"],"picked":"SKIP","floor":23},{"not_picked":["Flying Knee","Bane"],"picked":"Deadly Poison","floor":28},{"not_picked":["Storm of Steel","Deflect"],"picked":"Deadly Poison+1","floor":31},{"not_picked":["Malaise","Doppelganger"],"picked":"Burst","floor":33},{"not_picked":["Quick Slash","Flying Knee","Poisoned Stab+1"],"picked":"SKIP","floor":35},{"not_picked":["Blade Dance","Distraction+1"],"picked":"PiercingWail","floor":36},{"not_picked":["Concentrate+1","Flying Knee","Poisoned Stab+1"],"picked":"SKIP","floor":41},{"not_picked":["Concentrate+1","Flying Knee","Poisoned Stab+1"],"picked":"SKIP","floor":41},{"not_picked":["Slice","Bane","Blur+1"],"picked":"SKIP","floor":47},{"not_picked":["Deadly Poison+1","Quick Slash+1"],"picked":"PiercingWail+1","floor":48}],"player_experience":344652,"relics_obtained":[{"floor":9,"key":"Boot"},{"floor":23,"key":"Potion Belt"},{"floor":26,"key":"Bag of Marbles"},{"floor":43,"key":"Toxic Egg 2"}],"event_choices":[{"event_name":"Wheel of Change","player_choice":"Gold","floor":8,"damage_taken":0},{"event_name":"Shining Light","player_choice":"Entered Light","floor":11,"damage_taken":0},{"event_name":"Nest","player_choice":"Joined the Cult","floor":19,"damage_taken":0},{"event_name":"Forgotten Altar","player_choice":"Shed Blood","floor":20,"damage_taken":0},{"event_name":"FaceTrader","player_choice":"Trade","floor":22,"damage_taken":0},{"event_name":"Colosseum","player_choice":"Fight","floor":27,"damage_taken":0},{"event_name":"Colosseum","player_choice":"Fled From Nobs","floor":27,"damage_taken":0},{"event_name":"Duplicator","player_choice":"One dupe","floor":37,"damage_taken":0},{"event_name":"MindBloom","player_choice":"Upgrade","floor":39,"damage_taken":0},{"event_name":"Upgrade Shrine","player_choice":"Skipped","floor":44,"damage_taken":0},{"event_name":"Winding Halls","player_choice":"Embrace Madness","floor":45,"damage_taken":0}],"is_beta":false,"boss_relics":[{"not_picked":["Fusion Hammer","Philosopher\u0027s Stone"],"picked":"Runic Pyramid"},{"not_picked":["White Beast Statue","Busted Crown"],"picked":"Cursed Key"}],"items_purged_floors":[12,24],"is_endless":false,"potions_floor_spawned":[1,7,10,14,23,27,33,41,48],"ascension_level":0}