{"gold_per_floor":[109,123,134,9,22,53,53,53,53,64,64,84,103,103,103,178,178,196,154,169,169],"floor_reached":21,"playtime":825,"items_purged":[],"score":370,"play_id":"3bd6e881-c572-4d21-90f5-aae8d6d1c45f","local_time":"20190207173107","is_ascension_mode":true,"campfire_choices":[{"data":"A Thousand Cuts","floor":7,"key":"SMITH"},{"data":"Cloak And Dagger","floor":11,"key":"SMITH"},{"data":"Neutralize","floor":15,"key":"SMITH"}],"neow_cost":"NONE","seed_source_timestamp":15890301970364,"circlet_count":0,"master_deck":["AscendersBane","Defend_G","Defend_G","Defend_G","Defend_G","Defend_G","Strike_G","Strike_G","Strike_G","Strike_G","Strike_G","Survivor","Neutralize+1","A Thousand Cuts+1","Accuracy+1","Blade Dance","Escape Plan","Cloak And Dagger+1","Blur","Well Laid Plans","Malaise","PiercingWail"],"relics":["Ring of the Snake","NeowsBlessing","Regal Pillow","Bag of Marbles","Busted Crown"],"potions_floor_usage":[6,10,13,16],"damage_taken":[{"damage":0,"enemies":"Jaw Worm","floor":1,"turns":1},{"damage":0,"enemies":"Cultist","floor":2,"turns":1},{"damage":0,"enemies":"Small Slimes","floor":3,"turns":1},{"damage":10,"enemies":"Gremlin Gang","floor":5,"turns":6},{"damage":35,"enemies":"Lagavulin","floor":6,"turns":9},{"damage":4,"enemies":"Looter","floor":10,"turns":4},{"damage":2,"enemies":"3 Louse","floor":12,"turns":2},{"damage":8,"enemies":"Blue Slaver","floor":13,"turns":4},{"damage":5,"enemies":"The Guardian","floor":16,"turns":11},{"damage":11,"enemies":"Chosen","floor":18,"turns":6},{"damage":23,"enemies":"2 Thieves","floor":19,"turns":5},{"damage":10,"enemies":"Centurion and Healer","floor":20,"turns":7},{"damage":16,"enemies":"Sentry and Sphere","floor":21,"turns":3}],"seed_played":"7449669181276963930","potions_obtained":[{"floor":2,"key":"Weak Potion"},{"floor":5,"key":"Weak Potion"},{"floor":6,"key":"Explosive Potion"},{"floor":12,"key":"Regen Potion"},{"floor":19,"key":"FearPotion"}],"is_trial":false,"path_per_floor":["M","M","M","$","M","E","R","?","T","M","R","M","M","?","R","B",null,"M","M","M","M"],"character_chosen":"THE_SILENT","items_purchased":["Accuracy","Blade Dance"],"campfire_rested":0,"item_purchase_floors":[4,4],"current_hp_per_floor":[59,59,59,59,49,14,14,14,14,10,10,8,12,17,17,12,53,42,19,9,0],"gold":169,"neow_bonus":"THREE_ENEMY_KILL","is_prod":false,"is_daily":false,"chose_seed":false,"campfire_upgraded":3,"win_rate":0,"timestamp":1549531867,"path_taken":["M","M","M","$","M","E","R","?","T","M","R","?","M","?","R","BOSS","M","?","?","M"],"build_version":"2019-02-06","purchased_purges":0,"victory":false,"max_hp_per_floor":[66,66,66,66,66,66,66,66,66,66,66,66,66,66,66,66,66,66,66,66,66],"card_choices":[{"not_picked":["Blade Dance","Cloak And Dagger"],"picked":"Poisoned Stab","floor":1},{"not_picked":["Deflect","Outmaneuver"],"picked":"A Thousand Cuts","floor":2},{"not_picked":["Riddle With Holes","Infinite Blades","Caltrops"],"picked":"SKIP","floor":3},{"not_picked":["Deflect","Leg Sweep"],"picked":"Escape Plan","floor":5},{"not_picked":["Skewer","Flying Knee"],"picked":"Cloak And Dagger","floor":6},{"not_picked":["PiercingWail","Crippling Poison"],"picked":"Blur","floor":10},{"not_picked":["Deflect","Slice"],"picked":"Well Laid Plans","floor":12},{"not_picked":["Bouncing Flask","Deflect","Catalyst"],"picked":"SKIP","floor":13},{"not_picked":["Die Die Die","Phantasmal Killer"],"picked":"Malaise","floor":16},{"not_picked":["Outmaneuver+1"],"picked":"SKIP","floor":18},{"not_picked":[],"picked":"PiercingWail","floor":19},{"not_picked":["Outmaneuver"],"picked":"SKIP","floor":20}],"player_experience":1434508,"relics_obtained":[{"floor":6,"key":"Regal Pillow"},{"floor":9,"key":"Bag of Marbles"}],"event_choices":[{"damage_healed":0,"gold_gain":0,"player_choice":"Upgraded","damage_taken":0,"max_hp_gain":0,"max_hp_loss":0,"event_name":"Upgrade Shrine","floor":8,"gold_loss":0,"cards_upgraded":["Accuracy"]},{"cards_removed":["Poisoned Stab"],"damage_healed":5,"gold_gain":0,"player_choice":"Offered Common","damage_taken":0,"max_hp_gain":0,"max_hp_loss":0,"event_name":"Bonfire Elementals","floor":14,"gold_loss":0},{"cards_removed":["Poisoned Stab"],"damage_healed":5,"gold_gain":0,"player_choice":"Offered Special","damage_taken":0,"max_hp_gain":0,"max_hp_loss":0,"event_name":"Bonfire Elementals","floor":14,"gold_loss":0}],"is_beta":true,"boss_relics":[{"not_picked":["HoveringKite","White Beast Statue"],"picked":"Busted Crown"}],"items_purged_floors":[],"is_endless":false,"potions_floor_spawned":[2,5,6,12,19],"killed_by":"Sentry and Sphere","ascension_level":20}