{"gold_per_floor":[110,110,130,130,144,144,168,168,168,204,204,204],"floor_reached":12,"playtime":411,"items_purged":[],"score":156,"play_id":"1e3c5a48-cdb4-4d1e-9a9c-db5f63a199c9","local_time":"20190105155100","is_ascension_mode":true,"campfire_choices":[{"data":"Beam Cell","floor":6,"key":"SMITH"},{"data":"Skim","floor":8,"key":"SMITH"}],"neow_cost":"NONE","seed_source_timestamp":19290596948980,"circlet_count":0,"master_deck":["AscendersBane","Strike_B","Strike_B","Strike_B","Strike_B","Defend_B","Defend_B","Defend_B","Defend_B","Zap","Dualcast","Gash","Beam Cell+1","Skim+1","Conserve Battery","Fission"],"relics":["Cracked Core","NeowsBlessing","Golden Idol","Emotion Chip","Gambling Chip"],"potions_floor_usage":[12,12],"damage_taken":[{"damage":0,"enemies":"Small Slimes","floor":1,"turns":1},{"damage":0,"enemies":"Cultist","floor":3,"turns":1},{"damage":0,"enemies":"2 Louse","floor":5,"turns":1},{"damage":0,"enemies":"Red Slaver","floor":7,"turns":3},{"damage":38,"enemies":"3 Sentries","floor":10,"turns":12},{"damage":18,"enemies":"Large Slime","floor":12,"turns":4}],"seed_played":"-5682013520805443510","potions_obtained":[{"floor":1,"key":"Poison Potion"},{"floor":3,"key":"Poison Potion"}],"is_trial":false,"path_per_floor":["M","?","M","?","M","R","M","R","T","E","?","M"],"character_chosen":"DEFECT","items_purchased":[],"campfire_rested":0,"item_purchase_floors":[],"current_hp_per_floor":[64,64,64,64,64,64,64,64,64,26,17,0],"gold":204,"neow_bonus":"THREE_ENEMY_KILL","is_prod":false,"is_daily":false,"chose_seed":false,"campfire_upgraded":2,"win_rate":0,"timestamp":1546674660,"path_taken":["M","?","M","?","?","R","?","R","T","E","?","?"],"build_version":"2019-01-03v4","purchased_purges":0,"victory":false,"max_hp_per_floor":[71,64,64,64,64,64,64,64,64,64,64,64],"card_choices":[{"not_picked":["Auto Shields","Storm"],"picked":"Gash","floor":1},{"not_picked":["Aggregate","Compile Driver"],"picked":"Beam Cell","floor":3},{"not_picked":["Static Discharge","Ball Lightning","Consume"],"picked":"SKIP","floor":5},{"not_picked":["Leap","Compile Driver"],"picked":"Conserve Battery","floor":7},{"not_picked":["Chill","Stack"],"picked":"Fission","floor":10}],"player_experience":1747460,"relics_obtained":[{"floor":9,"key":"Emotion Chip"},{"floor":10,"key":"Gambling Chip"}],"event_choices":[{"damage_healed":0,"gold_gain":0,"player_choice":"Lose Max HP","damage_taken":0,"relics_obtained":["Golden Idol"],"max_hp_gain":0,"max_hp_loss":7,"event_name":"Golden Idol","floor":2,"gold_loss":0},{"damage_healed":0,"gold_gain":0,"player_choice":"1 cards matched","damage_taken":0,"max_hp_gain":0,"max_hp_loss":0,"event_name":"Match and Keep!","floor":4,"gold_loss":0,"cards_obtained":["Skim"]},{"damage_healed":0,"gold_gain":0,"player_choice":"Damaged","damage_taken":9,"max_hp_gain":0,"max_hp_loss":0,"event_name":"Wheel of Change","floor":11,"gold_loss":0}],"is_beta":false,"boss_relics":[],"items_purged_floors":[],"is_endless":false,"potions_floor_spawned":[1,3,5],"killed_by":"Large Slime","ascension_level":20}