{"gold_per_floor":[117,131,206,225,225,225,259,259,311,311,346,346],"floor_reached":12,"playtime":295,"items_purged":[],"score":133,"play_id":"dfd86178-2940-4fe4-9d12-96a70093dbd1","local_time":"20181009162758","is_ascension_mode":true,"campfire_choices":[{"data":"Zap","floor":6,"key":"SMITH"},{"data":"Coolheaded","floor":8,"key":"SMITH"},{"data":"Rebound","floor":10,"key":"SMITH"}],"neow_cost":"NONE","seed_source_timestamp":614511024548999,"circlet_count":0,"master_deck":["Strike_B","Strike_B","Strike_B","Strike_B","Defend_B","Defend_B","Defend_B","Defend_B","Zap+1","Dualcast","AscendersBane","Rebound+1","Glacier","Coolheaded+1","Self Repair"],"special_seed":0,"relics":["Cracked Core","NeowsBlessing","Golden Idol","Omamori","Pen Nib","Dodecahedron"],"potions_floor_usage":[],"damage_taken":[{"damage":0,"enemies":"Small Slimes","floor":1,"turns":1},{"damage":0,"enemies":"2 Louse","floor":2,"turns":1},{"damage":0,"enemies":"Jaw Worm","floor":4,"turns":1},{"damage":24,"enemies":"Lagavulin","floor":7,"turns":7},{"damage":13,"enemies":"3 Sentries","floor":11,"turns":10},{"damage":27,"enemies":"The Mushroom Lair","floor":12,"turns":3}],"seed_played":"-3973798200946756680","potions_obtained":[{"floor":11,"key":"SteroidPotion"}],"is_trial":false,"path_per_floor":["M","M","?","M","?","R","E","R","T","R","E"],"character_chosen":"DEFECT","items_purchased":[],"campfire_rested":0,"item_purchase_floors":[],"current_hp_per_floor":[68,68,57,57,57,57,33,33,33,33,20,0],"gold":346,"neow_bonus":"THREE_ENEMY_KILL","is_prod":false,"is_daily":false,"chose_seed":false,"campfire_upgraded":3,"win_rate":0,"timestamp":1539073678,"path_taken":["M","M","?","?","?","R","E","R","T","R","E","?"],"build_version":"2018-10-04v2","purchased_purges":0,"victory":false,"max_hp_per_floor":[75,75,75,75,69,69,69,69,69,69,69,69],"card_choices":[{"not_picked":["Leap","Compile Driver"],"picked":"Rebound","floor":1},{"not_picked":["Ball Lightning","Sunder"],"picked":"Glacier","floor":2},{"not_picked":["Reinforced Body","Sweeping Beam"],"picked":"Coolheaded","floor":4},{"not_picked":["Aggregate","Coolheaded","Auto Shields"],"picked":"SKIP","floor":7},{"not_picked":["Sweeping Beam","Skim"],"picked":"Self Repair","floor":11}],"player_experience":253895,"relics_obtained":[{"floor":7,"key":"Omamori"},{"floor":9,"key":"Pen Nib"},{"floor":11,"key":"Dodecahedron"}],"event_choices":[{"event_name":"World of Goop","player_choice":"Gather Gold","floor":3,"damage_taken":0},{"event_name":"Golden Idol","player_choice":"Lose Max HP","floor":5,"damage_taken":0},{"event_name":"Mushrooms","player_choice":"Fought Mushrooms","floor":12,"damage_taken":0}],"is_beta":false,"boss_relics":[],"items_purged_floors":[],"is_endless":false,"potions_floor_spawned":[11],"killed_by":"The Mushroom Lair","ascension_level":11}