{"gold_per_floor":[17,32,49,69,82,82,115,115,115,147,147,147,162,74,74,151,151,168,93,193,203,118,118,151,161,461,461,461,471,498,498,498,577,577,592,692,709,709,728,728,358,358,358,358,358,369,369,404,404,404,404,404,404,64,98,98],"floor_reached":57,"playtime":1824,"items_purged":["Strike_R","Cleave+1"],"score":2931,"play_id":"09efd7ff-c3ca-4624-bf9d-c6c78c743a36","local_time":"20190308181505","is_ascension_mode":true,"campfire_choices":[{"data":"Whirlwind","floor":6.0,"key":"SMITH"},{"data":"Inflame","floor":8.0,"key":"SMITH"},{"data":"Inflame","floor":12.0,"key":"SMITH"},{"data":"Bash","floor":15.0,"key":"SMITH"},{"data":"Heavy Blade","floor":23.0,"key":"SMITH"},{"data":"Offering","floor":28.0,"key":"SMITH"},{"data":"Evolve","floor":32.0,"key":"SMITH"},{"data":"Limit Break","floor":40.0,"key":"SMITH"},{"data":"Shrug It Off","floor":42.0,"key":"SMITH"},{"floor":45.0,"key":"RECALL"},{"data":"Shrug It Off","floor":49.0,"key":"SMITH"},{"data":"Impervious","floor":53,"key":"SMITH"}],"neow_cost":"NO_GOLD","seed_source_timestamp":22630385724380,"circlet_count":0,"master_deck":["AscendersBane","Defend_R+1","Defend_R+1","Bash+1","Inflame+1","Fire Breathing","Pummel","Whirlwind+1","Heavy Blade+1","Inflame+1","Feed","Dropkick","Evolve+1","Offering+1","Dropkick","Impervious+1","Limit Break+1","Uppercut+1","Hemokinesis+1","Shrug It Off+1","Shrug It Off+1"],"special_seed":0,"relics":["Burning Blood","Red Skull","Mummified Hand","Ancient Tea Set","Mark of Pain","Champion Belt","Sundial","Thread and Needle","Gremlin Horn","Old Coin","Oddly Smooth Stone","Astrolabe","Pocketwatch","Pen Nib","Incense Burner","Mango","Bottled Tornado","War Paint"],"potions_floor_usage":[51,56],"damage_taken":[{"damage":6.0,"enemies":"Jaw Worm","floor":1.0,"turns":5.0},{"damage":12.0,"enemies":"Small Slimes","floor":2.0,"turns":4.0},{"damage":6.0,"enemies":"2 Louse","floor":3.0,"turns":2.0},{"damage":14.0,"enemies":"Blue Slaver","floor":4.0,"turns":4.0},{"damage":6.0,"enemies":"3 Louse","floor":5.0,"turns":2.0},{"damage":20.0,"enemies":"Lagavulin","floor":7.0,"turns":5.0},{"damage":32.0,"enemies":"Gremlin Nob","floor":10.0,"turns":4.0},{"damage":0.0,"enemies":"2 Fungi Beasts","floor":13.0,"turns":2.0},{"damage":18.0,"enemies":"Slime Boss","floor":16.0,"turns":6.0},{"damage":22.0,"enemies":"Shell Parasite","floor":18.0,"turns":2.0},{"damage":6.0,"enemies":"Colosseum Slavers","floor":20.0,"turns":1.0},{"damage":14.0,"enemies":"Colosseum Nobs","floor":20.0,"turns":4.0},{"damage":0.0,"enemies":"Chosen","floor":21.0,"turns":2.0},{"damage":39.0,"enemies":"Slavers","floor":24.0,"turns":5.0},{"damage":0.0,"enemies":"Snake Plant","floor":25.0,"turns":2.0},{"damage":0.0,"enemies":"Snecko","floor":29.0,"turns":2.0},{"damage":29.0,"enemies":"Gremlin Leader","floor":30.0,"turns":5.0},{"damage":6.0,"enemies":"Automaton","floor":33.0,"turns":6.0},{"damage":22.0,"enemies":"3 Shapes","floor":35.0,"turns":3.0},{"damage":6.0,"enemies":"Mind Bloom Boss Battle","floor":36.0,"turns":2.0},{"damage":21.0,"enemies":"3 Darklings","floor":37.0,"turns":3.0},{"damage":25.0,"enemies":"Writhing Mass","floor":39.0,"turns":3.0},{"damage":6.0,"enemies":"Transient","floor":46.0,"turns":5.0},{"damage":6.0,"enemies":"Nemesis","floor":48.0,"turns":3.0},{"damage":20.0,"enemies":"Time Eater","floor":50.0,"turns":5.0},{"damage":14,"enemies":"Donu and Deca","floor":51,"turns":4},{"damage":6,"enemies":"Shield and Spear","floor":55,"turns":5},{"damage":81,"enemies":"The Heart","floor":56,"turns":8}],"seed_played":"2628302245146054291","potions_obtained":[{"floor":2.0,"key":"Poison Potion"},{"floor":3.0,"key":"SpeedPotion"},{"floor":5.0,"key":"EssenceOfSteel"},{"floor":21.0,"key":"Fire Potion"},{"floor":29.0,"key":"LiquidBronze"},{"floor":39.0,"key":"Strength Potion"},{"floor":46.0,"key":"Explosive Potion"}],"is_trial":false,"path_per_floor":["M","M","M","M","M","R","E","R","T","E","?","R","M","$","R","B",null,"M","$","?","M","?","R","E","M","T","T","R","M","E","?","R","B",null,"M","?","M","?","M","R","$","R","T","?","R","M","?","E","R","B","B",null,"R","$","E","B",null],"character_chosen":"IRONCLAD","items_purchased":["Evolve","Fruit Juice","Pen Nib","Bottled Tornado","Swift Potion"],"campfire_rested":0,"item_purchase_floors":[14,41,41,54,54],"current_hp_per_floor":[68,62,62,54,54,54,40,40,40,14,14,14,20,20,20,11,61,45,45,40,49,49,49,19,28,28,28,28,34,14,14,14,17,76,63,66,51,51,32,32,37,37,37,37,37,40,40,54,54,40,35,104,104,104,104,29],"gold":98,"neow_bonus":"TRANSFORM_TWO_CARDS","is_prod":false,"is_daily":false,"chose_seed":false,"campfire_upgraded":11,"win_rate":0,"timestamp":1552040105,"path_taken":["M","M","M","M","M","R","E","R","T","E","?","R","M","$","R","BOSS","M","$","?","M","?","R","E","M","T","?","R","M","E","?","R","BOSS","M","?","M","?","M","R","$","R","T","?","R","?","?","E","R","BOSS","BOSS","R","$","E","BOSS"],"build_version":"2019-01-23","purchased_purges":2,"victory":true,"max_hp_per_floor":[75,75,75,75,75,75,75,75,75,75,75,75,75,75,75,78,78,78,78,81,84,84,84,87,90,90,90,90,90,93,93,93,96,96,99,102,102,102,102,102,107,107,107,107,107,110,110,124,124,124,127,127,127,127,127,127],"card_choices":[{"not_picked":["Havoc","Warcry"],"picked":"Pummel","floor":1.0},{"not_picked":["Shockwave","Body Slam"],"picked":"Whirlwind","floor":2.0},{"not_picked":["Blood for Blood","Thunderclap","Body Slam"],"picked":"SKIP","floor":3.0},{"not_picked":["Perfected Strike","Pommel Strike"],"picked":"Heavy Blade","floor":4.0},{"not_picked":["Shrug It Off","Iron Wave"],"picked":"Inflame","floor":5.0},{"not_picked":["Warcry","Havoc"],"picked":"Feed","floor":7.0},{"not_picked":["Whirlwind","Pommel Strike"],"picked":"Dropkick","floor":10.0},{"not_picked":["Iron Wave","Cleave","Flame Barrier"],"picked":"SKIP","floor":13.0},{"not_picked":["Fiend Fire","Impervious"],"picked":"Offering","floor":16.0},{"not_picked":["Flame Barrier","Sentinel","Cleave"],"picked":"SKIP","floor":18.0},{"not_picked":["Hemokinesis","Rampage","Intimidate"],"picked":"SKIP","floor":21.0},{"not_picked":["Armaments","Flex","Wild Strike"],"picked":"SKIP","floor":24.0},{"not_picked":["Entrench","Anger+1"],"picked":"Dropkick","floor":25.0},{"not_picked":["Perfected Strike","Infernal Blade","Cleave"],"picked":"SKIP","floor":29.0},{"not_picked":["Fire Breathing","Twin Strike"],"picked":"Impervious","floor":30.0},{"not_picked":["Berserk","Fiend Fire"],"picked":"Limit Break","floor":33.0},{"not_picked":["Twin Strike+1","Anger","Clash"],"picked":"SKIP","floor":35.0},{"not_picked":["Rampage+1","Cleave"],"picked":"Shrug It Off","floor":36.0},{"not_picked":["Bloodletting+1","Cleave"],"picked":"Shrug It Off","floor":37.0},{"not_picked":["Evolve","Brutality","Cleave+1"],"picked":"SKIP","floor":39.0},{"not_picked":["Bloodletting","Sword Boomerang+1","Rupture+1"],"picked":"SKIP","floor":46.0},{"not_picked":["Clash","Dropkick+1","Ghostly Armor+1"],"picked":"SKIP","floor":48.0},{"not_picked":["Clash","Twin Strike","Spot Weakness"],"picked":"SKIP","floor":55}],"player_experience":3408157,"relics_obtained":[{"floor":7.0,"key":"Red Skull"},{"floor":9.0,"key":"Mummified Hand"},{"floor":10.0,"key":"Ancient Tea Set"},{"floor":20.0,"key":"Champion Belt"},{"floor":20.0,"key":"Sundial"},{"floor":24.0,"key":"Gremlin Horn"},{"floor":26.0,"key":"Old Coin"},{"floor":30.0,"key":"Oddly Smooth Stone"},{"floor":36.0,"key":"Pocketwatch"},{"floor":43.0,"key":"Incense Burner"},{"floor":48.0,"key":"Mango"},{"floor":55,"key":"War Paint"}],"event_choices":[{"cards_removed":["Strike_R"],"damage_healed":0.0,"max_hp_gain":0.0,"max_hp_loss":0.0,"gold_gain":0.0,"event_name":"Living Wall","player_choice":"Forget","floor":11.0,"gold_loss":0.0,"damage_taken":0.0},{"damage_healed":0.0,"max_hp_gain":0.0,"max_hp_loss":0.0,"gold_gain":0.0,"event_name":"Colosseum","player_choice":"Fight","floor":20.0,"gold_loss":0.0,"damage_taken":0.0},{"damage_healed":0.0,"max_hp_gain":0.0,"max_hp_loss":0.0,"gold_gain":0.0,"event_name":"Colosseum","player_choice":"Fought Nobs","floor":20.0,"gold_loss":0.0,"damage_taken":0.0},{"damage_healed":0.0,"max_hp_gain":0.0,"max_hp_loss":0.0,"gold_gain":0.0,"event_name":"Addict","player_choice":"Obtained Relic","floor":22.0,"gold_loss":85.0,"damage_taken":0.0,"relics_obtained":["Thread and Needle"]},{"damage_healed":0.0,"max_hp_gain":0.0,"max_hp_loss":0.0,"gold_gain":0.0,"event_name":"The Mausoleum","player_choice":"Ignored","floor":31.0,"gold_loss":0.0,"damage_taken":0.0},{"damage_healed":0.0,"max_hp_gain":0.0,"max_hp_loss":0.0,"gold_gain":0.0,"event_name":"MindBloom","player_choice":"Fight","floor":36.0,"gold_loss":0.0,"damage_taken":0.0},{"damage_healed":0.0,"max_hp_gain":0.0,"max_hp_loss":0.0,"gold_gain":0.0,"event_name":"The Moai Head","player_choice":"Ignored","floor":38.0,"gold_loss":0.0,"damage_taken":0.0},{"damage_healed":0.0,"max_hp_gain":0.0,"max_hp_loss":0.0,"gold_gain":0.0,"event_name":"SecretPortal","player_choice":"Ignored","floor":44.0,"gold_loss":0.0,"damage_taken":0.0},{"damage_healed":0.0,"max_hp_gain":0.0,"max_hp_loss":0.0,"gold_gain":0.0,"event_name":"SensoryStone","player_choice":"Memory 1","floor":47.0,"gold_loss":0.0,"damage_taken":0.0}],"is_beta":false,"boss_relics":[{"not_picked":["Lizard Tail","Black Blood"],"picked":"Mark of Pain"},{"not_picked":["Calling Bell","Velvet Choker"],"picked":"Astrolabe"}],"items_purged_floors":[19,41],"is_endless":false,"potions_floor_spawned":[2,3,5,10,21,24,29,30,39,46,55],"ascension_level":20}