{"gold_per_floor":[110,110,120,135,151,151,36,36,36,36,36,36,47,61,61,132,132,148,148,148,167,184,184,201,101,147,147,163,179,204,217,217,293,293,312,326,326,201,214,214,249,265,345,345,111,111,127,146,146,146,146,146,146,146,179,179],"floor_reached":57,"playtime":3624,"items_purged":["Strike_G","Survivor","Dash","Skewer+1"],"score":3146,"play_id":"e8b93311-0ee2-45e7-bf0a-269c8c289e5b","local_time":"20190214165800","is_ascension_mode":true,"campfire_choices":[{"data":"Neutralize","floor":6.0,"key":"SMITH"},{"data":"Tactician","floor":8.0,"key":"SMITH"},{"data":"Catalyst","floor":10.0,"key":"SMITH"},{"data":"Noxious Fumes","floor":15.0,"key":"SMITH"},{"data":"Acrobatics","floor":23.0,"key":"SMITH"},{"data":"Well Laid Plans","floor":27.0,"key":"SMITH"},{"data":"Venomology","floor":32.0,"key":"SMITH"},{"data":"Acrobatics","floor":40.0,"key":"SMITH"},{"data":"Skewer","floor":44.0,"key":"SMITH"},{"data":"Grand Finale","floor":46.0,"key":"SMITH"},{"floor":49.0,"key":"RECALL"},{"data":"Backflip","floor":53.0,"key":"SMITH"}],"neow_cost":"TEN_PERCENT_HP_LOSS","seed_source_timestamp":25669230241507,"circlet_count":0,"master_deck":["AscendersBane","Neutralize+1","Tactician+1","Catalyst+1","Noxious Fumes+1","Backflip+1","Corpse Explosion","PiercingWail","Venomology+1","Acrobatics+1","Well Laid Plans+1","Acrobatics+1","Grand Finale+1"],"special_seed":0,"relics":["Ring of the Snake","Meat on the Bone","Pandora\u0027s Box","Enchiridion","Mummified Hand","Calipers","Lizard Tail","Omamori","Ornamental Fan","Bronze Scales"],"potions_floor_usage":[56,56],"damage_taken":[{"damage":13.0,"enemies":"Jaw Worm","floor":1.0,"turns":9.0},{"damage":7.0,"enemies":"Small Slimes","floor":3.0,"turns":4.0},{"damage":0.0,"enemies":"2 Louse","floor":4.0,"turns":3.0},{"damage":0.0,"enemies":"Exordium Wildlife","floor":5.0,"turns":4.0},{"damage":8.0,"enemies":"Large Slime","floor":13.0,"turns":9.0},{"damage":9.0,"enemies":"Gremlin Gang","floor":14.0,"turns":6.0},{"damage":1.0,"enemies":"The Guardian","floor":16.0,"turns":10.0},{"damage":0.0,"enemies":"3 Byrds","floor":18.0,"turns":2.0},{"damage":0.0,"enemies":"Shell Parasite","floor":21.0,"turns":3.0},{"damage":0.0,"enemies":"Snake Plant","floor":22.0,"turns":3.0},{"damage":0.0,"enemies":"Chosen and Byrds","floor":24.0,"turns":2.0},{"damage":0.0,"enemies":"Shelled Parasite and Fungi","floor":28.0,"turns":2.0},{"damage":0.0,"enemies":"Snake Plant","floor":29.0,"turns":3.0},{"damage":0.0,"enemies":"Slavers","floor":30.0,"turns":2.0},{"damage":1.0,"enemies":"Sentry and Sphere","floor":31.0,"turns":3.0},{"damage":0.0,"enemies":"Automaton","floor":33.0,"turns":3.0},{"damage":0.0,"enemies":"3 Darklings","floor":35.0,"turns":2.0},{"damage":0.0,"enemies":"3 Shapes","floor":36.0,"turns":3.0},{"damage":0.0,"enemies":"3 Darklings","floor":39.0,"turns":1.0},{"damage":0.0,"enemies":"Nemesis","floor":41.0,"turns":1.0},{"damage":0.0,"enemies":"Spire Growth","floor":42.0,"turns":1.0},{"damage":0.0,"enemies":"4 Shapes","floor":47.0,"turns":1.0},{"damage":0.0,"enemies":"Maw","floor":48.0,"turns":1.0},{"damage":0.0,"enemies":"Awakened One","floor":50.0,"turns":2.0},{"damage":0.0,"enemies":"Time Eater","floor":51.0,"turns":3.0},{"damage":0.0,"enemies":"Shield and Spear","floor":55.0,"turns":1.0},{"damage":0,"enemies":"The Heart","floor":56,"turns":3}],"seed_played":"-5746682411864833396","potions_obtained":[{"floor":1.0,"key":"SteroidPotion"},{"floor":14.0,"key":"Block Potion"},{"floor":16.0,"key":"Swift Potion"},{"floor":24.0,"key":"SpeedPotion"},{"floor":30.0,"key":"Strength Potion"},{"floor":33.0,"key":"GhostInAJar"}],"is_trial":false,"path_per_floor":["M","?","M","M","M","R","$","R","T","R","?","?","M","M","R","B",null,"M","?","?","M","M","R","M","$","T","R","M","M","E","M","R","B",null,"M","M","?","$","M","R","E","M","T","R","$","R","M","M","R","B","B",null,"R","$","E","B",null],"character_chosen":"THE_SILENT","items_purchased":["Catalyst","Grand Finale"],"campfire_rested":0,"item_purchase_floors":[7,45],"current_hp_per_floor":[46,46,39,39,39,39,39,39,39,39,39,32,36,39,39,38,55,55,34,34,34,34,34,34,34,34,34,34,34,34,33,33,33,53,53,53,53,53,53,53,53,53,53,53,53,53,53,53,53,53,53,56,56,56,56,56],"gold":179,"neow_bonus":"REMOVE_TWO","is_prod":false,"is_daily":false,"chose_seed":false,"campfire_upgraded":11,"win_rate":0,"timestamp":1550134680,"path_taken":["M","?","M","M","M","R","$","R","T","R","?","?","?","M","R","BOSS","M","?","?","M","M","R","M","$","T","R","M","M","E","M","R","BOSS","M","?","?","?","M","R","E","M","T","R","$","R","?","M","R","BOSS","BOSS","R","$","E","BOSS"],"build_version":"2019-01-23","purchased_purges":4,"victory":true,"max_hp_per_floor":[60,60,60,60,60,60,60,60,60,60,60,60,60,60,60,60,60,60,60,60,60,60,60,60,60,60,60,60,60,60,60,60,60,60,60,60,57,57,57,57,57,57,57,57,57,57,57,57,57,57,57,57,57,57,57,57],"card_choices":[{"not_picked":["Prepared","Cloak And Dagger"],"picked":"Dash","floor":1.0},{"not_picked":["Blur","PiercingWail","Finisher"],"picked":"SKIP","floor":3.0},{"not_picked":["Acrobatics","Accuracy"],"picked":"Tactician","floor":4.0},{"not_picked":["Flying Knee","Sucker Punch","Terror"],"picked":"SKIP","floor":5.0},{"not_picked":["Dagger Throw","Eviscerate","Crippling Poison"],"picked":"SKIP","floor":13.0},{"not_picked":["Sucker Punch","All Out Attack"],"picked":"Backflip","floor":14.0},{"not_picked":["Tools of the Trade","Adrenaline"],"picked":"Corpse Explosion","floor":16.0},{"not_picked":["Riddle With Holes","Flying Knee","Backstab"],"picked":"SKIP","floor":18.0},{"not_picked":["Poisoned Stab","Flechettes"],"picked":"Well Laid Plans","floor":21.0},{"not_picked":["Escape Plan","Skewer","Backflip"],"picked":"SKIP","floor":22.0},{"not_picked":["Deadly Poison","Blade Dance","Leg Sweep"],"picked":"SKIP","floor":24.0},{"not_picked":["Dagger Throw+1","Dodge and Roll","Outmaneuver"],"picked":"SKIP","floor":28.0},{"not_picked":["Dagger Throw","Envenom","Slice"],"picked":"SKIP","floor":29.0},{"not_picked":["PiercingWail+1","Tools of the Trade","Deflect"],"picked":"SKIP","floor":30.0},{"not_picked":["Slice","Footwork","Blade Dance+1"],"picked":"SKIP","floor":31.0},{"not_picked":["Deflect","Expertise","Underhanded Strike"],"picked":"SKIP","floor":35.0},{"not_picked":["Bane","Slice"],"picked":"Acrobatics","floor":36.0},{"not_picked":["Flechettes","Dagger Spray","All Out Attack"],"picked":"SKIP","floor":39.0},{"not_picked":["Cloak And Dagger+1","Dagger Throw","Dagger Spray"],"picked":"SKIP","floor":41.0},{"not_picked":["Heel Hook+1","Endless Agony","Deflect+1"],"picked":"SKIP","floor":42.0},{"not_picked":["Eviscerate","Well Laid Plans","Sucker Punch"],"picked":"SKIP","floor":47.0},{"not_picked":["Distraction","Dodge and Roll","Phantasmal Killer"],"picked":"SKIP","floor":48.0},{"not_picked":["Acrobatics","Backflip+1","Flying Knee"],"picked":"SKIP","floor":55.0}],"player_experience":2728246,"relics_obtained":[{"floor":9.0,"key":"Meat on the Bone"},{"floor":19.0,"key":"Enchiridion"},{"floor":30.0,"key":"Calipers"},{"floor":41.0,"key":"Omamori"},{"floor":43.0,"key":"Ornamental Fan"},{"floor":55.0,"key":"Bronze Scales"}],"event_choices":[{"damage_healed":0.0,"max_hp_gain":0.0,"max_hp_loss":0.0,"gold_gain":0.0,"event_name":"Liars Game","player_choice":"Ignored","floor":2.0,"gold_loss":0.0,"damage_taken":0.0},{"damage_healed":0.0,"max_hp_gain":0.0,"max_hp_loss":0.0,"gold_gain":0.0,"cards_transformed":["Strike_G"],"event_name":"Living Wall","player_choice":"Change","floor":11.0,"gold_loss":0.0,"damage_taken":0.0,"cards_obtained":["Noxious Fumes"]},{"cards_removed":["Strike_G"],"damage_healed":0.0,"max_hp_gain":0.0,"max_hp_loss":0.0,"gold_gain":0.0,"event_name":"Golden Wing","player_choice":"Card Removal","floor":12.0,"gold_loss":0.0,"damage_taken":7.0},{"damage_healed":0.0,"max_hp_gain":0.0,"max_hp_loss":0.0,"gold_gain":0.0,"event_name":"Cursed Tome","player_choice":"Obtained Book","floor":19.0,"gold_loss":0.0,"damage_taken":21.0},{"cards_removed":["Doppelganger"],"damage_healed":0.0,"max_hp_gain":0.0,"max_hp_loss":0.0,"gold_gain":0.0,"event_name":"WeMeetAgain","player_choice":"Gave Card","floor":20.0,"gold_loss":0.0,"damage_taken":0.0,"relics_obtained":["Mummified Hand"]},{"damage_healed":0.0,"max_hp_gain":0.0,"max_hp_loss":3.0,"gold_gain":0.0,"event_name":"Winding Halls","player_choice":"Max HP","floor":37.0,"gold_loss":0.0,"damage_taken":0.0}],"is_beta":false,"boss_relics":[{"not_picked":["Snecko Eye","Busted Crown"],"picked":"Pandora\u0027s Box"},{"not_picked":["Calling Bell","White Beast Statue"],"picked":"Lizard Tail"}],"items_purged_floors":[7,25,38,45],"is_endless":false,"potions_floor_spawned":[1,14,16,18,24,29,30,33,35,36,41,55],"ascension_level":20}