{"gold_per_floor":[109,129,129,129,142,174,186,5,5,25,25,25],"floor_reached":12,"playtime":510,"items_purged":["Strike_B"],"score":160,"play_id":"69706ebd-5fe8-4dce-a8cd-fbe6cc8e396e","local_time":"20190424082744","is_ascension_mode":true,"campfire_choices":[{"floor":11,"key":"RECALL"}],"neow_cost":"NONE","seed_source_timestamp":144784095420795,"circlet_count":0,"master_deck":["AscendersBane","Strike_B","Strike_B","Defend_B","Defend_B","Defend_B+1","Defend_B","Zap+1","Dualcast","Auto Shields","Consume","Self Repair","Glacier","Undo","Impatience","Coolheaded"],"special_seed":0,"relics":["Fusion Hammer","Ancient Tea Set","Art of War"],"potions_floor_usage":[7,12],"damage_taken":[{"damage":2.0,"enemies":"Jaw Worm","floor":1.0,"turns":4.0},{"damage":2.0,"enemies":"2 Louse","floor":2.0,"turns":2.0},{"damage":1.0,"enemies":"Small Slimes","floor":5.0,"turns":4.0},{"damage":20.0,"enemies":"3 Sentries","floor":6.0,"turns":24.0},{"damage":12,"enemies":"Exordium Wildlife","floor":7,"turns":7},{"damage":1,"enemies":"Looter","floor":10,"turns":4},{"damage":14,"enemies":"Gremlin Nob","floor":12,"turns":3}],"seed_played":"5157649177731897022","potions_obtained":[{"floor":5.0,"key":"Block Potion"},{"floor":6.0,"key":"Poison Potion"},{"floor":7,"key":"SkillPotion"}],"is_trial":false,"path_per_floor":["M","M","?","?","M","E","M","$","T","M","R","E"],"character_chosen":"DEFECT","items_purchased":["Impatience"],"campfire_rested":0,"item_purchase_floors":[8],"current_hp_per_floor":[62,60,60,39,45,32,27,27,27,33,33,19],"gold":25,"neow_bonus":"BOSS_RELIC","is_prod":false,"is_daily":false,"chose_seed":false,"campfire_upgraded":0,"win_rate":0,"timestamp":1556065664,"path_taken":["M","M","?","?","M","E","M","$","T","M","R","E"],"build_version":"2019-01-23","purchased_purges":1,"victory":false,"max_hp_per_floor":[71,71,71,71,71,71,71,71,71,71,71,71],"card_choices":[{"not_picked":["Gash","Fusion"],"picked":"Auto Shields","floor":1.0},{"not_picked":["Barrage","Coolheaded"],"picked":"Consume","floor":2.0},{"not_picked":["Reprogram","Coolheaded"],"picked":"Glacier","floor":5.0},{"not_picked":["Force Field","Go for the Eyes","Gash"],"picked":"SKIP","floor":6.0},{"not_picked":["Lockon","Turbo"],"picked":"Undo","floor":7},{"not_picked":["Compile Driver","Fusion"],"picked":"Coolheaded","floor":10}],"player_experience":4495677,"relics_obtained":[{"floor":6.0,"key":"Ancient Tea Set"},{"floor":9,"key":"Art of War"}],"event_choices":[{"damage_healed":0.0,"max_hp_gain":0.0,"max_hp_loss":0.0,"gold_gain":0.0,"cards_transformed":["Strike_B"],"event_name":"Living Wall","player_choice":"Change","floor":3.0,"gold_loss":0.0,"damage_taken":0.0,"cards_obtained":["Self Repair"]},{"damage_healed":0.0,"max_hp_gain":0.0,"max_hp_loss":0.0,"gold_gain":0.0,"event_name":"Shining Light","player_choice":"Entered Light","floor":4.0,"gold_loss":0.0,"damage_taken":21.0,"cards_upgraded":["Defend_B","Zap"]}],"is_beta":false,"boss_relics":[],"items_purged_floors":[8],"is_endless":false,"potions_floor_spawned":[5,6,7],"killed_by":"Gremlin Nob","ascension_level":20}