{"gold_per_floor":[117,117,117,133,133,133,161,161,238,256,256,256,269,103,103,182,182,200,211,30,30,46,46,73,73,73,73,88,121,121,121],"floor_reached":31,"playtime":579,"items_purged":["Defend_R","Defend_R"],"score":592,"play_id":"1c233db1-b3d3-4ab9-bf27-29bdf9424cc5","local_time":"20190314223225","is_ascension_mode":true,"campfire_choices":[{"data":"Perfected Strike","floor":6.0,"key":"SMITH"},{"data":"Perfected Strike","floor":8.0,"key":"SMITH"},{"data":"Perfected Strike","floor":12.0,"key":"SMITH"},{"data":"Trip","floor":15.0,"key":"SMITH"},{"data":"Battle Trance","floor":23.0,"key":"SMITH"},{"data":"Power Through","floor":27.0,"key":"SMITH"}],"neow_cost":"CURSE","seed_source_timestamp":52122084260168,"circlet_count":0,"master_deck":["AscendersBane","Strike_R","Strike_R","Strike_R","Bash","Perfected Strike+1","Perfected Strike+1","Perfected Strike+1","Combust","Trip+1","Berserk","Power Through+1","Battle Trance+1","Shrug It Off","Second Wind"],"special_seed":0,"relics":["Burning Blood","Ice Cream","Tiny Chest","Mark of Pain","Torii","Ornamental Fan","Bag of Marbles"],"potions_floor_usage":[],"damage_taken":[{"damage":3.0,"enemies":"Small Slimes","floor":1.0,"turns":3.0},{"damage":1.0,"enemies":"2 Louse","floor":4.0,"turns":2.0},{"damage":52.0,"enemies":"Lagavulin","floor":7.0,"turns":6.0},{"damage":0.0,"enemies":"Cultist","floor":10.0,"turns":2.0},{"damage":12.0,"enemies":"Looter","floor":13.0,"turns":3.0},{"damage":18.0,"enemies":"The Guardian","floor":16.0,"turns":7.0},{"damage":32.0,"enemies":"Shell Parasite","floor":18.0,"turns":3.0},{"damage":14.0,"enemies":"Chosen","floor":19.0,"turns":3.0},{"damage":2.0,"enemies":"Centurion and Healer","floor":22.0,"turns":4.0},{"damage":2.0,"enemies":"Gremlin Leader","floor":24.0,"turns":3.0},{"damage":14.0,"enemies":"Snecko","floor":28.0,"turns":3.0},{"damage":24.0,"enemies":"Book of Stabbing","floor":29.0,"turns":3.0},{"damage":18,"enemies":"Cultist and Chosen","floor":31,"turns":2}],"seed_played":"7065814555681370209","potions_obtained":[{"floor":10.0,"key":"Poison Potion"},{"floor":11.0,"key":"PowerPotion"},{"floor":11.0,"key":"SkillPotion"},{"floor":16.0,"key":"Block Potion"},{"floor":22.0,"key":"Fire Potion"},{"floor":24.0,"key":"PowerPotion"}],"is_trial":false,"path_per_floor":["M","?","?","M","?","R","E","R","T","M","?","R","M","$","R","B",null,"M","M","$","?","M","R","E","$","T","R","M","E","?","M"],"character_chosen":"IRONCLAD","items_purchased":["Trip","Battle Trance"],"campfire_rested":0,"item_purchase_floors":[14,20],"current_hp_per_floor":[71,64,64,69,69,69,23,23,23,29,29,29,23,23,23,11,59,33,25,25,25,29,29,33,33,33,33,25,7,7,0],"gold":121,"neow_bonus":"TRANSFORM_TWO_CARDS","is_prod":false,"is_daily":false,"chose_seed":false,"campfire_upgraded":6,"win_rate":0,"timestamp":1552573945,"path_taken":["M","?","?","M","?","R","E","R","T","?","?","R","?","$","R","BOSS","M","M","$","?","M","R","E","$","T","R","M","E","?","M"],"build_version":"2019-01-23","purchased_purges":2,"victory":false,"max_hp_per_floor":[75,75,75,75,75,75,75,75,75,75,75,75,75,75,75,75,75,75,75,75,75,75,75,75,75,75,75,75,75,75,75],"card_choices":[{"not_picked":["Pommel Strike","True Grit"],"picked":"Perfected Strike","floor":1.0},{"not_picked":["Cleave","Warcry","Headbutt"],"picked":"SKIP","floor":4.0},{"not_picked":["Metallicize","Fire Breathing","Carnage"],"picked":"SKIP","floor":7.0},{"not_picked":["Disarm","Thunderclap","Searing Blow"],"picked":"SKIP","floor":10.0},{"not_picked":["Uppercut","Headbutt","Body Slam"],"picked":"SKIP","floor":13.0},{"not_picked":["Limit Break","Dark Embrace"],"picked":"Berserk","floor":16.0},{"not_picked":["Headbutt","Clothesline","Sword Boomerang"],"picked":"SKIP","floor":18.0},{"not_picked":["Body Slam","Headbutt"],"picked":"Power Through","floor":19.0},{"not_picked":["Seeing Red","Iron Wave","Warcry"],"picked":"SKIP","floor":22.0},{"not_picked":["Sword Boomerang","Headbutt","Warcry"],"picked":"SKIP","floor":24.0},{"not_picked":["Searing Blow","Sword Boomerang","Anger"],"picked":"SKIP","floor":28.0},{"not_picked":["Bludgeon","Twin Strike"],"picked":"Shrug It Off","floor":29.0}],"player_experience":3600388,"relics_obtained":[{"floor":7.0,"key":"Ice Cream"},{"floor":9.0,"key":"Tiny Chest"},{"floor":24.0,"key":"Torii"},{"floor":26.0,"key":"Ornamental Fan"},{"floor":29.0,"key":"Bag of Marbles"}],"event_choices":[{"cards_removed":["Normality"],"damage_healed":0.0,"max_hp_gain":0.0,"max_hp_loss":0.0,"gold_gain":0.0,"event_name":"Golden Wing","player_choice":"Card Removal","floor":2.0,"gold_loss":0.0,"damage_taken":7.0},{"damage_healed":0.0,"max_hp_gain":0.0,"max_hp_loss":0.0,"gold_gain":0.0,"event_name":"Liars Game","player_choice":"Ignored","floor":3.0,"gold_loss":0.0,"damage_taken":0.0},{"damage_healed":0.0,"max_hp_gain":0.0,"max_hp_loss":0.0,"gold_gain":0.0,"cards_transformed":["Defend_R"],"event_name":"Transmorgrifier","player_choice":"Transformed","floor":5.0,"gold_loss":0.0,"damage_taken":0.0,"cards_obtained":["Combust"]},{"damage_healed":0.0,"max_hp_gain":0.0,"max_hp_loss":0.0,"gold_gain":0.0,"event_name":"Lab","player_choice":"Got Potions","floor":11.0,"gold_loss":0.0,"damage_taken":0.0},{"damage_healed":0.0,"max_hp_gain":0.0,"max_hp_loss":0.0,"gold_gain":0.0,"event_name":"The Mausoleum","player_choice":"Ignored","floor":21.0,"gold_loss":0.0,"damage_taken":0.0},{"damage_healed":0.0,"max_hp_gain":0.0,"max_hp_loss":0.0,"gold_gain":0.0,"cards_transformed":["Defend_R"],"event_name":"Transmorgrifier","player_choice":"Transformed","floor":30.0,"gold_loss":0.0,"damage_taken":0.0,"cards_obtained":["Second Wind"]}],"is_beta":false,"boss_relics":[{"not_picked":["Pandora\u0027s Box","Eternal Feather"],"picked":"Mark of Pain"}],"items_purged_floors":[14,20],"is_endless":false,"potions_floor_spawned":[10,16,22,24],"killed_by":"Cultist and Chosen","ascension_level":20}