{"gold_per_floor":[115,138,138,38,53,53,69,69,90,100],"floor_reached":10,"playtime":106,"items_purged":["Strike_G"],"score":126,"play_id":"ad7bfdef-ba36-499b-9557-a0135b60efc8","local_time":"20190130155845","is_ascension_mode":true,"campfire_choices":[{"data":"Reflex","floor":6,"key":"SMITH"},{"data":"Neutralize","floor":8,"key":"SMITH"}],"neow_cost":"NONE","seed_source_timestamp":15850296092601,"circlet_count":0,"master_deck":["AscendersBane","Defend_G","Defend_G","Defend_G","Defend_G","Defend_G","Strike_G","Strike_G","Strike_G","Survivor","Neutralize+1","Reflex+1"],"special_seed":0,"relics":["Ring of the Snake","AscMod:CursedFlame","AscMod:MegaStarOfAscension","AscMod:CursedBank","NeowsBlessing","Blood Vial","MawBank"],"potions_floor_usage":[],"damage_taken":[{"damage":0.0,"enemies":"Cultist","floor":1.0,"turns":1.0},{"damage":0,"enemies":"Jaw Worm","floor":5,"turns":1},{"damage":0,"enemies":"Small Slimes","floor":7,"turns":2},{"damage":0,"enemies":"The Mushroom Lair","floor":10,"turns":1}],"seed_played":"2369581917383834211","potions_obtained":[{"floor":1.0,"key":"Poison Potion"},{"floor":5,"key":"Block Potion"}],"is_trial":false,"path_per_floor":["M","T","?","$","M","R","M","R","T","?"],"character_chosen":"THE_SILENT","items_purchased":[],"campfire_rested":0,"item_purchase_floors":[],"current_hp_per_floor":[59,59,59,59,61,61,63,63,63,65],"gold":100,"neow_bonus":"THREE_ENEMY_KILL","is_prod":false,"is_daily":false,"chose_seed":false,"campfire_upgraded":2,"win_rate":0,"timestamp":1548835125,"path_taken":["M","?","?","$","M","R","M","R","T","?"],"build_version":"2019-01-23","purchased_purges":1,"victory":false,"max_hp_per_floor":[66,66,66,66,66,66,66,66,66,66],"card_choices":[{"not_picked":["Dodge and Roll","Crippling Poison"],"picked":"Reflex","floor":1.0},{"not_picked":["Blade Dance","Terror","PiercingWail"],"picked":"SKIP","floor":5},{"not_picked":["Choke","Dash","Flying Knee"],"picked":"SKIP","floor":7}],"player_experience":2407089,"relics_obtained":[{"floor":2.0,"key":"Blood Vial"},{"floor":9,"key":"MawBank"}],"event_choices":[{"cards_removed":["Strike_G"],"damage_healed":0,"gold_gain":0,"player_choice":"Forget","damage_taken":0,"max_hp_gain":0,"max_hp_loss":0,"event_name":"Living Wall","floor":3,"gold_loss":0},{"damage_healed":0,"gold_gain":0,"player_choice":"Fought Mushrooms","damage_taken":0,"max_hp_gain":0,"max_hp_loss":0,"event_name":"Mushrooms","floor":10,"gold_loss":0}],"is_beta":false,"boss_relics":[],"items_purged_floors":[4],"is_endless":false,"potions_floor_spawned":[1,5],"killed_by":"The Mushroom Lair","ascension_level":25}