{"gold_per_floor":[147,19,19,79,124,205,205,295,295,352,314,407,407,31,31,325,325,364,466,508,562,50,50,92,188,188,188,293,293,374,431,431,746,746,782,373,430,490,520,613,613,643,666,741,840,933,1008,1044,1044,1044],"floor_reached":51,"playtime":2580,"items_purged":["Decay","Pain"],"score":1525,"play_id":"d793dc0a-6451-48a3-a015-88dd9cdc1368","local_time":"20190130184305","daily_mods":["DeadlyEvents","Binary","Cursed Run","Elite Swarm","Lethality","Midas","Night Terrors","Terminal","Uncertain Future","Binary"],"is_ascension_mode":false,"campfire_choices":[{"floor":7.0,"key":"REST"},{"floor":13.0,"key":"REST"},{"floor":15.0,"key":"REST"},{"floor":23.0,"key":"REST"},{"floor":29.0,"key":"REST"},{"floor":32.0,"key":"REST"},{"data":"1","floor":41.0,"key":"LIFT"},{"data":"2","floor":49,"key":"LIFT"}],"neow_cost":"","seed_source_timestamp":0,"circlet_count":0,"master_deck":["Defend_G+1","Defend_G","Defend_G","Defend_G","Defend_G","Strike_G","Strike_G","Strike_G","Strike_G","Survivor","Neutralize+1","Discovery+1","All Out Attack+1","Finesse","Dash","Expertise","Leg Sweep","Expertise","Injury","Parasite"],"special_seed":0,"relics":["Cursed Key","Darkstone Periapt","Du-Vu Doll","Busted Crown","PreservedInsect","Torii","FossilizedHelix","Kunai","Black Star","Red Mask","Calipers","Pear","Sundial","Blue Candle","Anchor","Matryoshka","Oddly Smooth Stone","Philosopher\u0027s Stone","HandDrill","Girya","Thread and Needle","Whetstone","War Paint","Bird Faced Urn","StoneCalendar","Shuriken","Pantograph","Unceasing Top","Bottled Lightning","Ninja Scroll","Tingsha"],"potions_floor_usage":[45,45,50,50],"damage_taken":[{"damage":0.0,"enemies":"Jaw Worm","floor":1.0,"turns":2.0},{"damage":0.0,"enemies":"2 Louse","floor":4.0,"turns":1.0},{"damage":0.0,"enemies":"Cultist","floor":5.0,"turns":2.0},{"damage":0.0,"enemies":"Gremlin Nob","floor":6.0,"turns":3.0},{"damage":0.0,"enemies":"3 Sentries","floor":8.0,"turns":3.0},{"damage":0.0,"enemies":"Gremlin Gang","floor":10.0,"turns":1.0},{"damage":0.0,"enemies":"Gremlin Nob","floor":12.0,"turns":3.0},{"damage":0.0,"enemies":"The Guardian","floor":16.0,"turns":11.0},{"damage":0.0,"enemies":"Shell Parasite","floor":18.0,"turns":6.0},{"damage":0.0,"enemies":"Masked Bandits","floor":19.0,"turns":4.0},{"damage":0.0,"enemies":"Spheric Guardian","floor":20.0,"turns":4.0},{"damage":0.0,"enemies":"Snake Plant","floor":21.0,"turns":5.0},{"damage":0.0,"enemies":"Snecko","floor":24.0,"turns":4.0},{"damage":0.0,"enemies":"Gremlin Leader","floor":25.0,"turns":7.0},{"damage":0.0,"enemies":"Book of Stabbing","floor":28.0,"turns":5.0},{"damage":0.0,"enemies":"Slavers","floor":30.0,"turns":4.0},{"damage":0.0,"enemies":"Chosen and Byrds","floor":31.0,"turns":6.0},{"damage":0.0,"enemies":"Automaton","floor":33.0,"turns":10.0},{"damage":0.0,"enemies":"3 Darklings","floor":35.0,"turns":3.0},{"damage":0.0,"enemies":"3 Shapes","floor":37.0,"turns":5.0},{"damage":0.0,"enemies":"3 Darklings","floor":38.0,"turns":2.0},{"damage":0.0,"enemies":"Jaw Worm Horde","floor":39.0,"turns":4.0},{"damage":0.0,"enemies":"Nemesis","floor":40.0,"turns":15.0},{"damage":0.0,"enemies":"Transient","floor":42.0,"turns":5.0},{"damage":0,"enemies":"Giant Head","floor":44,"turns":8},{"damage":0,"enemies":"Reptomancer","floor":45,"turns":6},{"damage":0,"enemies":"Giant Head","floor":46,"turns":6},{"damage":0,"enemies":"Nemesis","floor":47,"turns":4},{"damage":0,"enemies":"Maw","floor":48,"turns":5},{"damage":0,"enemies":"Donu and Deca","floor":50,"turns":7}],"seed_played":"-1023313729549829384","potions_obtained":[{"floor":1.0,"key":"LiquidBronze"},{"floor":6.0,"key":"SkillPotion"},{"floor":10.0,"key":"PowerPotion"},{"floor":12.0,"key":"Block Potion"},{"floor":19.0,"key":"PowerPotion"},{"floor":20.0,"key":"GamblersBrew"},{"floor":21.0,"key":"FearPotion"},{"floor":31.0,"key":"SkillPotion"},{"floor":33.0,"key":"Weak Potion"},{"floor":37.0,"key":"Block Potion"},{"floor":45,"key":"EssenceOfSteel"},{"floor":47,"key":"Poison Potion"}],"is_trial":true,"path_per_floor":["M","$","?","M","M","E","R","E","T","M","?","E","R","$","R","B",null,"M","?","M","M","$","R","M","E","T","?","E","R","E","M","R","B",null,"M","$","M","M","M","E","R","M","T","E","E","E","E","M","R","B",null],"character_chosen":"THE_SILENT","items_purchased":["Discovery","All Out Attack","Finesse","Kunai","Dash","Expertise","Leg Sweep","Calipers","Expertise","HandDrill","Block Potion"],"campfire_rested":6,"item_purchase_floors":[2,2,14,14,14,22,22,22,36,36,36],"current_hp_per_floor":[1,1,1,1,1,1,1,1,1,1,1,1,1,1,1,6,5,4,3,2,1,1,1,1,10,9,12,12,6,5,4,1,6,5,4,3,2,1,1,1,1,1,6,5,4,3,2,1,1,6],"gold":1044,"neow_bonus":"","is_prod":false,"is_daily":false,"chose_seed":false,"campfire_upgraded":0,"win_rate":0,"timestamp":1548844985,"path_taken":["M","$","?","M","M","E","R","E","T","M","?","E","R","?","R","BOSS","M","?","M","M","$","R","M","E","T","?","E","R","E","?","R","BOSS","M","$","M","?","M","E","R","M","T","?","E","?","E","M","R","BOSS"],"build_version":"2019-01-23","purchased_purges":2,"victory":true,"max_hp_per_floor":[1,1,1,1,1,1,1,1,1,1,1,1,1,1,1,6,5,4,3,2,1,1,1,1,10,9,13,12,6,5,4,1,6,5,4,3,2,1,1,1,1,1,6,5,4,3,2,1,1,6],"card_choices":[],"player_experience":2410730,"relics_obtained":[{"floor":6.0,"key":"PreservedInsect"},{"floor":8.0,"key":"Torii"},{"floor":12.0,"key":"FossilizedHelix"},{"floor":19.0,"key":"Red Mask"},{"floor":25.0,"key":"Pear"},{"floor":25.0,"key":"Sundial"},{"floor":28.0,"key":"Blue Candle"},{"floor":28.0,"key":"Anchor"},{"floor":30.0,"key":"Matryoshka"},{"floor":30.0,"key":"Oddly Smooth Stone"},{"floor":40.0,"key":"Girya"},{"floor":40.0,"key":"Thread and Needle"},{"floor":43,"key":"Whetstone"},{"floor":43,"key":"War Paint"},{"floor":44,"key":"Bird Faced Urn"},{"floor":44,"key":"StoneCalendar"},{"floor":45,"key":"Shuriken"},{"floor":45,"key":"Pantograph"},{"floor":46,"key":"Unceasing Top"},{"floor":46,"key":"Bottled Lightning"},{"floor":47,"key":"Ninja Scroll"},{"floor":47,"key":"Tingsha"}],"event_choices":[{"cards_removed":["Strike_G"],"damage_healed":0.0,"max_hp_gain":0.0,"max_hp_loss":0.0,"gold_gain":0.0,"event_name":"Living Wall","player_choice":"Forget","floor":3.0,"gold_loss":0.0,"damage_taken":0.0},{"damage_healed":0.0,"max_hp_gain":0.0,"max_hp_loss":0.0,"gold_gain":0.0,"event_name":"World of Goop","player_choice":"Left Gold","floor":11.0,"gold_loss":38.0,"damage_taken":0.0},{"damage_healed":0.0,"max_hp_gain":0.0,"max_hp_loss":0.0,"gold_gain":0.0,"event_name":"Masked Bandits","player_choice":"Fought Bandits","floor":19.0,"gold_loss":0.0,"damage_taken":0.0},{"damage_healed":0.0,"max_hp_gain":5.0,"max_hp_loss":0.0,"gold_gain":0.0,"event_name":"Forgotten Altar","player_choice":"Shed Blood","floor":27.0,"gold_loss":0.0,"damage_taken":2.0}],"is_beta":false,"boss_relics":[{"not_picked":["Runic Dome","Velvet Choker"],"picked":"Black Star"},{"not_picked":["HoveringKite","Orrery"],"picked":"Philosopher\u0027s Stone"}],"items_purged_floors":[22,36],"is_endless":false,"potions_floor_spawned":[1,6,10,12,19,20,21,31,33,37,38,42,45,47],"ascension_level":0}