{"path_per_floor":["M","M","M","M","?","R","M","M","T","R","?","M","R","$","R","B",null,"M","M","?","M","$","R","M","?","T","R","?","R","M","M","R"],"character_chosen":"THE_SILENT","items_purchased":["Well Laid Plans","Backflip","Blind"],"gold_per_floor":[112,127,146,160,160,160,175,188,213,213,213,225,225,74,74,174,174,162,174,174,193,51,51,71,71,96,96,96,96,116,129,129,129],"floor_reached":33,"campfire_rested":0,"playtime":1429,"item_purchase_floors":[14,22,22],"current_hp_per_floor":[61,56,55,50,50,50,50,49,49,49,49,49,49,49,49,49,65,57,53,53,36,36,36,28,28,28,28,70,70,59,59,59,0],"items_purged":["Strike_G"],"gold":129,"score":422,"play_id":"d9bfb07f-e0d5-46a9-97ca-754ff12ed247","local_time":"20180609161557","is_prod":false,"is_daily":false,"chose_seed":false,"is_ascension_mode":true,"campfire_upgraded":8,"win_rate":0,"timestamp":1528532157,"campfire_choices":[{"data":"Neutralize","floor":6,"key":"SMITH"},{"data":"Footwork","floor":10,"key":"SMITH"},{"data":"Calculated Gamble","floor":13,"key":"SMITH"},{"data":"Well Laid Plans","floor":15,"key":"SMITH"},{"data":"Burst","floor":23,"key":"SMITH"},{"data":"Blind","floor":27,"key":"SMITH"},{"data":"Blur","floor":29,"key":"SMITH"},{"data":"Blur","floor":32,"key":"SMITH"}],"path_taken":["M","M","M","M","?","R","M","M","T","R","?","M","R","$","R","BOSS","M","M","?","M","$","R","M","?","T","R","?","R","?","M","R","BOSS"],"build_version":"2018-06-08","seed_source_timestamp":20091325697126,"purchased_purges":1,"victory":false,"master_deck":["Defend_G","Defend_G","Defend_G","Defend_G","Strike_G","Strike_G","Strike_G","Survivor","Neutralize+1","Calculated Gamble+1","Quick Slash","Deflect","Footwork+1","Predator","Blur+1","Poisoned Stab","Well Laid Plans+1","Burst+1","Deadly Poison+1","Blur+1","Poisoned Stab","Backflip","Blind+1","Deflect+1","Blade Dance","Poisoned Stab","Terror+1"],"max_hp_per_floor":[70,70,70,70,70,70,70,70,70,70,70,70,70,70,70,70,70,70,70,70,70,70,70,70,70,70,70,70,70,70,70,70,70],"relics":["Ring of the Snake"],"card_choices":[{"not_picked":["Cloak And Dagger","Crippling Poison"],"picked":"Calculated Gamble","floor":1},{"not_picked":["Deflect","Caltrops"],"picked":"Quick Slash","floor":2},{"not_picked":["Bane","Prepared"],"picked":"Deflect","floor":3},{"not_picked":["Deadly Poison","Leg Sweep"],"picked":"Footwork","floor":4},{"not_picked":["Deadly Poison","Malaise"],"picked":"Blur","floor":7},{"not_picked":["Deadly Poison","Dagger Spray"],"picked":"Poisoned Stab","floor":8},{"not_picked":["Endless Agony","Distraction","Dodge and Roll"],"picked":"SKIP","floor":12},{"not_picked":["Endless Agony","Distraction","Dodge and Roll"],"picked":"SKIP","floor":12},{"not_picked":["Bullet Time","Wraith Form v2"],"picked":"Burst","floor":16},{"not_picked":["Flechettes","Dodge and Roll"],"picked":"Deadly Poison+1","floor":18},{"not_picked":["Heel Hook","Blur","PiercingWail"],"picked":"SKIP","floor":19},{"not_picked":["Heel Hook","PiercingWail"],"picked":"Blur","floor":19},{"not_picked":["Dash","Deadly Poison"],"picked":"Poisoned Stab","floor":21},{"not_picked":["Underhanded Strike","Quick Slash"],"picked":"Deflect+1","floor":24},{"not_picked":["Flying Knee+1","Outmaneuver"],"picked":"Poisoned Stab","floor":30},{"not_picked":["Dodge and Roll","Backstab"],"picked":"Terror+1","floor":31}],"player_experience":545798,"potions_floor_usage":[16,16,16,30,33],"damage_taken":[{"damage":2,"enemies":"Cultist","floor":1,"turns":4},{"damage":5,"enemies":"2 Louse","floor":2,"turns":3},{"damage":1,"enemies":"Jaw Worm","floor":3,"turns":5},{"damage":5,"enemies":"Looter","floor":4,"turns":4},{"damage":0,"enemies":"Exordium Wildlife","floor":7,"turns":4},{"damage":1,"enemies":"Large Slime","floor":8,"turns":7},{"damage":0,"enemies":"Looter","floor":12,"turns":4},{"damage":0,"enemies":"Hexaghost","floor":16,"turns":15},{"damage":8,"enemies":"2 Thieves","floor":18,"turns":4},{"damage":4,"enemies":"3 Byrds","floor":19,"turns":6},{"damage":17,"enemies":"Sentry and Sphere","floor":21,"turns":9},{"damage":8,"enemies":"Snake Plant","floor":24,"turns":7},{"damage":11,"enemies":"Cultist and Chosen","floor":30,"turns":7},{"damage":0,"enemies":"Centurion and Healer","floor":31,"turns":10},{"damage":68,"enemies":"Collector","floor":33,"turns":6}],"relics_obtained":[],"event_choices":[{"event_name":"Transmorgrifier","player_choice":"Transform","floor":5,"damage_taken":0},{"event_name":"Golden Idol","player_choice":"Ignored","floor":11,"damage_taken":0},{"event_name":"Drug Dealer","player_choice":"Ignored","floor":20,"damage_taken":0},{"event_name":"Transmorgrifier","player_choice":"Transform","floor":25,"damage_taken":0},{"event_name":"Wheel of Change","player_choice":"Full Heal","floor":28,"damage_taken":0}],"boss_relics":[{"not_picked":["Calling Bell","Sozu","Eternal Feather"]}],"items_purged_floors":[14],"potions_floor_spawned":[2,3,4,8,12,18,24,31],"seed_played":"-3015311325370974341","killed_by":"Collector","ascension_level":9,"potions_obtained":[{"floor":2,"key":"Dexterity Potion"},{"floor":3,"key":"SkillPotion"},{"floor":4,"key":"Block Potion"},{"floor":8,"key":"SpeedPotion"},{"floor":18,"key":"GamblersBrew"},{"floor":24,"key":"Explosive Potion"},{"floor":31,"key":"SkillPotion"}],"is_trial":false}