{"gold_per_floor":[112,72,83,99,110,110,140,140,193,226,226,51,51,66,66,139,139,139,29,45,60,71,71,71,71,71,71,11,11],"floor_reached":29,"playtime":934,"items_purged":["Strike_G"],"score":466,"play_id":"599e72f8-32e6-4b32-92b5-c382bf50ec93","local_time":"20190224204252","is_ascension_mode":true,"campfire_choices":[{"data":"Bouncing Flask","floor":6.0,"key":"SMITH"},{"data":"Neutralize","floor":8.0,"key":"SMITH"},{"data":"Leg Sweep","floor":11.0,"key":"SMITH"},{"data":"Survivor","floor":13.0,"key":"SMITH"},{"data":"Noxious Fumes","floor":15.0,"key":"SMITH"},{"data":"Blind","floor":23,"key":"SMITH"},{"data":"Defend_G","floor":25,"key":"SMITH"},{"data":"Defend_G","floor":27,"key":"SMITH"}],"neow_cost":"NONE","seed_source_timestamp":30018603024227,"circlet_count":0,"master_deck":["AscendersBane","Defend_G+1","Defend_G+1","Defend_G+1","Defend_G","Defend_G","Strike_G","Strike_G","Strike_G","Survivor+1","Neutralize+1","Leg Sweep+1","Bouncing Flask+1","Noxious Fumes+1","Meteor Strike","Blind+1"],"special_seed":0,"relics":["Coffee Dripper","The Courier","Orichalcum","Regal Pillow","PrismaticShard","Runic Pyramid"],"potions_floor_usage":[],"damage_taken":[{"damage":0.0,"enemies":"Cultist","floor":1.0,"turns":4.0},{"damage":0.0,"enemies":"Jaw Worm","floor":3.0,"turns":4.0},{"damage":4.0,"enemies":"Small Slimes","floor":4.0,"turns":4.0},{"damage":4.0,"enemies":"Exordium Wildlife","floor":5.0,"turns":7.0},{"damage":19.0,"enemies":"Gremlin Nob","floor":7.0,"turns":5.0},{"damage":18.0,"enemies":"3 Sentries","floor":10.0,"turns":11.0},{"damage":6.0,"enemies":"3 Louse","floor":14.0,"turns":3.0},{"damage":4.0,"enemies":"Hexaghost","floor":16.0,"turns":9.0},{"damage":0.0,"enemies":"2 Thieves","floor":18.0,"turns":1.0},{"damage":5,"enemies":"3 Byrds","floor":20,"turns":6},{"damage":0,"enemies":"Snecko","floor":21,"turns":5},{"damage":41,"enemies":"3 Cultists","floor":22,"turns":6},{"damage":1,"enemies":"Gremlin Leader","floor":29,"turns":3}],"seed_played":"-5984639051680966679","potions_obtained":[{"floor":3.0,"key":"Block Potion"},{"floor":7.0,"key":"SmokeBomb"},{"floor":14.0,"key":"FearPotion"},{"floor":22,"key":"Weak Potion"}],"is_trial":false,"path_per_floor":["M","$","M","M","M","R","E","R","T","E","R","$","R","M","R","B",null,"M","?","M","M","M","R","?","R","T","R","$","E"],"character_chosen":"THE_SILENT","items_purchased":["Bouncing Flask","PrismaticShard"],"campfire_rested":0,"item_purchase_floors":[2,12],"current_hp_per_floor":[59,59,59,55,51,51,32,32,32,14,14,14,14,8,8,4,51,51,51,46,46,5,5,5,5,5,5,5,4],"gold":11,"neow_bonus":"BOSS_RELIC","is_prod":false,"is_daily":false,"chose_seed":false,"campfire_upgraded":8,"win_rate":0,"timestamp":1551012172,"path_taken":["M","$","M","?","M","R","E","R","T","E","R","?","R","M","R","BOSS","M","?","?","M","M","R","?","R","T","R","$","E"],"build_version":"2019-01-23","purchased_purges":1,"victory":false,"max_hp_per_floor":[66,66,66,66,66,66,66,66,66,66,66,66,66,66,66,66,66,66,66,66,66,66,66,66,66,66,66,66,66],"card_choices":[{"not_picked":["Acrobatics","Slice"],"picked":"Leg Sweep","floor":1.0},{"not_picked":["Dagger Spray","Dagger Throw","Distraction"],"picked":"SKIP","floor":3.0},{"not_picked":["Underhanded Strike","Sucker Punch","Dodge and Roll"],"picked":"SKIP","floor":4.0},{"not_picked":["A Thousand Cuts","Terror","Dagger Throw"],"picked":"SKIP","floor":5.0},{"not_picked":["Poisoned Stab","Skewer","Dagger Spray"],"picked":"SKIP","floor":7.0},{"not_picked":["Crippling Poison","Prepared","PiercingWail"],"picked":"SKIP","floor":10.0},{"not_picked":["Heavy Blade","Double Tap"],"picked":"Noxious Fumes","floor":14.0},{"not_picked":["Hyperbeam","Demon Form"],"picked":"Meteor Strike","floor":16.0},{"not_picked":["Dagger Spray","Cloak And Dagger"],"picked":"Blind","floor":20},{"not_picked":["Cloak And Dagger+1","Skewer+1","Body Slam"],"picked":"SKIP","floor":21},{"not_picked":["Crippling Poison","Combust","Dagger Spray"],"picked":"SKIP","floor":22}],"player_experience":3106987,"relics_obtained":[{"floor":7.0,"key":"The Courier"},{"floor":9.0,"key":"Orichalcum"},{"floor":10.0,"key":"Regal Pillow"}],"event_choices":[{"cards_removed":["Strike_G"],"damage_healed":0,"gold_gain":0,"player_choice":"Upgrade and Remove","damage_taken":0,"max_hp_gain":0,"max_hp_loss":0,"event_name":"Designer","floor":19,"gold_loss":110,"cards_upgraded":["Defend_G"]}],"is_beta":false,"boss_relics":[{"not_picked":["Ectoplasm","Calling Bell"],"picked":"Runic Pyramid"}],"items_purged_floors":[28],"is_endless":false,"potions_floor_spawned":[3,7,14,16,22],"killed_by":"Gremlin Leader","ascension_level":20}