{"gold_per_floor":[114,114,128,53,3,34,49,59,59,59,78,78,95,123,123,218,268,288],"floor_reached":18,"playtime":785,"items_purged":["Strike_R"],"score":261,"play_id":"86dbe08e-970b-4782-af7d-424b684a7135","local_time":"20180921175309","is_ascension_mode":true,"campfire_choices":[{"data":"Inflame","floor":10,"key":"SMITH"},{"data":"Spot Weakness","floor":12,"key":"SMITH"},{"data":"Seeing Red","floor":15,"key":"SMITH"}],"neow_cost":"TEN_PERCENT_HP_LOSS","seed_source_timestamp":18923680078057,"circlet_count":0,"master_deck":["Strike_R","Strike_R","Strike_R","Defend_R","Defend_R","Defend_R","Defend_R","Bash","AscendersBane","Reaper","Spot Weakness+1","Deep Breath","Shrug It Off","Inflame+1","Shrug It Off+1","Seeing Red+1","Barricade","Entrench","Second Wind+1"],"special_seed":0,"relics":["Burning Blood","The Courier","Shuriken","Letter Opener","Tiny House"],"potions_floor_usage":[8,16],"damage_taken":[{"damage":5.0,"enemies":"Small Slimes","floor":1.0,"turns":4.0},{"damage":1,"enemies":"Cultist","floor":3,"turns":3},{"damage":40,"enemies":"Lagavulin","floor":6,"turns":7},{"damage":21,"enemies":"Jaw Worm","floor":7,"turns":5},{"damage":3,"enemies":"Exordium Wildlife","floor":8,"turns":4},{"damage":0,"enemies":"Large Slime","floor":11,"turns":6},{"damage":31,"enemies":"Lots of Slimes","floor":13,"turns":6},{"damage":46,"enemies":"Gremlin Nob","floor":14,"turns":5},{"damage":83,"enemies":"Slime Boss","floor":16,"turns":15},{"damage":51,"enemies":"Spheric Guardian","floor":18,"turns":20}],"seed_played":"-1248039501805510731","potions_obtained":[{"floor":3,"key":"SpeedPotion"},{"floor":13,"key":"FairyPotion"},{"floor":14,"key":"Swift Potion"},{"floor":17,"key":"FairyPotion"},{"floor":18,"key":"FearPotion"}],"is_trial":false,"path_per_floor":["M","?","M","$","?","E","M","M","T","R","M","R","M","E","R","B",null],"character_chosen":"IRONCLAD","items_purchased":[],"campfire_rested":0,"item_purchase_floors":[],"current_hp_per_floor":[72,72,72,72,72,38,29,46,46,46,59,59,71,53,53,10,62,36],"gold":288,"neow_bonus":"THREE_RARE_CARDS","is_prod":false,"is_daily":false,"chose_seed":false,"campfire_upgraded":3,"win_rate":0,"timestamp":1537523589,"path_taken":["M","?","M","$","?","E","M","M","T","R","M","R","M","E","R","BOSS","M"],"build_version":"2018-09-20","purchased_purges":1,"victory":false,"max_hp_per_floor":[72,72,72,72,72,72,72,72,72,72,72,72,72,72,72,72,77,77],"card_choices":[{"not_picked":["Impervious","Demon Form"],"picked":"Reaper","floor":0.0},{"not_picked":["Headbutt","Dropkick","True Grit"],"picked":"SKIP","floor":1.0},{"not_picked":["Sever Soul","Perfected Strike","Clothesline"],"picked":"SKIP","floor":3},{"not_picked":["Anger","Heavy Blade"],"picked":"Shrug It Off","floor":6},{"not_picked":["Wild Strike","Feel No Pain","Heavy Blade"],"picked":"SKIP","floor":7},{"not_picked":["Armaments","Hemokinesis"],"picked":"Inflame","floor":8},{"not_picked":["Twin Strike","Flame Barrier","Warcry"],"picked":"SKIP","floor":11},{"not_picked":["Body Slam","Feel No Pain"],"picked":"Shrug It Off","floor":13},{"not_picked":["Wild Strike","Ghostly Armor"],"picked":"Seeing Red","floor":14},{"not_picked":["Dark Embrace","Reaper"],"picked":"Barricade","floor":16},{"not_picked":["Havoc","Thunderclap"],"picked":"Entrench","floor":17},{"not_picked":["Reckless Charge","Carnage"],"picked":"Second Wind+1","floor":18}],"player_experience":73080,"relics_obtained":[{"floor":6,"key":"The Courier"},{"floor":9,"key":"Shuriken"},{"floor":14,"key":"Letter Opener"}],"event_choices":[{"event_name":"Match and Keep!","player_choice":"2 cards matched","floor":2,"damage_taken":0},{"event_name":"The Cleric","player_choice":"Card Removal","floor":5,"damage_taken":0}],"is_beta":false,"boss_relics":[{"not_picked":["Runic Pyramid","Black Blood"],"picked":"Tiny House"}],"items_purged_floors":[4],"is_endless":false,"potions_floor_spawned":[3,13,14,18],"killed_by":"Spheric Guardian","ascension_level":10}