{"gold_per_floor":[118,118,141,141,155,155,43,43,69,69,83,83,83,98,98,194,194,208,208,208,218,118,118,118,118,118,118,131,6,6,26,26,105,105,116,129,141,141,121,121,121,121,121,121,121,153,170,182,182,182],"floor_reached":51,"playtime":2291,"items_purged":["Strike_B","Strike_B","Strike_B"],"score":1096,"play_id":"acdbefc9-564d-4bb8-9add-ab2d24a2b9da","local_time":"20181025154506","is_ascension_mode":true,"campfire_choices":[{"floor":6.0,"key":"REST"},{"data":"Defragment","floor":8.0,"key":"SMITH"},{"data":"Zap","floor":10.0,"key":"SMITH"},{"data":"Dualcast","floor":12.0,"key":"SMITH"},{"floor":15.0,"key":"REST"},{"data":"Creative AI","floor":23.0,"key":"SMITH"},{"floor":25.0,"key":"REST"},{"floor":27.0,"key":"REST"},{"data":"Defragment","floor":30.0,"key":"SMITH"},{"data":"Recycle","floor":32.0,"key":"SMITH"},{"floor":40.0,"key":"REST"},{"floor":42.0,"key":"REST"},{"data":"Hologram","floor":44.0,"key":"SMITH"},{"floor":49,"key":"REST"}],"neow_cost":"NONE","seed_source_timestamp":19147926668829,"circlet_count":0,"master_deck":["Defend_B","Defend_B","Defend_B","Defend_B+1","Zap+1","Dualcast+1","AscendersBane","Loop+1","Recycle+1","Defragment+1","Conserve Battery","Creative AI+1","Coolheaded","Hologram+1","Defragment+1","Go for the Eyes+1","Core Surge+1","Coolheaded","Amplify","Coolheaded","Go for the Eyes+1"],"special_seed":0,"relics":["Cracked Core","Bloody Idol","Orichalcum","Inserter","Molten Egg 2","Runic Pyramid","Meat on the Bone","Kunai"],"potions_floor_usage":[46,46,47,50,50],"damage_taken":[{"damage":11.0,"enemies":"Small Slimes","floor":1.0,"turns":3.0},{"damage":1.0,"enemies":"2 Louse","floor":3.0,"turns":3.0},{"damage":1.0,"enemies":"Cultist","floor":5.0,"turns":3.0},{"damage":1.0,"enemies":"3 Louse","floor":11.0,"turns":4.0},{"damage":1.0,"enemies":"Blue Slaver","floor":14.0,"turns":3.0},{"damage":46.0,"enemies":"Slime Boss","floor":16.0,"turns":9.0},{"damage":17.0,"enemies":"Shell Parasite","floor":18.0,"turns":8.0},{"damage":24.0,"enemies":"3 Byrds","floor":21.0,"turns":6.0},{"damage":0.0,"enemies":"3 Cultists","floor":24.0,"turns":1.0},{"damage":26.0,"enemies":"Snake Plant","floor":28.0,"turns":6.0},{"damage":0.0,"enemies":"Centurion and Healer","floor":31.0,"turns":9.0},{"damage":21.0,"enemies":"Champ","floor":33.0,"turns":10.0},{"damage":5.0,"enemies":"3 Shapes","floor":35.0,"turns":6.0},{"damage":28.0,"enemies":"3 Darklings","floor":36.0,"turns":9.0},{"damage":32.0,"enemies":"Sphere and 2 Shapes","floor":37.0,"turns":7.0},{"damage":52,"enemies":"Reptomancer","floor":46,"turns":10},{"damage":23,"enemies":"Transient","floor":47,"turns":5},{"damage":27,"enemies":"4 Shapes","floor":48,"turns":6},{"damage":42,"enemies":"Awakened One","floor":50,"turns":16}],"seed_played":"-2838906591914072196","potions_obtained":[{"floor":1.0,"key":"Fruit Juice"},{"floor":11.0,"key":"SteroidPotion"},{"floor":20.0,"key":"SmokeBomb"},{"floor":20.0,"key":"GamblersBrew"},{"floor":21.0,"key":"Regen Potion"},{"floor":28.0,"key":"GamblersBrew"},{"floor":31.0,"key":"SpeedPotion"},{"floor":39.0,"key":"SneckoOil"},{"floor":46,"key":"SpeedPotion"},{"floor":47,"key":"Ancient Potion"},{"floor":48,"key":"Explosive Potion"}],"is_trial":false,"path_per_floor":["M","?","M","?","M","R","$","R","T","R","M","R","$","M","R","B",null,"M","?","?","M","$","R","M","R","T","R","M","$","R","M","R","B",null,"M","M","M","?","?","R","?","R","T","R","$","E","M","M","R","B"],"character_chosen":"DEFECT","items_purchased":["Defragment"],"campfire_rested":7,"item_purchase_floors":[7],"current_hp_per_floor":[60,41,45,28,27,51,51,51,51,51,50,50,50,49,73,27,69,52,52,52,33,33,33,33,57,57,81,72,72,72,77,77,61,78,78,55,28,28,28,52,52,75,75,75,75,40,34,24,47,17],"gold":182,"neow_bonus":"TEN_PERCENT_HP_BONUS","is_prod":false,"is_daily":false,"chose_seed":false,"campfire_upgraded":7,"win_rate":0,"timestamp":1540453506,"path_taken":["M","?","M","?","M","R","$","R","T","R","M","R","$","M","R","BOSS","M","?","?","M","$","R","M","R","T","R","M","?","R","M","R","BOSS","M","M","?","?","?","R","?","R","T","R","$","E","M","M","R","BOSS"],"build_version":"2018-10-18","purchased_purges":3,"victory":true,"max_hp_per_floor":[78,78,83,83,83,83,83,83,83,83,83,83,83,83,83,83,83,83,83,83,83,83,83,83,83,83,83,83,83,83,83,83,83,83,83,83,83,83,83,83,79,79,79,79,79,79,79,79,79,79],"card_choices":[{"not_picked":["Chaos","Hello World"],"picked":"Loop","floor":1.0},{"not_picked":["Redo","Hello World","Compile Driver"],"picked":"SKIP","floor":3.0},{"not_picked":["Gash","Rebound"],"picked":"Recycle","floor":5.0},{"not_picked":["Rebound","Tempest"],"picked":"Conserve Battery","floor":11.0},{"not_picked":["Reprogram","Turbo","Go for the Eyes"],"picked":"SKIP","floor":14.0},{"not_picked":["Hyperbeam","Machine Learning"],"picked":"Creative AI","floor":16.0},{"not_picked":["BootSequence","Steam"],"picked":"Coolheaded","floor":18.0},{"not_picked":["Doom and Gloom","Sweeping Beam"],"picked":"Hologram","floor":21.0},{"not_picked":["Rebound+1","Force Field"],"picked":"Defragment","floor":28.0},{"not_picked":["BootSequence","Blizzard+1"],"picked":"Go for the Eyes+1","floor":31.0},{"not_picked":["Rainbow","Creative AI"],"picked":"Core Surge+1","floor":33.0},{"not_picked":["Gash+1","Redo","Reprogram"],"picked":"SKIP","floor":35.0},{"not_picked":["Static Discharge+1","Sweeping Beam+1","Compile Driver+1"],"picked":"SKIP","floor":36.0},{"not_picked":["Conserve Battery","Leap"],"picked":"Coolheaded","floor":37.0},{"not_picked":["Compile Driver+1","Steam+1"],"picked":"Amplify","floor":46},{"not_picked":["Turbo+1","Lockon+1"],"picked":"Coolheaded","floor":47},{"not_picked":["Chaos","Aggregate"],"picked":"Go for the Eyes+1","floor":48}],"player_experience":634653,"relics_obtained":[{"floor":9.0,"key":"Orichalcum"},{"floor":26.0,"key":"Molten Egg 2"},{"floor":43.0,"key":"Meat on the Bone"},{"floor":46,"key":"Kunai"}],"event_choices":[{"damage_healed":0.0,"max_hp_gain":0.0,"max_hp_loss":0.0,"gold_gain":0.0,"event_name":"Golden Idol","player_choice":"Take Damage","floor":2.0,"gold_loss":0.0,"damage_taken":19.0,"relics_obtained":["Golden Idol"]},{"damage_healed":0.0,"max_hp_gain":0.0,"max_hp_loss":0.0,"gold_gain":0.0,"event_name":"Shining Light","player_choice":"Entered Light","floor":4.0,"gold_loss":0.0,"damage_taken":17.0,"cards_upgraded":["Loop","Defend_B"]},{"damage_healed":0.0,"max_hp_gain":0.0,"max_hp_loss":0.0,"gold_gain":0.0,"event_name":"Forgotten Altar","player_choice":"Gave Idol","floor":19.0,"relics_lost":["Golden Idol"],"gold_loss":0.0,"damage_taken":0.0,"relics_obtained":["Bloody Idol"]},{"damage_healed":0.0,"max_hp_gain":0.0,"max_hp_loss":0.0,"gold_gain":0.0,"event_name":"The Lab","player_choice":"Got Potions","floor":20.0,"gold_loss":0.0,"damage_taken":0.0},{"cards_removed":["Strike_B"],"damage_healed":0.0,"max_hp_gain":0.0,"max_hp_loss":0.0,"gold_gain":0.0,"event_name":"Falling","player_choice":"Removed Attack","floor":38.0,"gold_loss":0.0,"damage_taken":0.0},{"damage_healed":0.0,"max_hp_gain":0.0,"max_hp_loss":0.0,"gold_gain":0.0,"event_name":"The Woman in Blue","player_choice":"Bought 1 Potion","floor":39.0,"gold_loss":0.0,"damage_taken":0.0},{"damage_healed":0.0,"max_hp_gain":0.0,"max_hp_loss":4.0,"gold_gain":0.0,"event_name":"Winding Halls","player_choice":"Max HP","floor":41.0,"gold_loss":0.0,"damage_taken":0.0}],"is_beta":false,"boss_relics":[{"not_picked":["Lizard Tail","Astrolabe"],"picked":"Inserter"},{"not_picked":["Fusion Hammer","Velvet Choker"],"picked":"Runic Pyramid"}],"items_purged_floors":[7,22,29],"is_endless":false,"potions_floor_spawned":[1,11,21,24,28,31,46,47,48],"ascension_level":14}