{"gold_per_floor":[115,190,203,128,278,278,310,310,310,329,349,368,7,21,21,95,95,114,114,37,47,47,75,75,75,75,85,85,85,117,128,128,206,206,216,216,216,116,163,163,38,69,69,169,169,199,216,241,241,241,241,241,241,24,55,55],"floor_reached":57,"playtime":1926,"items_purged":["Doubt","Strike_G","Defend_G"],"score":3348,"play_id":"938aebea-999f-4d3f-9c7e-730f6e1a6dfc","local_time":"20190419023648","is_ascension_mode":true,"campfire_choices":[{"data":"Neutralize","floor":6.0,"key":"SMITH"},{"data":"Masterful Stab","floor":8.0,"key":"SMITH"},{"floor":15.0,"key":"RECALL"},{"data":"Concentrate","floor":24.0,"key":"SMITH"},{"data":"Grand Finale","floor":28.0,"key":"SMITH"},{"data":"Envenom","floor":32.0,"key":"SMITH"},{"data":"Survivor","floor":40.0,"key":"SMITH"},{"data":"Wraith Form v2","floor":49.0,"key":"SMITH"},{"data":"Defend_G","floor":53.0,"key":"SMITH"}],"neow_cost":"NONE","seed_source_timestamp":49668100434709,"circlet_count":0,"master_deck":["AscendersBane","Defend_G","Defend_G","Defend_G","Defend_G+1","Neutralize+1","Concentrate+1","Masterful Stab+1","Calculated Gamble+1","Grand Finale+1","Expertise+1","Prepared+1","Tactician+1","Envenom+1","Predator","Adrenaline+1","Backflip+1","Wraith Form v2+1"],"special_seed":0,"relics":["Ring of the Snake","NeowsBlessing","Toxic Egg 2","Meat on the Bone","Shuriken","Runic Pyramid","Nunchaku","Incense Burner","Gambling Chip","Eternal Feather","WingedGreaves","PreservedInsect","Bottled Tornado","Torii","Sundial","Ninja Scroll","TheAbacus","Mango"],"potions_floor_usage":[56],"damage_taken":[{"damage":0.0,"enemies":"Jaw Worm","floor":1.0,"turns":1.0},{"damage":0.0,"enemies":"2 Louse","floor":3.0,"turns":1.0},{"damage":0.0,"enemies":"3 Sentries","floor":7.0,"turns":2.0},{"damage":1.0,"enemies":"Small Slimes","floor":10.0,"turns":5.0},{"damage":13.0,"enemies":"Blue Slaver","floor":11.0,"turns":4.0},{"damage":2.0,"enemies":"Red Slaver","floor":12.0,"turns":6.0},{"damage":1.0,"enemies":"2 Fungi Beasts","floor":14.0,"turns":4.0},{"damage":33.0,"enemies":"Slime Boss","floor":16.0,"turns":7.0},{"damage":5.0,"enemies":"Chosen","floor":18.0,"turns":6.0},{"damage":0.0,"enemies":"Spheric Guardian","floor":21.0,"turns":2.0},{"damage":39.0,"enemies":"Slavers","floor":23.0,"turns":6.0},{"damage":6.0,"enemies":"Snake Plant","floor":27.0,"turns":3.0},{"damage":5.0,"enemies":"Gremlin Leader","floor":30.0,"turns":3.0},{"damage":0.0,"enemies":"Cultist and Chosen","floor":31.0,"turns":3.0},{"damage":0.0,"enemies":"Collector","floor":33.0,"turns":3.0},{"damage":0.0,"enemies":"3 Shapes","floor":35.0,"turns":1.0},{"damage":0.0,"enemies":"2 Orb Walkers","floor":39.0,"turns":2.0},{"damage":0.0,"enemies":"Reptomancer","floor":42.0,"turns":2.0},{"damage":0.0,"enemies":"Mind Bloom Boss Battle","floor":44.0,"turns":1.0},{"damage":0.0,"enemies":"Nemesis","floor":46.0,"turns":1.0},{"damage":0.0,"enemies":"3 Darklings","floor":47.0,"turns":1.0},{"damage":0.0,"enemies":"Giant Head","floor":48.0,"turns":1.0},{"damage":0.0,"enemies":"Awakened One","floor":50.0,"turns":4.0},{"damage":21.0,"enemies":"Time Eater","floor":51.0,"turns":5.0},{"damage":0.0,"enemies":"Shield and Spear","floor":55.0,"turns":3.0},{"damage":36,"enemies":"The Heart","floor":56,"turns":9}],"seed_played":"-901866126762602914","potions_obtained":[{"floor":3.0,"key":"Fire Potion"},{"floor":7.0,"key":"Regen Potion"},{"floor":11.0,"key":"PowerPotion"},{"floor":18.0,"key":"Ancient Potion"},{"floor":21.0,"key":"Poison Potion"},{"floor":46.0,"key":"GamblersBrew"},{"floor":47.0,"key":"GamblersBrew"}],"is_trial":false,"path_per_floor":["M","?","M","?","?","R","E","R","T","M","M","M","$","M","R","B",null,"M","T","$","M","$","E","R","?","T","M","R","?","E","M","R","B",null,"M","?","?","$","?","R","$","E","T","?","?","E","M","E","R","B","B",null,"R","$","E","B",null],"character_chosen":"THE_SILENT","items_purchased":["Shuriken","Expertise+1","TheAbacus"],"campfire_rested":0,"item_purchase_floors":[13,20,54],"current_hp_per_floor":[59,48,48,48,48,48,48,48,48,59,46,44,44,43,43,22,55,50,50,50,50,50,23,23,23,23,29,29,29,36,36,36,36,59,59,59,59,59,59,63,63,63,63,63,63,63,63,63,63,63,42,58,63,63,77,41],"gold":55,"neow_bonus":"THREE_ENEMY_KILL","is_prod":false,"is_daily":false,"chose_seed":false,"campfire_upgraded":8,"win_rate":0,"timestamp":1555612608,"path_taken":["M","?","M","?","?","R","E","R","T","M","M","?","$","M","R","BOSS","M","?","$","M","$","E","R","?","T","M","R","?","E","M","R","BOSS","M","?","?","$","?","R","$","E","T","?","?","E","M","E","R","BOSS","BOSS","R","$","E","BOSS"],"build_version":"2019-01-23","purchased_purges":3,"victory":true,"max_hp_per_floor":[66,66,66,66,66,66,66,66,66,66,66,66,66,66,66,66,66,66,66,66,66,66,66,66,66,66,66,66,66,66,66,66,66,66,66,63,63,63,63,63,63,63,63,63,63,63,63,63,63,63,63,63,63,63,77,77],"card_choices":[{"not_picked":["Poisoned Stab","Choke","Reflex"],"picked":"SKIP","floor":1.0},{"not_picked":["PiercingWail","Sucker Punch"],"picked":"Concentrate","floor":3.0},{"not_picked":["Quick Slash","Sucker Punch"],"picked":"Masterful Stab","floor":7.0},{"not_picked":["Acrobatics+1","Cloak And Dagger+1"],"picked":"Calculated Gamble+1","floor":10.0},{"not_picked":["Choke","Slice","Blade Dance+1"],"picked":"SKIP","floor":11.0},{"not_picked":["Setup+1","Flying Knee","Cloak And Dagger+1"],"picked":"SKIP","floor":12.0},{"not_picked":["Choke","Accuracy","Bullet Time+1"],"picked":"SKIP","floor":14.0},{"not_picked":["Phantasmal Killer+1","Storm of Steel+1"],"picked":"Grand Finale","floor":16.0},{"not_picked":["Dagger Throw","Quick Slash","Bane"],"picked":"SKIP","floor":18.0},{"not_picked":["Outmaneuver+1","Blade Dance+1"],"picked":"Prepared+1","floor":21.0},{"not_picked":["Riddle With Holes","Outmaneuver+1"],"picked":"Tactician+1","floor":23.0},{"not_picked":["Bane","Deadly Poison+1","Catalyst+1"],"picked":"SKIP","floor":27.0},{"not_picked":["Catalyst+1","Finisher"],"picked":"Adrenaline+1","floor":30.0},{"not_picked":["Calculated Gamble+1","Deflect+1"],"picked":"Backflip+1","floor":31.0},{"not_picked":["Outmaneuver+1","Endless Agony+1","Deadly Poison+1"],"picked":"SKIP","floor":35.0},{"not_picked":["Poisoned Stab","PiercingWail+1","Deflect+1"],"picked":"SKIP","floor":42.0},{"not_picked":["Envenom","Setup+1","Skewer"],"picked":"SKIP","floor":46.0},{"not_picked":["Flechettes+1","Footwork","Dagger Spray"],"picked":"SKIP","floor":47.0},{"not_picked":["Finisher","Choke"],"picked":"Wraith Form v2","floor":48.0},{"not_picked":["Leg Sweep+1","Slice","Cloak And Dagger+1"],"picked":"SKIP","floor":55.0}],"player_experience":4389129,"relics_obtained":[{"floor":7.0,"key":"Toxic Egg 2"},{"floor":9.0,"key":"Meat on the Bone"},{"floor":19.0,"key":"Nunchaku"},{"floor":23.0,"key":"Incense Burner"},{"floor":30.0,"key":"Gambling Chip"},{"floor":39.0,"key":"WingedGreaves"},{"floor":42.0,"key":"PreservedInsect"},{"floor":43.0,"key":"Bottled Tornado"},{"floor":44.0,"key":"Torii"},{"floor":46.0,"key":"Sundial"},{"floor":48.0,"key":"Ninja Scroll"},{"floor":55.0,"key":"Mango"}],"event_choices":[{"damage_healed":0.0,"max_hp_gain":0.0,"max_hp_loss":0.0,"gold_gain":75.0,"event_name":"World of Goop","player_choice":"Gather Gold","floor":2.0,"gold_loss":0.0,"damage_taken":11.0},{"cards_removed":["Strike_G"],"damage_healed":0.0,"max_hp_gain":0.0,"max_hp_loss":0.0,"gold_gain":0.0,"event_name":"The Cleric","player_choice":"Card Removal","floor":4.0,"gold_loss":75.0,"damage_taken":0.0},{"damage_healed":0.0,"max_hp_gain":0.0,"max_hp_loss":0.0,"gold_gain":150.0,"event_name":"Liars Game","player_choice":"AGREE","floor":5.0,"gold_loss":0.0,"damage_taken":0.0,"cards_obtained":["Doubt"]},{"cards_removed":["Strike_G"],"damage_healed":0.0,"max_hp_gain":0.0,"max_hp_loss":0.0,"gold_gain":0.0,"event_name":"Back to Basics","player_choice":"Elegance","floor":25.0,"gold_loss":0.0,"damage_taken":0.0},{"damage_healed":0.0,"max_hp_gain":0.0,"max_hp_loss":0.0,"gold_gain":0.0,"cards_transformed":["Strike_G","Strike_G"],"event_name":"Drug Dealer","player_choice":"Became Test Subject","floor":29.0,"gold_loss":0.0,"damage_taken":0.0,"cards_obtained":["Envenom","Predator"]},{"damage_healed":0.0,"max_hp_gain":0.0,"max_hp_loss":3.0,"gold_gain":0.0,"event_name":"Winding Halls","player_choice":"Max HP","floor":36.0,"gold_loss":0.0,"damage_taken":0.0},{"damage_healed":0.0,"max_hp_gain":0.0,"max_hp_loss":0.0,"gold_gain":0.0,"event_name":"SensoryStone","player_choice":"Memory 1","floor":37.0,"gold_loss":0.0,"damage_taken":0.0},{"damage_healed":0.0,"max_hp_gain":0.0,"max_hp_loss":0.0,"gold_gain":0.0,"event_name":"Mysterious Sphere","player_choice":"Fight","floor":39.0,"gold_loss":0.0,"damage_taken":0.0},{"damage_healed":0.0,"max_hp_gain":0.0,"max_hp_loss":0.0,"gold_gain":0.0,"event_name":"MindBloom","player_choice":"Fight","floor":44.0,"gold_loss":0.0,"damage_taken":0.0},{"cards_removed":["Survivor"],"damage_healed":0.0,"max_hp_gain":0.0,"max_hp_loss":0.0,"gold_gain":0.0,"event_name":"Falling","player_choice":"Removed Skill","floor":45.0,"gold_loss":0.0,"damage_taken":0.0}],"is_beta":false,"boss_relics":[{"not_picked":["Calling Bell","Busted Crown"],"picked":"Runic Pyramid"},{"not_picked":["Cursed Key","Tiny House"],"picked":"Eternal Feather"}],"items_purged_floors":[13,38,41],"is_endless":false,"potions_floor_spawned":[3,7,11,18,21,23,33,35,46,47],"ascension_level":20}