{"gold_per_floor":[109,119,219,15,26,55,66,31,31,31,31,66,84,103,103,223,223,246,246,246,171,189,228,228,249,273,372,372,399,74,107,107,235,235,248,263,60,60,76,76],"floor_reached":40,"playtime":2550,"items_purged":["Strike_R"],"score":459,"play_id":"af249015-19a3-4df8-b56f-c1ffc6becff4","local_time":"20190711133330","is_ascension_mode":false,"campfire_choices":[{"floor":11,"key":"REST"},{"data":"Inflame","floor":15,"key":"SMITH"},{"data":"Barricade","floor":24,"key":"SMITH"},{"floor":28,"key":"REST"},{"floor":32,"key":"REST"}],"neow_cost":"NONE","seed_source_timestamp":124658636167491,"circlet_count":0,"master_deck":["Strike_R","Strike_R","Strike_R","Strike_R","Defend_R","Defend_R","Defend_R","Defend_R","Bash","Shrug It Off","Inflame+1","Flame Barrier","Corruption","Entrench","Madness","Ghostly Armor","Infernal Blade","Pommel Strike","Impervious","Cleave","Entrench","Barricade+1","Ghostly Armor","Dual Wield+1","Armaments+1","Infernal Blade+1","Metallicize","Limit Break","Inflame","Armaments+1","Shrug It Off+1"],"relics":["Burning Blood","Mercury Hourglass","Question Card","Golden Idol","Letter Opener","Philosopher\u0027s Stone","Nilry\u0027s Codex","Pear","Regal Pillow","Happy Flower","Bottled Tornado","Smiling Mask","Cursed Key","Oddly Smooth Stone"],"potions_floor_usage":[12,12,18,23,23,23,25,33,33,35],"damage_taken":[{"damage":1,"enemies":"Cultist","floor":1,"turns":5},{"damage":7,"enemies":"Small Slimes","floor":2,"turns":5},{"damage":13,"enemies":"2 Louse","floor":5,"turns":5},{"damage":68,"enemies":"Gremlin Nob","floor":6,"turns":7},{"damage":2,"enemies":"Blue Slaver","floor":7,"turns":4},{"damage":10,"enemies":"Lagavulin","floor":12,"turns":5},{"damage":0,"enemies":"Large Slime","floor":13,"turns":5},{"damage":7,"enemies":"3 Louse","floor":14,"turns":3},{"damage":6,"enemies":"Slime Boss","floor":16,"turns":8},{"damage":26,"enemies":"2 Thieves","floor":18,"turns":5},{"damage":10,"enemies":"3 Byrds","floor":22,"turns":4},{"damage":0,"enemies":"Gremlin Leader","floor":23,"turns":5},{"damage":32,"enemies":"Snake Plant","floor":25,"turns":5},{"damage":53,"enemies":"Slavers","floor":31,"turns":5},{"damage":6,"enemies":"Automaton","floor":33,"turns":9},{"damage":10,"enemies":"3 Shapes","floor":35,"turns":4},{"damage":9,"enemies":"3 Darklings","floor":36,"turns":5},{"damage":19,"enemies":"Sphere and 2 Shapes","floor":39,"turns":5},{"damage":75,"enemies":"Reptomancer","floor":40,"turns":2}],"seed_played":"-6503071098436002346","potions_obtained":[{"floor":1,"key":"SteroidPotion"},{"floor":6,"key":"Poison Potion"},{"floor":12,"key":"SteroidPotion"},{"floor":16,"key":"GamblersBrew"},{"floor":18,"key":"EntropicBrew"},{"floor":23,"key":"SpeedPotion"},{"floor":31,"key":"GamblersBrew"},{"floor":35,"key":"Energy Potion"}],"is_trial":false,"path_per_floor":["M","M","?","$","M","E","M","?","T","?","R","E","M","M","R","B",null,"M","?","?","?","M","E","R","M","T","?","R","T","$","E","R","B",null,"M","M","$","?","M","E"],"character_chosen":"IRONCLAD","items_purchased":["Corruption","Entrench","Madness","Metallicize","Bottled Tornado","Oddly Smooth Stone"],"campfire_rested":3,"item_purchase_floors":[4,4,4,30,30,37],"current_hp_per_floor":[80,79,79,79,72,10,14,34,34,34,58,54,60,59,59,59,80,60,60,44,44,40,56,56,30,30,30,72,72,72,25,67,67,90,86,83,83,83,70,0],"gold":76,"neow_bonus":"THREE_CARDS","is_prod":false,"is_daily":false,"chose_seed":false,"campfire_upgraded":2,"win_rate":0.0,"timestamp":1562841210,"path_taken":["M","M","?","$","M","E","?","?","T","?","R","E","M","M","R","BOSS","M","?","?","?","M","E","R","M","T","?","R","?","$","E","R","BOSS","M","?","$","?","M","E"],"build_version":"2019-07-05","purchased_purges":1,"victory":false,"max_hp_per_floor":[80,80,80,80,80,80,80,80,80,80,80,80,80,80,80,80,80,80,80,80,80,80,90,90,90,90,90,90,90,90,90,90,90,90,90,90,90,90,90,90],"card_choices":[{"not_picked":["Anger","Carnage"],"picked":"Shrug It Off","floor":0},{"not_picked":["Infernal Blade","Combust"],"picked":"Inflame","floor":1},{"not_picked":["Clash","Sword Boomerang"],"picked":"Flame Barrier","floor":2},{"not_picked":["Headbutt","Sword Boomerang"],"picked":"Ghostly Armor","floor":5},{"not_picked":["Perfected Strike","Sever Soul"],"picked":"Infernal Blade","floor":6},{"not_picked":["Wild Strike","Sever Soul"],"picked":"Pommel Strike","floor":7},{"not_picked":["Rage","Flex","Pummel"],"picked":"Impervious","floor":12},{"not_picked":["True Grit","Evolve","Thunderclap"],"picked":"Cleave","floor":13},{"not_picked":["Warcry","Carnage","Uppercut"],"picked":"Entrench","floor":14},{"not_picked":["Juggernaut","Limit Break","Fiend Fire"],"picked":"Barricade","floor":16},{"not_picked":["True Grit","Headbutt","Pommel Strike"],"picked":"Ghostly Armor","floor":18},{"not_picked":["Flex+1","Fire Breathing","Wild Strike"],"picked":"Dual Wield+1","floor":22},{"not_picked":["Evolve","Rampage+1","Seeing Red"],"picked":"Armaments+1","floor":23},{"not_picked":["Anger","Flame Barrier","Armaments"],"picked":"Infernal Blade+1","floor":25},{"not_picked":["Thunderclap","Wild Strike","Corruption","Rupture"],"picked":"SKIP","floor":31},{"not_picked":["Fiend Fire","Double Tap","Brutality"],"picked":"Limit Break","floor":33},{"not_picked":["True Grit","Perfected Strike","Bloodletting"],"picked":"Inflame","floor":35},{"not_picked":["Pommel Strike","Shockwave","Iron Wave"],"picked":"Armaments+1","floor":36},{"not_picked":["Pommel Strike+1","Cleave","Combust"],"picked":"Shrug It Off+1","floor":39}],"player_experience":59928,"relics_obtained":[{"floor":6,"key":"Mercury Hourglass"},{"floor":9,"key":"Question Card"},{"floor":12,"key":"Letter Opener"},{"floor":20,"key":"Nilry\u0027s Codex"},{"floor":23,"key":"Pear"},{"floor":26,"key":"Regal Pillow"},{"floor":29,"key":"Happy Flower"},{"floor":31,"key":"Smiling Mask"}],"event_choices":[{"damage_healed":0,"gold_gain":100,"player_choice":"Pray","damage_taken":0,"max_hp_gain":0,"max_hp_loss":0,"event_name":"Golden Shrine","floor":3,"gold_loss":0},{"damage_healed":20,"gold_gain":0,"player_choice":"Healed","damage_taken":0,"max_hp_gain":0,"max_hp_loss":0,"event_name":"The Cleric","floor":8,"gold_loss":35},{"damage_healed":0,"gold_gain":0,"player_choice":"Take Wound","damage_taken":0,"relics_obtained":["Golden Idol"],"max_hp_gain":0,"max_hp_loss":0,"event_name":"Golden Idol","floor":10,"gold_loss":0,"cards_obtained":["Injury"]},{"damage_healed":0,"gold_gain":0,"player_choice":"Ignored","damage_taken":0,"max_hp_gain":0,"max_hp_loss":0,"event_name":"The Mausoleum","floor":19,"gold_loss":0},{"damage_healed":0,"gold_gain":0,"player_choice":"Obtained Book","damage_taken":16,"max_hp_gain":0,"max_hp_loss":0,"event_name":"Cursed Tome","floor":20,"gold_loss":0},{"cards_removed":["Injury"],"damage_healed":0,"gold_gain":0,"player_choice":"Gave Gold","damage_taken":0,"max_hp_gain":0,"max_hp_loss":0,"event_name":"Beggar","floor":21,"gold_loss":75},{"damage_healed":0,"gold_gain":99,"player_choice":"Stole From Cult","damage_taken":0,"max_hp_gain":0,"max_hp_loss":0,"event_name":"Nest","floor":27,"gold_loss":0},{"damage_healed":0,"gold_gain":0,"player_choice":"Ignored","damage_taken":0,"max_hp_gain":0,"max_hp_loss":0,"event_name":"The Moai Head","floor":38,"gold_loss":0}],"is_beta":false,"boss_relics":[{"not_picked":["Velvet Choker","Runic Pyramid"],"picked":"Philosopher\u0027s Stone"},{"not_picked":["Calling Bell","Runic Dome"],"picked":"Cursed Key"}],"items_purged_floors":[37],"is_endless":false,"potions_floor_spawned":[1,6,12,16,18,23,31,35],"killed_by":"Reptomancer","ascension_level":0}