{"gold_per_floor":[116,41,0,0,17,17,51,51,51,51,64,78,91,124,124,198,198,218,218,218,231,231,265,278,278,303,328,340,352,76,93,93,164,164,179,179,24,0,14,45,45,70,70,70,80,80,97,446,446,446,446,446,446,29,60,60],"floor_reached":57,"playtime":3246,"items_purged":["Bite","Bite","Bite"],"score":2776,"play_id":"fc0b0244-0930-43a8-a282-0a22f73034dd","local_time":"20190411231707","is_ascension_mode":true,"campfire_choices":[{"data":"Caltrops","floor":6.0,"key":"SMITH"},{"data":"Neutralize","floor":8.0,"key":"SMITH"},{"data":"Backflip","floor":10.0,"key":"SMITH"},{"data":"Bouncing Flask","floor":15.0,"key":"SMITH"},{"data":"Ghostly","floor":25.0,"key":"SMITH"},{"data":"Tools of the Trade","floor":29.0,"key":"SMITH"},{"data":"Acrobatics","floor":32.0,"key":"SMITH"},{"data":"Prepared","floor":41.0,"key":"SMITH"},{"data":"Calculated Gamble","floor":44.0,"key":"SMITH"},{"data":"Burst","floor":46.0,"key":"SMITH"},{"floor":49.0,"key":"RECALL"},{"data":"Ghostly","floor":53,"key":"SMITH"}],"neow_cost":"NONE","seed_source_timestamp":47974558673618,"circlet_count":0,"master_deck":["AscendersBane","Defend_G","Defend_G","Defend_G","Defend_G","Survivor","Neutralize+1","Backflip+1","Caltrops+1","Heel Hook","Terror","Bouncing Flask+1","Tools of the Trade+1","Ghostly+1","Ghostly+1","Ghostly","Cloak And Dagger+1","Bite","Bite","Grand Finale","Acrobatics+1","Burst+1","Calculated Gamble+1","Tools of the Trade","Prepared+1"],"special_seed":0,"relics":["Ring of the Snake","NeowsBlessing","Lantern","Kunai","Oddly Smooth Stone","Busted Crown","Ninja Scroll","Matryoshka","MawBank","Juzu Bracelet","Runic Pyramid","Red Mask","Prayer Wheel","Toxic Egg 2","Bronze Scales","Old Coin","Membership Card","Paper Crane","Sundial"],"potions_floor_usage":[56,56],"damage_taken":[{"damage":0.0,"enemies":"Jaw Worm","floor":1.0,"turns":1.0},{"damage":0.0,"enemies":"2 Louse","floor":5.0,"turns":1.0},{"damage":0.0,"enemies":"Gremlin Nob","floor":7.0,"turns":1.0},{"damage":0.0,"enemies":"Cultist","floor":11.0,"turns":4.0},{"damage":0.0,"enemies":"Looter","floor":12.0,"turns":3.0},{"damage":3.0,"enemies":"Blue Slaver","floor":13.0,"turns":3.0},{"damage":31.0,"enemies":"3 Sentries","floor":14.0,"turns":11.0},{"damage":16.0,"enemies":"The Guardian","floor":16.0,"turns":10.0},{"damage":2.0,"enemies":"3 Byrds","floor":18.0,"turns":5.0},{"damage":13.0,"enemies":"Colosseum Slavers","floor":19.0,"turns":5.0},{"damage":1.0,"enemies":"2 Thieves","floor":21.0,"turns":4.0},{"damage":7.0,"enemies":"Book of Stabbing","floor":23.0,"turns":6.0},{"damage":0.0,"enemies":"Snake Plant","floor":24.0,"turns":4.0},{"damage":0.0,"enemies":"Snecko","floor":27.0,"turns":4.0},{"damage":0.0,"enemies":"3 Cultists","floor":31.0,"turns":3.0},{"damage":19.0,"enemies":"Automaton","floor":33.0,"turns":13.0},{"damage":13.0,"enemies":"3 Shapes","floor":35.0,"turns":4.0},{"damage":0.0,"enemies":"3 Darklings","floor":39.0,"turns":5.0},{"damage":5.0,"enemies":"Giant Head","floor":40.0,"turns":8.0},{"damage":0.0,"enemies":"Reptomancer","floor":42.0,"turns":4.0},{"damage":11.0,"enemies":"Jaw Worm Horde","floor":45.0,"turns":6.0},{"damage":1.0,"enemies":"Maw","floor":47.0,"turns":8.0},{"damage":5.0,"enemies":"2 Orb Walkers","floor":48.0,"turns":4.0},{"damage":5.0,"enemies":"Donu and Deca","floor":50.0,"turns":8.0},{"damage":20,"enemies":"Time Eater","floor":51,"turns":11},{"damage":0,"enemies":"Shield and Spear","floor":55,"turns":7},{"damage":21,"enemies":"The Heart","floor":56,"turns":9}],"seed_played":"-8378756553639782986","potions_obtained":[{"floor":5.0,"key":"EssenceOfSteel"},{"floor":7.0,"key":"LiquidBronze"},{"floor":12.0,"key":"Explosive Potion"},{"floor":24.0,"key":"Energy Potion"},{"floor":31.0,"key":"GhostInAJar"},{"floor":42.0,"key":"Dexterity Potion"},{"floor":55,"key":"PowerPotion"}],"is_trial":false,"path_per_floor":["M","?","$","?","M","R","E","R","T","R","M","M","M","E","R","B",null,"M","?","?","M","T","E","M","R","T","M","?","R","$","M","R","B",null,"M","?","$","?","M","E","R","E","T","R","M","R","M","?","R","B","B",null,"R","$","E","B",null],"character_chosen":"THE_SILENT","items_purchased":["Caltrops","Grand Finale","Acrobatics","Prepared","Membership Card","Paper Crane"],"campfire_rested":0,"item_purchase_floors":[3,30,30,37,54,54],"current_hp_per_floor":[59,59,59,66,66,66,66,66,66,66,66,66,63,32,32,16,54,52,39,33,32,32,25,25,25,25,25,23,23,23,23,23,8,19,14,14,14,14,23,22,22,23,23,23,23,23,23,23,23,23,17,22,22,22,23,12],"gold":60,"neow_bonus":"THREE_ENEMY_KILL","is_prod":false,"is_daily":false,"chose_seed":false,"campfire_upgraded":11,"win_rate":0,"timestamp":1554995827,"path_taken":["M","?","$","?","M","R","E","R","T","R","M","M","?","E","R","BOSS","M","?","?","?","?","E","M","R","T","M","?","R","?","M","R","BOSS","M","?","?","?","M","E","R","E","T","R","M","R","M","?","R","BOSS","BOSS","R","$","E","BOSS"],"build_version":"2019-01-23","purchased_purges":3,"victory":true,"max_hp_per_floor":[66,66,66,66,66,66,66,66,66,66,66,66,66,66,66,66,66,66,66,33,33,33,33,33,33,33,33,23,23,23,23,23,23,23,23,23,23,23,23,23,23,23,23,23,23,23,23,23,23,23,23,23,23,23,23,23],"card_choices":[{"not_picked":["Dodge and Roll","Blade Dance"],"picked":"Backflip","floor":1.0},{"not_picked":["Sucker Punch","Blade Dance","Deflect"],"picked":"SKIP","floor":5.0},{"not_picked":["Finisher","Heel Hook","Dodge and Roll"],"picked":"SKIP","floor":7.0},{"not_picked":["Finisher","Heel Hook","Dodge and Roll"],"picked":"SKIP","floor":7.0},{"not_picked":["Sucker Punch","PiercingWail"],"picked":"Heel Hook","floor":11.0},{"not_picked":["Slice","PiercingWail","Quick Slash"],"picked":"SKIP","floor":12.0},{"not_picked":["Choke","Underhanded Strike"],"picked":"Terror","floor":13.0},{"not_picked":["Blur","Terror"],"picked":"Bouncing Flask","floor":14.0},{"not_picked":["A Thousand Cuts","Doppelganger"],"picked":"Tools of the Trade","floor":16.0},{"not_picked":["Bane"],"picked":"SKIP","floor":18.0},{"not_picked":["Dodge and Roll"],"picked":"SKIP","floor":21.0},{"not_picked":[],"picked":"Cloak And Dagger+1","floor":23.0},{"not_picked":["Sucker Punch"],"picked":"SKIP","floor":24.0},{"not_picked":["Dagger Spray"],"picked":"SKIP","floor":27.0},{"not_picked":["Deflect"],"picked":"SKIP","floor":31.0},{"not_picked":[],"picked":"Burst","floor":33.0},{"not_picked":["Dagger Spray"],"picked":"SKIP","floor":35.0},{"not_picked":["Flying Knee"],"picked":"SKIP","floor":39.0},{"not_picked":["Prepared"],"picked":"SKIP","floor":40.0},{"not_picked":["Caltrops"],"picked":"SKIP","floor":42.0},{"not_picked":["Sucker Punch"],"picked":"SKIP","floor":45.0},{"not_picked":["Slice+1"],"picked":"SKIP","floor":45.0},{"not_picked":["Dagger Throw"],"picked":"SKIP","floor":47.0},{"not_picked":["Reflex+1"],"picked":"SKIP","floor":47.0},{"not_picked":["Flying Knee+1"],"picked":"SKIP","floor":55}],"player_experience":4232773,"relics_obtained":[{"floor":7.0,"key":"Lantern"},{"floor":9.0,"key":"Kunai"},{"floor":14.0,"key":"Oddly Smooth Stone"},{"floor":22.0,"key":"Ninja Scroll"},{"floor":23.0,"key":"Matryoshka"},{"floor":26.0,"key":"MawBank"},{"floor":26.0,"key":"Juzu Bracelet"},{"floor":40.0,"key":"Prayer Wheel"},{"floor":42.0,"key":"Toxic Egg 2"},{"floor":43.0,"key":"Bronze Scales"},{"floor":48.0,"key":"Old Coin"},{"floor":55,"key":"Sundial"}],"event_choices":[{"cards_removed":["Defend_G"],"damage_healed":0.0,"max_hp_gain":0.0,"max_hp_loss":0.0,"gold_gain":0.0,"event_name":"The Cleric","player_choice":"Card Removal","floor":2.0,"gold_loss":75.0,"damage_taken":0.0},{"damage_healed":7.0,"max_hp_gain":0.0,"max_hp_loss":0.0,"gold_gain":0.0,"event_name":"Wheel of Change","player_choice":"Full Heal","floor":4.0,"gold_loss":0.0,"damage_taken":0.0},{"damage_healed":0.0,"max_hp_gain":0.0,"max_hp_loss":0.0,"gold_gain":0.0,"event_name":"Colosseum","player_choice":"Fight","floor":19.0,"gold_loss":0.0,"damage_taken":0.0},{"damage_healed":0.0,"max_hp_gain":0.0,"max_hp_loss":0.0,"gold_gain":0.0,"event_name":"Colosseum","player_choice":"Fled From Nobs","floor":19.0,"gold_loss":0.0,"damage_taken":0.0},{"damage_healed":0.0,"max_hp_gain":0.0,"max_hp_loss":33.0,"gold_gain":0.0,"event_name":"Ghosts","player_choice":"Became a Ghost","floor":20.0,"gold_loss":0.0,"damage_taken":0.0,"cards_obtained":["Ghostly","Ghostly","Ghostly"]},{"damage_healed":0.0,"max_hp_gain":0.0,"max_hp_loss":10.0,"gold_gain":0.0,"event_name":"Vampires","player_choice":"Became a vampire","floor":28.0,"gold_loss":0.0,"damage_taken":0.0,"cards_obtained":["Bite","Bite","Bite","Bite","Bite"]},{"damage_healed":0.0,"max_hp_gain":0.0,"max_hp_loss":0.0,"gold_gain":0.0,"event_name":"Match and Keep!","player_choice":"2 cards matched","floor":36.0,"gold_loss":0.0,"damage_taken":0.0,"cards_obtained":["Calculated Gamble","Tools of the Trade"]},{"damage_healed":0.0,"max_hp_gain":0.0,"max_hp_loss":0.0,"gold_gain":0.0,"event_name":"Tomb of Lord Red Mask","player_choice":"Paid","floor":38.0,"gold_loss":24.0,"damage_taken":0.0,"relics_obtained":["Red Mask"]},{"damage_healed":0.0,"max_hp_gain":0.0,"max_hp_loss":0.0,"gold_gain":0.0,"event_name":"Mysterious Sphere","player_choice":"Fight","floor":48.0,"gold_loss":0.0,"damage_taken":0.0}],"is_beta":false,"boss_relics":[{"not_picked":["Fusion Hammer","Ring of the Serpent"],"picked":"Busted Crown"},{"not_picked":["Philosopher\u0027s Stone","Empty Cage"],"picked":"Runic Pyramid"}],"items_purged_floors":[30,37,54],"is_endless":false,"potions_floor_spawned":[5,7,11,12,24,31,42,45,47,55],"ascension_level":20}