{"gold_per_floor":[111,36,36,46,46,46,58,58,58,58,70,84,84,119,119,192,192,204,204,221,234,249,284,284,318,318,318,347,69,94,112,112,186,186,197,215,233,130,147,72,172,172,172,172,172,172,172],"floor_reached":47,"playtime":1965,"items_purged":["Bullet Time","Storm of Steel","Neutralize","Crippling Poison"],"score":1506,"play_id":"3bf7e465-dcca-4392-88ff-a6950e6a727e","local_time":"20181219122837","is_ascension_mode":true,"campfire_choices":[{"data":"Calculated Gamble","floor":6.0,"key":"SMITH"},{"data":"Reflex","floor":8.0,"key":"SMITH"},{"data":"Acrobatics","floor":13.0,"key":"SMITH"},{"data":"Catalyst","floor":15.0,"key":"SMITH"},{"floor":24.0,"key":"REST"},{"data":"Poisoned Stab","floor":27,"key":"SMITH"},{"data":"Survivor","floor":32,"key":"PURGE"},{"floor":42,"key":"RECALL"},{"floor":44,"key":"REST"}],"neow_cost":"NONE","seed_source_timestamp":4731087191787,"circlet_count":0,"master_deck":["AscendersBane","Tactician+1","Calculated Gamble+1","Reflex+1","Acrobatics+1","Catalyst+1"],"special_seed":0,"relics":["Pandora\u0027s Box","Boot","White Beast Statue","Turnip","Molten Egg 2","Darkstone Periapt","Blood Vial","Membership Card","Peace Pipe","Empty Cage","Pocketwatch","Sundial"],"potions_floor_usage":[25,25,30,35],"damage_taken":[{"damage":7.0,"enemies":"Small Slimes","floor":1.0,"turns":4.0},{"damage":0.0,"enemies":"Cultist","floor":4.0,"turns":4.0},{"damage":5.0,"enemies":"2 Louse","floor":7.0,"turns":3.0},{"damage":20.0,"enemies":"Exordium Thugs","floor":11.0,"turns":3.0},{"damage":5.0,"enemies":"Lots of Slimes","floor":12.0,"turns":3.0},{"damage":0.0,"enemies":"Lagavulin","floor":14.0,"turns":3.0},{"damage":0.0,"enemies":"Hexaghost","floor":16.0,"turns":3.0},{"damage":22.0,"enemies":"2 Thieves","floor":18.0,"turns":3.0},{"damage":0.0,"enemies":"3 Byrds","floor":20.0,"turns":2.0},{"damage":18.0,"enemies":"Snake Plant","floor":21.0,"turns":4.0},{"damage":0.0,"enemies":"Snecko","floor":22.0,"turns":3.0},{"damage":0.0,"enemies":"Gremlin Leader","floor":23.0,"turns":3.0},{"damage":0,"enemies":"Slavers","floor":25,"turns":4},{"damage":11,"enemies":"Book of Stabbing","floor":28,"turns":4},{"damage":0,"enemies":"Gremlin Leader","floor":30,"turns":2},{"damage":0,"enemies":"3 Cultists","floor":31,"turns":3},{"damage":0,"enemies":"Automaton","floor":33,"turns":2},{"damage":7,"enemies":"3 Shapes","floor":35,"turns":2},{"damage":0,"enemies":"Orb Walker","floor":36,"turns":1},{"damage":0,"enemies":"Maw","floor":37,"turns":2},{"damage":15,"enemies":"Spire Growth","floor":39,"turns":2},{"damage":0,"enemies":"Mind Bloom Boss Battle","floor":41,"turns":1},{"damage":0,"enemies":"Sphere and 2 Shapes","floor":47,"turns":1}],"seed_played":"-179518315640512639","potions_obtained":[{"floor":12.0,"key":"Strength Potion"},{"floor":14.0,"key":"Weak Potion"},{"floor":18.0,"key":"Energy Potion"},{"floor":20.0,"key":"FearPotion"},{"floor":22.0,"key":"PowerPotion"},{"floor":23.0,"key":"Explosive Potion"},{"floor":25,"key":"GhostInAJar"},{"floor":28,"key":"Energy Potion"},{"floor":30,"key":"Fire Potion"},{"floor":35,"key":"Energy Potion"}],"is_trial":false,"path_per_floor":["M","$","?","M","$","R","M","R","T","$","M","M","R","E","R","B",null,"M","?","M","M","M","E","R","E","T","R","E","$","E","M","R","B",null,"M","M","M","$","M","$","?","R","T","R","?","?","M"],"character_chosen":"THE_SILENT","items_purchased":["Membership Card","GhostInAJar"],"campfire_rested":2,"item_purchase_floors":[29,38],"current_hp_per_floor":[52,52,52,52,52,52,47,47,47,47,27,22,22,22,22,22,55,33,33,33,15,15,15,34,34,34,34,23,23,25,27,27,29,57,52,54,56,56,43,43,45,45,45,64,64,63,63],"gold":172,"neow_bonus":"BOSS_RELIC","is_prod":false,"is_daily":false,"chose_seed":true,"campfire_upgraded":5,"win_rate":0,"timestamp":1545193717,"path_taken":["M","$","?","?","?","R","M","R","T","?","M","M","R","E","R","BOSS","M","?","M","M","M","E","R","E","T","R","E","?","E","M","R","BOSS","M","M","?","$","M","$","?","R","T","R","?","?","M"],"build_version":"2018-12-13","purchased_purges":4,"victory":false,"max_hp_per_floor":[66,66,66,66,66,66,66,66,66,66,66,66,66,66,66,66,66,66,66,66,66,66,66,66,66,66,66,66,66,66,66,66,66,66,66,66,66,66,66,66,66,66,66,66,66,63,63],"card_choices":[{"not_picked":["Dodge and Roll","Sucker Punch"],"picked":"Acrobatics","floor":1.0},{"not_picked":["Flying Knee","Blade Dance","Outmaneuver"],"picked":"SKIP","floor":4.0},{"not_picked":["Outmaneuver","Quick Slash","Dagger Throw"],"picked":"SKIP","floor":7.0},{"not_picked":["Cloak And Dagger","Distraction","PiercingWail"],"picked":"SKIP","floor":11.0},{"not_picked":["Crippling Poison","Poisoned Stab","Finisher"],"picked":"SKIP","floor":12.0},{"not_picked":["Blade Dance","Poisoned Stab","Night Terror"],"picked":"SKIP","floor":14.0},{"not_picked":["Quick Slash","Cloak And Dagger","Deflect"],"picked":"SKIP","floor":18.0},{"not_picked":["Acrobatics","Noxious Fumes","Flying Knee"],"picked":"SKIP","floor":20.0},{"not_picked":["Backflip","All Out Attack","Quick Slash+1"],"picked":"SKIP","floor":21.0},{"not_picked":["Cloak And Dagger","Finisher","Flying Knee+1"],"picked":"SKIP","floor":22.0},{"not_picked":["Dodge and Roll","Adrenaline","Calculated Gamble+1"],"picked":"SKIP","floor":23.0},{"not_picked":["Malaise","Masterful Stab+1","Prepared"],"picked":"SKIP","floor":25},{"not_picked":["Bane+1","Terror","Well Laid Plans"],"picked":"SKIP","floor":28},{"not_picked":["Wraith Form v2","Escape Plan","Tactician"],"picked":"SKIP","floor":30},{"not_picked":["Dagger Spray+1","Accuracy","Endless Agony+1"],"picked":"SKIP","floor":31},{"not_picked":["Dagger Spray+1","Quick Slash+1","Blur"],"picked":"SKIP","floor":35},{"not_picked":["Dagger Spray+1","Deflect+1","Choke+1"],"picked":"SKIP","floor":36},{"not_picked":["Cloak And Dagger","Backflip+1","Acrobatics"],"picked":"SKIP","floor":37},{"not_picked":["Slice+1","Deflect","All Out Attack+1"],"picked":"SKIP","floor":39}],"player_experience":1371057,"relics_obtained":[{"floor":14.0,"key":"Boot"},{"floor":23.0,"key":"Turnip"},{"floor":25,"key":"Molten Egg 2"},{"floor":26,"key":"Darkstone Periapt"},{"floor":28,"key":"Blood Vial"},{"floor":30,"key":"Peace Pipe"},{"floor":41,"key":"Pocketwatch"},{"floor":43,"key":"Sundial"}],"event_choices":[{"damage_healed":0.0,"max_hp_gain":0.0,"max_hp_loss":0.0,"gold_gain":0.0,"cards_transformed":["Dagger Spray"],"event_name":"Transmorgrifier","player_choice":"Transformed","floor":3.0,"gold_loss":0.0,"damage_taken":0.0,"cards_obtained":["Catalyst"]},{"damage_healed":0.0,"max_hp_gain":0.0,"max_hp_loss":0.0,"gold_gain":0.0,"event_name":"Accursed Blacksmith","player_choice":"Forge","floor":19.0,"gold_loss":0.0,"damage_taken":0.0,"cards_upgraded":["Tactician"]},{"damage_healed":0,"gold_gain":0,"player_choice":"Fight","damage_taken":0,"max_hp_gain":0,"max_hp_loss":0,"event_name":"MindBloom","floor":41,"gold_loss":0},{"cards_removed":["Poisoned Stab"],"damage_healed":0,"gold_gain":0,"player_choice":"Removed Attack","damage_taken":0,"max_hp_gain":0,"max_hp_loss":0,"event_name":"Falling","floor":45,"gold_loss":0},{"damage_healed":0,"gold_gain":0,"player_choice":"Max HP","damage_taken":0,"max_hp_gain":0,"max_hp_loss":3,"event_name":"Winding Halls","floor":46,"gold_loss":0}],"is_beta":false,"boss_relics":[{"not_picked":["Fusion Hammer","Orrery"],"picked":"White Beast Statue"},{"not_picked":["HoveringKite","Astrolabe"],"picked":"Empty Cage"}],"items_purged_floors":[2,29,38,40],"is_endless":false,"potions_floor_spawned":[12,14,18,20,21,22,23,25,28,30,31,33,35,36,37,39,41],"killed_by":"Sphere and 2 Shapes","ascension_level":20}