{"gold_per_floor":[110,128,53,71,51,51,85,103,103,103,120,139,195,195,195,195],"floor_reached":16,"playtime":333,"items_purged":[],"score":179,"play_id":"ff99cfa0-b4d8-43d5-abb2-4c5c5b703d54","local_time":"20190214230222","is_ascension_mode":true,"campfire_choices":[{"data":"Blade Dance","floor":6,"key":"SMITH"},{"data":"Accuracy","floor":10,"key":"SMITH"},{"data":"Cloak And Dagger","floor":15,"key":"SMITH"}],"neow_cost":"NONE","seed_source_timestamp":186983941670965,"circlet_count":0,"master_deck":["AscendersBane","Defend_G","Defend_G","Defend_G","Defend_G","Defend_G","Strike_G","Strike_G","Strike_G","Strike_G","Survivor","Neutralize","Blade Dance+1","Accuracy+1","Tactician","Reflex","Cloak And Dagger+1"],"relics":["Ring of the Snake","NeowsBlessing","Lantern","Potion Belt","Frozen Egg 2"],"potions_floor_usage":[7,13,13,16],"damage_taken":[{"damage":0,"enemies":"Cultist","floor":1,"turns":1},{"damage":0,"enemies":"Jaw Worm","floor":2,"turns":1},{"damage":0,"enemies":"Small Slimes","floor":4,"turns":1},{"damage":22,"enemies":"Lagavulin","floor":7,"turns":8},{"damage":1,"enemies":"Looter","floor":8,"turns":4},{"damage":11,"enemies":"3 Louse","floor":11,"turns":4},{"damage":0,"enemies":"Blue Slaver","floor":12,"turns":2},{"damage":38,"enemies":"3 Sentries","floor":13,"turns":10},{"damage":8,"enemies":"Slime Boss","floor":16,"turns":3}],"seed_played":"-7705018321496669093","potions_obtained":[{"floor":1,"key":"SpeedPotion"},{"floor":4,"key":"SpeedPotion"},{"floor":5,"key":"FearPotion"},{"floor":8,"key":"EssenceOfSteel"},{"floor":11,"key":"Regen Potion"}],"is_trial":false,"path_per_floor":["M","M","$","M","?","R","E","M","T","R","M","M","?","?","R","B"],"character_chosen":"THE_SILENT","items_purchased":["Accuracy"],"campfire_rested":0,"item_purchase_floors":[3],"current_hp_per_floor":[59,59,59,59,59,59,37,36,36,36,25,25,2,2,2,0],"gold":195,"neow_bonus":"THREE_ENEMY_KILL","is_prod":false,"is_daily":false,"chose_seed":false,"campfire_upgraded":3,"win_rate":0,"timestamp":1550156542,"path_taken":["M","M","$","?","?","R","E","M","T","R","?","M","?","?","R","BOSS"],"build_version":"2019-01-23","purchased_purges":0,"victory":false,"max_hp_per_floor":[66,66,66,66,66,66,66,66,66,66,66,66,66,66,66,66],"card_choices":[{"not_picked":["Distraction","Reflex"],"picked":"Blade Dance","floor":1},{"not_picked":["Dagger Throw","Deadly Poison","Masterful Stab"],"picked":"SKIP","floor":2},{"not_picked":["Outmaneuver","All Out Attack","Flying Knee"],"picked":"SKIP","floor":4},{"not_picked":["Flying Knee","Backstab","Dagger Spray"],"picked":"SKIP","floor":7},{"not_picked":["Reflex","Footwork"],"picked":"Tactician","floor":8},{"not_picked":["Dagger Spray","All Out Attack","Dodge and Roll"],"picked":"SKIP","floor":11},{"not_picked":["Prepared","Deflect"],"picked":"Reflex","floor":12}],"player_experience":754947,"relics_obtained":[{"floor":7,"key":"Lantern"},{"floor":9,"key":"Potion Belt"},{"floor":13,"key":"Frozen Egg 2"}],"event_choices":[{"damage_healed":0,"gold_gain":0,"player_choice":"Bought 1 Potion","damage_taken":0,"max_hp_gain":0,"max_hp_loss":0,"event_name":"The Woman in Blue","floor":5,"gold_loss":0},{"damage_healed":0,"gold_gain":30,"player_choice":"Searched \u00272\u0027 times","damage_taken":0,"max_hp_gain":0,"max_hp_loss":0,"event_name":"Dead Adventurer","floor":13,"gold_loss":0},{"damage_healed":0,"gold_gain":0,"cards_transformed":["Strike_G"],"player_choice":"Change","damage_taken":0,"max_hp_gain":0,"max_hp_loss":0,"event_name":"Living Wall","floor":14,"gold_loss":0,"cards_obtained":["Cloak And Dagger"]}],"is_beta":false,"boss_relics":[],"items_purged_floors":[],"is_endless":false,"potions_floor_spawned":[1,4,8,11],"killed_by":"Slime Boss","ascension_level":15}