{"gold_per_floor":[113,113,132,148,164,164,185,203,203,203],"floor_reached":10,"playtime":549,"items_purged":[],"score":114,"play_id":"882f5541-c976-4221-8593-6b7eae63d748","local_time":"20190527221442","is_ascension_mode":true,"campfire_choices":[{"data":"Deadly Poison","floor":6,"key":"SMITH"}],"neow_cost":"TEN_PERCENT_HP_LOSS","seed_source_timestamp":117490765854857,"circlet_count":0,"master_deck":["AscendersBane","Defend_G","Defend_G","Defend_G","Defend_G","Strike_G","Strike_G","Strike_G","Strike_G","Survivor","Neutralize","Caltrops","Doubt","Neutralize","Deadly Poison+1","Predator","PiercingWail","Backflip","Deflect"],"relics":["Ring of the Snake","Odd Mushroom","Ginger"],"potions_floor_usage":[10],"damage_taken":[{"damage":0,"enemies":"2 Louse","floor":1,"turns":2},{"damage":0,"enemies":"Cultist","floor":3,"turns":4},{"damage":7,"enemies":"Small Slimes","floor":4,"turns":4},{"damage":15,"enemies":"3 Louse","floor":5,"turns":4},{"damage":23,"enemies":"The Mushroom Lair","floor":7,"turns":5},{"damage":12,"enemies":"Large Slime","floor":8,"turns":7},{"damage":5,"enemies":"3 Sentries","floor":10,"turns":4}],"seed_played":"2755130067113352847","potions_obtained":[{"floor":1,"key":"Poison Potion"},{"floor":5,"key":"FearPotion"},{"floor":8,"key":"Dexterity Potion"}],"is_trial":false,"path_per_floor":["M","?","M","M","M","R","?","M","T","E"],"character_chosen":"THE_SILENT","items_purchased":[],"campfire_rested":0,"item_purchase_floors":[],"current_hp_per_floor":[59,59,59,52,37,37,14,2,2,0],"gold":203,"neow_bonus":"REMOVE_TWO","is_prod":false,"is_daily":false,"chose_seed":false,"campfire_upgraded":1,"win_rate":0,"timestamp":1558988082,"path_taken":["M","?","?","M","M","R","?","M","T","E"],"build_version":"2019-01-23","purchased_purges":0,"victory":false,"max_hp_per_floor":[60,60,60,60,60,60,60,60,60,60],"card_choices":[{"not_picked":["All Out Attack","Quick Slash"],"picked":"Caltrops","floor":1},{"not_picked":["Quick Slash","Prepared"],"picked":"Deadly Poison","floor":3},{"not_picked":["Prepared","Dagger Spray"],"picked":"Predator","floor":4},{"not_picked":["Outmaneuver","Slice"],"picked":"PiercingWail","floor":5},{"not_picked":["Cloak And Dagger","Sucker Punch"],"picked":"Backflip","floor":7},{"not_picked":["Reflex","A Thousand Cuts"],"picked":"Deflect","floor":8}],"player_experience":595294,"relics_obtained":[{"floor":7,"key":"Odd Mushroom"},{"floor":9,"key":"Ginger"}],"event_choices":[{"damage_healed":0,"gold_gain":0,"player_choice":"2 cards matched","damage_taken":0,"max_hp_gain":0,"max_hp_loss":0,"event_name":"Match and Keep!","floor":2,"gold_loss":0,"cards_obtained":["Doubt","Neutralize"]},{"damage_healed":0,"gold_gain":0,"player_choice":"Fought Mushrooms","damage_taken":0,"max_hp_gain":0,"max_hp_loss":0,"event_name":"Mushrooms","floor":7,"gold_loss":0}],"is_beta":false,"boss_relics":[],"items_purged_floors":[],"is_endless":false,"potions_floor_spawned":[1,5,8],"killed_by":"3 Sentries","ascension_level":18}