{"gold_per_floor":[114,114,74,85,10,73,103,103,103,103,123,123,139,155,155,232,282,298,313,329,39,39],"floor_reached":22,"playtime":1118,"items_purged":["Strike_G"],"score":447,"play_id":"24d0c76d-2b86-4de6-a5c4-26edbab4ff65","local_time":"20190212173346","is_ascension_mode":true,"campfire_choices":[{"data":"Well Laid Plans","floor":8,"key":"SMITH"},{"data":"Neutralize","floor":12,"key":"SMITH"},{"data":"Tactician","floor":15,"key":"SMITH"}],"neow_cost":"NONE","seed_source_timestamp":27322614230313,"circlet_count":0,"master_deck":["AscendersBane","Defend_G","Defend_G","Defend_G","Defend_G","Defend_G","Strike_G","Strike_G","Strike_G","Strike_G","Survivor","Neutralize+1","Tactician+1","Well Laid Plans+1","Catalyst","Acrobatics","Backstab+1","Night Terror","Backflip","Footwork"],"special_seed":0,"relics":["Ring of the Snake","NeowsBlessing","Tiny Chest","Mango","Matryoshka","Tiny House","Medical Kit"],"potions_floor_usage":[18,18],"damage_taken":[{"damage":0.0,"enemies":"2 Louse","floor":1.0,"turns":1.0},{"damage":0.0,"enemies":"Cultist","floor":4.0,"turns":1.0},{"damage":0.0,"enemies":"Gremlin Nob","floor":6.0,"turns":1.0},{"damage":0,"enemies":"Jaw Worm","floor":11,"turns":6},{"damage":0,"enemies":"Blue Slaver","floor":13,"turns":7},{"damage":15,"enemies":"Exordium Wildlife","floor":14,"turns":9},{"damage":40,"enemies":"The Guardian","floor":16,"turns":28},{"damage":11,"enemies":"Spheric Guardian","floor":18,"turns":10},{"damage":24,"enemies":"Chosen","floor":19,"turns":6},{"damage":20,"enemies":"Centurion and Healer","floor":20,"turns":9},{"damage":10,"enemies":"Snake Plant","floor":22,"turns":6}],"seed_played":"1001608674629378777","potions_obtained":[{"floor":11,"key":"GhostInAJar"},{"floor":13,"key":"Regen Potion"},{"floor":16,"key":"Poison Potion"},{"floor":19,"key":"Fire Potion"},{"floor":20,"key":"EssenceOfSteel"}],"is_trial":false,"path_per_floor":["M","?","$","M","$","E","?","R","T","T","M","R","M","M","R","B",null,"M","M","M","$","M"],"character_chosen":"THE_SILENT","items_purchased":["Tactician","Footwork","Medical Kit"],"campfire_rested":0,"item_purchase_floors":[3,21,21],"current_hp_per_floor":[59,66,66,66,66,66,80,80,80,80,80,80,80,65,65,25,71,60,36,16,16,6],"gold":39,"neow_bonus":"THREE_ENEMY_KILL","is_prod":false,"is_daily":false,"chose_seed":false,"campfire_upgraded":3,"win_rate":0,"timestamp":1549964026,"path_taken":["M","?","$","?","$","E","?","R","T","?","M","R","?","M","R","BOSS","M","M","M","$","M"],"build_version":"2019-01-23","purchased_purges":1,"victory":false,"max_hp_per_floor":[66,66,66,66,66,66,80,80,80,80,80,80,80,80,80,80,85,85,85,85,85,85],"card_choices":[{"not_picked":["Underhanded Strike","Quick Slash","Bane"],"picked":"SKIP","floor":1.0},{"not_picked":["Underhanded Strike","Slice","Blade Dance"],"picked":"SKIP","floor":4.0},{"not_picked":["Catalyst","Deflect"],"picked":"Well Laid Plans","floor":6.0},{"not_picked":["Backstab","Endless Agony"],"picked":"Catalyst","floor":11},{"not_picked":["Dagger Throw","Bane"],"picked":"Acrobatics","floor":13},{"not_picked":["Prepared","Deflect"],"picked":"Backstab","floor":14},{"not_picked":["Tools of the Trade","Storm of Steel"],"picked":"Night Terror","floor":16},{"not_picked":["Deflect","Sucker Punch"],"picked":"Backflip","floor":18},{"not_picked":["Deflect","Bane","Prepared"],"picked":"SKIP","floor":19},{"not_picked":["PiercingWail","Sucker Punch","Dagger Throw"],"picked":"SKIP","floor":20}],"player_experience":2649490,"relics_obtained":[{"floor":6.0,"key":"Tiny Chest"},{"floor":10,"key":"Matryoshka"}],"event_choices":[{"damage_healed":7.0,"max_hp_gain":0.0,"max_hp_loss":0.0,"gold_gain":0.0,"event_name":"Wheel of Change","player_choice":"Full Heal","floor":2.0,"gold_loss":0.0,"damage_taken":0.0},{"damage_healed":0,"gold_gain":30,"player_choice":"Searched \u00272\u0027 times","damage_taken":0,"relics_obtained":["Mango"],"max_hp_gain":0,"max_hp_loss":0,"event_name":"Dead Adventurer","floor":7,"gold_loss":0}],"is_beta":false,"boss_relics":[{"not_picked":["Black Star","Ring of the Serpent"],"picked":"Tiny House"}],"items_purged_floors":[5],"is_endless":false,"potions_floor_spawned":[11,13,16,19,20],"killed_by":"Snake Plant","ascension_level":20}