{"gold_per_floor":[112,131,151,28,28,61,61,21,21,96,96,96],"floor_reached":12,"playtime":196,"items_purged":[],"score":152,"play_id":"07a08e48-1943-45bf-90c8-b290a708d8d4","local_time":"20190210214458","is_ascension_mode":true,"campfire_choices":[{"data":"Searing Blow","floor":7,"key":"SMITH"}],"neow_cost":"NONE","seed_source_timestamp":1140724157358981,"circlet_count":0,"master_deck":["AscendersBane","Strike_R","Strike_R","Strike_R","Strike_R","Defend_R","Defend_R","Defend_R","Defend_R","Bash","Armaments","Disarm","Burning Pact","Whirlwind","Searing Blow+1"],"relics":["Burning Blood","NeowsBlessing","Kunai","Letter Opener","Gremlin Horn"],"potions_floor_usage":[6],"damage_taken":[{"damage":0,"enemies":"Small Slimes","floor":1,"turns":1},{"damage":0,"enemies":"Jaw Worm","floor":2,"turns":1},{"damage":0,"enemies":"2 Louse","floor":3,"turns":1},{"damage":43,"enemies":"3 Sentries","floor":6,"turns":10},{"damage":1,"enemies":"Looter","floor":8,"turns":4},{"damage":0,"enemies":"Large Slime","floor":12,"turns":1}],"seed_played":"5394907190178319542","potions_obtained":[{"floor":2,"key":"Block Potion"},{"floor":3,"key":"Ancient Potion"}],"is_trial":false,"path_per_floor":["M","M","M","$","?","E","R","M","T","?","?","M"],"character_chosen":"IRONCLAD","items_purchased":["Burning Pact","Whirlwind"],"campfire_rested":0,"item_purchase_floors":[4,4],"current_hp_per_floor":[74,75,75,75,70,33,33,38,38,27,20,20],"gold":96,"neow_bonus":"THREE_ENEMY_KILL","is_prod":false,"is_daily":false,"chose_seed":false,"campfire_upgraded":1,"win_rate":0,"timestamp":1549806298,"path_taken":["M","M","M","$","?","E","R","M","T","?","?","?"],"build_version":"2019-01-23","purchased_purges":0,"victory":false,"max_hp_per_floor":[75,75,75,75,75,75,75,75,75,75,75,75],"card_choices":[{"not_picked":["Ghostly Armor","Wild Strike"],"picked":"Armaments","floor":1},{"not_picked":["Shrug It Off","Anger"],"picked":"Disarm","floor":2},{"not_picked":["Sword Boomerang","Iron Wave","Thunderclap"],"picked":"SKIP","floor":3},{"not_picked":["Feed","Shrug It Off"],"picked":"Searing Blow","floor":6},{"not_picked":["Bloodletting","Heavy Blade","Flex"],"picked":"SKIP","floor":8}],"player_experience":717201,"relics_obtained":[{"floor":6,"key":"Letter Opener"},{"floor":9,"key":"Gremlin Horn"}],"event_choices":[{"damage_healed":0,"gold_gain":0,"player_choice":"Success","damage_taken":5,"relics_obtained":["Kunai"],"max_hp_gain":0,"max_hp_loss":0,"event_name":"Scrap Ooze","floor":5,"gold_loss":0},{"damage_healed":0,"gold_gain":75,"player_choice":"Gather Gold","damage_taken":11,"max_hp_gain":0,"max_hp_loss":0,"event_name":"World of Goop","floor":10,"gold_loss":0},{"cards_removed":["Strike_R"],"damage_healed":0,"gold_gain":0,"player_choice":"Card Removal","damage_taken":7,"max_hp_gain":0,"max_hp_loss":0,"event_name":"Golden Wing","floor":11,"gold_loss":0}],"is_beta":false,"boss_relics":[],"items_purged_floors":[],"is_endless":false,"potions_floor_spawned":[2,3],"killed_by":"Large Slime","ascension_level":20}