{"path_per_floor":["M","T","?","M","M","E","R","?","T","$","R","M","M","?","R","B",null,"M","?","T","$","?","R","E","R","T","$","R","M","R","M","R","B",null,"M","M","?","M","M","R","M","E","T","M","R","M","?","M","R","B"],"character_chosen":"THE_SILENT","items_purchased":["Kunai","Happy Flower"],"gold_per_floor":[114,140,140,159,170,200,200,300,300,225,225,243,257,257,257,329,329,348,348,372,114,114,114,142,142,142,24,24,43,43,55,55,127,157,169,179,279,298,312,312,332,364,416,428,428,443,443,455,455,455],"floor_reached":51,"campfire_rested":3,"playtime":2425,"item_purchase_floors":[],"current_hp_per_floor":[53,53,53,57,61,17,17,17,17,17,17,25,29,29,29,18,54,50,50,50,50,50,50,33,33,33,33,33,41,41,33,52,33,63,64,71,71,69,71,71,68,14,14,12,33,28,28,34,55,21],"items_purged":["Strike_G"],"gold":455,"score":1150,"play_id":"aef8b9f9-08d2-4dea-97ea-c9bd982b80f6","local_time":"20180616231528","is_prod":false,"is_daily":false,"chose_seed":false,"is_ascension_mode":true,"campfire_upgraded":8,"win_rate":0,"timestamp":1529162128,"campfire_choices":[{"data":"Neutralize","floor":7.0,"key":"SMITH"},{"data":"Bandage Up","floor":11.0,"key":"SMITH"},{"data":"Endless Agony","floor":15.0,"key":"SMITH"},{"data":"Footwork","floor":23.0,"key":"SMITH"},{"data":"Infinite Blades","floor":25.0,"key":"SMITH"},{"data":"Blade Dance","floor":28.0,"key":"SMITH"},{"data":"Blade Dance","floor":30.0,"key":"SMITH"},{"floor":32.0,"key":"REST"},{"data":"Adrenaline","floor":40.0,"key":"SMITH"},{"floor":45.0,"key":"REST"},{"floor":49.0,"key":"REST"}],"path_taken":["M","?","?","M","M","E","R","?","T","$","R","M","M","?","R","BOSS","M","?","?","?","?","R","E","R","T","$","R","M","R","M","R","BOSS","M","M","?","?","M","R","M","E","T","M","R","M","?","M","R","BOSS"],"build_version":"2018-06-14v2","seed_source_timestamp":0,"purchased_purges":1,"victory":true,"master_deck":["Defend_G+1","Defend_G+1","Defend_G+1","Defend_G+1","Strike_G+1","Strike_G+1","Strike_G+1","Strike_G+1","Survivor","Neutralize+1","AscendersBane","Dagger Throw","Bandage Up+1","Flying Knee","Endless Agony+1","Well Laid Plans","Infinite Blades+1","Adrenaline+1","Footwork+1","Blade Dance+1","Blade Dance+1","Acrobatics","Envenom+1","Backflip+1","Deflect"],"max_hp_per_floor":[66,66,66,66,66,66,66,66,66,66,66,66,66,66,66,66,66,66,66,66,66,66,66,66,66,66,66,66,66,66,66,66,66,71,71,71,71,71,71,71,71,71,71,71,71,71,71,71,71,71],"special_seed":0,"relics":["Ring of the Snake","Lantern","War Paint","Blood Vial","Sozu","Potion Belt","Kunai","Darkstone Periapt","The Courier","Happy Flower","Tiny House","Juzu Bracelet","Anchor"],"card_choices":[{"not_picked":["PiercingWail","Expertise"],"picked":"Dagger Throw","floor":1.0},{"not_picked":["Bane","Finisher"],"picked":"Flying Knee","floor":4.0},{"not_picked":["Bouncing Flask","Quick Slash"],"picked":"Endless Agony","floor":5.0},{"not_picked":["Slice","Envenom"],"picked":"Well Laid Plans","floor":6.0},{"not_picked":["Prepared","Slice","Dagger Throw"],"picked":"SKIP","floor":12.0},{"not_picked":["Tools of the Trade","Caltrops"],"picked":"Infinite Blades","floor":13.0},{"not_picked":["Underhanded Strike","Skewer"],"picked":"Footwork","floor":18.0},{"not_picked":["Cloak And Dagger","Bane"],"picked":"Blade Dance","floor":24.0},{"not_picked":["Bane","Caltrops+1","Catalyst"],"picked":"SKIP","floor":29.0},{"not_picked":["Caltrops","PiercingWail"],"picked":"Acrobatics","floor":31.0},{"not_picked":["Doppelganger","Corpse Explosion"],"picked":"Envenom","floor":33.0},{"not_picked":["Underhanded Strike","Flying Knee","Flechettes"],"picked":"SKIP","floor":35.0},{"not_picked":["Riddle With Holes","Bane","Flying Knee"],"picked":"SKIP","floor":36.0},{"not_picked":["Dagger Spray","Acrobatics"],"picked":"Backflip+1","floor":38.0},{"not_picked":["Crippling Poison","Eviscerate"],"picked":"Deflect","floor":39.0},{"not_picked":["Bane+1","Deadly Poison","Slice+1"],"picked":"SKIP","floor":41.0},{"not_picked":["Catalyst","Setup","Concentrate+1"],"picked":"SKIP","floor":42.0},{"not_picked":["PiercingWail+1","Bouncing Flask","Cloak And Dagger"],"picked":"SKIP","floor":44.0},{"not_picked":["Quick Slash+1","Sucker Punch+1","Slice"],"picked":"SKIP","floor":46.0},{"not_picked":["PiercingWail","Outmaneuver+1","Poisoned Stab"],"picked":"SKIP","floor":48.0}],"player_experience":628042,"potions_floor_usage":[],"damage_taken":[{"damage":6.0,"enemies":"Cultist","floor":1.0,"turns":5.0},{"damage":0.0,"enemies":"Small Slimes","floor":4.0,"turns":4.0},{"damage":0.0,"enemies":"2 Louse","floor":5.0,"turns":3.0},{"damage":48.0,"enemies":"Lagavulin","floor":6.0,"turns":10.0},{"damage":0.0,"enemies":"Looter","floor":12.0,"turns":3.0},{"damage":4.0,"enemies":"Exordium Thugs","floor":13.0,"turns":4.0},{"damage":19.0,"enemies":"Slime Boss","floor":16.0,"turns":10.0},{"damage":12.0,"enemies":"Shell Parasite","floor":18.0,"turns":6.0},{"damage":25.0,"enemies":"Book of Stabbing","floor":24.0,"turns":8.0},{"damage":0.0,"enemies":"Spheric Guardian","floor":29.0,"turns":3.0},{"damage":16.0,"enemies":"Cultist and Chosen","floor":31.0,"turns":7.0},{"damage":27.0,"enemies":"Collector","floor":33.0,"turns":15.0},{"damage":7.0,"enemies":"Flame Bruiser 1 Orb","floor":35.0,"turns":6.0},{"damage":0.0,"enemies":"Orb Walker","floor":36.0,"turns":3.0},{"damage":8.0,"enemies":"Spire Growth","floor":38.0,"turns":5.0},{"damage":0.0,"enemies":"Maw","floor":39.0,"turns":7.0},{"damage":9.0,"enemies":"4 Shapes","floor":41.0,"turns":7.0},{"damage":62.0,"enemies":"2 Orb Walkers","floor":42.0,"turns":7.0},{"damage":10.0,"enemies":"3 Darklings","floor":44.0,"turns":8.0},{"damage":13.0,"enemies":"Sphere and 2 Shapes","floor":46.0,"turns":8.0},{"damage":2.0,"enemies":"Maw","floor":48.0,"turns":8.0},{"damage":42,"enemies":"Time Eater","floor":50,"turns":19}],"relics_obtained":[{"floor":2.0,"key":"Lantern"},{"floor":6.0,"key":"War Paint"},{"floor":9.0,"key":"Blood Vial"},{"floor":20.0,"key":"Potion Belt"},{"floor":24.0,"key":"Darkstone Periapt"},{"floor":26.0,"key":"The Courier"},{"floor":42.0,"key":"Juzu Bracelet"},{"floor":43.0,"key":"Anchor"}],"event_choices":[{"event_name":"Match and Keep!","player_choice":"1 cards matched","floor":3.0,"damage_taken":0.0},{"event_name":"Golden Shrine","player_choice":"Pray","floor":8.0,"damage_taken":0.0},{"event_name":"Transmorgrifier","player_choice":"Transform","floor":14.0,"damage_taken":0.0},{"event_name":"Back to Basics","player_choice":"Simplicity","floor":19.0,"damage_taken":0.0},{"event_name":"The Library","player_choice":"Read","floor":22.0,"damage_taken":0.0},{"event_name":"Golden Shrine","player_choice":"Pray","floor":37.0,"damage_taken":0.0},{"event_name":"Tomb of Lord Red Mask","player_choice":"Ignored","floor":47.0,"damage_taken":0.0}],"boss_relics":[{"not_picked":["Eternal Feather","Pandora\u0027s Box"],"picked":"Sozu"},{"not_picked":["Lizard Tail","Calling Bell"],"picked":"Tiny House"}],"items_purged_floors":[],"is_endless":false,"potions_floor_spawned":[4,5,6,13,16,24,29,36,41],"seed_played":"-6279898083493736465","ascension_level":14,"potions_obtained":[{"floor":4.0,"key":"SkillPotion"},{"floor":5.0,"key":"Weak Potion"},{"floor":6.0,"key":"Weak Potion"},{"floor":13.0,"key":"FearPotion"},{"floor":16.0,"key":"SneckoOil"}],"is_trial":false}