{"gold_per_floor":[110,110,47,59,86,98,126,138,150,162,189,218,244,273],"floor_reached":14,"playtime":516,"items_purged":[],"score":168,"play_id":"f4bca1f1-29e2-474e-82cb-2f5dd4bd39e7","local_time":"20181124193110","is_ascension_mode":true,"campfire_choices":[{"data":"Strike_G","floor":6,"key":"PURGE"},{"data":"Strike_G","floor":8,"key":"PURGE"},{"data":"Defend_G","floor":10,"key":"PURGE"}],"neow_cost":"TEN_PERCENT_HP_LOSS","seed_source_timestamp":983431760310,"circlet_count":0,"master_deck":["AscendersBane","Defend_G","Defend_G","Defend_G","Defend_G","Strike_G","Strike_G","Survivor","Neutralize","Well Laid Plans","Backflip","Heel Hook"],"relics":["Ring of the Snake","Peace Pipe","MawBank"],"potions_floor_usage":[],"damage_taken":[{"damage":7,"enemies":"Cultist","floor":1,"turns":5},{"damage":0,"enemies":"Jaw Worm","floor":5,"turns":6},{"damage":0,"enemies":"Small Slimes","floor":7,"turns":6},{"damage":9,"enemies":"Exordium Thugs","floor":11,"turns":10},{"damage":0,"enemies":"Looter","floor":12,"turns":3},{"damage":4,"enemies":"3 Louse","floor":13,"turns":7},{"damage":0,"enemies":"Exordium Thugs","floor":14,"turns":10}],"seed_played":"8802773926657853405","potions_obtained":[{"floor":1,"key":"Block Potion"},{"floor":11,"key":"Explosive Potion"},{"floor":13,"key":"GhostInAJar"}],"is_trial":false,"path_per_floor":["M","T","?","$","M","R","M","R","T","R","M","M","M","M"],"character_chosen":"THE_SILENT","items_purchased":[],"campfire_rested":0,"item_purchase_floors":[],"current_hp_per_floor":[52,52,52,52,52,52,52,52,52,52,43,43,39,39],"gold":273,"neow_bonus":"ONE_RARE_RELIC","is_prod":false,"is_daily":false,"chose_seed":true,"campfire_upgraded":0,"win_rate":0,"timestamp":1543059070,"path_taken":["M","?","?","$","M","R","?","R","T","R","M","M","M","M"],"build_version":"2018-11-15","purchased_purges":0,"victory":false,"max_hp_per_floor":[60,60,60,60,60,60,60,60,60,60,60,60,60,60],"card_choices":[{"not_picked":["Underhanded Strike","Cloak And Dagger"],"picked":"Well Laid Plans","floor":1},{"not_picked":["Accuracy","Distraction"],"picked":"Backflip","floor":5},{"not_picked":["Bane","Dagger Throw","Backflip"],"picked":"SKIP","floor":7},{"not_picked":["Backflip","Prepared"],"picked":"Heel Hook","floor":11},{"not_picked":["Sucker Punch","Slice","Catalyst"],"picked":"SKIP","floor":12},{"not_picked":["PiercingWail","Dodge and Roll","Backstab"],"picked":"SKIP","floor":13}],"player_experience":1149596,"relics_obtained":[{"floor":2,"key":"MawBank"}],"event_choices":[{"cards_removed":["Strike_G"],"damage_healed":0,"gold_gain":0,"player_choice":"Card Removal","damage_taken":0,"max_hp_gain":0,"max_hp_loss":0,"event_name":"The Cleric","floor":3,"gold_loss":75}],"is_beta":true,"boss_relics":[],"items_purged_floors":[],"is_endless":false,"potions_floor_spawned":[1,11,13,14],"killed_by":"Exordium Thugs","ascension_level":20}