{"gold_per_floor":[17,35,54,54,65,65,93,47,47,61,61,61,61,79,79,184,184,197,197,211,67,82,82,100,100,126,51,51,78,90,106,106,206,206,223,86,86,137,153,153,170,183,183,183,201,201,201,50,50,50],"floor_reached":51,"playtime":2408,"items_purged":["Strike_B"],"score":794,"play_id":"094aed5c-66be-49cb-89e9-238952d4c004","local_time":"20190617143706","is_ascension_mode":false,"campfire_choices":[{"data":"Chaos","floor":6.0,"key":"SMITH"},{"data":"Dualcast","floor":11.0,"key":"SMITH"},{"data":"Zap","floor":15.0,"key":"SMITH"},{"data":"Consume","floor":23.0,"key":"SMITH"},{"data":"Blizzard","floor":25.0,"key":"SMITH"},{"data":"Recycle","floor":32.0,"key":"SMITH"},{"floor":40.0,"key":"REST"},{"floor":46,"key":"RECALL"},{"floor":49,"key":"REST"}],"neow_cost":"NO_GOLD","seed_source_timestamp":7405608540887,"circlet_count":0,"master_deck":["Strike_B","Defend_B","Defend_B","Defend_B","Zap+1","Dualcast+1","Self Repair","Meteor Strike","Turbo","Chaos+1","Core Surge","Coolheaded","Chill","Seek","Coolheaded+1","Core Surge","Blizzard+1","Consume+1","Necronomicurse","Recycle+1","Hologram+1","Self Repair","Seek","Defragment","Impatience","Coolheaded","Thinking Ahead","Impatience","Glacier","Coolheaded","Coolheaded+1","Coolheaded","Core Surge","Loop","Hologram+1"],"special_seed":0,"relics":["Cracked Core","Nunchaku","Pear","Matryoshka","Runic Pyramid","PreservedInsect","Bag of Marbles","Necronomicon","Torii","Fusion Hammer","Gambling Chip","Dream Catcher","Ornamental Fan","StoneCalendar"],"potions_floor_usage":[50,50,50,50,50,50],"damage_taken":[{"damage":2.0,"enemies":"Small Slimes","floor":1.0,"turns":3.0},{"damage":0.0,"enemies":"Cultist","floor":2.0,"turns":2.0},{"damage":11.0,"enemies":"Jaw Worm","floor":3.0,"turns":4.0},{"damage":7.0,"enemies":"Red Slaver","floor":5.0,"turns":4.0},{"damage":40.0,"enemies":"Gremlin Nob","floor":7.0,"turns":5.0},{"damage":11.0,"enemies":"Large Slime","floor":10.0,"turns":3.0},{"damage":7.0,"enemies":"Blue Slaver","floor":14.0,"turns":4.0},{"damage":17.0,"enemies":"The Guardian","floor":16.0,"turns":15.0},{"damage":3.0,"enemies":"Spheric Guardian","floor":18.0,"turns":3.0},{"damage":1.0,"enemies":"Shell Parasite","floor":20.0,"turns":5.0},{"damage":8.0,"enemies":"Snake Plant","floor":22.0,"turns":5.0},{"damage":2.0,"enemies":"3 Cultists","floor":24.0,"turns":6.0},{"damage":19.0,"enemies":"Slavers","floor":29.0,"turns":5.0},{"damage":1.0,"enemies":"Shelled Parasite and Fungi","floor":30.0,"turns":3.0},{"damage":0.0,"enemies":"Snake Plant","floor":31.0,"turns":1.0},{"damage":34.0,"enemies":"Collector","floor":33.0,"turns":8.0},{"damage":0.0,"enemies":"Orb Walker","floor":35.0,"turns":3.0},{"damage":36.0,"enemies":"2 Orb Walkers","floor":38.0,"turns":7.0},{"damage":0.0,"enemies":"3 Shapes","floor":39.0,"turns":4.0},{"damage":0.0,"enemies":"Maw","floor":41.0,"turns":8.0},{"damage":0,"enemies":"Sphere and 2 Shapes","floor":42,"turns":4},{"damage":1,"enemies":"Writhing Mass","floor":45,"turns":5},{"damage":0,"enemies":"Time Eater","floor":50,"turns":12}],"seed_played":"-6206766328297380060","potions_obtained":[{"floor":2.0,"key":"FocusPotion"},{"floor":7.0,"key":"Fire Potion"},{"floor":16.0,"key":"Energy Potion"},{"floor":20.0,"key":"EntropicBrew"},{"floor":22.0,"key":"FocusPotion"}],"is_trial":false,"path_per_floor":["M","M","M","?","M","R","E","$","T","M","R","$","?","M","R","B",null,"M","?","M","$","M","R","M","R","T","$","?","E","M","M","R","B",null,"M","$","?","?","M","R","M","M","T","?","M","R","T","$","R","B",null],"character_chosen":"DEFECT","items_purchased":["Coolheaded","Core Surge","Blizzard","Impatience","Coolheaded","Core Surge","Loop"],"campfire_rested":2,"item_purchase_floors":[8,21,21,36,36,48,48],"current_hp_per_floor":[75,75,71,71,71,71,38,38,48,44,44,44,44,44,44,34,85,85,85,85,85,84,84,85,85,85,85,69,57,63,63,63,43,85,85,85,75,53,60,85,85,85,85,85,85,85,85,85,85,85],"gold":50,"neow_bonus":"TRANSFORM_TWO_CARDS","is_prod":false,"is_daily":false,"chose_seed":false,"campfire_upgraded":6,"win_rate":0,"timestamp":1560753426,"path_taken":["M","M","M","?","?","R","E","?","T","?","R","$","?","?","R","BOSS","M","?","M","$","M","R","?","R","T","?","?","E","M","M","R","BOSS","M","$","?","?","M","R","M","M","T","?","M","R","?","$","R","BOSS"],"build_version":"2019-01-23","purchased_purges":1,"victory":true,"max_hp_per_floor":[75,75,75,75,75,75,75,75,85,85,85,85,85,85,85,85,85,85,85,85,85,85,85,85,85,85,85,85,85,85,85,85,85,85,85,85,85,85,85,85,85,85,85,85,85,85,85,85,85,85],"card_choices":[{"not_picked":["Streamline","Go for the Eyes"],"picked":"Turbo","floor":1.0},{"not_picked":["Rebound","Leap"],"picked":"Chaos","floor":2.0},{"not_picked":["Compile Driver","Leap"],"picked":"Redo","floor":3.0},{"not_picked":["Redo","Leap","Steam"],"picked":"SKIP","floor":5.0},{"not_picked":["Chill","Loop"],"picked":"Core Surge","floor":7.0},{"not_picked":["Tempest","Coolheaded","Cold Snap"],"picked":"SKIP","floor":10.0},{"not_picked":["Coolheaded","Melter"],"picked":"Chill","floor":14.0},{"not_picked":["Meteor Strike","Amplify"],"picked":"Seek","floor":16.0},{"not_picked":["Melter","Hologram"],"picked":"Coolheaded+1","floor":18.0},{"not_picked":["Reprogram","Barrage","Go for the Eyes"],"picked":"SKIP","floor":20.0},{"not_picked":["Reinforced Body","Stack"],"picked":"Consume","floor":22.0},{"not_picked":["Doom and Gloom+1","Beam Cell","Conserve Battery"],"picked":"SKIP","floor":24.0},{"not_picked":["Reinforced Body","Loop"],"picked":"Recycle","floor":29.0},{"not_picked":["Undo+1","Sunder"],"picked":"Hologram+1","floor":30.0},{"not_picked":["Hologram","Cold Snap"],"picked":"Self Repair","floor":31.0},{"not_picked":["Machine Learning","Meteor Strike"],"picked":"Seek","floor":33.0},{"not_picked":["Streamline","Hologram"],"picked":"Defragment","floor":35.0},{"not_picked":["Discovery","Violence"],"picked":"Thinking Ahead","floor":37.0},{"not_picked":["Flash of Steel","Enlightenment"],"picked":"Impatience","floor":37.0},{"not_picked":["Fusion","Coolheaded"],"picked":"Glacier","floor":38.0},{"not_picked":["Go for the Eyes","Compile Driver"],"picked":"Coolheaded","floor":39.0},{"not_picked":["Lockon+1","Ball Lightning+1","Auto Shields"],"picked":"SKIP","floor":41.0},{"not_picked":["Tempest","Loop+1"],"picked":"Coolheaded+1","floor":42},{"not_picked":["Gash+1","Electrodynamics"],"picked":"Coolheaded","floor":45},{"not_picked":["Lockon","Rip and Tear"],"picked":"Hologram+1","floor":49}],"player_experience":5343935,"relics_obtained":[{"floor":7.0,"key":"Nunchaku"},{"floor":9.0,"key":"Pear"},{"floor":26.0,"key":"PreservedInsect"},{"floor":26.0,"key":"Bag of Marbles"},{"floor":28.0,"key":"Necronomicon"},{"floor":29.0,"key":"Torii"},{"floor":38.0,"key":"Gambling Chip"},{"floor":43,"key":"Dream Catcher"},{"floor":43,"key":"Ornamental Fan"},{"floor":47,"key":"StoneCalendar"}],"event_choices":[{"cards_removed":["Strike_B"],"damage_healed":0.0,"max_hp_gain":0.0,"max_hp_loss":0.0,"gold_gain":0.0,"event_name":"Bonfire Elementals","player_choice":"Offered Basic","floor":4.0,"gold_loss":0.0,"damage_taken":0.0},{"cards_removed":["Redo"],"damage_healed":0.0,"max_hp_gain":0.0,"max_hp_loss":0.0,"gold_gain":0.0,"event_name":"WeMeetAgain","player_choice":"Gave Card","floor":13.0,"gold_loss":0.0,"damage_taken":0.0,"relics_obtained":["Matryoshka"]},{"damage_healed":0.0,"max_hp_gain":0.0,"max_hp_loss":0.0,"gold_gain":0.0,"event_name":"NoteForYourself","player_choice":"Ignored","floor":19.0,"gold_loss":0.0,"damage_taken":0.0},{"damage_healed":0.0,"max_hp_gain":0.0,"max_hp_loss":0.0,"gold_gain":0.0,"event_name":"Cursed Tome","player_choice":"Obtained Book","floor":28.0,"gold_loss":0.0,"damage_taken":16.0},{"damage_healed":0.0,"max_hp_gain":0.0,"max_hp_loss":0.0,"gold_gain":0.0,"event_name":"SensoryStone","player_choice":"Memory 3","floor":37.0,"gold_loss":0.0,"damage_taken":10.0},{"damage_healed":0.0,"max_hp_gain":0.0,"max_hp_loss":0.0,"gold_gain":0.0,"event_name":"Mysterious Sphere","player_choice":"Fight","floor":38.0,"gold_loss":0.0,"damage_taken":0.0},{"damage_healed":0,"gold_gain":0,"player_choice":"Ignored","damage_taken":0,"max_hp_gain":0,"max_hp_loss":0,"event_name":"Tomb of Lord Red Mask","floor":44,"gold_loss":0}],"is_beta":false,"boss_relics":[{"not_picked":["Philosopher\u0027s Stone","Velvet Choker"],"picked":"Runic Pyramid"},{"not_picked":["Runic Dome","Snecko Eye"],"picked":"Fusion Hammer"}],"items_purged_floors":[27],"is_endless":false,"potions_floor_spawned":[2,7,16,20,22,24,31,35,38,45],"ascension_level":0}