{"gold_per_floor":[118,129,129,143,108,142,142,142,215,242,242,11,24,40,40,115,115,133,133,58,74,90,121,121,42,42,67,87,107,107,127,127,127],"floor_reached":33,"playtime":1834,"items_purged":[],"score":619,"play_id":"c160b17b-6bd1-455d-8e0a-070d4663e1dc","local_time":"20190721121745","is_ascension_mode":true,"campfire_choices":[{"floor":7,"key":"REST"},{"data":"Caltrops","floor":11,"key":"SMITH"},{"data":"A Thousand Cuts","floor":15,"key":"SMITH"},{"data":"Bouncing Flask","floor":24,"key":"SMITH"},{"floor":30,"key":"REST"},{"data":"Catalyst","floor":32,"key":"SMITH"}],"neow_cost":"NONE","seed_source_timestamp":2587280076449,"circlet_count":0,"master_deck":["AscendersBane","Defend_G","Defend_G","Defend_G","Defend_G","Defend_G","Survivor","Neutralize","Flying Knee","Caltrops+1","Dagger Spray","Deadly Poison+1","Caltrops","A Thousand Cuts+1","Leg Sweep","After Image","Bite","Bite","Bite","Bite","Bouncing Flask+1","Heel Hook+1","After Image","Catalyst+1","Bouncing Flask","PiercingWail"],"relics":["Ring of the Snake","PreservedInsect","Question Card","Strawberry","ClockworkSouvenir","Cursed Key","Mercury Hourglass","Gremlin Horn"],"potions_floor_usage":[10,18,23,27,27,29,29,33],"damage_taken":[{"damage":0,"enemies":"2 Louse","floor":1,"turns":3},{"damage":0,"enemies":"Jaw Worm","floor":2,"turns":4},{"damage":3,"enemies":"Small Slimes","floor":4,"turns":5},{"damage":42,"enemies":"3 Sentries","floor":6,"turns":8},{"damage":8,"enemies":"Gremlin Nob","floor":10,"turns":3},{"damage":5,"enemies":"2 Fungi Beasts","floor":13,"turns":4},{"damage":8,"enemies":"Exordium Wildlife","floor":14,"turns":3},{"damage":25,"enemies":"The Guardian","floor":16,"turns":10},{"damage":8,"enemies":"2 Thieves","floor":18,"turns":4},{"damage":8,"enemies":"Shell Parasite","floor":21,"turns":5},{"damage":14,"enemies":"Centurion and Healer","floor":22,"turns":7},{"damage":32,"enemies":"Gremlin Leader","floor":23,"turns":5},{"damage":20,"enemies":"Slavers","floor":27,"turns":5},{"damage":24,"enemies":"Snake Plant","floor":28,"turns":4},{"damage":0,"enemies":"3 Cultists","floor":29,"turns":4},{"damage":16,"enemies":"Centurion and Healer","floor":31,"turns":6},{"damage":41,"enemies":"Automaton","floor":33,"turns":6}],"seed_played":"2615300109918157702","potions_obtained":[{"floor":4,"key":"Poison Potion"},{"floor":6,"key":"Strength Potion"},{"floor":13,"key":"LiquidBronze"},{"floor":14,"key":"GhostInAJar"},{"floor":16,"key":"Regen Potion"},{"floor":21,"key":"PowerPotion"},{"floor":23,"key":"SpeedPotion"},{"floor":27,"key":"Fire Potion"},{"floor":28,"key":"Fruit Juice"},{"floor":29,"key":"PowerPotion"}],"is_trial":false,"path_per_floor":["M","M","?","M","?","E","R","?","T","E","R","$","M","M","R","B",null,"M","?","?","M","M","E","R","$","T","E","M","M","R","M","R","B"],"character_chosen":"THE_SILENT","items_purchased":["ClockworkSouvenir","Catalyst"],"campfire_rested":2,"item_purchase_floors":[12,25],"current_hp_per_floor":[65,65,58,55,72,30,51,51,51,50,50,50,45,37,37,12,62,54,54,54,54,50,27,27,27,27,27,9,16,34,30,30,0],"gold":127,"neow_bonus":"TEN_PERCENT_HP_BONUS","is_prod":false,"is_daily":false,"chose_seed":false,"campfire_upgraded":4,"win_rate":0,"timestamp":1563704265,"path_taken":["M","M","?","M","?","E","R","?","T","E","R","$","M","?","R","BOSS","M","?","?","M","M","E","R","?","T","E","?","M","R","M","R","BOSS"],"build_version":"2019-07-17","purchased_purges":0,"victory":false,"max_hp_per_floor":[72,72,72,72,72,72,72,72,72,79,79,79,79,79,79,79,79,79,55,55,55,55,55,55,55,55,55,55,60,60,60,60,60],"card_choices":[{"not_picked":["Reflex","Deadly Poison"],"picked":"Flying Knee","floor":1},{"not_picked":["Setup","Reflex"],"picked":"Caltrops","floor":2},{"not_picked":["Caltrops","Poisoned Stab"],"picked":"Dagger Spray","floor":4},{"not_picked":["Deflect","Escape Plan"],"picked":"Deadly Poison","floor":6},{"not_picked":["Dodge and Roll","Sucker Punch","Quick Slash"],"picked":"Caltrops","floor":10},{"not_picked":["Blade Dance","Skewer","Quick Slash"],"picked":"A Thousand Cuts","floor":13},{"not_picked":["Dagger Throw","Setup","Terror"],"picked":"Leg Sweep","floor":14},{"not_picked":["A Thousand Cuts","Malaise","Unload"],"picked":"After Image","floor":16},{"not_picked":["Underhanded Strike","Poisoned Stab","Sucker Punch","Flying Knee"],"picked":"SKIP","floor":18},{"not_picked":["Bane+1","Dagger Throw","Poisoned Stab"],"picked":"Bouncing Flask","floor":21},{"not_picked":["Expertise","Masterful Stab","All Out Attack"],"picked":"Heel Hook+1","floor":22},{"not_picked":["Dagger Throw","Corpse Explosion","Heel Hook"],"picked":"After Image","floor":23},{"not_picked":["Poisoned Stab","Dash","Blade Dance"],"picked":"Bouncing Flask","floor":27},{"not_picked":["Dodge and Roll","Dagger Throw","Caltrops"],"picked":"PiercingWail","floor":28},{"not_picked":["Acrobatics","Flying Knee","Slice","Underhanded Strike"],"picked":"SKIP","floor":29},{"not_picked":["Choke+1","Quick Slash","Outmaneuver","Phantasmal Killer"],"picked":"SKIP","floor":31}],"player_experience":748504,"relics_obtained":[{"floor":6,"key":"PreservedInsect"},{"floor":9,"key":"Question Card"},{"floor":10,"key":"Strawberry"},{"floor":23,"key":"Mercury Hourglass"},{"floor":27,"key":"Gremlin Horn"}],"event_choices":[{"cards_removed":["Strike_G"],"damage_healed":0,"gold_gain":0,"player_choice":"Card Removal","damage_taken":7,"max_hp_gain":0,"max_hp_loss":0,"event_name":"Golden Wing","floor":3,"gold_loss":0},{"damage_healed":18,"gold_gain":0,"player_choice":"Healed","damage_taken":0,"max_hp_gain":0,"max_hp_loss":0,"event_name":"The Cleric","floor":5,"gold_loss":35},{"damage_healed":0,"gold_gain":0,"player_choice":"Grow","damage_taken":0,"max_hp_gain":0,"max_hp_loss":0,"event_name":"Living Wall","floor":8,"gold_loss":0,"cards_upgraded":["Deadly Poison"]},{"damage_healed":0,"gold_gain":0,"player_choice":"Became a vampire","damage_taken":0,"max_hp_gain":0,"max_hp_loss":24,"event_name":"Vampires","floor":19,"gold_loss":0,"cards_obtained":["Bite","Bite","Bite","Bite","Bite"]},{"cards_removed":["Bite"],"damage_healed":0,"gold_gain":0,"player_choice":"Gave Gold","damage_taken":0,"max_hp_gain":0,"max_hp_loss":0,"event_name":"Beggar","floor":20,"gold_loss":75}],"is_beta":false,"boss_relics":[{"not_picked":["Ring of the Serpent","Runic Dome"],"picked":"Cursed Key"}],"items_purged_floors":[],"is_endless":false,"potions_floor_spawned":[4,6,13,14,16,21,23,27,28,29],"killed_by":"Automaton","ascension_level":20}