{"gold_per_floor":[116,116,126,126,51,78,78,78,105,105,118,134,134,167,167,167],"floor_reached":16,"playtime":266,"items_purged":["Strike_G"],"score":266,"play_id":"fdde327b-8f44-4ae0-b882-62830d3e91fc","local_time":"20190407085559","is_ascension_mode":true,"campfire_choices":[{"data":"Poisoned Stab","floor":8,"key":"SMITH"},{"data":"Neutralize","floor":10,"key":"SMITH"},{"data":"Deadly Poison","floor":13,"key":"SMITH"},{"data":"Well Laid Plans","floor":15,"key":"SMITH"}],"neow_cost":"NONE","seed_source_timestamp":13765906580581,"circlet_count":0,"master_deck":["AscendersBane","Defend_G","Defend_G","Defend_G","Defend_G","Defend_G","Strike_G","Strike_G","Strike_G","Survivor","Neutralize+1","Poisoned Stab+1","Dash","Deadly Poison+1","Well Laid Plans+1"],"relics":["Ring of the Snake","NeowsBlessing","Blood Vial","Gremlin Horn","Pen Nib","Molten Egg 2"],"potions_floor_usage":[16],"damage_taken":[{"damage":0,"enemies":"Small Slimes","floor":1,"turns":1},{"damage":0,"enemies":"Jaw Worm","floor":3,"turns":1},{"damage":0,"enemies":"Lagavulin","floor":6,"turns":1},{"damage":0,"enemies":"Cultist","floor":11,"turns":3},{"damage":0,"enemies":"Large Slime","floor":12,"turns":5},{"damage":26,"enemies":"3 Sentries","floor":14,"turns":11},{"damage":0,"enemies":"The Guardian","floor":16,"turns":2}],"seed_played":"4262157326701464531","potions_obtained":[{"floor":3,"key":"SmokeBomb"},{"floor":7,"key":"PowerPotion"},{"floor":7,"key":"Strength Potion"}],"is_trial":false,"path_per_floor":["M","?","M","?","$","E","?","R","T","R","M","M","R","E","R","B"],"character_chosen":"THE_SILENT","items_purchased":[],"campfire_rested":0,"item_purchase_floors":[],"current_hp_per_floor":[59,52,52,41,41,43,43,43,43,43,45,47,47,23,23,25],"gold":167,"neow_bonus":"THREE_ENEMY_KILL","is_prod":false,"is_daily":false,"chose_seed":false,"campfire_upgraded":4,"win_rate":0,"timestamp":1554598559,"path_taken":["M","?","M","?","$","E","?","R","T","R","?","M","R","E","R","BOSS"],"build_version":"2019-01-23","purchased_purges":1,"victory":false,"max_hp_per_floor":[66,66,66,66,66,66,66,66,66,66,66,66,66,66,66,66],"card_choices":[{"not_picked":["Flying Knee","Bane","PiercingWail"],"picked":"SKIP","floor":1},{"not_picked":["Deflect","Eviscerate"],"picked":"Poisoned Stab","floor":3},{"not_picked":["PiercingWail","Bane"],"picked":"Dash","floor":6},{"not_picked":["Backflip","All Out Attack"],"picked":"Deadly Poison","floor":11},{"not_picked":["Bane","Infinite Blades"],"picked":"Well Laid Plans","floor":12},{"not_picked":["Dash","Outmaneuver","Deadly Poison"],"picked":"SKIP","floor":14}],"player_experience":4113499,"relics_obtained":[{"floor":6,"key":"Gremlin Horn"},{"floor":9,"key":"Pen Nib"},{"floor":14,"key":"Molten Egg 2"}],"event_choices":[{"cards_removed":["Strike_G"],"damage_healed":0,"gold_gain":0,"player_choice":"Card Removal","damage_taken":7,"max_hp_gain":0,"max_hp_loss":0,"event_name":"Golden Wing","floor":2,"gold_loss":0},{"damage_healed":0,"gold_gain":0,"player_choice":"Success","damage_taken":11,"relics_obtained":["Blood Vial"],"max_hp_gain":0,"max_hp_loss":0,"event_name":"Scrap Ooze","floor":4,"gold_loss":0},{"damage_healed":0,"gold_gain":0,"player_choice":"Got Potions","damage_taken":0,"max_hp_gain":0,"max_hp_loss":0,"event_name":"Lab","floor":7,"gold_loss":0}],"is_beta":false,"boss_relics":[],"items_purged_floors":[5],"is_endless":false,"potions_floor_spawned":[3,11],"killed_by":"The Guardian","ascension_level":20}