{"gold_per_floor":[114,39,56,56,131,131,13,13,13,26,26,26,26,26,26,26],"floor_reached":16,"playtime":292,"items_purged":["Strike_B"],"score":172,"play_id":"ef4a46d8-ddf4-4d6e-ac62-951fb7c482b1","local_time":"20190118211744","is_ascension_mode":true,"campfire_choices":[{"data":"Dualcast","floor":6.0,"key":"SMITH"},{"data":"Defragment","floor":8.0,"key":"SMITH"},{"data":"Coolheaded","floor":11.0,"key":"SMITH"},{"data":"Recycle","floor":15.0,"key":"SMITH"}],"neow_cost":"PERCENT_DAMAGE","seed_source_timestamp":33665245979465,"circlet_count":0,"master_deck":["AscendersBane","Strike_B","Strike_B","Defend_B","Defend_B","Defend_B","Defend_B","Zap","Dualcast+1","Melter","Coolheaded+1","Defragment+1","Recycle+1","Double Energy"],"special_seed":0,"relics":["Cracked Core","Ice Cream","Bird Faced Urn","Golden Idol"],"potions_floor_usage":[16],"damage_taken":[{"damage":1.0,"enemies":"Cultist","floor":1.0,"turns":4.0},{"damage":4.0,"enemies":"Jaw Worm","floor":3.0,"turns":4.0},{"damage":0.0,"enemies":"Small Slimes","floor":10.0,"turns":2.0},{"damage":31,"enemies":"Slime Boss","floor":16,"turns":9}],"seed_played":"-365779074616176945","potions_obtained":[{"floor":1.0,"key":"Dexterity Potion"}],"is_trial":false,"path_per_floor":["M","$","M","$","?","R","$","R","T","M","R","?","?","?","R","B"],"character_chosen":"DEFECT","items_purchased":["Defragment","Recycle"],"campfire_rested":0,"item_purchase_floors":[7,7],"current_hp_per_floor":[45,45,41,41,30,30,30,30,30,32,32,32,32,32,32,3],"gold":26,"neow_bonus":"ONE_RARE_RELIC","is_prod":false,"is_daily":false,"chose_seed":false,"campfire_upgraded":4,"win_rate":0,"timestamp":1547817464,"path_taken":["M","$","M","$","?","R","$","R","T","M","R","?","?","?","R","BOSS"],"build_version":"2019-01-17","purchased_purges":1,"victory":false,"max_hp_per_floor":[71,71,71,71,71,71,71,71,71,71,71,71,71,64,64,64],"card_choices":[{"not_picked":["Conserve Battery","Hello World"],"picked":"Melter","floor":1.0},{"not_picked":["Leap","Reinforced Body"],"picked":"Coolheaded","floor":3.0},{"not_picked":["Ball Lightning","Steam"],"picked":"Double Energy","floor":10.0}],"player_experience":2014080,"relics_obtained":[{"floor":9.0,"key":"Bird Faced Urn"}],"event_choices":[{"damage_healed":0.0,"max_hp_gain":0.0,"max_hp_loss":0.0,"gold_gain":75.0,"event_name":"World of Goop","player_choice":"Gather Gold","floor":5.0,"gold_loss":0.0,"damage_taken":11.0},{"cards_removed":["Strike_B"],"damage_healed":0.0,"max_hp_gain":0.0,"max_hp_loss":0.0,"gold_gain":0.0,"event_name":"Living Wall","player_choice":"Forget","floor":12.0,"gold_loss":0.0,"damage_taken":0.0},{"damage_healed":0.0,"max_hp_gain":0.0,"max_hp_loss":0.0,"gold_gain":0.0,"event_name":"Scrap Ooze","player_choice":"Fled","floor":13.0,"gold_loss":0.0,"damage_taken":0.0},{"damage_healed":0.0,"max_hp_gain":0.0,"max_hp_loss":7.0,"gold_gain":0.0,"event_name":"Golden Idol","player_choice":"Lose Max HP","floor":14.0,"gold_loss":0.0,"damage_taken":0.0,"relics_obtained":["Golden Idol"]}],"is_beta":false,"boss_relics":[],"items_purged_floors":[2],"is_endless":false,"potions_floor_spawned":[1],"killed_by":"Slime Boss","ascension_level":20}