{"gold_per_floor":[118,118,118,118,138,138,138,138,138,138,138,138,138,138,138,234,234,248,266,286,286,0,0],"floor_reached":23,"playtime":345,"items_purged":["Streamline"],"score":450,"play_id":"d48d490d-a27c-4910-98f0-87801044c847","local_time":"20190310014559","is_ascension_mode":true,"campfire_choices":[{"data":"Zap","floor":6.0,"key":"SMITH"},{"data":"Dualcast","floor":10.0,"key":"SMITH"},{"data":"Sunder","floor":12.0,"key":"SMITH"},{"data":"Hologram","floor":15.0,"key":"SMITH"}],"neow_cost":"NONE","seed_source_timestamp":0,"circlet_count":0,"master_deck":["AscendersBane","Zap+1","Dualcast+1","Consume","Sunder+1","Hologram+1","Seek","Tempest","Loop","Skim","Turbo","Turbo","Steam Power","Hologram","Hologram"],"special_seed":0,"relics":["Cracked Core","NeowsBlessing","Golden Idol","Pandora\u0027s Box","Medical Kit"],"potions_floor_usage":[18,20],"damage_taken":[{"damage":0.0,"enemies":"Cultist","floor":1.0,"turns":1.0},{"damage":0.0,"enemies":"2 Louse","floor":5.0,"turns":1.0},{"damage":0.0,"enemies":"The Guardian","floor":16.0,"turns":1.0},{"damage":7,"enemies":"3 Byrds","floor":18,"turns":2},{"damage":0,"enemies":"Chosen","floor":19,"turns":3},{"damage":27,"enemies":"Snake Plant","floor":20,"turns":3},{"damage":14,"enemies":"Centurion and Healer","floor":23,"turns":3}],"seed_played":"-5459438831790487675","potions_obtained":[{"floor":1.0,"key":"Weak Potion"},{"floor":19,"key":"Block Potion"}],"is_trial":false,"path_per_floor":["M","$","?","?","M","R","?","$","T","R","$","R","?","$","R","B",null,"M","M","M","?","$","M"],"character_chosen":"DEFECT","items_purchased":["Medical Kit"],"campfire_rested":0,"item_purchase_floors":[22],"current_hp_per_floor":[64,64,43,43,43,43,43,43,43,43,43,43,43,43,43,43,59,52,52,25,25,25,11],"gold":0,"neow_bonus":"THREE_ENEMY_KILL","is_prod":false,"is_daily":false,"chose_seed":true,"campfire_upgraded":4,"win_rate":0,"timestamp":1552153559,"path_taken":["M","?","?","?","?","R","?","$","T","R","$","R","?","?","R","BOSS","M","?","M","?","$","M"],"build_version":"2019-01-23","purchased_purges":1,"victory":false,"max_hp_per_floor":[71,71,71,64,64,64,64,64,64,64,64,64,64,64,64,64,64,64,64,64,64,64,64],"card_choices":[{"not_picked":["Steam","Go for the Eyes"],"picked":"Consume","floor":1.0},{"not_picked":["Compile Driver","Turbo"],"picked":"Sunder","floor":5.0},{"not_picked":["Biased Cognition","Amplify"],"picked":"Seek","floor":16.0},{"not_picked":["Stack","Rebound"],"picked":"Hologram","floor":18},{"not_picked":["Doom and Gloom","Gash"],"picked":"Hologram","floor":19},{"not_picked":["Stack","Rebound","Gash"],"picked":"SKIP","floor":20}],"player_experience":1175193,"relics_obtained":[],"event_choices":[{"damage_healed":0.0,"max_hp_gain":0.0,"max_hp_loss":0.0,"gold_gain":0.0,"event_name":"Shining Light","player_choice":"Entered Light","floor":3.0,"gold_loss":0.0,"damage_taken":21.0,"cards_upgraded":["Defend_B","Defend_B"]},{"damage_healed":0.0,"max_hp_gain":0.0,"max_hp_loss":7.0,"gold_gain":0.0,"event_name":"Golden Idol","player_choice":"Lose Max HP","floor":4.0,"gold_loss":0.0,"damage_taken":0.0,"relics_obtained":["Golden Idol"]},{"damage_healed":0.0,"max_hp_gain":0.0,"max_hp_loss":0.0,"gold_gain":0.0,"event_name":"Dead Adventurer","player_choice":"Searched \u00270\u0027 times","floor":7.0,"gold_loss":0.0,"damage_taken":0.0},{"damage_healed":0.0,"max_hp_gain":0.0,"max_hp_loss":0.0,"gold_gain":0.0,"cards_transformed":["Strike_B"],"event_name":"Living Wall","player_choice":"Change","floor":13.0,"gold_loss":0.0,"damage_taken":0.0,"cards_obtained":["Hologram"]},{"damage_healed":0,"gold_gain":0,"player_choice":"Ignored","damage_taken":0,"max_hp_gain":0,"max_hp_loss":0,"event_name":"The Mausoleum","floor":21,"gold_loss":0}],"is_beta":false,"boss_relics":[{"not_picked":["Runic Pyramid","Busted Crown"],"picked":"Pandora\u0027s Box"}],"items_purged_floors":[22],"is_endless":false,"potions_floor_spawned":[1,19],"killed_by":"Centurion and Healer","ascension_level":20}