{"gold_per_floor":[16,36,8,24,44,44,78,78,78,92,119,119,119,119,119,197,197,207,232,245,263,36,36,54,54,130,146,146,12,12,29,29,105,105,115,134,154,154,54,54,68,68,68,99,99,116,116,136,136,136,136,136,136,11,42,42],"floor_reached":57,"playtime":3879,"items_purged":["Strike_B","Strike_B","Defend_B"],"score":2688,"play_id":"f0add371-13f2-41d1-b0eb-e566f9779e52","local_time":"20190225160151","is_ascension_mode":true,"campfire_choices":[{"data":"Consume","floor":6.0,"key":"SMITH"},{"data":"Zap","floor":8.0,"key":"SMITH"},{"data":"Double Energy","floor":15.0,"key":"SMITH"},{"floor":23.0,"key":"REST"},{"data":"Turbo","floor":28.0,"key":"SMITH"},{"data":"Skim","floor":30.0,"key":"SMITH"},{"data":"Coolheaded","floor":32.0,"key":"SMITH"},{"data":"Turbo","floor":40.0,"key":"SMITH"},{"data":"Blizzard","floor":42.0,"key":"SMITH"},{"data":"Loop","floor":47.0,"key":"SMITH"},{"floor":49.0,"key":"RECALL"},{"data":"Impatience","floor":53.0,"key":"SMITH"}],"neow_cost":"NO_GOLD","seed_source_timestamp":0,"circlet_count":0,"master_deck":["AscendersBane","Defend_B","Defend_B","Defend_B","Zap+1","Dualcast","Skim+1","Skim","Ball Lightning","Consume+1","Go for the Eyes","Double Energy+1","Cold Snap","Turbo+1","Core Surge","BootSequence","Leap+1","Coolheaded+1","Compile Driver","Hologram+1","Impatience+1","Stack","Turbo+1","Hologram","Loop+1","All For One","Self Repair+1","Blizzard+1","Hologram+1","Coolheaded+1"],"special_seed":0,"relics":["Cracked Core","Oddly Smooth Stone","Gremlin Horn","FossilizedHelix","Inserter","Red Mask","Symbiotic Virus","Runic Pyramid","Blood Vial","Du-Vu Doll"],"potions_floor_usage":[56,56],"damage_taken":[{"damage":1.0,"enemies":"Cultist","floor":1.0,"turns":4.0},{"damage":1.0,"enemies":"2 Louse","floor":2.0,"turns":3.0},{"damage":0.0,"enemies":"Small Slimes","floor":4.0,"turns":3.0},{"damage":12.0,"enemies":"Looter","floor":5.0,"turns":3.0},{"damage":20.0,"enemies":"Lagavulin","floor":7.0,"turns":6.0},{"damage":7.0,"enemies":"Exordium Wildlife","floor":10.0,"turns":3.0},{"damage":12.0,"enemies":"3 Sentries","floor":11.0,"turns":8.0},{"damage":18.0,"enemies":"Slime Boss","floor":16.0,"turns":8.0},{"damage":0.0,"enemies":"Spheric Guardian","floor":18.0,"turns":4.0},{"damage":46.0,"enemies":"Masked Bandits","floor":19.0,"turns":4.0},{"damage":0.0,"enemies":"2 Thieves","floor":20.0,"turns":4.0},{"damage":0.0,"enemies":"Snecko","floor":21.0,"turns":7.0},{"damage":0.0,"enemies":"Centurion and Healer","floor":24.0,"turns":8.0},{"damage":0.0,"enemies":"Chosen and Byrds","floor":27.0,"turns":6.0},{"damage":9.0,"enemies":"Snecko","floor":31.0,"turns":6.0},{"damage":0.0,"enemies":"Collector","floor":33.0,"turns":12.0},{"damage":0.0,"enemies":"3 Shapes","floor":35.0,"turns":4.0},{"damage":0.0,"enemies":"3 Darklings","floor":36.0,"turns":9.0},{"damage":35.0,"enemies":"Jaw Worm Horde","floor":37.0,"turns":5.0},{"damage":0.0,"enemies":"Sphere and 2 Shapes","floor":41.0,"turns":4.0},{"damage":0.0,"enemies":"Nemesis","floor":44.0,"turns":9.0},{"damage":0.0,"enemies":"Writhing Mass","floor":46.0,"turns":9.0},{"damage":0.0,"enemies":"Transient","floor":48.0,"turns":6.0},{"damage":8.0,"enemies":"Awakened One","floor":50.0,"turns":16.0},{"damage":25.0,"enemies":"Donu and Deca","floor":51.0,"turns":12.0},{"damage":12.0,"enemies":"Shield and Spear","floor":55.0,"turns":8.0},{"damage":61,"enemies":"The Heart","floor":56,"turns":14}],"seed_played":"-7097903589945719603","potions_obtained":[{"floor":2.0,"key":"SneckoOil"},{"floor":4.0,"key":"Poison Potion"},{"floor":11.0,"key":"GamblersBrew"},{"floor":18.0,"key":"Energy Potion"},{"floor":21.0,"key":"Explosive Potion"},{"floor":41.0,"key":"Regen Potion"},{"floor":44.0,"key":"PowerPotion"},{"floor":48.0,"key":"SpeedPotion"}],"is_trial":false,"path_per_floor":["M","M","$","M","M","R","E","R","T","M","E","?","?","?","R","B",null,"M","?","M","M","$","R","M","?","T","M","R","$","R","M","R","B",null,"M","M","M","?","$","R","M","R","T","E","$","M","R","M","R","B","B",null,"R","$","E","B",null],"character_chosen":"DEFECT","items_purchased":["Ball Lightning","Hologram","Impatience","Hologram","Loop"],"campfire_rested":1,"item_purchase_floors":[3,22,22,29,29],"current_hp_per_floor":[63,62,62,62,50,50,30,30,30,23,11,11,28,21,21,3,52,52,6,6,6,6,26,26,26,26,26,26,26,26,17,17,17,55,55,65,40,40,40,40,50,50,50,60,60,68,68,68,68,68,53,64,64,64,64,15],"gold":42,"neow_bonus":"REMOVE_TWO","is_prod":false,"is_daily":false,"chose_seed":false,"campfire_upgraded":10,"win_rate":0,"timestamp":1551081711,"path_taken":["M","?","$","M","M","R","E","R","T","M","E","?","?","?","R","BOSS","M","?","M","M","?","R","M","?","T","M","R","$","R","M","R","BOSS","M","M","?","?","$","R","?","R","T","E","?","M","R","M","R","BOSS","BOSS","R","$","E","BOSS"],"build_version":"2019-01-23","purchased_purges":3,"victory":true,"max_hp_per_floor":[71,71,71,71,71,71,71,71,71,71,71,71,71,68,68,68,68,68,68,68,68,68,68,68,68,68,68,68,68,68,68,68,68,68,68,68,68,68,68,68,68,68,68,68,68,68,68,68,68,68,68,68,68,68,68,68],"card_choices":[{"not_picked":["Cold Snap","Conserve Battery"],"picked":"Skim","floor":1.0},{"not_picked":["Fusion","Steam"],"picked":"Skim","floor":2.0},{"not_picked":["Streamline","Compile Driver"],"picked":"Consume","floor":4.0},{"not_picked":["Barrage","Beam Cell"],"picked":"Go for the Eyes","floor":5.0},{"not_picked":["Fission","Aggregate"],"picked":"Double Energy","floor":7.0},{"not_picked":["Storm","Sunder"],"picked":"Cold Snap","floor":10.0},{"not_picked":["Force Field","Hologram"],"picked":"Turbo","floor":11.0},{"not_picked":["Rainbow","Thunder Strike"],"picked":"Core Surge","floor":16.0},{"not_picked":["Steam","Beam Cell"],"picked":"BootSequence","floor":18.0},{"not_picked":["Sweeping Beam","Sunder"],"picked":"Leap+1","floor":19.0},{"not_picked":["Self Repair","Barrage"],"picked":"Coolheaded","floor":20.0},{"not_picked":["Defragment","Go for the Eyes+1"],"picked":"Compile Driver","floor":21.0},{"not_picked":["Redo","Barrage"],"picked":"Stack","floor":24.0},{"not_picked":["Fission","Go for the Eyes"],"picked":"Turbo","floor":27.0},{"not_picked":["Conserve Battery","Auto Shields","Barrage"],"picked":"SKIP","floor":31.0},{"not_picked":["Reboot","Core Surge"],"picked":"All For One","floor":33.0},{"not_picked":["Turbo","Ball Lightning+1"],"picked":"Self Repair+1","floor":35.0},{"not_picked":["Coolheaded","Compile Driver+1"],"picked":"Blizzard","floor":36.0},{"not_picked":["Ball Lightning","Redo"],"picked":"Hologram+1","floor":37.0},{"not_picked":["Gash","Amplify","Sweeping Beam+1"],"picked":"SKIP","floor":41.0},{"not_picked":["Blizzard+1","Redo"],"picked":"Coolheaded+1","floor":44.0},{"not_picked":["White Noise","Conserve Battery+1","Turbo"],"picked":"SKIP","floor":46.0},{"not_picked":["All For One","Tempest","Leap+1"],"picked":"SKIP","floor":48.0},{"not_picked":["All For One","Tempest","Leap+1"],"picked":"SKIP","floor":48.0},{"not_picked":["Core Surge","Chill","Redo"],"picked":"SKIP","floor":55.0}],"player_experience":992993,"relics_obtained":[{"floor":7.0,"key":"Oddly Smooth Stone"},{"floor":9.0,"key":"Gremlin Horn"},{"floor":11.0,"key":"FossilizedHelix"},{"floor":19.0,"key":"Red Mask"},{"floor":26.0,"key":"Symbiotic Virus"},{"floor":44.0,"key":"Blood Vial"},{"floor":55.0,"key":"Du-Vu Doll"}],"event_choices":[{"damage_healed":0.0,"max_hp_gain":0.0,"max_hp_loss":0.0,"gold_gain":0.0,"event_name":"Shining Light","player_choice":"Ignored","floor":12.0,"gold_loss":0.0,"damage_taken":0.0},{"damage_healed":17.0,"max_hp_gain":0.0,"max_hp_loss":0.0,"gold_gain":0.0,"event_name":"Mushrooms","player_choice":"Healed and dodged fight","floor":13.0,"gold_loss":0.0,"damage_taken":0.0,"cards_obtained":["Parasite"]},{"cards_removed":["Parasite"],"damage_healed":0.0,"max_hp_gain":0.0,"max_hp_loss":0.0,"gold_gain":0.0,"event_name":"Golden Wing","player_choice":"Card Removal","floor":14.0,"gold_loss":0.0,"damage_taken":7.0},{"damage_healed":0.0,"max_hp_gain":0.0,"max_hp_loss":0.0,"gold_gain":0.0,"event_name":"Masked Bandits","player_choice":"Fought Bandits","floor":19.0,"gold_loss":0.0,"damage_taken":0.0},{"damage_healed":0.0,"max_hp_gain":0.0,"max_hp_loss":0.0,"gold_gain":0.0,"event_name":"Upgrade Shrine","player_choice":"Upgraded","floor":25.0,"gold_loss":0.0,"damage_taken":0.0,"cards_upgraded":["Hologram"]},{"damage_healed":0.0,"max_hp_gain":0.0,"max_hp_loss":0.0,"gold_gain":0.0,"event_name":"WeMeetAgain","player_choice":"Ignored","floor":38.0,"gold_loss":0.0,"damage_taken":0.0}],"is_beta":false,"boss_relics":[{"not_picked":["Runic Dome","Cursed Key"],"picked":"Inserter"},{"not_picked":["Velvet Choker","Nuclear Battery"],"picked":"Runic Pyramid"}],"items_purged_floors":[22,39,54],"is_endless":false,"potions_floor_spawned":[2,4,5,11,18,21,24,41,44,48],"ascension_level":20}