{"gold_per_floor":[113,113,38,51,201,229,229,229,253,111,146,162,162,62,62,62],"floor_reached":16,"playtime":197,"items_purged":["Strike_G","Doubt","Strike_G"],"score":236,"play_id":"c53d69ae-1b06-4ddb-8b58-f1537983c879","local_time":"20190201024931","is_ascension_mode":true,"campfire_choices":[{"data":"Neutralize","floor":7,"key":"SMITH"},{"floor":15,"key":"REST"}],"neow_cost":"NONE","seed_source_timestamp":3788789305260,"circlet_count":0,"master_deck":["AscendersBane","Defend_G","Defend_G","Defend_G","Defend_G","Defend_G","Strike_G","Survivor","Neutralize+1","Footwork","Accuracy","Noxious Fumes"],"relics":["Ring of the Snake","NeowsBlessing","The Courier","Strawberry","Bottled Lightning"],"potions_floor_usage":[],"damage_taken":[{"damage":0,"enemies":"Small Slimes","floor":1,"turns":1},{"damage":0,"enemies":"2 Louse","floor":4,"turns":1},{"damage":0,"enemies":"Lagavulin","floor":6,"turns":1},{"damage":22,"enemies":"3 Sentries","floor":11,"turns":10},{"damage":0,"enemies":"Cultist","floor":12,"turns":5},{"damage":0,"enemies":"Slime Boss","floor":16,"turns":1}],"seed_played":"-1189467551143003205","potions_obtained":[{"floor":6,"key":"SteroidPotion"},{"floor":11,"key":"Swift Potion"}],"is_trial":false,"path_per_floor":["M","?","$","M","?","E","R","?","T","$","E","M","?","$","R","B"],"character_chosen":"THE_SILENT","items_purchased":["Noxious Fumes"],"campfire_rested":1,"item_purchase_floors":[10],"current_hp_per_floor":[59,52,52,52,52,52,52,52,59,59,37,37,42,42,65,65],"gold":62,"neow_bonus":"THREE_ENEMY_KILL","is_prod":false,"is_daily":false,"chose_seed":false,"campfire_upgraded":1,"win_rate":0,"timestamp":1548960571,"path_taken":["M","?","$","M","?","E","R","?","T","$","E","?","?","?","R","BOSS"],"build_version":"2019-01-23","purchased_purges":3,"victory":false,"max_hp_per_floor":[66,66,66,66,66,66,66,66,73,73,73,73,78,78,78,78],"card_choices":[{"not_picked":["Underhanded Strike","Slice","Crippling Poison"],"picked":"SKIP","floor":1},{"not_picked":["Sucker Punch","Quick Slash"],"picked":"Footwork","floor":4},{"not_picked":["Flechettes","Eviscerate","PiercingWail"],"picked":"SKIP","floor":6},{"not_picked":["Dagger Spray","Phantasmal Killer","Dodge and Roll"],"picked":"SKIP","floor":11},{"not_picked":["Skewer","Underhanded Strike","Flechettes"],"picked":"SKIP","floor":12}],"player_experience":2434975,"relics_obtained":[{"floor":6,"key":"The Courier"},{"floor":9,"key":"Strawberry"},{"floor":11,"key":"Bottled Lightning"}],"event_choices":[{"cards_removed":["Strike_G"],"damage_healed":0,"gold_gain":0,"player_choice":"Card Removal","damage_taken":7,"max_hp_gain":0,"max_hp_loss":0,"event_name":"Golden Wing","floor":2,"gold_loss":0},{"damage_healed":0,"gold_gain":150,"player_choice":"AGREE","damage_taken":0,"max_hp_gain":0,"max_hp_loss":0,"event_name":"Liars Game","floor":5,"gold_loss":0,"cards_obtained":["Doubt"]},{"damage_healed":0,"gold_gain":0,"cards_transformed":["Strike_G"],"player_choice":"Transformed","damage_taken":0,"max_hp_gain":0,"max_hp_loss":0,"event_name":"Transmorgrifier","floor":8,"gold_loss":0,"cards_obtained":["Accuracy"]},{"damage_healed":0,"gold_gain":0,"player_choice":"Donut","damage_taken":0,"max_hp_gain":5,"max_hp_loss":0,"event_name":"Big Fish","floor":13,"gold_loss":0}],"is_beta":false,"boss_relics":[],"items_purged_floors":[3,10,14],"is_endless":false,"potions_floor_spawned":[6,11,12],"killed_by":"Slime Boss","ascension_level":16}