{"gold_per_floor":[112,112,124,49,49,113,113,113],"floor_reached":8,"playtime":189,"items_purged":["Defend_R"],"score":108,"play_id":"67b397cc-2e34-43d4-9fde-03883d650070","local_time":"20181115210452","is_ascension_mode":true,"campfire_choices":[{"data":"Perfected Strike","floor":7,"key":"SMITH"}],"neow_cost":"NONE","seed_source_timestamp":1332872030408236,"circlet_count":0,"master_deck":["AscendersBane","Strike_R","Strike_R","Strike_R","Strike_R","Strike_R","Defend_R","Defend_R","Defend_R","Bash","Perfected Strike+1","Dual Wield","True Grit","Rage","Shrug It Off","Shockwave","Twin Strike"],"relics":["Orrery","SsserpentHead","Tiny Chest"],"potions_floor_usage":[],"damage_taken":[{"damage":8,"enemies":"2 Louse","floor":1,"turns":3},{"damage":1,"enemies":"Cultist","floor":3,"turns":4},{"damage":50,"enemies":"Gremlin Nob","floor":6,"turns":5},{"damage":5,"enemies":"Small Slimes","floor":8,"turns":2}],"seed_played":"-4359590173886914315","potions_obtained":[{"floor":2,"key":"LiquidBronze"},{"floor":2,"key":"Weak Potion"}],"is_trial":false,"path_per_floor":["M","?","M","$","?","E","R","M"],"character_chosen":"IRONCLAD","items_purchased":[],"campfire_rested":0,"item_purchase_floors":[],"current_hp_per_floor":[60,60,59,59,59,9,9,4],"gold":113,"neow_bonus":"BOSS_RELIC","is_prod":false,"is_daily":false,"chose_seed":false,"campfire_upgraded":1,"win_rate":0,"timestamp":1542287092,"path_taken":["M","?","?","$","?","E","R","M"],"build_version":"2018-11-14","purchased_purges":1,"victory":false,"max_hp_per_floor":[75,75,75,75,75,75,75,75],"card_choices":[{"not_picked":["Clash","Shockwave"],"picked":"Perfected Strike","floor":0},{"not_picked":["Iron Wave","Sword Boomerang"],"picked":"Dual Wield","floor":0},{"not_picked":["Combust","Headbutt"],"picked":"True Grit","floor":0},{"not_picked":["Shrug It Off","True Grit"],"picked":"Rage","floor":0},{"not_picked":["Wild Strike","Clash"],"picked":"Shrug It Off","floor":0},{"not_picked":["Demon Form","Wild Strike"],"picked":"Shockwave","floor":1},{"not_picked":["Armaments","Flex","Seeing Red"],"picked":"SKIP","floor":3},{"not_picked":["Power Through","Flex"],"picked":"Twin Strike","floor":6}],"player_experience":493443,"relics_obtained":[{"floor":6,"key":"Tiny Chest"}],"event_choices":[{"damage_healed":0,"gold_gain":0,"player_choice":"Got Potions","damage_taken":0,"max_hp_gain":0,"max_hp_loss":0,"event_name":"Lab","floor":2,"gold_loss":0},{"damage_healed":0,"gold_gain":0,"player_choice":"Trade","damage_taken":0,"relics_obtained":["SsserpentHead"],"max_hp_gain":0,"max_hp_loss":0,"event_name":"FaceTrader","floor":5,"gold_loss":0}],"is_beta":true,"boss_relics":[],"items_purged_floors":[4],"is_endless":false,"potions_floor_spawned":[3,6],"killed_by":"Small Slimes","ascension_level":20}