{"gold_per_floor":[111,122,72,72,86,86,99,99,99,24,45,45,45,2,2,2],"floor_reached":16,"playtime":227,"items_purged":["Strike_G"],"score":162,"play_id":"525b3672-f3d2-458c-8c83-b86c61629795","local_time":"20190201025352","is_ascension_mode":true,"campfire_choices":[{"data":"Crippling Poison","floor":6,"key":"SMITH"},{"data":"Neutralize","floor":13,"key":"SMITH"},{"floor":15,"key":"REST"}],"neow_cost":"NONE","seed_source_timestamp":4020901469957,"circlet_count":0,"master_deck":["AscendersBane","Defend_G","Defend_G","Defend_G","Defend_G","Defend_G","Strike_G","Strike_G","Strike_G","Survivor","Neutralize+1","Backstab","Crippling Poison+1","Well Laid Plans+1","Caltrops+1","Flechettes+1"],"relics":["Ring of the Snake","Smiling Mask","Golden Idol","Frozen Egg 2","Molten Egg 2"],"potions_floor_usage":[16],"damage_taken":[{"damage":4,"enemies":"Small Slimes","floor":1,"turns":4},{"damage":0,"enemies":"2 Louse","floor":2,"turns":4},{"damage":3,"enemies":"Jaw Worm","floor":5,"turns":6},{"damage":10,"enemies":"Gremlin Gang","floor":7,"turns":4},{"damage":0,"enemies":"Red Slaver","floor":11,"turns":4},{"damage":20,"enemies":"Slime Boss","floor":16,"turns":4}],"seed_played":"-6596776747648368203","potions_obtained":[{"floor":7,"key":"PowerPotion"},{"floor":11,"key":"Explosive Potion"}],"is_trial":false,"path_per_floor":["M","M","$","?","M","R","M","?","T","$","M","?","R","$","R","B"],"character_chosen":"THE_SILENT","items_purchased":["Well Laid Plans+1","Flechettes+1"],"campfire_rested":1,"item_purchase_floors":[10,14],"current_hp_per_floor":[55,55,55,55,52,52,42,35,35,35,35,9,9,9,27,7],"gold":2,"neow_bonus":"RANDOM_COMMON_RELIC","is_prod":false,"is_daily":false,"chose_seed":false,"campfire_upgraded":2,"win_rate":0,"timestamp":1548960832,"path_taken":["M","M","$","?","M","R","M","?","T","$","M","?","R","?","R","BOSS"],"build_version":"2019-01-23","purchased_purges":1,"victory":false,"max_hp_per_floor":[66,66,66,60,60,60,60,60,60,60,60,60,60,60,60,60],"card_choices":[{"not_picked":["Blade Dance","Crippling Poison","Sucker Punch"],"picked":"SKIP","floor":1},{"not_picked":["Dodge and Roll","Underhanded Strike"],"picked":"Backstab","floor":2},{"not_picked":["Dash","Acrobatics"],"picked":"Crippling Poison","floor":5},{"not_picked":["Blade Dance","Eviscerate","Prepared"],"picked":"SKIP","floor":7},{"not_picked":["Expertise","Underhanded Strike"],"picked":"Caltrops+1","floor":11}],"player_experience":2435172,"relics_obtained":[{"floor":9,"key":"Frozen Egg 2"}],"event_choices":[{"damage_healed":0,"gold_gain":0,"player_choice":"Lose Max HP","damage_taken":0,"relics_obtained":["Golden Idol"],"max_hp_gain":0,"max_hp_loss":6,"event_name":"Golden Idol","floor":4,"gold_loss":0},{"cards_removed":["Strike_G"],"damage_healed":0,"gold_gain":0,"player_choice":"Card Removal","damage_taken":7,"max_hp_gain":0,"max_hp_loss":0,"event_name":"Golden Wing","floor":8,"gold_loss":0},{"damage_healed":0,"gold_gain":0,"player_choice":"Success","damage_taken":26,"relics_obtained":["Molten Egg 2"],"max_hp_gain":0,"max_hp_loss":0,"event_name":"Scrap Ooze","floor":12,"gold_loss":0}],"is_beta":false,"boss_relics":[],"items_purged_floors":[3],"is_endless":false,"potions_floor_spawned":[7,11],"killed_by":"Slime Boss","ascension_level":16}