{"gold_per_floor":[114,130,80,90,90,90,107,123,123,123,123,139,64,64,64,160,160,175,75,174,174,49,49,83,94,143,143,143,160,160,172,172,172],"floor_reached":33,"playtime":946,"items_purged":["Strike_R","Strike_R","Bash"],"score":280,"play_id":"60fb2250-21ab-4a99-accf-85bef8c301d8","local_time":"20190713130317","is_ascension_mode":false,"campfire_choices":[{"data":"Whirlwind","floor":6.0,"key":"SMITH"},{"data":"Second Wind","floor":11.0,"key":"SMITH"},{"data":"Inflame","floor":15.0,"key":"SMITH"},{"data":"Body Slam","floor":23.0,"key":"SMITH"},{"data":"Power Through","floor":27.0,"key":"SMITH"},{"floor":30.0,"key":"REST"},{"data":"Limit Break","floor":32.0,"key":"SMITH"}],"neow_cost":"CURSE","seed_source_timestamp":5962896020648,"circlet_count":0,"master_deck":["Strike_R","Strike_R","Strike_R","Defend_R","Defend_R","Defend_R","Defend_R","Whirlwind+1","Second Wind+1","Power Through+1","Clash","Inflame+1","Limit Break+1","Body Slam+1","Writhe","Shrug It Off"],"special_seed":0,"relics":["Burning Blood","Charon\u0027s Ashes","Sundial","CultistMask","Mark of Pain","Darkstone Periapt","Strawberry","Mummified Hand"],"potions_floor_usage":[33,33],"damage_taken":[{"damage":5.0,"enemies":"Jaw Worm","floor":1.0,"turns":5.0},{"damage":10.0,"enemies":"Small Slimes","floor":2.0,"turns":4.0},{"damage":0.0,"enemies":"2 Louse","floor":4.0,"turns":3.0},{"damage":4.0,"enemies":"Gremlin Gang","floor":7.0,"turns":3.0},{"damage":0.0,"enemies":"Exordium Thugs","floor":8.0,"turns":3.0},{"damage":5.0,"enemies":"3 Louse","floor":12.0,"turns":3.0},{"damage":36.0,"enemies":"The Guardian","floor":16.0,"turns":11.0},{"damage":6.0,"enemies":"2 Thieves","floor":18.0,"turns":3.0},{"damage":27.0,"enemies":"Slavers","floor":24.0,"turns":6.0},{"damage":6.0,"enemies":"Spheric Guardian","floor":25.0,"turns":4.0},{"damage":33.0,"enemies":"Shelled Parasite and Fungi","floor":29.0,"turns":6.0},{"damage":0.0,"enemies":"Centurion and Healer","floor":31.0,"turns":7.0},{"damage":123,"enemies":"Automaton","floor":33,"turns":12}],"seed_played":"8985669779933589012","potions_obtained":[{"floor":1.0,"key":"Dexterity Potion"},{"floor":2.0,"key":"Explosive Potion"},{"floor":7.0,"key":"SteroidPotion"},{"floor":31.0,"key":"Regen Potion"}],"is_trial":false,"path_per_floor":["M","M","?","M","?","R","M","M","T","?","R","M","$","$","R","B",null,"M","$","?","?","$","R","E","M","T","R","?","M","R","M","R","B"],"character_chosen":"IRONCLAD","items_purchased":[],"campfire_rested":1,"item_purchase_floors":[],"current_hp_per_floor":[80,76,76,80,85,85,85,85,85,85,85,85,85,85,85,55,85,85,85,85,69,69,69,48,48,55,55,61,34,64,70,70,0],"gold":172,"neow_bonus":"ONE_RARE_RELIC","is_prod":false,"is_daily":false,"chose_seed":false,"campfire_upgraded":6,"win_rate":0,"timestamp":1562994197,"path_taken":["M","M","?","M","?","R","M","M","T","?","R","?","$","?","R","BOSS","M","$","?","?","$","R","E","M","T","R","?","?","R","M","R","BOSS"],"build_version":"2019-07-05","purchased_purges":3,"victory":false,"max_hp_per_floor":[80,80,80,80,85,85,85,85,85,85,85,85,85,85,85,85,85,85,85,85,90,90,90,90,90,97,97,103,103,103,103,103,103],"card_choices":[{"not_picked":["Pummel","Iron Wave","Warcry"],"picked":"SKIP","floor":1.0},{"not_picked":["Clothesline","Shrug It Off"],"picked":"Whirlwind","floor":2.0},{"not_picked":["Burning Pact","Iron Wave"],"picked":"Second Wind","floor":4.0},{"not_picked":["Thunderclap","Pommel Strike"],"picked":"Power Through","floor":7.0},{"not_picked":["Wild Strike","Sword Boomerang"],"picked":"Clash","floor":8.0},{"not_picked":["Iron Wave","Inflame","Havoc"],"picked":"SKIP","floor":12.0},{"not_picked":["Iron Wave","Havoc"],"picked":"Inflame","floor":12.0},{"not_picked":["Demon Form","Berserk"],"picked":"Limit Break","floor":16.0},{"not_picked":["Thunderclap","Ghostly Armor"],"picked":"Body Slam","floor":18.0},{"not_picked":["Headbutt+1","Rupture","Fire Breathing"],"picked":"SKIP","floor":24.0},{"not_picked":["Headbutt","Body Slam+1","Twin Strike+1"],"picked":"SKIP","floor":25.0},{"not_picked":["Anger","Rupture","Perfected Strike"],"picked":"SKIP","floor":29.0},{"not_picked":["Anger","Rupture","Perfected Strike"],"picked":"SKIP","floor":29.0},{"not_picked":["Headbutt","Rupture+1"],"picked":"Shrug It Off","floor":31.0}],"player_experience":5722520,"relics_obtained":[{"floor":9.0,"key":"Sundial"},{"floor":24.0,"key":"Darkstone Periapt"},{"floor":26.0,"key":"Strawberry"}],"event_choices":[{"cards_removed":["Pain"],"damage_healed":0.0,"max_hp_gain":0.0,"max_hp_loss":0.0,"gold_gain":0.0,"event_name":"The Cleric","player_choice":"Card Removal","floor":3.0,"gold_loss":50.0,"damage_taken":0.0},{"damage_healed":0.0,"max_hp_gain":5.0,"max_hp_loss":0.0,"gold_gain":0.0,"event_name":"Big Fish","player_choice":"Donut","floor":5.0,"gold_loss":0.0,"damage_taken":0.0},{"damage_healed":0.0,"max_hp_gain":0.0,"max_hp_loss":0.0,"gold_gain":0.0,"event_name":"FaceTrader","player_choice":"Trade","floor":10.0,"gold_loss":0.0,"damage_taken":0.0,"relics_obtained":["CultistMask"]},{"damage_healed":0.0,"max_hp_gain":0.0,"max_hp_loss":0.0,"gold_gain":99.0,"event_name":"Nest","player_choice":"Stole From Cult","floor":20.0,"gold_loss":0.0,"damage_taken":0.0},{"damage_healed":0.0,"max_hp_gain":5.0,"max_hp_loss":0.0,"gold_gain":0.0,"event_name":"Forgotten Altar","player_choice":"Shed Blood","floor":21.0,"gold_loss":0.0,"damage_taken":21.0},{"damage_healed":0.0,"max_hp_gain":0.0,"max_hp_loss":0.0,"gold_gain":0.0,"event_name":"The Mausoleum","player_choice":"Opened","floor":28.0,"gold_loss":0.0,"damage_taken":0.0,"relics_obtained":["Mummified Hand"],"cards_obtained":["Writhe"]}],"is_beta":false,"boss_relics":[{"not_picked":["Philosopher\u0027s Stone","Black Star"],"picked":"Mark of Pain"}],"items_purged_floors":[13,19,22],"is_endless":false,"potions_floor_spawned":[1,2,7,31],"killed_by":"Automaton","ascension_level":0}