{"gold_per_floor":[114,132,132,143,155,187,187,215,215,250,123,123,136,166,166,240,240,254,304,354,368,83,111,26,56,56,75,110,124,124,158,158,229,229,241,252,252,297,316,316,351,365,365,391,411,511,28,39,39,39,39,39,39,39,65,65],"floor_reached":57,"playtime":3474,"items_purged":["Blade Dance","Die Die Die","Shame"],"score":4015,"play_id":"be594b77-68a4-49f7-8cbe-06e5816a9056","local_time":"20190801142755","is_ascension_mode":true,"campfire_choices":[{"data":"Well Laid Plans","floor":7.0,"key":"SMITH"},{"data":"Reflex","floor":12.0,"key":"SMITH"},{"data":"Calculated Gamble","floor":15.0,"key":"SMITH"},{"data":"Acrobatics","floor":30.0,"key":"SMITH"},{"data":"Catalyst","floor":32.0,"key":"PURGE"},{"data":"Bouncing Flask+1","floor":40,"key":"PURGE"},{"floor":49,"key":"RECALL"},{"data":"Tactician","floor":53,"key":"SMITH"}],"neow_cost":"NONE","seed_source_timestamp":0,"circlet_count":0,"master_deck":["AscendersBane","Survivor+1","Neutralize","Heel Hook+1","Escape Plan+1","Well Laid Plans+1","Endless Agony","Acrobatics+1","Calculated Gamble+1","Reflex+1","Tactician+1"],"special_seed":0,"relics":["Pandora\u0027s Box","Anchor","Lantern","Bag of Marbles","The Courier","Oddly Smooth Stone","Empty Cage","Membership Card","Pen Nib","War Paint","Pantograph","Potion Belt","Bottled Tornado","Orichalcum","Peace Pipe","Cursed Key","Tingsha","Juzu Bracelet","Mercury Hourglass","Calipers","Bronze Scales","Torii","Bird Faced Urn","Paper Crane","Bottled Flame"],"potions_floor_usage":[56,56,56],"damage_taken":[{"damage":0.0,"enemies":"2 Louse","floor":1.0,"turns":2.0},{"damage":8.0,"enemies":"Jaw Worm","floor":2.0,"turns":3.0},{"damage":0.0,"enemies":"Cultist","floor":4.0,"turns":2.0},{"damage":0.0,"enemies":"2 Fungi Beasts","floor":5.0,"turns":2.0},{"damage":0.0,"enemies":"Lagavulin","floor":6.0,"turns":4.0},{"damage":0.0,"enemies":"3 Sentries","floor":8.0,"turns":3.0},{"damage":0.0,"enemies":"Lagavulin","floor":10.0,"turns":3.0},{"damage":0.0,"enemies":"Exordium Wildlife","floor":13.0,"turns":1.0},{"damage":0.0,"enemies":"3 Sentries","floor":14.0,"turns":4.0},{"damage":0.0,"enemies":"Slime Boss","floor":16.0,"turns":5.0},{"damage":0.0,"enemies":"Chosen","floor":18.0,"turns":2.0},{"damage":0.0,"enemies":"Spheric Guardian","floor":21.0,"turns":2.0},{"damage":0.0,"enemies":"Gremlin Leader","floor":23.0,"turns":2.0},{"damage":0.0,"enemies":"Book of Stabbing","floor":25.0,"turns":2.0},{"damage":17.0,"enemies":"Cultist and Chosen","floor":27.0,"turns":5.0},{"damage":0.0,"enemies":"Gremlin Leader","floor":28.0,"turns":2.0},{"damage":3.0,"enemies":"Chosen and Byrds","floor":29.0,"turns":5.0},{"damage":0.0,"enemies":"Slavers","floor":31.0,"turns":1.0},{"damage":0.0,"enemies":"Automaton","floor":33.0,"turns":1.0},{"damage":0.0,"enemies":"Orb Walker","floor":35.0,"turns":2.0},{"damage":0.0,"enemies":"3 Darklings","floor":36.0,"turns":1.0},{"damage":0,"enemies":"2 Orb Walkers","floor":38,"turns":1},{"damage":0,"enemies":"Spire Growth","floor":39,"turns":1},{"damage":0,"enemies":"Giant Head","floor":41,"turns":1},{"damage":0,"enemies":"Jaw Worm Horde","floor":42,"turns":1},{"damage":0,"enemies":"Nemesis","floor":44,"turns":1},{"damage":0,"enemies":"Maw","floor":45,"turns":2},{"damage":0,"enemies":"Mind Bloom Boss Battle","floor":46,"turns":1},{"damage":0,"enemies":"3 Darklings","floor":48,"turns":2},{"damage":0,"enemies":"Awakened One","floor":50,"turns":2},{"damage":0,"enemies":"Time Eater","floor":51,"turns":4},{"damage":0,"enemies":"Shield and Spear","floor":55,"turns":2},{"damage":0,"enemies":"The Heart","floor":56,"turns":5}],"seed_played":"-8648526165268748115","potions_obtained":[{"floor":1.0,"key":"EssenceOfSteel"},{"floor":2.0,"key":"Fire Potion"},{"floor":10.0,"key":"PowerPotion"},{"floor":14.0,"key":"FearPotion"},{"floor":21.0,"key":"Strength Potion"},{"floor":23.0,"key":"Poison Potion"},{"floor":29.0,"key":"EssenceOfSteel"},{"floor":31.0,"key":"Ancient Potion"},{"floor":36.0,"key":"Dexterity Potion"},{"floor":45,"key":"Swift Potion"},{"floor":55,"key":"Dexterity Potion"}],"is_trial":false,"path_per_floor":["M","M","?","M","M","E","R","E","T","E","$","R","M","E","R","B",null,"M","?","?","M","$","E","?","E","T","M","E","M","R","E","R","B",null,"M","M","?","?","M","R","E","M","T","E","M","?","$","M","R","B","B",null,"R","$","E","B",null],"character_chosen":"THE_SILENT","items_purchased":["Reflex","Membership Card","Pen Nib","Bronze Scales","Torii","Bird Faced Urn","Paper Crane"],"campfire_rested":0,"item_purchase_floors":[11,22,22,47,47,47,47],"current_hp_per_floor":[59,51,31,31,31,31,31,31,31,31,31,31,31,31,31,31,57,57,57,57,57,57,57,57,57,57,40,40,37,37,37,37,62,65,65,65,65,65,65,65,65,65,65,65,65,66,66,66,66,66,66,66,66,66,66,66],"gold":65,"neow_bonus":"BOSS_RELIC","is_prod":false,"is_daily":false,"chose_seed":false,"campfire_upgraded":5,"win_rate":0,"timestamp":1564640875,"path_taken":["M","M","?","M","M","E","R","E","T","E","$","R","M","E","R","BOSS","M","?","?","?","$","E","?","E","T","M","E","M","R","E","R","BOSS","M","M","?","?","M","R","E","M","T","E","M","?","$","M","R","BOSS","BOSS","R","$","E","BOSS"],"build_version":"2019-07-17","purchased_purges":3,"victory":true,"max_hp_per_floor":[66,66,66,66,66,66,66,66,66,66,66,66,66,66,66,66,66,66,66,66,66,66,66,66,66,66,66,66,66,66,66,66,66,66,66,66,66,66,66,66,66,66,66,66,66,66,66,66,66,66,66,66,66,66,66,66],"card_choices":[{"not_picked":["Setup","Underhanded Strike","Quick Slash"],"picked":"SKIP","floor":1.0},{"not_picked":["Outmaneuver","Flechettes","Deflect"],"picked":"SKIP","floor":2.0},{"not_picked":["Outmaneuver","Catalyst","Reflex"],"picked":"SKIP","floor":4.0},{"not_picked":["Prepared","Dagger Throw"],"picked":"Acrobatics","floor":5.0},{"not_picked":["Skewer","Cloak And Dagger","Bouncing Flask"],"picked":"SKIP","floor":6.0},{"not_picked":["Prepared","Night Terror","Envenom"],"picked":"SKIP","floor":8.0},{"not_picked":["Cloak And Dagger","Accuracy"],"picked":"Calculated Gamble","floor":10.0},{"not_picked":["PiercingWail","Quick Slash","Bane"],"picked":"SKIP","floor":13.0},{"not_picked":["Dagger Throw","Venomology","Deadly Poison"],"picked":"SKIP","floor":14.0},{"not_picked":["Flying Knee","Blade Dance","Sucker Punch"],"picked":"SKIP","floor":18.0},{"not_picked":["Underhanded Strike","Endless Agony","Dagger Throw"],"picked":"SKIP","floor":21.0},{"not_picked":["Well Laid Plans","Riddle With Holes+1","Footwork"],"picked":"SKIP","floor":23.0},{"not_picked":["Accuracy","PiercingWail","Skewer"],"picked":"SKIP","floor":25.0},{"not_picked":["Acrobatics","Blade Dance","Poisoned Stab"],"picked":"SKIP","floor":27.0},{"not_picked":["Unload","Well Laid Plans","Leg Sweep"],"picked":"SKIP","floor":28.0},{"not_picked":["Deadly Poison","Quick Slash+1","Acrobatics+1"],"picked":"SKIP","floor":29.0},{"not_picked":["Bane","Distraction","Sucker Punch"],"picked":"SKIP","floor":31.0},{"not_picked":["Acrobatics","Outmaneuver","Choke"],"picked":"SKIP","floor":35.0},{"not_picked":["Predator","Acrobatics","Flying Knee"],"picked":"SKIP","floor":36.0},{"not_picked":["Sucker Punch","Underhanded Strike"],"picked":"Tactician","floor":39},{"not_picked":["Wraith Form v2","Calculated Gamble+1","Footwork"],"picked":"SKIP","floor":41},{"not_picked":["Prepared+1","Outmaneuver","Flying Knee"],"picked":"SKIP","floor":42},{"not_picked":["Sucker Punch","Dagger Throw+1","Bane"],"picked":"SKIP","floor":44},{"not_picked":["Cloak And Dagger","Backflip","Endless Agony"],"picked":"SKIP","floor":45},{"not_picked":["PiercingWail+1","Backflip","Underhanded Strike"],"picked":"SKIP","floor":48},{"not_picked":["Backstab","Bullet Time","Dagger Spray+1"],"picked":"SKIP","floor":55}],"player_experience":1715384,"relics_obtained":[{"floor":6.0,"key":"Anchor"},{"floor":8.0,"key":"Lantern"},{"floor":9.0,"key":"Bag of Marbles"},{"floor":10.0,"key":"The Courier"},{"floor":14.0,"key":"Oddly Smooth Stone"},{"floor":23.0,"key":"War Paint"},{"floor":25.0,"key":"Potion Belt"},{"floor":26.0,"key":"Bottled Tornado"},{"floor":28.0,"key":"Orichalcum"},{"floor":31.0,"key":"Peace Pipe"},{"floor":38,"key":"Tingsha"},{"floor":41,"key":"Juzu Bracelet"},{"floor":44,"key":"Mercury Hourglass"},{"floor":46,"key":"Calipers"},{"floor":55,"key":"Bottled Flame"}],"event_choices":[{"damage_healed":0.0,"max_hp_gain":0.0,"max_hp_loss":0.0,"gold_gain":0.0,"event_name":"Shining Light","player_choice":"Entered Light","floor":3.0,"gold_loss":0.0,"damage_taken":20.0,"cards_upgraded":["Heel Hook","Bouncing Flask"]},{"damage_healed":0.0,"max_hp_gain":0.0,"max_hp_loss":0.0,"gold_gain":50.0,"event_name":"Nest","player_choice":"Stole From Cult","floor":19.0,"gold_loss":0.0,"damage_taken":0.0},{"damage_healed":0.0,"max_hp_gain":0.0,"max_hp_loss":0.0,"gold_gain":100.0,"event_name":"The Joust","player_choice":"Bet on Murderer","floor":20.0,"gold_loss":50.0,"damage_taken":0.0},{"damage_healed":0.0,"max_hp_gain":0.0,"max_hp_loss":0.0,"gold_gain":0.0,"event_name":"Addict","player_choice":"Obtained Relic","floor":24.0,"gold_loss":85.0,"damage_taken":0.0,"relics_obtained":["Pantograph"]},{"damage_healed":0,"gold_gain":0,"player_choice":"Memory 1","damage_taken":0,"max_hp_gain":0,"max_hp_loss":0,"event_name":"SensoryStone","floor":37,"gold_loss":0},{"damage_healed":0,"gold_gain":0,"player_choice":"Fight","damage_taken":0,"max_hp_gain":0,"max_hp_loss":0,"event_name":"Mysterious Sphere","floor":38,"gold_loss":0},{"damage_healed":0,"gold_gain":0,"player_choice":"Fight","damage_taken":0,"max_hp_gain":0,"max_hp_loss":0,"event_name":"MindBloom","floor":46,"gold_loss":0}],"is_beta":false,"boss_relics":[{"not_picked":["WristBlade","Runic Pyramid"],"picked":"Empty Cage"},{"not_picked":["Orrery","Philosopher\u0027s Stone"],"picked":"Cursed Key"}],"items_purged_floors":[11,22,47],"is_endless":false,"potions_floor_spawned":[1,2,4,10,14,21,23,29,31,36,45,46,48,55],"ascension_level":20}