{"gold_per_floor":[119,269,269,344,368,399,58,108,158,158,171,22,40,58,58,153,153,172,0,15,15],"floor_reached":21,"playtime":592,"items_purged":["Doubt"],"score":408,"play_id":"dcdba871-d44b-475b-8179-bdab22ae71d6","local_time":"20190116222226","is_ascension_mode":true,"campfire_choices":[{"data":"Flechettes","floor":10.0,"key":"SMITH"},{"data":"Well Laid Plans","floor":15.0,"key":"SMITH"}],"neow_cost":"NONE","seed_source_timestamp":40746960608943,"circlet_count":0,"master_deck":["AscendersBane","Defend_G","Defend_G","Defend_G","Defend_G","Defend_G","Strike_G","Strike_G","Strike_G","Strike_G","Strike_G","Survivor","Neutralize","Flechettes+1","Catalyst","Purity","Well Laid Plans+1","Concentrate","Expertise","Venomology"],"special_seed":0,"relics":["Ring of the Snake","NeowsBlessing","Golden Idol","Ornamental Fan","Bag of Preparation","Pen Nib","Cursed Key"],"potions_floor_usage":[16,16,18,20],"damage_taken":[{"damage":0.0,"enemies":"Cultist","floor":1.0,"turns":1.0},{"damage":0.0,"enemies":"Jaw Worm","floor":5.0,"turns":1.0},{"damage":0.0,"enemies":"Gremlin Nob","floor":6.0,"turns":1.0},{"damage":0.0,"enemies":"2 Louse","floor":11.0,"turns":3.0},{"damage":1.0,"enemies":"Looter","floor":13.0,"turns":4.0},{"damage":3.0,"enemies":"Exordium Thugs","floor":14.0,"turns":4.0},{"damage":35,"enemies":"Slime Boss","floor":16,"turns":8},{"damage":10,"enemies":"Shell Parasite","floor":18,"turns":7},{"damage":13,"enemies":"2 Thieves","floor":20,"turns":5},{"damage":0,"enemies":"Sentry and Sphere","floor":21,"turns":1}],"seed_played":"1300067833147988490","potions_obtained":[{"floor":6.0,"key":"Fire Potion"},{"floor":14.0,"key":"Regen Potion"},{"floor":18,"key":"Energy Potion"},{"floor":20,"key":"AttackPotion"}],"is_trial":false,"path_per_floor":["M","?","?","?","M","E","$","?","T","R","M","$","M","M","R","B",null,"M","?","M","M"],"character_chosen":"THE_SILENT","items_purchased":["Bag of Preparation","Purity","Concentrate","Expertise"],"campfire_rested":0,"item_purchase_floors":[7,7,12,12],"current_hp_per_floor":[59,59,59,48,48,48,48,42,42,42,42,42,41,38,38,18,50,40,40,27,27],"gold":15,"neow_bonus":"THREE_ENEMY_KILL","is_prod":false,"is_daily":false,"chose_seed":false,"campfire_upgraded":2,"win_rate":0,"timestamp":1547648546,"path_taken":["M","?","?","?","M","E","$","?","T","R","M","$","M","M","R","BOSS","M","?","M","M"],"build_version":"2019-01-10","purchased_purges":1,"victory":false,"max_hp_per_floor":[66,66,60,60,60,60,60,60,60,60,60,60,60,60,60,60,60,60,60,60,60],"card_choices":[{"not_picked":["Underhanded Strike","Dagger Spray"],"picked":"Flechettes","floor":1.0},{"not_picked":["PiercingWail","Prepared"],"picked":"Catalyst","floor":5.0},{"not_picked":["All Out Attack","Underhanded Strike","Bane"],"picked":"SKIP","floor":6.0},{"not_picked":["Poisoned Stab","Expertise"],"picked":"Well Laid Plans","floor":11.0},{"not_picked":["All Out Attack","Crippling Poison","Setup"],"picked":"SKIP","floor":13.0},{"not_picked":["Flying Knee","Choke","Blade Dance"],"picked":"SKIP","floor":14.0},{"not_picked":["Envenom","Unload"],"picked":"Venomology","floor":16},{"not_picked":["Sucker Punch","Deadly Poison","Backstab"],"picked":"SKIP","floor":18},{"not_picked":["Outmaneuver","Poisoned Stab","Deflect"],"picked":"SKIP","floor":20}],"player_experience":1963443,"relics_obtained":[{"floor":6.0,"key":"Ornamental Fan"},{"floor":9.0,"key":"Pen Nib"}],"event_choices":[{"damage_healed":0.0,"max_hp_gain":0.0,"max_hp_loss":0.0,"gold_gain":150.0,"event_name":"Liars Game","player_choice":"AGREE","floor":2.0,"gold_loss":0.0,"damage_taken":0.0,"cards_obtained":["Doubt"]},{"damage_healed":0.0,"max_hp_gain":0.0,"max_hp_loss":6.0,"gold_gain":0.0,"event_name":"Golden Idol","player_choice":"Lose Max HP","floor":3.0,"gold_loss":0.0,"damage_taken":0.0,"relics_obtained":["Golden Idol"]},{"damage_healed":0.0,"max_hp_gain":0.0,"max_hp_loss":0.0,"gold_gain":75.0,"event_name":"World of Goop","player_choice":"Gather Gold","floor":4.0,"gold_loss":0.0,"damage_taken":11.0},{"damage_healed":0.0,"max_hp_gain":0.0,"max_hp_loss":0.0,"gold_gain":50.0,"event_name":"FaceTrader","player_choice":"Touch","floor":8.0,"gold_loss":0.0,"damage_taken":6.0},{"damage_healed":0,"gold_gain":0,"player_choice":"Paid Fearfully","damage_taken":0,"max_hp_gain":0,"max_hp_loss":0,"event_name":"Masked Bandits","floor":19,"gold_loss":172}],"is_beta":false,"boss_relics":[{"not_picked":["HoveringKite","Ring of the Serpent"],"picked":"Cursed Key"}],"items_purged_floors":[7],"is_endless":false,"potions_floor_spawned":[6,14,18,20],"killed_by":"Sentry and Sphere","ascension_level":20}