{"gold_per_floor":[111,111,111,130,146,146,181,181,181,55,67,101,101,117,117,211,211,227,142,158,173,0,0,25,25,104,66,66,86,109,127,127,127],"floor_reached":33,"playtime":914,"items_purged":["Strike_G"],"score":541,"play_id":"cc8c24e8-7a89-4430-bee6-cf2e3a86b914","local_time":"20190317151204","is_ascension_mode":true,"campfire_choices":[{"data":"Deadly Poison","floor":6.0,"key":"SMITH"},{"data":"Deadly Poison","floor":8.0,"key":"SMITH"},{"data":"Bane","floor":15.0,"key":"SMITH"},{"data":"Catalyst","floor":23,"key":"SMITH"},{"data":"Well Laid Plans","floor":28,"key":"SMITH"},{"data":"Expertise","floor":32,"key":"SMITH"}],"neow_cost":"NONE","seed_source_timestamp":18167982152465,"circlet_count":0,"master_deck":["AscendersBane","Defend_G","Defend_G+1","Defend_G+1","Defend_G+1","Defend_G","Strike_G+1","Strike_G","Survivor","Neutralize","Terror","Deadly Poison+1","Deadly Poison+1","Bane+1","Well Laid Plans+1","Masterful Stab","Grand Finale","Catalyst+1","Backflip","Tactician+1","Expertise+1"],"special_seed":0,"relics":["Ring of the Snake","NeowsBlessing","Calipers","Gremlin Horn","Boot","Golden Idol","Eternal Feather","War Paint","Paper Crane"],"potions_floor_usage":[33,33],"damage_taken":[{"damage":0.0,"enemies":"Jaw Worm","floor":1.0,"turns":1.0},{"damage":0.0,"enemies":"2 Louse","floor":4.0,"turns":1.0},{"damage":0.0,"enemies":"Cultist","floor":5.0,"turns":1.0},{"damage":7.0,"enemies":"Lagavulin","floor":7.0,"turns":6.0},{"damage":7.0,"enemies":"3 Louse","floor":11.0,"turns":4.0},{"damage":11.0,"enemies":"Gremlin Nob","floor":12.0,"turns":4.0},{"damage":0.0,"enemies":"Blue Slaver","floor":14.0,"turns":4.0},{"damage":0.0,"enemies":"Slime Boss","floor":16.0,"turns":7.0},{"damage":0.0,"enemies":"3 Byrds","floor":18.0,"turns":2.0},{"damage":0.0,"enemies":"Chosen","floor":20.0,"turns":5.0},{"damage":8.0,"enemies":"Snecko","floor":21.0,"turns":4.0},{"damage":7,"enemies":"Shelled Parasite and Fungi","floor":24,"turns":4},{"damage":10,"enemies":"Cultist and Chosen","floor":29,"turns":4},{"damage":21,"enemies":"Snecko","floor":30,"turns":4},{"damage":18,"enemies":"Snake Plant","floor":31,"turns":3},{"damage":27,"enemies":"Champ","floor":33,"turns":11}],"seed_played":"-6501319995695369012","potions_obtained":[{"floor":5.0,"key":"GhostInAJar"},{"floor":7.0,"key":"SpeedPotion"},{"floor":14.0,"key":"Block Potion"},{"floor":16.0,"key":"GamblersBrew"},{"floor":20.0,"key":"EssenceOfSteel"},{"floor":29,"key":"Swift Potion"},{"floor":31,"key":"EssenceOfSteel"}],"is_trial":false,"path_per_floor":["M","?","?","M","M","R","E","R","T","$","M","E","?","M","R","B",null,"M","?","M","M","?","R","M","?","T","$","R","M","M","M","R","B"],"character_chosen":"THE_SILENT","items_purchased":["Fire Potion","Expertise"],"campfire_rested":0,"item_purchase_floors":[10,27],"current_hp_per_floor":[59,39,39,39,39,39,32,32,32,32,25,14,14,14,14,14,49,49,49,49,41,41,53,46,46,46,46,58,48,27,9,21,0],"gold":127,"neow_bonus":"THREE_ENEMY_KILL","is_prod":false,"is_daily":false,"chose_seed":true,"campfire_upgraded":6,"win_rate":0,"timestamp":1552806724,"path_taken":["M","?","?","M","?","R","E","R","T","$","M","E","?","M","R","BOSS","M","?","M","M","?","R","M","?","T","$","R","M","M","M","R","BOSS"],"build_version":"2019-01-23","purchased_purges":1,"victory":false,"max_hp_per_floor":[66,66,66,66,66,66,66,66,66,66,66,66,60,60,60,60,60,60,60,60,60,60,60,60,60,60,60,60,60,60,60,60,60],"card_choices":[{"not_picked":["Acrobatics","Bane"],"picked":"Terror","floor":1.0},{"not_picked":["Finisher","Outmaneuver"],"picked":"Deadly Poison","floor":4.0},{"not_picked":["Prepared","Choke"],"picked":"Deadly Poison","floor":5.0},{"not_picked":["Deadly Poison","Expertise","Blur"],"picked":"SKIP","floor":7.0},{"not_picked":["Dagger Throw","PiercingWail"],"picked":"Bane","floor":11.0},{"not_picked":["Burst","PiercingWail"],"picked":"Well Laid Plans","floor":12.0},{"not_picked":["Caltrops","Terror"],"picked":"Masterful Stab","floor":14.0},{"not_picked":["Phantasmal Killer","Venomology"],"picked":"Grand Finale","floor":16.0},{"not_picked":["Cloak And Dagger","Well Laid Plans","Deadly Poison"],"picked":"SKIP","floor":18.0},{"not_picked":["Acrobatics","Choke"],"picked":"Catalyst","floor":20.0},{"not_picked":["Slice","Cloak And Dagger+1"],"picked":"Backflip","floor":21.0},{"not_picked":["Die Die Die","Footwork"],"picked":"Tactician+1","floor":24},{"not_picked":["Dagger Spray+1","Underhanded Strike","Sucker Punch"],"picked":"SKIP","floor":29},{"not_picked":["Quick Slash","Dagger Spray","Choke"],"picked":"SKIP","floor":30},{"not_picked":["Choke","Deadly Poison+1","Outmaneuver"],"picked":"SKIP","floor":31}],"player_experience":3650030,"relics_obtained":[{"floor":7.0,"key":"Calipers"},{"floor":9.0,"key":"Gremlin Horn"},{"floor":12.0,"key":"Boot"},{"floor":26,"key":"Paper Crane"}],"event_choices":[{"damage_healed":0.0,"max_hp_gain":0.0,"max_hp_loss":0.0,"gold_gain":0.0,"event_name":"Shining Light","player_choice":"Entered Light","floor":2.0,"gold_loss":0.0,"damage_taken":20.0,"cards_upgraded":["Defend_G","Strike_G"]},{"cards_removed":["Strike_G"],"damage_healed":0.0,"max_hp_gain":0.0,"max_hp_loss":0.0,"gold_gain":0.0,"event_name":"Bonfire Elementals","player_choice":"Offered Basic","floor":3.0,"gold_loss":0.0,"damage_taken":0.0},{"damage_healed":0.0,"max_hp_gain":0.0,"max_hp_loss":6.0,"gold_gain":0.0,"event_name":"Golden Idol","player_choice":"Lose Max HP","floor":13.0,"gold_loss":0.0,"damage_taken":0.0,"relics_obtained":["Golden Idol"]},{"damage_healed":0.0,"max_hp_gain":0.0,"max_hp_loss":0.0,"gold_gain":0.0,"event_name":"Addict","player_choice":"Obtained Relic","floor":19.0,"gold_loss":85.0,"damage_taken":0.0,"relics_obtained":["War Paint"]},{"damage_healed":0,"gold_gain":0,"player_choice":"Paid Fearfully","damage_taken":0,"max_hp_gain":0,"max_hp_loss":0,"event_name":"Masked Bandits","floor":22,"gold_loss":173},{"cards_removed":["Strike_G"],"damage_healed":0,"gold_gain":0,"player_choice":"Purged","damage_taken":0,"max_hp_gain":0,"max_hp_loss":0,"event_name":"Purifier","floor":25,"gold_loss":0}],"is_beta":false,"boss_relics":[{"not_picked":["White Beast Statue","Busted Crown"],"picked":"Eternal Feather"}],"items_purged_floors":[10],"is_endless":false,"potions_floor_spawned":[5,7,14,16,20,29,31],"killed_by":"Champ","ascension_level":15}