{"gold_per_floor":[116,132,186,201,15,49,49,49,49,49,124,124,451,467,467,467],"floor_reached":16,"playtime":424,"items_purged":[],"score":216,"play_id":"fbb65809-e29d-42e3-b779-0ff85824a945","local_time":"20190403012335","is_ascension_mode":true,"campfire_choices":[{"data":"Corpse Explosion","floor":8.0,"key":"SMITH"},{"data":"Bane","floor":10.0,"key":"SMITH"},{"floor":15.0,"key":"REST"}],"neow_cost":"CURSE","seed_source_timestamp":66389448932336,"circlet_count":0,"master_deck":["AscendersBane","Defend_G","Defend_G","Defend_G","Defend_G","Defend_G","Strike_G","Strike_G","Strike_G","Strike_G","Survivor","Neutralize","Doubt","After Image","All Out Attack","Dagger Throw","Corpse Explosion+1","Bane+1","Tactician","Footwork","Well Laid Plans","Calculated Gamble"],"special_seed":0,"relics":["Ring of the Snake","Pen Nib","Blue Candle","Matryoshka","Old Coin"],"potions_floor_usage":[16],"damage_taken":[{"damage":14.0,"enemies":"Cultist","floor":1.0,"turns":8.0},{"damage":0.0,"enemies":"Jaw Worm","floor":2.0,"turns":6.0},{"damage":0.0,"enemies":"Small Slimes","floor":4.0,"turns":4.0},{"damage":4.0,"enemies":"Lagavulin","floor":6.0,"turns":8.0},{"damage":27.0,"enemies":"Gremlin Nob","floor":13.0,"turns":4.0},{"damage":0.0,"enemies":"3 Louse","floor":14.0,"turns":2.0},{"damage":14,"enemies":"Slime Boss","floor":16,"turns":6}],"seed_played":"-836573539067273053","potions_obtained":[{"floor":2.0,"key":"GhostInAJar"},{"floor":13.0,"key":"Explosive Potion"}],"is_trial":false,"path_per_floor":["M","M","T","M","$","E","?","R","T","R","?","?","E","M","R","B"],"character_chosen":"THE_SILENT","items_purchased":["Corpse Explosion","Bane"],"campfire_rested":1,"item_purchase_floors":[5,5],"current_hp_per_floor":[45,45,45,45,45,41,41,41,41,41,30,30,3,3,22,8],"gold":467,"neow_bonus":"THREE_RARE_CARDS","is_prod":false,"is_daily":false,"chose_seed":false,"campfire_upgraded":2,"win_rate":0,"timestamp":1554225815,"path_taken":["M","?","?","M","$","E","?","R","T","R","?","?","E","M","R","BOSS"],"build_version":"2019-01-23","purchased_purges":0,"victory":false,"max_hp_per_floor":[66,66,66,66,66,66,66,66,66,66,66,66,66,66,66,66],"card_choices":[{"not_picked":["Wraith Form v2","A Thousand Cuts"],"picked":"After Image","floor":0.0},{"not_picked":["Reflex","Acrobatics"],"picked":"All Out Attack","floor":1.0},{"not_picked":["Bane","Riddle With Holes"],"picked":"Dagger Throw","floor":2.0},{"not_picked":["Prepared","Bane","Sucker Punch"],"picked":"SKIP","floor":4.0},{"not_picked":["Dodge and Roll","Backflip"],"picked":"Tactician","floor":6.0},{"not_picked":["Bullet Time","Riddle With Holes"],"picked":"Well Laid Plans","floor":13.0},{"not_picked":["Dagger Spray","Bane"],"picked":"Calculated Gamble","floor":14.0}],"player_experience":4032449,"relics_obtained":[{"floor":3.0,"key":"Pen Nib"},{"floor":6.0,"key":"Blue Candle"},{"floor":9.0,"key":"Matryoshka"},{"floor":13.0,"key":"Old Coin"}],"event_choices":[{"damage_healed":0.0,"max_hp_gain":0.0,"max_hp_loss":0.0,"gold_gain":0.0,"event_name":"Scrap Ooze","player_choice":"Fled","floor":7.0,"gold_loss":0.0,"damage_taken":0.0},{"damage_healed":0.0,"max_hp_gain":0.0,"max_hp_loss":0.0,"gold_gain":75.0,"event_name":"World of Goop","player_choice":"Gather Gold","floor":11.0,"gold_loss":0.0,"damage_taken":11.0},{"damage_healed":0.0,"max_hp_gain":0.0,"max_hp_loss":0.0,"gold_gain":0.0,"cards_transformed":["Strike_G"],"event_name":"Living Wall","player_choice":"Change","floor":12.0,"gold_loss":0.0,"damage_taken":0.0,"cards_obtained":["Footwork"]}],"is_beta":false,"boss_relics":[],"items_purged_floors":[],"is_endless":false,"potions_floor_spawned":[2,13],"killed_by":"Slime Boss","ascension_level":20}