{"gold_per_floor":[119,131,131,281,281,281,310,340,340,340,374,138,138,153,153,227,227,237,237,59,71,71,71,104,118,189,189,214,214,242,260,260,331,331,348,359,359,14,14,14,14,14,14,26,138,150,180,202,214,226,238,250,262,61,91,91],"floor_reached":57,"playtime":4396,"items_purged":["Regret","Strike_B","Defend_B"],"score":2874,"play_id":"afeac536-46cd-45f7-9380-aceb65b4ffb1","local_time":"20190128123429","is_ascension_mode":true,"campfire_choices":[{"data":"Dualcast","floor":6.0,"key":"SMITH"},{"data":"Zap","floor":10.0,"key":"SMITH"},{"data":"Streamline","floor":15.0,"key":"SMITH"},{"data":"Defragment","floor":23.0,"key":"SMITH"},{"data":"Capacitor","floor":27.0,"key":"SMITH"},{"data":"Hologram","floor":29.0,"key":"SMITH"},{"data":"Rainbow","floor":32.0,"key":"SMITH"},{"data":"Defragment","floor":40.0,"key":"SMITH"},{"data":"Amplify","floor":41.0,"key":"SMITH"},{"floor":42.0,"key":"RECALL"},{"data":"Chill","floor":46.0,"key":"SMITH"},{"data":"Glacier","floor":49.0,"key":"SMITH"},{"data":"Self Repair","floor":53.0,"key":"SMITH"}],"neow_cost":"NONE","seed_source_timestamp":0,"circlet_count":0,"master_deck":["AscendersBane","Defend_B","Defend_B","Defend_B","Zap+1","Dualcast+1","Self Repair","Chill+1","Capacitor+1","Streamline+1","Rainbow+1","Defragment+1","Self Repair+1","Hologram+1","Amplify+1","Glacier+1","Defragment+1"],"special_seed":0,"relics":["Cracked Core","NeowsBlessing","Regal Pillow","FossilizedHelix","Bronze Scales","Pear","Gremlin Horn","Bottled Flame","DataDisk","Busted Crown","Juzu Bracelet","Matryoshka","WingedGreaves","Pen Nib","Empty Cage","Medical Kit","Smiling Mask","MawBank","Ornamental Fan","Pocketwatch","Oddly Smooth Stone","Emotion Chip"],"potions_floor_usage":[56],"damage_taken":[{"damage":0.0,"enemies":"2 Louse","floor":1.0,"turns":1.0},{"damage":0.0,"enemies":"Small Slimes","floor":2.0,"turns":1.0},{"damage":0.0,"enemies":"Gremlin Nob","floor":7.0,"turns":1.0},{"damage":33.0,"enemies":"3 Sentries","floor":11.0,"turns":10.0},{"damage":0.0,"enemies":"Cultist","floor":14.0,"turns":3.0},{"damage":14.0,"enemies":"Slime Boss","floor":16.0,"turns":6.0},{"damage":0.0,"enemies":"theJungle:GiantWrat","floor":18.0,"turns":6.0},{"damage":6.0,"enemies":"theJungle:MUSHROOMGANG","floor":21.0,"turns":5.0},{"damage":42.0,"enemies":"theJungle:Cassacara","floor":24.0,"turns":9.0},{"damage":23.0,"enemies":"theJungle:2_Snecko_Cultists","floor":25.0,"turns":5.0},{"damage":0.0,"enemies":"theJungle:2_Phrogs","floor":28.0,"turns":4.0},{"damage":0.0,"enemies":"theJungle:Cassacara","floor":30.0,"turns":8.0},{"damage":9.0,"enemies":"theJungle:Lyon","floor":31.0,"turns":7.0},{"damage":0.0,"enemies":"theJungle:QueenSpyder","floor":33.0,"turns":7.0},{"damage":11.0,"enemies":"Orb Walker","floor":35.0,"turns":4.0},{"damage":20.0,"enemies":"3 Darklings","floor":36.0,"turns":6.0},{"damage":21.0,"enemies":"Mind Bloom Boss Battle","floor":45.0,"turns":7.0},{"damage":9.0,"enemies":"Writhing Mass","floor":47.0,"turns":7.0},{"damage":0.0,"enemies":"Jaw Worm Horde","floor":48.0,"turns":6.0},{"damage":50.0,"enemies":"Awakened One","floor":50.0,"turns":21.0},{"damage":8.0,"enemies":"Time Eater","floor":51.0,"turns":10.0},{"damage":53.0,"enemies":"Shield and Spear","floor":55.0,"turns":8.0},{"damage":0,"enemies":"The Heart","floor":56,"turns":6}],"seed_played":"2109054962346322198","potions_obtained":[{"floor":1.0,"key":"PowerPotion"},{"floor":2.0,"key":"EssenceOfSteel"},{"floor":16.0,"key":"Weak Potion"},{"floor":31.0,"key":"FocusPotion"}],"is_trial":false,"path_per_floor":["M","M","?","?","?","R","E","?","T","R","E","$","?","M","R","B",null,"M","?","$","M","?","R","E","M","T","R","E","R","E","M","R","B",null,"M","M","?","$","T","R","R","R","T","?","?","R","M","M","R","B","B",null,"R","$","E","B",null],"character_chosen":"DEFECT","items_purchased":["DataDisk","Defragment","Glacier","Defragment","Medical Kit","Oddly Smooth Stone"],"campfire_rested":0,"item_purchase_floors":[12,20,38,38,38,54],"current_hp_per_floor":[64,64,64,64,59,59,59,69,69,69,43,43,36,43,43,36,70,77,77,77,78,78,78,43,34,34,34,54,54,68,73,73,81,81,81,81,81,81,81,81,81,81,81,81,81,81,81,81,81,59,79,81,81,81,45,81],"gold":91,"neow_bonus":"THREE_ENEMY_KILL","is_prod":false,"is_daily":false,"chose_seed":false,"campfire_upgraded":12,"win_rate":0,"timestamp":1548650069,"path_taken":["M","M","?","?","?","R","E","?","T","R","E","$","?","M","R","BOSS","M","?","$","?","?","R","E","M","T","R","E","R","E","M","R","BOSS","M","M","?","$","?","R","R","R","T","?","?","R","M","M","R","BOSS","BOSS","R","$","E","BOSS"],"build_version":"2019-01-23","purchased_purges":3,"victory":true,"max_hp_per_floor":[71,71,71,71,71,71,71,81,81,81,81,81,81,81,81,81,81,81,81,81,81,81,81,81,81,81,81,81,81,81,81,81,81,81,81,81,81,81,81,81,81,81,81,81,81,81,81,81,81,81,81,81,81,81,81,81],"card_choices":[{"not_picked":["Aggregate","Rebound"],"picked":"Self Repair","floor":1.0},{"not_picked":["Compile Driver","Ball Lightning"],"picked":"Chill","floor":2.0},{"not_picked":["Force Field","Barrage","Rebound"],"picked":"SKIP","floor":7.0},{"not_picked":["Sweeping Beam","Gash"],"picked":"Capacitor","floor":11.0},{"not_picked":["Fusion","Gash"],"picked":"Streamline","floor":14.0},{"not_picked":["Thunder Strike","Fission"],"picked":"Rainbow","floor":16.0},{"not_picked":["Turbo"],"picked":"SKIP","floor":18.0},{"not_picked":["Turbo"],"picked":"SKIP","floor":21.0},{"not_picked":[],"picked":"Self Repair","floor":24.0},{"not_picked":["Go for the Eyes"],"picked":"SKIP","floor":25.0},{"not_picked":[],"picked":"Hologram","floor":28.0},{"not_picked":["Steam Power"],"picked":"SKIP","floor":30.0},{"not_picked":["Rebound"],"picked":"SKIP","floor":31.0},{"not_picked":[],"picked":"Amplify","floor":33.0},{"not_picked":["Conserve Battery"],"picked":"SKIP","floor":35.0},{"not_picked":["Gash"],"picked":"SKIP","floor":36.0},{"not_picked":["Gash"],"picked":"SKIP","floor":47.0},{"not_picked":["Cold Snap+1"],"picked":"SKIP","floor":48.0},{"not_picked":["Darkness"],"picked":"SKIP","floor":55.0},{"not_picked":["Darkness"],"picked":"SKIP","floor":55.0}],"player_experience":2339114,"relics_obtained":[{"floor":7.0,"key":"Bronze Scales"},{"floor":9.0,"key":"Gremlin Horn"},{"floor":11.0,"key":"Bottled Flame"},{"floor":24.0,"key":"Juzu Bracelet"},{"floor":26.0,"key":"Matryoshka"},{"floor":28.0,"key":"WingedGreaves"},{"floor":30.0,"key":"Pen Nib"},{"floor":39.0,"key":"Smiling Mask"},{"floor":43.0,"key":"MawBank"},{"floor":43.0,"key":"Ornamental Fan"},{"floor":45.0,"key":"Pocketwatch"},{"floor":55.0,"key":"Emotion Chip"}],"event_choices":[{"damage_healed":0.0,"max_hp_gain":0.0,"max_hp_loss":0.0,"gold_gain":0.0,"event_name":"Big Fish","player_choice":"Box","floor":3.0,"gold_loss":0.0,"damage_taken":0.0,"relics_obtained":["Regal Pillow"],"cards_obtained":["Regret"]},{"damage_healed":0.0,"max_hp_gain":0.0,"max_hp_loss":0.0,"gold_gain":150.0,"event_name":"Liars Game","player_choice":"AGREE","floor":4.0,"gold_loss":0.0,"damage_taken":0.0,"cards_obtained":["Doubt"]},{"damage_healed":0.0,"max_hp_gain":0.0,"max_hp_loss":0.0,"gold_gain":0.0,"event_name":"Scrap Ooze","player_choice":"Success","floor":5.0,"gold_loss":0.0,"damage_taken":5.0,"relics_obtained":["FossilizedHelix"]},{"damage_healed":0.0,"max_hp_gain":0.0,"max_hp_loss":0.0,"gold_gain":30.0,"event_name":"Dead Adventurer","player_choice":"Searched \u00272\u0027 times","floor":8.0,"gold_loss":0.0,"damage_taken":0.0,"relics_obtained":["Pear"]},{"cards_removed":["Doubt"],"damage_healed":0.0,"max_hp_gain":0.0,"max_hp_loss":0.0,"gold_gain":0.0,"event_name":"Golden Wing","player_choice":"Card Removal","floor":13.0,"gold_loss":0.0,"damage_taken":7.0},{"cards_removed":["Strike_B"],"damage_healed":0.0,"max_hp_gain":0.0,"max_hp_loss":0.0,"gold_gain":0.0,"event_name":"Purifier","player_choice":"Purged","floor":19.0,"gold_loss":0.0,"damage_taken":0.0},{"damage_healed":0.0,"max_hp_gain":0.0,"max_hp_loss":0.0,"gold_gain":0.0,"event_name":"Tomb of Lord Red Mask","player_choice":"Ignored","floor":37.0,"gold_loss":0.0,"damage_taken":0.0},{"damage_healed":0.0,"max_hp_gain":0.0,"max_hp_loss":0.0,"gold_gain":0.0,"event_name":"SensoryStone","player_choice":"Memory 1","floor":44.0,"gold_loss":0.0,"damage_taken":0.0},{"damage_healed":0.0,"max_hp_gain":0.0,"max_hp_loss":0.0,"gold_gain":0.0,"event_name":"MindBloom","player_choice":"Fight","floor":45.0,"gold_loss":0.0,"damage_taken":0.0}],"is_beta":false,"boss_relics":[{"not_picked":["Runic Dome","FrozenCore"],"picked":"Busted Crown"},{"not_picked":["Snecko Eye","Cursed Key"],"picked":"Empty Cage"}],"items_purged_floors":[12,20,54],"is_endless":false,"potions_floor_spawned":[1,2,16,21,24,28,31,36],"ascension_level":20}