{"gold_per_floor":[112,122,16,16,30,60,60,87,87,162,162,3,37,50,50,121,121,136,136,148,161,178,178,209,209,209,219,253,273,50,75,75,146,146,157,57,71,471,481,511,511,539,539,572,588,588,614,629,629,629,629,629,629,42,68,68],"floor_reached":57,"playtime":2919,"items_purged":["Strike_B","Writhe","Streamline+1"],"score":3150,"play_id":"c3e5a236-1565-4532-9681-d30372fbdf8f","local_time":"20190709021504","is_ascension_mode":true,"campfire_choices":[{"data":"Redo","floor":7.0,"key":"SMITH"},{"data":"Dualcast","floor":15.0,"key":"SMITH"},{"data":"Coolheaded","floor":23.0,"key":"SMITH"},{"data":"Heatsinks","floor":25.0,"key":"SMITH"},{"data":"Double Energy","floor":32.0,"key":"SMITH"},{"data":"Defragment","floor":41.0,"key":"SMITH"},{"floor":49.0,"key":"RECALL"},{"data":"Rainbow","floor":53,"key":"SMITH"}],"neow_cost":"NONE","seed_source_timestamp":0,"circlet_count":0,"master_deck":["AscendersBane","Zap","Dualcast+1","Cold Snap","Conserve Battery","Ball Lightning","Redo+1","Self Repair","Double Energy+1","Heatsinks+1","Darkness","Machine Learning","Biased Cognition","Echo Form","White Noise","Genetic Algorithm","Consume","Coolheaded+1","Defragment+1","Coolheaded+1","Self Repair","Steam Power+1","White Noise","Storm+1","Rainbow+1","Panacea","Defragment+1","Aggregate","Skim","Go for the Eyes+1","Recycle"],"special_seed":0,"relics":["Cracked Core","NeowsBlessing","Molten Egg 2","Mercury Hourglass","Mummified Hand","Pear","Pandora\u0027s Box","Gremlin Horn","Omamori","Juzu Bracelet","Medical Kit","Centennial Puzzle","Calling Bell","Bag of Preparation","Pantograph","Peace Pipe","Old Coin","Prayer Wheel","Smiling Mask","Regal Pillow","Blood Vial","Frozen Egg 2","Bottled Tornado","Orichalcum","Blue Candle"],"potions_floor_usage":[],"damage_taken":[{"damage":0.0,"enemies":"Cultist","floor":1.0,"turns":1.0},{"damage":0.0,"enemies":"Jaw Worm","floor":2.0,"turns":1.0},{"damage":0.0,"enemies":"2 Louse","floor":5.0,"turns":1.0},{"damage":31.0,"enemies":"3 Sentries","floor":6.0,"turns":8.0},{"damage":14.0,"enemies":"Lagavulin","floor":8.0,"turns":5.0},{"damage":13.0,"enemies":"3 Sentries","floor":13.0,"turns":6.0},{"damage":4.0,"enemies":"Blue Slaver","floor":14.0,"turns":3.0},{"damage":14.0,"enemies":"Slime Boss","floor":16.0,"turns":6.0},{"damage":15.0,"enemies":"3 Byrds","floor":18.0,"turns":3.0},{"damage":0.0,"enemies":"Chosen","floor":20.0,"turns":3.0},{"damage":0.0,"enemies":"Snecko","floor":21.0,"turns":3.0},{"damage":16.0,"enemies":"Snake Plant","floor":22.0,"turns":3.0},{"damage":35.0,"enemies":"Slavers","floor":24.0,"turns":5.0},{"damage":0.0,"enemies":"3 Cultists","floor":27.0,"turns":3.0},{"damage":8.0,"enemies":"Book of Stabbing","floor":28.0,"turns":5.0},{"damage":11.0,"enemies":"Sentry and Sphere","floor":29.0,"turns":5.0},{"damage":0.0,"enemies":"Gremlin Leader","floor":31.0,"turns":3.0},{"damage":11.0,"enemies":"Champ","floor":33.0,"turns":11.0},{"damage":0.0,"enemies":"3 Shapes","floor":35.0,"turns":3.0},{"damage":31.0,"enemies":"3 Darklings","floor":37.0,"turns":3.0},{"damage":11.0,"enemies":"Mind Bloom Boss Battle","floor":38.0,"turns":7.0},{"damage":4.0,"enemies":"Sphere and 2 Shapes","floor":39.0,"turns":2.0},{"damage":0.0,"enemies":"Giant Head","floor":40.0,"turns":8.0},{"damage":25.0,"enemies":"Reptomancer","floor":42.0,"turns":3.0},{"damage":24.0,"enemies":"Giant Head","floor":44.0,"turns":10.0},{"damage":37.0,"enemies":"Transient","floor":45.0,"turns":6.0},{"damage":0.0,"enemies":"Reptomancer","floor":47.0,"turns":3.0},{"damage":26.0,"enemies":"Spire Growth","floor":48.0,"turns":3.0},{"damage":31.0,"enemies":"Time Eater","floor":50.0,"turns":11.0},{"damage":71,"enemies":"Awakened One","floor":51,"turns":9},{"damage":0,"enemies":"Shield and Spear","floor":55,"turns":3},{"damage":65,"enemies":"The Heart","floor":56,"turns":9}],"seed_played":"-2792886949393493713","potions_obtained":[{"floor":2.0,"key":"Weak Potion"},{"floor":6.0,"key":"Weak Potion"},{"floor":8.0,"key":"SpeedPotion"},{"floor":14.0,"key":"LiquidBronze"},{"floor":18.0,"key":"SneckoOil"},{"floor":27.0,"key":"Explosive Potion"},{"floor":28.0,"key":"Poison Potion"},{"floor":37.0,"key":"Ancient Potion"},{"floor":39.0,"key":"PowerPotion"},{"floor":42.0,"key":"FairyPotion"}],"is_trial":false,"path_per_floor":["M","M","$","?","M","E","R","E","T","?","?","$","E","M","R","B",null,"M","?","M","M","M","R","E","R","T","M","E","M","$","E","R","B",null,"M","$","M","?","M","E","R","E","T","E","M","?","E","M","R","B","B",null,"R","$","E","B",null],"character_chosen":"DEFECT","items_purchased":["Ball Lightning","Redo","Heatsinks","Medical Kit","Bottled Tornado","PowerPotion","Go for the Eyes+1","Orichalcum"],"campfire_rested":0,"item_purchase_floors":[3,3,12,30,54,54,54,54],"current_hp_per_floor":[64,64,64,59,59,35,35,28,28,17,17,17,21,24,24,17,65,57,57,57,64,55,55,27,27,27,34,40,43,43,50,50,53,74,81,81,64,81,81,81,81,70,70,60,39,39,55,38,38,48,25,67,67,67,81,30],"gold":68,"neow_bonus":"THREE_ENEMY_KILL","is_prod":false,"is_daily":false,"chose_seed":false,"campfire_upgraded":7,"win_rate":0,"timestamp":1562606104,"path_taken":["M","M","$","?","M","E","R","E","T","?","?","?","E","M","R","BOSS","M","?","M","M","M","R","E","R","T","M","E","M","?","E","R","BOSS","M","$","M","?","M","E","R","E","T","E","M","?","E","M","R","BOSS","BOSS","R","$","E","BOSS"],"build_version":"2019-07-05","purchased_purges":3,"victory":true,"max_hp_per_floor":[71,71,71,71,71,71,71,71,71,71,71,71,81,81,81,81,81,81,81,81,81,81,81,81,81,81,81,81,81,81,81,81,81,81,81,81,81,81,81,81,81,81,81,81,81,81,81,81,81,81,81,81,81,81,81,81],"card_choices":[{"not_picked":["Scrape","Gash"],"picked":"Cold Snap","floor":1.0},{"not_picked":["Rip and Tear","Reinforced Body"],"picked":"Conserve Battery","floor":2.0},{"not_picked":["Hello World","Auto Shields"],"picked":"Self Repair","floor":5.0},{"not_picked":["Leap","Aggregate"],"picked":"Double Energy","floor":6.0},{"not_picked":["Sweeping Beam+1","Aggregate"],"picked":"Streamline+1","floor":8.0},{"not_picked":["Ball Lightning+1","Hologram"],"picked":"Darkness","floor":13.0},{"not_picked":["Tempest","Compile Driver+1","Static Discharge"],"picked":"SKIP","floor":14.0},{"not_picked":["Multi-Cast","Reboot"],"picked":"Machine Learning","floor":16.0},{"not_picked":["Doom and Gloom+1","Capacitor","Redo"],"picked":"SKIP","floor":18.0},{"not_picked":["Hologram","Rebound+1"],"picked":"Coolheaded+1","floor":20.0},{"not_picked":["Echo Form","Beam Cell+1"],"picked":"Defragment","floor":21.0},{"not_picked":["Leap","Cold Snap+1"],"picked":"Coolheaded","floor":22.0},{"not_picked":["Streamline+1","Beam Cell+1","Leap"],"picked":"SKIP","floor":24.0},{"not_picked":["Go for the Eyes+1","Gash+1"],"picked":"Self Repair","floor":27.0},{"not_picked":["Hologram","Redo","Cold Snap+1"],"picked":"SKIP","floor":28.0},{"not_picked":["Hello World","Lockon+1","BootSequence"],"picked":"SKIP","floor":29.0},{"not_picked":["Conserve Battery+1","Doom and Gloom+1"],"picked":"Steam Power+1","floor":31.0},{"not_picked":["Sunder+1","Rebound+1","Leap"],"picked":"SKIP","floor":35.0},{"not_picked":["Go for the Eyes+1","Barrage+1","Gash+1"],"picked":"SKIP","floor":37.0},{"not_picked":["Beam Cell+1","Leap+1"],"picked":"White Noise","floor":38.0},{"not_picked":["Sweeping Beam+1","Aggregate","Beam Cell+1"],"picked":"SKIP","floor":39.0},{"not_picked":["Sweeping Beam+1","Aggregate","Beam Cell+1"],"picked":"SKIP","floor":39.0},{"not_picked":["Hyperbeam+1","Reprogram"],"picked":"Storm+1","floor":40.0},{"not_picked":["Coolheaded","Aggregate"],"picked":"Rainbow","floor":42.0},{"not_picked":["Consume","Beam Cell+1","Multi-Cast"],"picked":"SKIP","floor":44.0},{"not_picked":["Genetic Algorithm","Rebound+1","BootSequence+1"],"picked":"SKIP","floor":45.0},{"not_picked":["FTL+1","Barrage+1","Cold Snap+1"],"picked":"SKIP","floor":45.0},{"not_picked":["Impatience","Deep Breath"],"picked":"Panacea","floor":46.0},{"not_picked":["Leap","Barrage+1"],"picked":"Defragment","floor":47.0},{"not_picked":["Compile Driver+1","Sweeping Beam+1"],"picked":"Aggregate","floor":48.0},{"not_picked":["Storm+1","Doom and Gloom+1"],"picked":"Skim","floor":48.0},{"not_picked":["Capacitor+1","Genetic Algorithm+1"],"picked":"Recycle","floor":55}],"player_experience":620088,"relics_obtained":[{"floor":6.0,"key":"Mercury Hourglass"},{"floor":8.0,"key":"Mummified Hand"},{"floor":13.0,"key":"Pear"},{"floor":24.0,"key":"Gremlin Horn"},{"floor":26.0,"key":"Omamori"},{"floor":28.0,"key":"Juzu Bracelet"},{"floor":31.0,"key":"Centennial Puzzle"},{"floor":34.0,"key":"Bag of Preparation"},{"floor":34.0,"key":"Pantograph"},{"floor":34.0,"key":"Peace Pipe"},{"floor":38.0,"key":"Old Coin"},{"floor":40.0,"key":"Prayer Wheel"},{"floor":42.0,"key":"Smiling Mask"},{"floor":43.0,"key":"Regal Pillow"},{"floor":44.0,"key":"Blood Vial"},{"floor":47.0,"key":"Frozen Egg 2"},{"floor":55,"key":"Blue Candle"}],"event_choices":[{"damage_healed":0.0,"max_hp_gain":0.0,"max_hp_loss":0.0,"gold_gain":0.0,"event_name":"Scrap Ooze","player_choice":"Success","floor":4.0,"gold_loss":0.0,"damage_taken":5.0,"relics_obtained":["Molten Egg 2"]},{"damage_healed":0.0,"max_hp_gain":0.0,"max_hp_loss":0.0,"gold_gain":75.0,"event_name":"World of Goop","player_choice":"Gather Gold","floor":10.0,"gold_loss":0.0,"damage_taken":11.0},{"cards_removed":["Strike_B"],"damage_healed":0.0,"max_hp_gain":0.0,"max_hp_loss":0.0,"gold_gain":0.0,"event_name":"Living Wall","player_choice":"Forget","floor":11.0,"gold_loss":0.0,"damage_taken":0.0},{"cards_removed":["Gash"],"damage_healed":0.0,"max_hp_gain":0.0,"max_hp_loss":0.0,"gold_gain":0.0,"event_name":"Wheel of Change","player_choice":"Card Removal","floor":19.0,"gold_loss":0.0,"damage_taken":0.0},{"damage_healed":0.0,"max_hp_gain":0.0,"max_hp_loss":0.0,"gold_gain":0.0,"event_name":"MindBloom","player_choice":"Fight","floor":38.0,"gold_loss":0.0,"damage_taken":0.0},{"damage_healed":0.0,"max_hp_gain":0.0,"max_hp_loss":0.0,"gold_gain":0.0,"event_name":"SensoryStone","player_choice":"Memory 1","floor":46.0,"gold_loss":0.0,"damage_taken":0.0}],"is_beta":false,"boss_relics":[{"not_picked":["Velvet Choker","FrozenCore"],"picked":"Pandora\u0027s Box"},{"not_picked":["Runic Dome","Empty Cage"],"picked":"Calling Bell"}],"items_purged_floors":[12,36,54],"is_endless":false,"potions_floor_spawned":[2,6,8,14,18,27,28,33,37,39,42,45],"ascension_level":20}