{"gold_per_floor":[119,194,204,204,227,227,227,240,240,240,34,69,69,82,82,202,202,221,221,242,157,175,175,89,89,89,105,230,230,75,111,111,231,231,250,250,52,73,92,92,0,0,0,14,14,14,14,30,30,30],"floor_reached":51,"playtime":1575,"items_purged":["Strike_B","Streamline"],"score":678,"play_id":"af0d2ffe-3b23-49d2-a7e4-39a180d0ff8d","local_time":"20190618191521","is_ascension_mode":false,"campfire_choices":[{"data":"Consume","floor":6,"key":"SMITH"},{"data":"Capacitor","floor":10,"key":"SMITH"},{"data":"Zap","floor":13,"key":"SMITH"},{"data":"Dualcast","floor":15,"key":"SMITH"},{"data":"Coolheaded","floor":23,"key":"SMITH"},{"data":"Coolheaded","floor":25,"key":"SMITH"},{"data":"Fission","floor":29,"key":"SMITH"},{"data":"Capacitor","floor":32,"key":"SMITH"},{"data":"Recycle","floor":40,"key":"SMITH"},{"data":"Multi-Cast","floor":42,"key":"SMITH"},{"data":"Fission","floor":49,"key":"SMITH"}],"neow_cost":"NONE","seed_source_timestamp":32037185109538,"circlet_count":0,"master_deck":["Zap+1","Dualcast+1","Stack","Rip and Tear+1","Consume+1","Chill","Capacitor+1","Doom and Gloom","Chill","Multi-Cast+1","Coolheaded+1","Coolheaded+1","Fission+1","Capacitor+1","Undo","Electrodynamics","Chill","Melter","Heatsinks","Force Field","Recycle+1","Dark Shackles","Fission+1"],"relics":["Cracked Core","Golden Idol","Meat on the Bone","Runic Capacitor","Odd Mushroom","Coffee Dripper","The Courier","Bronze Scales","Nunchaku","Letter Opener","ClockworkSouvenir","Whetstone","Pandora\u0027s Box","Bag of Preparation","Red Mask","Molten Egg 2"],"potions_floor_usage":[19,50,50,50],"damage_taken":[{"damage":0,"enemies":"2 Louse","floor":1,"turns":3},{"damage":4,"enemies":"Small Slimes","floor":3,"turns":3},{"damage":1,"enemies":"Cultist","floor":5,"turns":3},{"damage":5,"enemies":"Looter","floor":8,"turns":4},{"damage":10,"enemies":"The Mushroom Lair","floor":12,"turns":5},{"damage":11,"enemies":"Blue Slaver","floor":14,"turns":4},{"damage":4,"enemies":"The Guardian","floor":16,"turns":9},{"damage":3,"enemies":"Shell Parasite","floor":18,"turns":6},{"damage":5,"enemies":"3 Byrds","floor":20,"turns":4},{"damage":0,"enemies":"Sentry and Sphere","floor":22,"turns":9},{"damage":0,"enemies":"Shelled Parasite and Fungi","floor":27,"turns":5},{"damage":15,"enemies":"Colosseum Slavers","floor":28,"turns":5},{"damage":12,"enemies":"Colosseum Nobs","floor":28,"turns":6},{"damage":24,"enemies":"Slavers","floor":31,"turns":4},{"damage":1,"enemies":"Collector","floor":33,"turns":13},{"damage":0,"enemies":"3 Shapes","floor":35,"turns":2},{"damage":0,"enemies":"Orb Walker","floor":38,"turns":2},{"damage":0,"enemies":"3 Darklings","floor":39,"turns":3},{"damage":0,"enemies":"Jaw Worm Horde","floor":44,"turns":2},{"damage":0,"enemies":"Maw","floor":48,"turns":6},{"damage":2,"enemies":"Time Eater","floor":50,"turns":8}],"seed_played":"-3355877257878962074","potions_obtained":[{"floor":1,"key":"Explosive Potion"},{"floor":12,"key":"FocusPotion"},{"floor":14,"key":"FocusPotion"},{"floor":19,"key":"Fruit Juice"},{"floor":19,"key":"Energy Potion"}],"is_trial":false,"path_per_floor":["M","?","M","?","M","R","?","M","T","R","$","?","R","M","R","B",null,"M","?","M","?","M","R","$","R","T","M","?","R","$","E","R","B",null,"M","?","$","M","M","R","?","R","T","M","$","?","$","M","R","B",null],"character_chosen":"DEFECT","items_purchased":["Runic Capacitor","Capacitor","ClockworkSouvenir","Bag of Preparation"],"campfire_rested":0,"item_purchase_floors":[11,24,30,37],"current_hp_per_floor":[75,64,60,42,41,41,41,36,36,36,36,38,38,39,39,47,75,72,77,72,72,72,72,72,72,72,72,45,45,45,33,33,44,80,80,80,80,80,80,80,80,80,80,80,80,80,80,80,80,78],"gold":30,"neow_bonus":"TRANSFORM_CARD","is_prod":false,"is_daily":false,"chose_seed":false,"campfire_upgraded":11,"win_rate":0,"timestamp":1560856521,"path_taken":["M","?","M","?","M","R","?","M","T","R","$","?","R","M","R","BOSS","M","?","?","?","M","R","$","R","T","M","?","R","$","E","R","BOSS","M","?","$","?","M","R","?","R","T","M","$","?","?","M","R","BOSS"],"build_version":"2019-01-23","purchased_purges":2,"victory":true,"max_hp_per_floor":[75,75,75,75,75,75,75,75,75,75,75,75,75,75,75,75,75,75,80,80,80,80,80,80,80,80,80,80,80,80,80,80,80,80,80,80,80,80,80,80,80,80,80,80,80,80,80,80,80,80],"card_choices":[{"not_picked":["Heatsinks","Steam"],"picked":"Rip and Tear","floor":1},{"not_picked":["Cold Snap","Aggregate"],"picked":"Consume","floor":3},{"not_picked":["Coolheaded","Compile Driver"],"picked":"Chill","floor":5},{"not_picked":["Double Energy","Redo"],"picked":"Capacitor","floor":8},{"not_picked":["Sweeping Beam","Turbo"],"picked":"Doom and Gloom","floor":12},{"not_picked":["Streamline","Compile Driver"],"picked":"Chill","floor":14},{"not_picked":["Biased Cognition","Reboot"],"picked":"Multi-Cast","floor":16},{"not_picked":["Barrage+1","Leap"],"picked":"Coolheaded","floor":18},{"not_picked":["Ball Lightning","Steam+1"],"picked":"Coolheaded","floor":20},{"not_picked":["Sweeping Beam","Auto Shields+1"],"picked":"Fission","floor":22},{"not_picked":["Steam Power","Redo"],"picked":"Undo","floor":27},{"not_picked":["Doom and Gloom","Barrage+1","Scrape"],"picked":"SKIP","floor":31},{"not_picked":["Multi-Cast","Meteor Strike"],"picked":"Electrodynamics","floor":33},{"not_picked":["White Noise+1","Melter+1","Conserve Battery+1"],"picked":"SKIP","floor":35},{"not_picked":["Hologram+1","Blizzard","Conserve Battery+1"],"picked":"SKIP","floor":38},{"not_picked":["Sweeping Beam+1","Barrage+1","Rip and Tear"],"picked":"SKIP","floor":39},{"not_picked":["Self Repair+1","Glacier+1"],"picked":"Fission","floor":44},{"not_picked":["Leap+1","Cold Snap+1","Go for the Eyes+1"],"picked":"SKIP","floor":48}],"player_experience":5412198,"relics_obtained":[{"floor":9,"key":"Meat on the Bone"},{"floor":12,"key":"Odd Mushroom"},{"floor":26,"key":"Bronze Scales"},{"floor":28,"key":"Nunchaku"},{"floor":28,"key":"Letter Opener"},{"floor":31,"key":"Whetstone"},{"floor":43,"key":"Molten Egg 2"}],"event_choices":[{"damage_healed":0,"gold_gain":75,"player_choice":"Gather Gold","damage_taken":11,"max_hp_gain":0,"max_hp_loss":0,"event_name":"World of Goop","floor":2,"gold_loss":0},{"damage_healed":0,"gold_gain":0,"player_choice":"Take Damage","damage_taken":18,"relics_obtained":["Golden Idol"],"max_hp_gain":0,"max_hp_loss":0,"event_name":"Golden Idol","floor":4,"gold_loss":0},{"damage_healed":0,"gold_gain":0,"player_choice":"Ignored","damage_taken":0,"max_hp_gain":0,"max_hp_loss":0,"event_name":"Liars Game","floor":7,"gold_loss":0},{"damage_healed":0,"gold_gain":0,"player_choice":"Fought Mushrooms","damage_taken":0,"max_hp_gain":0,"max_hp_loss":0,"event_name":"Mushrooms","floor":12,"gold_loss":0},{"damage_healed":0,"gold_gain":0,"player_choice":"Got Potions","damage_taken":0,"max_hp_gain":0,"max_hp_loss":0,"event_name":"Lab","floor":19,"gold_loss":0},{"damage_healed":0,"gold_gain":0,"player_choice":"Obtained Relic","damage_taken":0,"relics_obtained":["The Courier"],"max_hp_gain":0,"max_hp_loss":0,"event_name":"Addict","floor":21,"gold_loss":85},{"damage_healed":0,"gold_gain":0,"player_choice":"Fight","damage_taken":0,"max_hp_gain":0,"max_hp_loss":0,"event_name":"Colosseum","floor":28,"gold_loss":0},{"damage_healed":0,"gold_gain":0,"player_choice":"Fought Nobs","damage_taken":0,"max_hp_gain":0,"max_hp_loss":0,"event_name":"Colosseum","floor":28,"gold_loss":0},{"damage_healed":0,"gold_gain":0,"player_choice":"1 cards matched","damage_taken":0,"max_hp_gain":0,"max_hp_loss":0,"event_name":"Match and Keep!","floor":36,"gold_loss":0,"cards_obtained":["Dark Shackles"]},{"damage_healed":0,"gold_gain":0,"player_choice":"Paid","damage_taken":0,"relics_obtained":["Red Mask"],"max_hp_gain":0,"max_hp_loss":0,"event_name":"Tomb of Lord Red Mask","floor":41,"gold_loss":92},{"damage_healed":0,"gold_gain":0,"player_choice":"Memory 1","damage_taken":0,"max_hp_gain":0,"max_hp_loss":0,"event_name":"SensoryStone","floor":46,"gold_loss":0}],"is_beta":false,"boss_relics":[{"not_picked":["Nuclear Battery","Ectoplasm"],"picked":"Coffee Dripper"},{"not_picked":["Cursed Key","Lizard Tail"],"picked":"Pandora\u0027s Box"}],"items_purged_floors":[24,37],"is_endless":false,"potions_floor_spawned":[1,12,14,20,22,28,35,39,48],"ascension_level":0}