{"gold_per_floor":[114,189,202,217,217,217,243,243,243,276,276,276,276],"floor_reached":13,"playtime":364,"items_purged":[],"score":232,"play_id":"eca0b93b-f439-49b0-b4b6-c7945a84cf28","local_time":"20190304225747","is_ascension_mode":true,"campfire_choices":[{"data":"Deadly Poison","floor":6,"key":"SMITH"},{"data":"Malaise","floor":8,"key":"SMITH"},{"data":"Neutralize","floor":12,"key":"SMITH"}],"neow_cost":"NONE","seed_source_timestamp":49522822158442,"circlet_count":0,"master_deck":["AscendersBane","Defend_G","Defend_G","Defend_G","Defend_G","Defend_G","Strike_G","Strike_G","Strike_G","Strike_G","Survivor","Neutralize+1","Deadly Poison+1","Malaise+1","Doppelganger","Calculated Gamble"],"relics":["Runic Dome","Pear","Frozen Egg 2","Unceasing Top"],"potions_floor_usage":[10],"damage_taken":[{"damage":0,"enemies":"Jaw Worm","floor":1,"turns":5},{"damage":1,"enemies":"Small Slimes","floor":3,"turns":3},{"damage":4,"enemies":"2 Louse","floor":4,"turns":3},{"damage":0,"enemies":"Lagavulin","floor":7,"turns":8},{"damage":44,"enemies":"3 Sentries","floor":10,"turns":14},{"damage":0,"enemies":"Exordium Wildlife","floor":13,"turns":1}],"seed_played":"-1264425973439410146","potions_obtained":[{"floor":1,"key":"Weak Potion"}],"is_trial":false,"path_per_floor":["M","?","M","M","?","R","E","R","T","E","?","R","M"],"character_chosen":"THE_SILENT","items_purchased":[],"campfire_rested":0,"item_purchase_floors":[],"current_hp_per_floor":[59,48,47,43,43,43,53,53,53,9,9,9,9],"gold":276,"neow_bonus":"BOSS_RELIC","is_prod":false,"is_daily":false,"chose_seed":false,"campfire_upgraded":3,"win_rate":0,"timestamp":1551711467,"path_taken":["M","?","M","M","?","R","E","R","T","E","?","R","M"],"build_version":"2019-01-23","purchased_purges":0,"victory":false,"max_hp_per_floor":[66,66,66,66,66,66,76,76,76,76,76,76,76],"card_choices":[{"not_picked":["Concentrate","Deflect"],"picked":"Deadly Poison","floor":1},{"not_picked":["Flying Knee","Sucker Punch","Deflect"],"picked":"SKIP","floor":3},{"not_picked":["Cloak And Dagger","Acrobatics"],"picked":"Malaise","floor":4},{"not_picked":["Eviscerate","Deflect"],"picked":"Calculated Gamble","floor":7},{"not_picked":["Heel Hook","Blade Dance","Accuracy+1"],"picked":"SKIP","floor":10}],"player_experience":3316516,"relics_obtained":[{"floor":7,"key":"Pear"},{"floor":9,"key":"Frozen Egg 2"},{"floor":10,"key":"Unceasing Top"}],"event_choices":[{"damage_healed":0,"gold_gain":75,"player_choice":"Gather Gold","damage_taken":11,"max_hp_gain":0,"max_hp_loss":0,"event_name":"World of Goop","floor":2,"gold_loss":0},{"damage_healed":0,"gold_gain":0,"cards_transformed":["Strike_G"],"player_choice":"Change","damage_taken":0,"max_hp_gain":0,"max_hp_loss":0,"event_name":"Living Wall","floor":5,"gold_loss":0,"cards_obtained":["Doppelganger"]},{"damage_healed":0,"gold_gain":0,"player_choice":"Ignored","damage_taken":0,"max_hp_gain":0,"max_hp_loss":0,"event_name":"Liars Game","floor":11,"gold_loss":0}],"is_beta":false,"boss_relics":[],"items_purged_floors":[],"is_endless":false,"potions_floor_spawned":[1],"killed_by":"Exordium Wildlife","ascension_level":20}