{"gold_per_floor":[119,194,212,212,212,237,237,237,237,237,74,74,93,12,12,91,91,101,16,16,16],"floor_reached":21,"playtime":434,"items_purged":[],"score":346,"play_id":"4ee7a2b7-4b80-4038-9a65-b32858cc3b9d","local_time":"20190507021838","is_ascension_mode":true,"campfire_choices":[{"floor":7.0,"key":"REST"},{"data":"Darkness","floor":10.0,"key":"SMITH"},{"data":"Biased Cognition","floor":12.0,"key":"SMITH"},{"data":"Defragment","floor":15.0,"key":"SMITH"}],"neow_cost":"TEN_PERCENT_HP_LOSS","seed_source_timestamp":64074926334093,"circlet_count":0,"master_deck":["AscendersBane","Strike_B","Strike_B","Defend_B","Defend_B","Defend_B","Zap","Dualcast","Darkness+1","Biased Cognition+1","Defragment+1","Core Surge","Leap+1"],"special_seed":0,"relics":["Cracked Core","Toxic Egg 2","Ornamental Fan","DataDisk","Runic Pyramid","Molten Egg 2","Enchiridion"],"potions_floor_usage":[21],"damage_taken":[{"damage":7.0,"enemies":"Jaw Worm","floor":1.0,"turns":3.0},{"damage":4.0,"enemies":"Small Slimes","floor":3.0,"turns":4.0},{"damage":50.0,"enemies":"3 Sentries","floor":6.0,"turns":10.0},{"damage":7.0,"enemies":"2 Louse","floor":13.0,"turns":3.0},{"damage":6.0,"enemies":"The Guardian","floor":16.0,"turns":6.0},{"damage":29.0,"enemies":"2 Thieves","floor":18.0,"turns":3.0},{"damage":4,"enemies":"Shell Parasite","floor":21,"turns":2}],"seed_played":"3456038660453284954","potions_obtained":[{"floor":1.0,"key":"Regen Potion"},{"floor":6.0,"key":"GamblersBrew"},{"floor":18.0,"key":"AttackPotion"}],"is_trial":false,"path_per_floor":["M","?","M","?","T","E","R","?","T","R","$","R","M","$","R","B",null,"M","?","?","M"],"character_chosen":"DEFECT","items_purchased":["DataDisk","Defragment"],"campfire_rested":1,"item_purchase_floors":[11,14],"current_hp_per_floor":[57,46,42,47,47,12,32,32,32,32,32,32,25,25,25,19,57,28,28,7,3],"gold":16,"neow_bonus":"REMOVE_TWO","is_prod":false,"is_daily":false,"chose_seed":false,"campfire_upgraded":3,"win_rate":0,"timestamp":1557166718,"path_taken":["M","?","M","?","?","E","R","?","T","R","?","R","M","$","R","BOSS","M","?","?","M"],"build_version":"2019-01-23","purchased_purges":0,"victory":false,"max_hp_per_floor":[64,64,64,69,69,69,69,69,69,69,69,69,69,69,69,69,69,69,69,69,69],"card_choices":[{"not_picked":["Force Field","Stack"],"picked":"Darkness","floor":1.0},{"not_picked":["Go for the Eyes","Steam","Streamline"],"picked":"SKIP","floor":3.0},{"not_picked":["Cold Snap","Gash"],"picked":"Biased Cognition","floor":6.0},{"not_picked":["Sweeping Beam","Rip and Tear","Compile Driver"],"picked":"SKIP","floor":13.0},{"not_picked":["Machine Learning","Thunder Strike"],"picked":"Core Surge","floor":16.0},{"not_picked":["Streamline","Go for the Eyes"],"picked":"Leap+1","floor":18.0}],"player_experience":4635512,"relics_obtained":[{"floor":6.0,"key":"Toxic Egg 2"},{"floor":9.0,"key":"Ornamental Fan"},{"floor":20.0,"key":"Enchiridion"}],"event_choices":[{"damage_healed":0.0,"max_hp_gain":0.0,"max_hp_loss":0.0,"gold_gain":75.0,"event_name":"World of Goop","player_choice":"Gather Gold","floor":2.0,"gold_loss":0.0,"damage_taken":11.0},{"damage_healed":0.0,"max_hp_gain":5.0,"max_hp_loss":0.0,"gold_gain":0.0,"event_name":"Big Fish","player_choice":"Donut","floor":4.0,"gold_loss":0.0,"damage_taken":0.0},{"cards_removed":["Strike_B"],"damage_healed":0.0,"max_hp_gain":0.0,"max_hp_loss":0.0,"gold_gain":0.0,"event_name":"Living Wall","player_choice":"Forget","floor":8.0,"gold_loss":0.0,"damage_taken":0.0},{"damage_healed":0.0,"max_hp_gain":0.0,"max_hp_loss":0.0,"gold_gain":0.0,"event_name":"Addict","player_choice":"Obtained Relic","floor":19.0,"gold_loss":85.0,"damage_taken":0.0,"relics_obtained":["Molten Egg 2"]},{"damage_healed":0.0,"max_hp_gain":0.0,"max_hp_loss":0.0,"gold_gain":0.0,"event_name":"Cursed Tome","player_choice":"Obtained Book","floor":20.0,"gold_loss":0.0,"damage_taken":21.0}],"is_beta":false,"boss_relics":[{"not_picked":["Sozu","Ectoplasm"],"picked":"Runic Pyramid"}],"items_purged_floors":[],"is_endless":false,"potions_floor_spawned":[1,6,18],"killed_by":"Shell Parasite","ascension_level":20}