{"gold_per_floor":[14,89,11,27,47,47,47,66,92,153,153,78,78,78,78,154,154,164,64,64,64,84,84,100,100,100,115,127,127,127,143,143,143],"floor_reached":33,"playtime":1035,"items_purged":["Strike_G","Strike_G"],"score":490,"play_id":"c4cbaf87-0fd0-43e3-9305-2d8fa4f2d1d4","local_time":"20181118161615","is_ascension_mode":true,"campfire_choices":[{"data":"Strike_G","floor":6.0,"key":"PURGE"},{"data":"Strike_G","floor":11.0,"key":"PURGE"},{"data":"Strike_G","floor":13.0,"key":"PURGE"},{"data":"Bouncing Flask","floor":15.0,"key":"SMITH"},{"data":"Flechettes","floor":23.0,"key":"SMITH"},{"data":"Defend_G","floor":25.0,"key":"PURGE"},{"data":"Neutralize","floor":29.0,"key":"SMITH"},{"floor":32.0,"key":"REST"}],"neow_cost":"NO_GOLD","seed_source_timestamp":1573842477252058,"circlet_count":0,"master_deck":["AscendersBane","Defend_G","Defend_G","Defend_G","Survivor","Neutralize+1","Flechettes+1","Bouncing Flask+1","Adrenaline","Acrobatics"],"special_seed":0,"relics":["Ring of the Snake","Peace Pipe","Potion Belt","Tiny Chest","Sozu","CultistMask","Pear"],"potions_floor_usage":[],"damage_taken":[{"damage":1.0,"enemies":"Small Slimes","floor":1.0,"turns":4.0},{"damage":0.0,"enemies":"2 Louse","floor":4.0,"turns":1.0},{"damage":0.0,"enemies":"Cultist","floor":5.0,"turns":3.0},{"damage":5.0,"enemies":"Red Slaver","floor":8.0,"turns":3.0},{"damage":22.0,"enemies":"Gremlin Nob","floor":10.0,"turns":4.0},{"damage":18.0,"enemies":"The Guardian","floor":16.0,"turns":11.0},{"damage":23.0,"enemies":"2 Thieves","floor":18.0,"turns":4.0},{"damage":0.0,"enemies":"3 Byrds","floor":22.0,"turns":7.0},{"damage":9.0,"enemies":"Snake Plant","floor":24.0,"turns":4.0},{"damage":2.0,"enemies":"Centurion and Healer","floor":27.0,"turns":4.0},{"damage":17.0,"enemies":"Shelled Parasite and Fungi","floor":28.0,"turns":6.0},{"damage":0.0,"enemies":"Snake Plant","floor":31.0,"turns":4.0},{"damage":51,"enemies":"Automaton","floor":33,"turns":6}],"seed_played":"5081863230354719290","potions_obtained":[{"floor":5.0,"key":"Weak Potion"},{"floor":7.0,"key":"AttackPotion"},{"floor":7.0,"key":"Poison Potion"},{"floor":8.0,"key":"Dexterity Potion"},{"floor":16.0,"key":"Regen Potion"}],"is_trial":false,"path_per_floor":["M","?","$","M","M","R","?","M","T","E","R","$","R","?","R","B",null,"M","$","?","?","M","R","M","R","T","M","M","R","?","M","R","B"],"character_chosen":"THE_SILENT","items_purchased":["Bouncing Flask"],"campfire_rested":1,"item_purchase_floors":[3],"current_hp_per_floor":[58,47,47,47,47,47,47,42,42,20,20,20,20,20,20,2,50,41,41,41,41,41,41,32,32,42,40,23,23,23,23,45,0],"gold":143,"neow_bonus":"ONE_RARE_RELIC","is_prod":false,"is_daily":false,"chose_seed":false,"campfire_upgraded":3,"win_rate":0,"timestamp":1542528975,"path_taken":["M","?","$","M","M","R","?","?","T","E","R","?","R","?","R","BOSS","M","$","?","?","M","R","M","R","T","M","?","R","?","?","R","BOSS"],"build_version":"2018-11-15","purchased_purges":2,"victory":false,"max_hp_per_floor":[66,66,66,66,66,66,66,66,66,66,66,66,66,66,66,66,66,66,66,66,66,66,66,66,66,76,76,76,76,76,76,76,76],"card_choices":[{"not_picked":["Blade Dance","Cloak And Dagger"],"picked":"Flechettes","floor":1.0},{"not_picked":["Caltrops","Prepared","Deflect"],"picked":"SKIP","floor":4.0},{"not_picked":["Leg Sweep","Deadly Poison","Quick Slash"],"picked":"SKIP","floor":5.0},{"not_picked":["Predator","Deflect","Bane"],"picked":"SKIP","floor":8.0},{"not_picked":["Bane","Distraction","Quick Slash"],"picked":"SKIP","floor":10.0},{"not_picked":["Unload","Tools of the Trade"],"picked":"Adrenaline","floor":16.0},{"not_picked":["Setup+1","Sucker Punch","Flechettes"],"picked":"SKIP","floor":18.0},{"not_picked":["Cloak And Dagger+1","Dodge and Roll","Sucker Punch"],"picked":"SKIP","floor":22.0},{"not_picked":["Prepared","Underhanded Strike"],"picked":"Acrobatics","floor":24.0},{"not_picked":["Underhanded Strike","Sucker Punch","Outmaneuver"],"picked":"SKIP","floor":27.0},{"not_picked":["Masterful Stab","Infinite Blades","Deadly Poison"],"picked":"SKIP","floor":28.0},{"not_picked":["PiercingWail","Cloak And Dagger","Night Terror"],"picked":"SKIP","floor":31.0}],"player_experience":532765,"relics_obtained":[{"floor":9.0,"key":"Potion Belt"},{"floor":10.0,"key":"Tiny Chest"},{"floor":26.0,"key":"Pear"}],"event_choices":[{"damage_healed":0.0,"max_hp_gain":0.0,"max_hp_loss":0.0,"gold_gain":75.0,"event_name":"World of Goop","player_choice":"Gather Gold","floor":2.0,"gold_loss":0.0,"damage_taken":11.0},{"damage_healed":0.0,"max_hp_gain":0.0,"max_hp_loss":0.0,"gold_gain":0.0,"event_name":"Lab","player_choice":"Got Potions","floor":7.0,"gold_loss":0.0,"damage_taken":0.0},{"damage_healed":0.0,"max_hp_gain":0.0,"max_hp_loss":0.0,"gold_gain":0.0,"event_name":"Scrap Ooze","player_choice":"Fled","floor":14.0,"gold_loss":0.0,"damage_taken":0.0},{"damage_healed":0.0,"max_hp_gain":0.0,"max_hp_loss":0.0,"gold_gain":0.0,"event_name":"Beggar","player_choice":"Ignored","floor":20.0,"gold_loss":0.0,"damage_taken":0.0},{"damage_healed":0.0,"max_hp_gain":0.0,"max_hp_loss":0.0,"gold_gain":0.0,"event_name":"FaceTrader","player_choice":"Trade","floor":21.0,"gold_loss":0.0,"damage_taken":0.0,"relics_obtained":["CultistMask"]},{"cards_removed":["Defend_G"],"damage_healed":0.0,"max_hp_gain":0.0,"max_hp_loss":0.0,"gold_gain":0.0,"event_name":"Bonfire Elementals","player_choice":"Offered Basic","floor":30.0,"gold_loss":0.0,"damage_taken":0.0}],"is_beta":true,"boss_relics":[{"not_picked":["Snecko Eye","Velvet Choker"],"picked":"Sozu"}],"items_purged_floors":[12,19],"is_endless":false,"potions_floor_spawned":[5,8,16,22],"killed_by":"Automaton","ascension_level":20}