{"gold_per_floor":[116,116,41,116,134,134,158,158,158,158,58,77,110,130,130,130],"floor_reached":16,"playtime":309,"items_purged":["Strike_B"],"score":200,"play_id":"ff2a8821-2206-4cc4-b06b-abe635db1cae","local_time":"20190225134801","is_ascension_mode":true,"campfire_choices":[{"data":"Streamline","floor":6,"key":"SMITH"},{"data":"Zap","floor":8,"key":"SMITH"},{"data":"Dualcast","floor":10,"key":"SMITH"},{"data":"Go for the Eyes","floor":15,"key":"SMITH"}],"neow_cost":"NONE","seed_source_timestamp":669274279851167,"circlet_count":0,"master_deck":["AscendersBane","Defend_B","Defend_B","Defend_B","Defend_B","Zap+1","Dualcast+1","Ball Lightning","Streamline+1","Gash","Beam Cell","Hologram","Go for the Eyes+1","Coolheaded"],"relics":["Empty Cage","Golden Idol","Kunai","Turnip"],"potions_floor_usage":[13],"damage_taken":[{"damage":13,"enemies":"Cultist","floor":1,"turns":6},{"damage":4,"enemies":"2 Louse","floor":5,"turns":2},{"damage":4,"enemies":"Small Slimes","floor":7,"turns":3},{"damage":12,"enemies":"Exordium Wildlife","floor":12,"turns":3},{"damage":8,"enemies":"Lagavulin","floor":13,"turns":4},{"damage":1,"enemies":"Red Slaver","floor":14,"turns":3},{"damage":15,"enemies":"Hexaghost","floor":16,"turns":7}],"seed_played":"5396353502818983793","potions_obtained":[{"floor":1,"key":"Fire Potion"},{"floor":12,"key":"AttackPotion"},{"floor":14,"key":"Explosive Potion"}],"is_trial":false,"path_per_floor":["M","?","?","?","M","R","M","R","T","R","$","M","E","M","R","B"],"character_chosen":"DEFECT","items_purchased":["Beam Cell"],"campfire_rested":0,"item_purchase_floors":[11],"current_hp_per_floor":[51,51,51,40,36,36,32,32,32,32,32,20,12,11,11,0],"gold":130,"neow_bonus":"BOSS_RELIC","is_prod":false,"is_daily":false,"chose_seed":false,"campfire_upgraded":4,"win_rate":0,"timestamp":1551073681,"path_taken":["M","?","?","?","M","R","?","R","T","R","?","M","E","M","R","BOSS"],"build_version":"2019-01-23","purchased_purges":1,"victory":false,"max_hp_per_floor":[71,64,64,64,64,64,64,64,64,64,64,64,64,64,64,64],"card_choices":[{"not_picked":["Fusion","Barrage"],"picked":"Ball Lightning","floor":1},{"not_picked":["Go for the Eyes","Darkness"],"picked":"Streamline","floor":5},{"not_picked":["Streamline","Static Discharge"],"picked":"Gash","floor":7},{"not_picked":["Stack","Compile Driver"],"picked":"Hologram","floor":12},{"not_picked":["Reprogram","Compile Driver"],"picked":"Go for the Eyes","floor":13},{"not_picked":["Thunder Strike","Stack"],"picked":"Coolheaded","floor":14}],"player_experience":991612,"relics_obtained":[{"floor":9,"key":"Kunai"},{"floor":13,"key":"Turnip"}],"event_choices":[{"damage_healed":0,"gold_gain":0,"player_choice":"Lose Max HP","damage_taken":0,"relics_obtained":["Golden Idol"],"max_hp_gain":0,"max_hp_loss":7,"event_name":"Golden Idol","floor":2,"gold_loss":0},{"cards_removed":["Strike_B"],"damage_healed":0,"gold_gain":0,"player_choice":"Card Removal","damage_taken":0,"max_hp_gain":0,"max_hp_loss":0,"event_name":"The Cleric","floor":3,"gold_loss":75},{"damage_healed":0,"gold_gain":75,"player_choice":"Gather Gold","damage_taken":11,"max_hp_gain":0,"max_hp_loss":0,"event_name":"World of Goop","floor":4,"gold_loss":0}],"is_beta":false,"boss_relics":[],"items_purged_floors":[11],"is_endless":false,"potions_floor_spawned":[1,12,14],"killed_by":"Hexaghost","ascension_level":20}