{"gold_per_floor":[109,34,34,46,46,46,79,95,95,126,139,139,154,194,194,194],"floor_reached":16,"playtime":1139,"items_purged":["Rebound"],"score":120,"play_id":"406bbebd-9aa4-436b-acc2-66c04c0879b3","local_time":"20180705183635","daily_mods":["Draft","Heirloom","Elite Swarm"],"is_ascension_mode":false,"campfire_choices":[{"data":"Chaos","floor":6,"key":"SMITH"},{"data":"Double Energy","floor":12,"key":"SMITH"},{"data":"Fusion","floor":15,"key":"SMITH"}],"neow_cost":"","seed_source_timestamp":0,"circlet_count":0,"master_deck":["Double Energy","Leap","Coolheaded","Melter","Streamline","Turbo","Chaos+1","Barrage","Sunder","Tempest","Double Energy+1","Hologram","Sweeping Beam","Fusion+1","Tempest","Injury","Amplify","Meteor Strike","Conserve Battery","Fission"],"relics":["Cracked Core","Thread and Needle","Golden Idol","Letter Opener","Oddly Smooth Stone","Meat on the Bone","Shovel"],"potions_floor_usage":[],"damage_taken":[{"damage":0,"enemies":"Jaw Worm","floor":1,"turns":2},{"damage":0,"enemies":"Cultist","floor":4,"turns":2},{"damage":11,"enemies":"Gremlin Nob","floor":7,"turns":3},{"damage":0,"enemies":"2 Louse","floor":8,"turns":1},{"damage":8,"enemies":"Lagavulin","floor":10,"turns":5},{"damage":0,"enemies":"Large Slime","floor":11,"turns":2},{"damage":8,"enemies":"Gremlin Gang","floor":13,"turns":3},{"damage":3,"enemies":"3 Sentries","floor":14,"turns":2},{"damage":49,"enemies":"Hexaghost","floor":16,"turns":9}],"seed_played":"4718333272863020476","potions_obtained":[{"floor":7,"key":"EssenceOfSteel"},{"floor":10,"key":"Explosive Potion"},{"floor":14,"key":"EntropicBrew"}],"is_trial":true,"path_per_floor":["M","$","?","M","?","R","E","M","T","E","M","R","M","E","R"],"character_chosen":"DEFECT","items_purchased":[],"campfire_rested":0,"item_purchase_floors":[],"current_hp_per_floor":[75,75,75,75,75,75,64,64,64,56,56,56,48,45,45,0],"gold":194,"neow_bonus":"","is_prod":false,"is_daily":false,"chose_seed":false,"campfire_upgraded":3,"win_rate":0,"timestamp":1530808595,"path_taken":["M","$","?","M","?","R","E","M","T","E","M","R","M","E","R","BOSS"],"build_version":"2018-06-28","purchased_purges":1,"victory":false,"max_hp_per_floor":[75,75,75,75,75,75,75,75,75,75,75,75,75,75,75,75],"card_choices":[{"not_picked":["Stack","Beam Cell"],"picked":"Double Energy","floor":0},{"not_picked":["Compile Driver","Sweeping Beam"],"picked":"Leap","floor":0},{"not_picked":["Melter","Recycle"],"picked":"Coolheaded","floor":0},{"not_picked":["Darkness","Steam"],"picked":"Melter","floor":0},{"not_picked":["Leap","Darkness"],"picked":"Streamline","floor":0},{"not_picked":["Sweeping Beam","Redo"],"picked":"Turbo","floor":0},{"not_picked":["Stack","Turbo"],"picked":"Chaos","floor":0},{"not_picked":["Go for the Eyes","Reprogram"],"picked":"Chaos","floor":0},{"not_picked":["Reinforced Body","Compile Driver"],"picked":"Barrage","floor":0},{"not_picked":["Hello World","Gash"],"picked":"Sunder","floor":0},{"not_picked":["Leap","Darkness"],"picked":"Tempest","floor":0},{"not_picked":["Tempest","Sweeping Beam"],"picked":"Double Energy","floor":0},{"not_picked":["Blizzard","Lockon"],"picked":"Hologram","floor":0},{"not_picked":["Blizzard","Rip and Tear"],"picked":"Sweeping Beam","floor":0},{"not_picked":["Redo","Recycle"],"picked":"Rebound","floor":0},{"not_picked":["BootSequence","Turbo"],"picked":"Fusion","floor":1},{"not_picked":["Force Field","Heatsinks"],"picked":"Tempest","floor":4},{"not_picked":["Hyperbeam","Biased Cognition"],"picked":"Amplify","floor":7},{"not_picked":["Rebound","Hologram","Steam"],"picked":"SKIP","floor":8},{"not_picked":["All For One","Reboot"],"picked":"Meteor Strike","floor":10},{"not_picked":["Aggregate","Undo"],"picked":"Conserve Battery","floor":11},{"not_picked":["Ball Lightning","Go for the Eyes","Coolheaded"],"picked":"SKIP","floor":13},{"not_picked":["Amplify","Rainbow"],"picked":"Fission","floor":14}],"player_experience":305916,"relics_obtained":[{"floor":7,"key":"Letter Opener"},{"floor":9,"key":"Oddly Smooth Stone"},{"floor":10,"key":"Meat on the Bone"},{"floor":14,"key":"Shovel"}],"event_choices":[{"event_name":"Purifier","player_choice":"One Purge","floor":3,"damage_taken":0},{"event_name":"Golden Idol","player_choice":"Take Wound","floor":5,"damage_taken":0}],"boss_relics":[],"items_purged_floors":[2],"is_endless":false,"potions_floor_spawned":[7,10,14],"killed_by":"Hexaghost","ascension_level":0}