{"gold_per_floor":[214,364,67,67,77,77,90,110,110,110,125,135,145,145,145,217,217,234,159,59,76,90,90,102,102,126,156,156,191,191,191],"floor_reached":31,"playtime":1317,"items_purged":["Doubt","Strike_B"],"score":634,"play_id":"30e30aa5-ebd6-4605-9a77-d5ff15893f82","local_time":"20190111122514","is_ascension_mode":true,"campfire_choices":[{"data":"Dualcast","floor":6.0,"key":"SMITH"},{"data":"Biased Cognition","floor":10.0,"key":"SMITH"},{"data":"Chaos","floor":15.0,"key":"SMITH"},{"data":"Biased Cognition","floor":23.0,"key":"SMITH"},{"floor":25,"key":"REST"},{"floor":28,"key":"REST"}],"neow_cost":"NONE","seed_source_timestamp":1790684223654,"circlet_count":0,"master_deck":["AscendersBane","Strike_B+1","Defend_B","Defend_B","Defend_B","Defend_B","Zap","Dualcast+1","Go for the Eyes","Chaos+1","Biased Cognition+1","Coolheaded","Hologram","Blizzard","Core Surge+1","Chaos+1","Hologram+1","Biased Cognition+1","Seek+1","Self Repair","Decay"],"special_seed":0,"relics":["Cracked Core","ClockworkSouvenir","Question Card","Toxic Egg 2","Runic Dome","Whetstone","Potion Belt","Pear"],"potions_floor_usage":[24,27],"damage_taken":[{"damage":1.0,"enemies":"Cultist","floor":1.0,"turns":3.0},{"damage":1.0,"enemies":"2 Louse","floor":5.0,"turns":3.0},{"damage":5.0,"enemies":"Small Slimes","floor":7.0,"turns":3.0},{"damage":14.0,"enemies":"Exordium Wildlife","floor":8.0,"turns":3.0},{"damage":6.0,"enemies":"3 Louse","floor":11.0,"turns":4.0},{"damage":0.0,"enemies":"2 Fungi Beasts","floor":12.0,"turns":2.0},{"damage":4.0,"enemies":"Large Slime","floor":13.0,"turns":4.0},{"damage":0.0,"enemies":"The Guardian","floor":16.0,"turns":10.0},{"damage":0.0,"enemies":"Chosen","floor":18.0,"turns":6.0},{"damage":18.0,"enemies":"Shell Parasite","floor":21.0,"turns":3.0},{"damage":1.0,"enemies":"Chosen and Byrds","floor":22.0,"turns":4.0},{"damage":19,"enemies":"Cultist and Chosen","floor":24,"turns":6},{"damage":31,"enemies":"Slavers","floor":27,"turns":7},{"damage":21,"enemies":"Gremlin Leader","floor":29,"turns":7},{"damage":21,"enemies":"Snake Plant","floor":31,"turns":1}],"seed_played":"-5000222849517062817","potions_obtained":[{"floor":7.0,"key":"Fire Potion"},{"floor":11.0,"key":"Swift Potion"},{"floor":21.0,"key":"FearPotion"},{"floor":22.0,"key":"SkillPotion"},{"floor":24,"key":"SkillPotion"},{"floor":29,"key":"Ancient Potion"}],"is_trial":false,"path_per_floor":["M","?","$","?","M","R","M","M","T","R","M","M","M","?","R","B",null,"M","?","$","M","M","R","M","R","T","E","R","E","?","M"],"character_chosen":"DEFECT","items_purchased":["ClockworkSouvenir"],"campfire_rested":2,"item_purchase_floors":[3],"current_hp_per_floor":[63,63,63,63,62,62,57,43,43,43,37,37,33,15,15,15,57,57,57,57,39,38,38,19,40,40,9,30,19,19,0],"gold":191,"neow_bonus":"HUNDRED_GOLD","is_prod":false,"is_daily":false,"chose_seed":false,"campfire_upgraded":4,"win_rate":0,"timestamp":1547180714,"path_taken":["M","?","$","?","?","R","M","M","T","R","M","M","M","?","R","BOSS","M","?","$","M","M","R","M","R","T","E","R","E","?","M"],"build_version":"2019-01-10","purchased_purges":2,"victory":false,"max_hp_per_floor":[71,71,71,71,71,71,71,71,71,71,71,71,71,71,71,71,71,71,71,71,71,71,71,71,71,71,71,71,81,81,81],"card_choices":[{"not_picked":["Redo","BootSequence","Go for the Eyes"],"picked":"SKIP","floor":1.0},{"not_picked":["Lockon","Rebound"],"picked":"Go for the Eyes","floor":5.0},{"not_picked":["Reinforced Body","Conserve Battery"],"picked":"Chaos","floor":7.0},{"not_picked":["Reinforced Body","Storm"],"picked":"Biased Cognition","floor":8.0},{"not_picked":["Streamline","Lockon","Tempest"],"picked":"Coolheaded","floor":11.0},{"not_picked":["Redo","Sunder","Compile Driver"],"picked":"Hologram","floor":12.0},{"not_picked":["Compile Driver","Heatsinks","Barrage"],"picked":"Blizzard","floor":13.0},{"not_picked":["Fission+1","Electrodynamics","Echo Form"],"picked":"Core Surge","floor":16.0},{"not_picked":["Ball Lightning+1","Turbo+1","Self Repair"],"picked":"Chaos+1","floor":18.0},{"not_picked":["Rebound","Leap+1","Streamline"],"picked":"Hologram+1","floor":21.0},{"not_picked":["Stack+1","Sweeping Beam","Hologram+1"],"picked":"Biased Cognition","floor":22.0},{"not_picked":["Beam Cell+1","Stack+1","Gash","Steam+1"],"picked":"SKIP","floor":24},{"not_picked":["Stack+1","Cold Snap","Rebound"],"picked":"Seek+1","floor":27},{"not_picked":["Barrage+1","Compile Driver","Conserve Battery+1"],"picked":"Self Repair","floor":29}],"player_experience":1934223,"relics_obtained":[{"floor":9.0,"key":"Question Card"},{"floor":26,"key":"Whetstone"},{"floor":27,"key":"Potion Belt"},{"floor":29,"key":"Pear"}],"event_choices":[{"damage_healed":0.0,"max_hp_gain":0.0,"max_hp_loss":0.0,"gold_gain":150.0,"event_name":"Liars Game","player_choice":"AGREE","floor":2.0,"gold_loss":0.0,"damage_taken":0.0,"cards_obtained":["Doubt"]},{"cards_removed":["Strike_B"],"damage_healed":0.0,"max_hp_gain":0.0,"max_hp_loss":0.0,"gold_gain":0.0,"event_name":"Purifier","player_choice":"Purged","floor":4.0,"gold_loss":0.0,"damage_taken":0.0},{"damage_healed":0.0,"max_hp_gain":0.0,"max_hp_loss":0.0,"gold_gain":0.0,"event_name":"Scrap Ooze","player_choice":"Success","floor":14.0,"gold_loss":0.0,"damage_taken":18.0,"relics_obtained":["Toxic Egg 2"]},{"cards_removed":["Strike_B"],"damage_healed":0.0,"max_hp_gain":0.0,"max_hp_loss":0.0,"gold_gain":0.0,"event_name":"Beggar","player_choice":"Gave Gold","floor":19.0,"gold_loss":75.0,"damage_taken":0.0},{"damage_healed":0,"gold_gain":0,"player_choice":"Smashed Altar","damage_taken":0,"max_hp_gain":0,"max_hp_loss":0,"event_name":"Forgotten Altar","floor":30,"gold_loss":0,"cards_obtained":["Decay"]}],"is_beta":false,"boss_relics":[{"not_picked":["Tiny House","Ectoplasm"],"picked":"Runic Dome"}],"items_purged_floors":[3,20],"is_endless":false,"potions_floor_spawned":[7,11,13,21,22,24,29],"killed_by":"Snake Plant","ascension_level":20}