{"path_per_floor":["M","?","M","M","M","E","M","R","T","?","M","E","M","?","R","B",null,"M","M","?","M","M","E","M","M","T","?","R","M","E","M","R","B",null,"M","?","M","M","M","M","E","?","T","?","E","$","?","$","R","B"],"character_chosen":"IRONCLAD","items_purchased":["Shuriken","Lee\u0027s Waffle","Mango","Bronze Scales"],"gold_per_floor":[114,114,129,144,159,189,204,204,229,273,288,318,333,333,333,433,433,448,463,443,458,473,503,518,533,558,558,558,573,603,618,618,718,718,733,760,775,790,805,820,850,850,850,850,880,880,880,70,70,70],"floor_reached":51,"campfire_rested":2,"playtime":1678,"current_hp_per_floor":[78,82,81,80,79,78,77,76,75,74,73,73,78,77,76,56,74,83,82,81,80,72,74,77,76,75,74,73,72,71,70,69,68,67,66,65,64,63,62,61,62,61,62,54,62,61,60,80,79,78],"items_purged":[],"gold":70,"score":1015,"play_id":"0a0b059f-062d-4ef2-aa5d-9f73b1b31b3a","local_time":"20180327161805","daily_mods":["Allstar","Terminal","Vintage"],"is_prod":false,"is_daily":true,"is_ascension_mode":false,"campfire_upgraded":3,"timestamp":1522138685,"path_taken":["M","?","M","M","M","E","M","R","T","?","M","E","M","?","R","BOSS","M","M","?","M","M","E","M","M","T","?","R","M","E","M","R","BOSS","M","?","M","M","M","M","E","?","T","?","E","$","?","$","R","BOSS"],"build_version":"2018-03-22v2","purchased_purges":0,"victory":true,"master_deck":["Bash+1","Dramatic Entrance+1","Enlightenment+1","Rampage+1","Pummel+1","Barricade+1","Shrug It Off+1","Shrug It Off+1","Madness+1","Metallicize+1"],"max_hp_per_floor":[78,82,81,80,79,78,77,76,75,74,73,79,78,77,76,75,74,83,82,81,80,79,78,77,76,75,74,73,72,71,70,69,68,67,66,65,64,63,62,61,62,61,62,61,62,61,60,80,79,78],"relics":["Burning Blood","Paper Frog","Dream Catcher","Meat on the Bone","Orichalcum","Frozen Egg 2","War Paint","Juzu Bracelet","Art of War","Toolbox","Strawberry","Prayer Wheel","Kunai","Pandora\u0027s Box","Pear","Vajra","Du-Vu Doll","Anchor","Regal Pillow","Whetstone","Toxic Egg 2","Ancient Tea Set","Self Forming Clay","Bottled Lightning","Centennial Puzzle","Pen Nib","Sozu","Bag of Marbles","Ginger","Bag of Preparation","Molten Egg 2","Singing Bowl","The Courier","Darkstone Periapt","Happy Flower","Ice Cream","Shuriken","Lee\u0027s Waffle","Mango","Bronze Scales"],"card_choices":[{"not_picked":["Pummel","Disarm"],"picked":"Rampage","floor":6},{"not_picked":["Impervious","Berserk"],"picked":"Barricade","floor":16},{"not_picked":["Twin Strike","Wild Strike"],"picked":"Shrug It Off","floor":26},{"not_picked":["Evolve","Body Slam"],"picked":"Shrug It Off","floor":30},{"not_picked":["Warcry","Anger"],"picked":"Metallicize","floor":49}],"player_experience":319032,"potions_floor_usage":[10,16,16,21,23,23,41,50,50],"damage_taken":[{"damage":6,"enemies":"Jaw Worm","floor":1,"turns":2},{"damage":0,"enemies":"2 Louse","floor":3,"turns":2},{"damage":0,"enemies":"Small Slimes","floor":4,"turns":3},{"damage":0,"enemies":"Exordium Wildlife","floor":5,"turns":3},{"damage":0,"enemies":"Gremlin Nob","floor":6,"turns":4},{"damage":0,"enemies":"3 Louse","floor":7,"turns":3},{"damage":0,"enemies":"Gremlin Nob","floor":10,"turns":4},{"damage":2,"enemies":"Red Slaver","floor":11,"turns":2},{"damage":13,"enemies":"Lagavulin","floor":12,"turns":5},{"damage":0,"enemies":"Blue Slaver","floor":13,"turns":3},{"damage":26,"enemies":"The Guardian","floor":16,"turns":6},{"damage":0,"enemies":"Spheric Guardian","floor":18,"turns":3},{"damage":0,"enemies":"Chosen","floor":19,"turns":3},{"damage":0,"enemies":"Snecko","floor":21,"turns":2},{"damage":14,"enemies":"Snake Plant","floor":22,"turns":2},{"damage":8,"enemies":"Slavers","floor":23,"turns":4},{"damage":0,"enemies":"Centurion and Healer","floor":24,"turns":4},{"damage":0,"enemies":"Chosen and Byrds","floor":25,"turns":3},{"damage":0,"enemies":"Snecko","floor":29,"turns":3},{"damage":0,"enemies":"Book of Stabbing","floor":30,"turns":3},{"damage":0,"enemies":"3 Cultists","floor":31,"turns":5},{"damage":0,"enemies":"Champ","floor":33,"turns":5},{"damage":0,"enemies":"3 Darklings","floor":35,"turns":5},{"damage":0,"enemies":"…Ò√ÿ‘≤«Ú","floor":36,"turns":5},{"damage":0,"enemies":"Orb Walker","floor":37,"turns":2},{"damage":0,"enemies":"4 Shapes","floor":38,"turns":4},{"damage":0,"enemies":"3 Darklings","floor":39,"turns":3},{"damage":0,"enemies":"Maw","floor":40,"turns":4},{"damage":3,"enemies":"Nemesis","floor":41,"turns":9},{"damage":0,"enemies":"2 Orb Walkers","floor":45,"turns":4},{"damage":0,"enemies":"Time Eater","floor":50,"turns":6}],"event_choices":[{"event_name":"Big Fish","player_choice":"Donut","floor":2,"damage_taken":0},{"event_name":"Dead Adventurer","player_choice":"Searched \u00272\u0027 times","floor":10,"damage_taken":0},{"event_name":"Living Wall","player_choice":"Change","floor":14,"damage_taken":0},{"event_name":"The Woman in Blue","player_choice":"Bought 1 Potion","floor":20,"damage_taken":0},{"event_name":"Vampires","player_choice":"Ignored","floor":27,"damage_taken":0},{"event_name":"Mysterious Sphere","player_choice":"Fight","floor":36,"damage_taken":0},{"event_name":"Tomb of Lord Red Mask","player_choice":"Ignored","floor":42,"damage_taken":0},{"event_name":"Winding Halls","player_choice":"Embrace Madness","floor":44,"damage_taken":0}],"boss_relics":[{"not_picked":["Mark of Pain","Velvet Choker"],"picked":"Pandora\u0027s Box"},{"not_picked":["Runic Dome","Calling Bell"],"picked":"Sozu"}],"potions_floor_spawned":[1,4,6,11,13,19,21,29,30,31,36,38,40,41,45],"seed_played":"7182393064752794015","ascension_level":0,"is_trial":false}