{"gold_per_floor":[119,69,20,39,39,39,69,69,92,92,107,132,150,168,168,272,272,284,284,284,297,94,94,94,107,107,107,126,126,139,157,157,260,260,275,275,275,275,275,275,293,293,293,306,320,167,182,182,182,182],"floor_reached":51,"playtime":2072,"items_purged":["Strike_G"],"score":697,"play_id":"3f9df510-f7b6-4121-a8e2-1c8e0b032734","local_time":"20181018175448","is_ascension_mode":false,"campfire_choices":[{"data":"Deadly Poison","floor":6.0,"key":"SMITH"},{"data":"Corpse Explosion","floor":8.0,"key":"SMITH"},{"data":"Neutralize","floor":10.0,"key":"SMITH"},{"data":"Backflip","floor":15.0,"key":"SMITH"},{"data":"Catalyst","floor":23.0,"key":"SMITH"},{"data":"Catalyst","floor":27.0,"key":"SMITH"},{"data":"Footwork","floor":29.0,"key":"SMITH"},{"data":"Glass Knife","floor":32.0,"key":"SMITH"},{"data":"Venomology","floor":40,"key":"SMITH"},{"data":"Dash","floor":42,"key":"SMITH"},{"data":"Survivor","floor":49,"key":"SMITH"}],"neow_cost":"NONE","seed_source_timestamp":31821782884634,"circlet_count":0,"master_deck":["Defend_G","Defend_G","Defend_G","Defend_G","Defend_G","Strike_G","Strike_G","Strike_G","Survivor+1","Neutralize+1","Corpse Explosion+1","Dash+1","Deadly Poison+1","Die Die Die","Backflip+1","Glass Knife+1","Footwork+1","Catalyst+1","PiercingWail+1","Catalyst+1","Die Die Die","Venomology+1","Catalyst+1","Clumsy","Catalyst+1","Well Laid Plans+1","Footwork+1","Decay"],"special_seed":0,"relics":["Ring of the Snake","Bag of Marbles","Snake Skull","Odd Mushroom","Orrery","Frozen Egg 2","DollysMirror","Bottled Lightning","Cursed Key","Singing Bowl"],"potions_floor_usage":[44,45,50,50,50],"damage_taken":[{"damage":0.0,"enemies":"Small Slimes","floor":1.0,"turns":5.0},{"damage":0.0,"enemies":"Jaw Worm","floor":4.0,"turns":4.0},{"damage":9.0,"enemies":"3 Sentries","floor":7.0,"turns":3.0},{"damage":0.0,"enemies":"Cultist","floor":11.0,"turns":3.0},{"damage":0.0,"enemies":"The Mushroom Lair","floor":12.0,"turns":2.0},{"damage":0.0,"enemies":"Blue Slaver","floor":13.0,"turns":3.0},{"damage":4.0,"enemies":"Looter","floor":14.0,"turns":3.0},{"damage":17.0,"enemies":"Hexaghost","floor":16.0,"turns":9.0},{"damage":0.0,"enemies":"3 Byrds","floor":18.0,"turns":2.0},{"damage":9.0,"enemies":"Shell Parasite","floor":21.0,"turns":6.0},{"damage":1.0,"enemies":"Snecko","floor":25.0,"turns":4.0},{"damage":1.0,"enemies":"Cultist and Chosen","floor":28.0,"turns":3.0},{"damage":10.0,"enemies":"Centurion and Healer","floor":30.0,"turns":6.0},{"damage":7.0,"enemies":"Snake Plant","floor":31.0,"turns":4.0},{"damage":35.0,"enemies":"Collector","floor":33.0,"turns":4.0},{"damage":0.0,"enemies":"Orb Walker","floor":35.0,"turns":3.0},{"damage":6,"enemies":"3 Shapes","floor":41,"turns":1},{"damage":0,"enemies":"Transient","floor":44,"turns":5},{"damage":2,"enemies":"3 Darklings","floor":45,"turns":2},{"damage":2,"enemies":"Spire Growth","floor":47,"turns":2},{"damage":2,"enemies":"Time Eater","floor":50,"turns":3}],"seed_played":"-3097062155847348625","potions_obtained":[{"floor":1.0,"key":"EntropicBrew"},{"floor":14.0,"key":"Fire Potion"},{"floor":16.0,"key":"Dexterity Potion"},{"floor":33.0,"key":"Swift Potion"},{"floor":41,"key":"Fire Potion"}],"is_trial":false,"path_per_floor":["M","?","$","M","$","R","E","R","T","R","M","?","M","M","R","B",null,"M","?","?","M","$","R","?","M","T","R","M","R","M","M","R","B",null,"M","?","?","?","?","R","M","R","T","M","M","$","M","?","R","B"],"character_chosen":"THE_SILENT","items_purchased":["Deadly Poison","DollysMirror","Well Laid Plans+1"],"campfire_rested":0,"item_purchase_floors":[3,22,46],"current_hp_per_floor":[70,70,70,70,70,70,61,61,61,61,61,61,61,57,57,40,70,70,70,70,61,61,61,61,60,60,60,59,59,49,42,42,7,70,70,70,66,66,66,66,60,60,60,60,60,60,58,58,58,56],"gold":182,"neow_bonus":"ONE_RANDOM_RARE_CARD","is_prod":false,"is_daily":false,"chose_seed":false,"campfire_upgraded":11,"win_rate":0,"timestamp":1539856488,"path_taken":["M","?","$","M","$","R","E","R","T","R","M","?","M","M","R","BOSS","M","?","?","M","$","R","?","M","T","R","?","R","M","M","R","BOSS","M","?","?","?","?","R","?","R","T","M","M","$","M","?","R","BOSS"],"build_version":"2018-10-11","purchased_purges":1,"victory":true,"max_hp_per_floor":[70,70,70,70,70,70,70,70,70,70,70,70,70,70,70,70,70,70,70,70,70,70,70,70,70,70,70,70,70,70,70,70,70,70,70,70,66,66,66,66,66,66,66,66,68,68,68,68,68,68],"card_choices":[{"not_picked":["All Out Attack","Prepared"],"picked":"Dash","floor":1.0},{"not_picked":["Flechettes","PiercingWail","Riddle With Holes"],"picked":"SKIP","floor":4.0},{"not_picked":["Deflect","Quick Slash","Eviscerate"],"picked":"SKIP","floor":7.0},{"not_picked":["Blade Dance","Quick Slash","Acrobatics"],"picked":"SKIP","floor":11.0},{"not_picked":["Slice","Terror"],"picked":"Die Die Die","floor":12.0},{"not_picked":["Poisoned Stab","Quick Slash"],"picked":"Backflip","floor":13.0},{"not_picked":["Terror","Dodge and Roll","Sucker Punch"],"picked":"SKIP","floor":14.0},{"not_picked":["Die Die Die","Adrenaline"],"picked":"Glass Knife","floor":16.0},{"not_picked":["Masterful Stab","All Out Attack"],"picked":"Footwork","floor":17.0},{"not_picked":["Deadly Poison","Outmaneuver"],"picked":"Crippling Poison","floor":17.0},{"not_picked":["Dodge and Roll","Deflect+1","Skewer"],"picked":"SKIP","floor":18.0},{"not_picked":["Poisoned Stab","Bane"],"picked":"PiercingWail+1","floor":21.0},{"not_picked":["Eviscerate","Dagger Throw+1","Sucker Punch"],"picked":"SKIP","floor":25.0},{"not_picked":["Deflect+1","PiercingWail","Caltrops+1"],"picked":"SKIP","floor":28.0},{"not_picked":["Acrobatics","Blade Dance","Flechettes"],"picked":"SKIP","floor":30.0},{"not_picked":["Underhanded Strike","Deflect"],"picked":"Die Die Die","floor":31.0},{"not_picked":["Envenom+1","Doppelganger"],"picked":"Venomology","floor":33.0},{"not_picked":["Prepared+1","Infinite Blades+1","Bane"],"picked":"SKIP","floor":35.0},{"not_picked":["Flechettes","Infinite Blades+1","Caltrops+1"],"picked":"SKIP","floor":41},{"not_picked":["PiercingWail+1","Deadly Poison"],"picked":"Catalyst+1","floor":44},{"not_picked":["Slice+1","Terror+1","Backflip+1"],"picked":"Singing Bowl","floor":45},{"not_picked":["Eviscerate+1","Bane+1"],"picked":"Footwork+1","floor":47}],"player_experience":340754,"relics_obtained":[{"floor":7.0,"key":"Bag of Marbles"},{"floor":9.0,"key":"Snake Skull"},{"floor":12.0,"key":"Odd Mushroom"},{"floor":26.0,"key":"Bottled Lightning"},{"floor":43,"key":"Singing Bowl"}],"event_choices":[{"event_name":"The Cleric","player_choice":"Card Removal","floor":2.0,"damage_taken":0.0},{"event_name":"Mushrooms","player_choice":"Fought Mushrooms","floor":12.0,"damage_taken":0.0},{"event_name":"WeMeetAgain","player_choice":"Card","floor":19.0,"damage_taken":0.0},{"event_name":"The Library","player_choice":"Read","floor":20.0,"damage_taken":0.0},{"event_name":"Vampires","player_choice":"Ignored","floor":24.0,"damage_taken":0.0},{"event_name":"Duplicator","player_choice":"One dupe","floor":36.0,"damage_taken":0.0},{"event_name":"Winding Halls","player_choice":"Max HP","floor":37.0,"damage_taken":0.0},{"event_name":"SensoryStone","player_choice":"Memory 1","floor":38.0,"damage_taken":0.0},{"event_name":"FaceTrader","player_choice":"Leave","floor":39,"damage_taken":0},{"event_name":"Wheel of Change","player_choice":"Curse","floor":48,"damage_taken":0}],"is_beta":false,"boss_relics":[{"not_picked":["White Beast Statue","Lizard Tail"],"picked":"Orrery"},{"not_picked":["Astrolabe","Snecko Eye"],"picked":"Cursed Key"}],"items_purged_floors":[46],"is_endless":false,"potions_floor_spawned":[1,14,16,25,28,33,41],"ascension_level":0}