{"gold_per_floor":[111,36,48,59,59,59,94,94,143,174,174,208,220,220,220,220],"floor_reached":16,"playtime":407,"items_purged":["Strike_B"],"score":240,"play_id":"7f656a16-6298-41f8-a096-b240f18ce9a8","local_time":"20190416020438","is_ascension_mode":true,"campfire_choices":[{"data":"Chaos","floor":6.0,"key":"SMITH"},{"data":"Zap","floor":11.0,"key":"SMITH"},{"data":"Dualcast","floor":15.0,"key":"SMITH"}],"neow_cost":"NONE","seed_source_timestamp":0,"circlet_count":0,"master_deck":["AscendersBane","Strike_B","Strike_B","Defend_B","Defend_B","Defend_B","Defend_B","Zap+1","Dualcast+1","Go for the Eyes","Melter","Turbo","Chaos+1","Skim","Conserve Battery","Biased Cognition","Compile Driver"],"special_seed":0,"relics":["Cracked Core","NeowsBlessing","Blue Candle","Centennial Puzzle","Boot","Omamori","Golden Idol"],"potions_floor_usage":[16],"damage_taken":[{"damage":0.0,"enemies":"2 Louse","floor":1.0,"turns":1.0},{"damage":0.0,"enemies":"Cultist","floor":3.0,"turns":1.0},{"damage":0.0,"enemies":"Jaw Worm","floor":4.0,"turns":1.0},{"damage":34.0,"enemies":"3 Sentries","floor":7.0,"turns":8.0},{"damage":0.0,"enemies":"3 Louse","floor":8.0,"turns":1.0},{"damage":8.0,"enemies":"Lagavulin","floor":10.0,"turns":7.0},{"damage":8.0,"enemies":"Gremlin Nob","floor":12.0,"turns":3.0},{"damage":3.0,"enemies":"Exordium Wildlife","floor":13.0,"turns":3.0},{"damage":1,"enemies":"Hexaghost","floor":16,"turns":7}],"seed_played":"1116304308094306019","potions_obtained":[{"floor":4.0,"key":"Weak Potion"},{"floor":7.0,"key":"SmokeBomb"},{"floor":12.0,"key":"SneckoOil"}],"is_trial":false,"path_per_floor":["M","$","M","M","?","R","E","M","T","E","R","E","M","?","R","B"],"character_chosen":"DEFECT","items_purchased":[],"campfire_rested":0,"item_purchase_floors":[],"current_hp_per_floor":[64,64,64,64,64,64,30,30,30,22,22,14,11,11,11,10],"gold":220,"neow_bonus":"THREE_ENEMY_KILL","is_prod":false,"is_daily":false,"chose_seed":false,"campfire_upgraded":3,"win_rate":0,"timestamp":1555351478,"path_taken":["M","$","M","M","?","R","E","M","T","E","R","E","?","?","R","BOSS"],"build_version":"2019-01-23","purchased_purges":1,"victory":false,"max_hp_per_floor":[71,71,71,71,71,71,71,71,71,71,71,71,71,64,64,64],"card_choices":[{"not_picked":["Force Field","Rebound"],"picked":"Go for the Eyes","floor":1.0},{"not_picked":["Undo","Redo"],"picked":"Melter","floor":3.0},{"not_picked":["Lockon","Ball Lightning"],"picked":"Turbo","floor":4.0},{"not_picked":["Compile Driver","Stack"],"picked":"Skim","floor":7.0},{"not_picked":["Gash","Barrage"],"picked":"Conserve Battery","floor":10.0},{"not_picked":["Turbo","Leap"],"picked":"Biased Cognition","floor":12.0},{"not_picked":["Chill","Skim"],"picked":"Compile Driver","floor":13.0}],"player_experience":1402026,"relics_obtained":[{"floor":7.0,"key":"Blue Candle"},{"floor":9.0,"key":"Centennial Puzzle"},{"floor":10.0,"key":"Boot"},{"floor":12.0,"key":"Omamori"}],"event_choices":[{"damage_healed":0.0,"max_hp_gain":0.0,"max_hp_loss":0.0,"gold_gain":0.0,"cards_transformed":["Strike_B"],"event_name":"Transmorgrifier","player_choice":"Transformed","floor":5.0,"gold_loss":0.0,"damage_taken":0.0,"cards_obtained":["Chaos"]},{"damage_healed":0.0,"max_hp_gain":0.0,"max_hp_loss":7.0,"gold_gain":0.0,"event_name":"Golden Idol","player_choice":"Lose Max HP","floor":14.0,"gold_loss":0.0,"damage_taken":0.0,"relics_obtained":["Golden Idol"]}],"is_beta":false,"boss_relics":[],"items_purged_floors":[2],"is_endless":false,"potions_floor_spawned":[4,7,8,12],"killed_by":"Hexaghost","ascension_level":20}