{"gold_per_floor":[115,27,46,46,46,46,59,59,127,146,146,146,162,175,175,252,252,192,142,142,142,67,67,67,67,67,67,67,67,67,67,67,67,67,67,67,67,0,0,0,0,0,0,0,0,0,0,0,0,0],"floor_reached":50,"playtime":1512,"items_purged":["Strike_R"],"score":982,"play_id":"d8c98705-4ea4-42b8-af6d-4a26698c72a8","local_time":"20190122182652","is_ascension_mode":true,"campfire_choices":[{"data":"Searing Blow+1","floor":6.0,"key":"SMITH"},{"data":"Searing Blow+2","floor":8.0,"key":"SMITH"},{"data":"Searing Blow+3","floor":11.0,"key":"SMITH"},{"data":"Searing Blow+4","floor":15.0,"key":"SMITH"},{"data":"Searing Blow+5","floor":23.0,"key":"SMITH"},{"data":"Searing Blow+6","floor":25.0,"key":"SMITH"},{"data":"Searing Blow+7","floor":29.0,"key":"SMITH"},{"data":"Searing Blow+8","floor":32.0,"key":"SMITH"},{"data":"Searing Blow+9","floor":41.0,"key":"SMITH"},{"data":"Searing Blow+10","floor":44,"key":"SMITH"},{"floor":49,"key":"RECALL"}],"neow_cost":"NONE","seed_source_timestamp":27980833039266,"circlet_count":0,"master_deck":["AscendersBane","Strike_R","Strike_R","Strike_R","Defend_R","Defend_R","Defend_R","Defend_R","Bash","Demon Form","Searing Blow+6","Battle Trance","Searing Blow+11","Armaments+1","Offering","Second Wind+1"],"special_seed":0,"relics":["Burning Blood","Gremlin Horn","Ectoplasm","Orichalcum","Mango","Philosopher\u0027s Stone","Red Mask","Darkstone Periapt"],"potions_floor_usage":[42],"damage_taken":[{"damage":9.0,"enemies":"2 Louse","floor":1.0,"turns":3.0},{"damage":12.0,"enemies":"Small Slimes","floor":3.0,"turns":4.0},{"damage":6.0,"enemies":"Cultist","floor":7.0,"turns":3.0},{"damage":12.0,"enemies":"Looter","floor":10.0,"turns":3.0},{"damage":6.0,"enemies":"Gremlin Gang","floor":13.0,"turns":3.0},{"damage":12.0,"enemies":"Blue Slaver","floor":14.0,"turns":6.0},{"damage":20.0,"enemies":"Slime Boss","floor":16.0,"turns":7.0},{"damage":15.0,"enemies":"2 Thieves","floor":18.0,"turns":3.0},{"damage":1.0,"enemies":"Spheric Guardian","floor":20.0,"turns":3.0},{"damage":43.0,"enemies":"Chosen and Byrds","floor":21.0,"turns":4.0},{"damage":1.0,"enemies":"Sentry and Sphere","floor":27.0,"turns":3.0},{"damage":0.0,"enemies":"Cultist and Chosen","floor":28.0,"turns":3.0},{"damage":22.0,"enemies":"Collector","floor":33.0,"turns":3.0},{"damage":0.0,"enemies":"Orb Walker","floor":35.0,"turns":1.0},{"damage":11.0,"enemies":"3 Darklings","floor":36.0,"turns":3.0},{"damage":22.0,"enemies":"Maw","floor":39.0,"turns":4.0},{"damage":0.0,"enemies":"Jaw Worm Horde","floor":40.0,"turns":3.0},{"damage":6,"enemies":"Spire Growth","floor":42,"turns":3},{"damage":20,"enemies":"Nemesis","floor":46,"turns":3},{"damage":6,"enemies":"3 Darklings","floor":47,"turns":4},{"damage":8,"enemies":"Jaw Worm Horde","floor":48,"turns":3},{"damage":84,"enemies":"Donu and Deca","floor":50,"turns":7}],"seed_played":"4033991945444900545","potions_obtained":[{"floor":5.0,"key":"Regen Potion"},{"floor":5.0,"key":"SmokeBomb"},{"floor":7.0,"key":"SkillPotion"},{"floor":13.0,"key":"Poison Potion"},{"floor":14.0,"key":"Dexterity Potion"},{"floor":16.0,"key":"BloodPotion"},{"floor":18.0,"key":"Strength Potion"},{"floor":27.0,"key":"Regen Potion"},{"floor":40.0,"key":"Ancient Potion"},{"floor":42,"key":"Poison Potion"},{"floor":48,"key":"FairyPotion"}],"is_trial":false,"path_per_floor":["M","$","M","?","?","R","M","R","T","M","R","?","M","M","R","B",null,"M","?","M","M","$","R","?","R","T","M","M","R","$","?","R","B",null,"M","M","$","?","M","M","R","M","T","R","?","E","M","M","R","B"],"character_chosen":"IRONCLAD","items_purchased":["Searing Blow"],"campfire_rested":0,"item_purchase_floors":[2],"current_hp_per_floor":[65,65,59,59,59,59,59,59,59,62,62,55,55,49,49,35,65,63,63,68,31,31,31,31,31,31,36,42,42,42,56,56,40,77,83,78,78,78,71,77,77,77,77,77,77,63,63,61,61,0],"gold":0,"neow_bonus":"ONE_RANDOM_RARE_CARD","is_prod":false,"is_daily":false,"chose_seed":false,"campfire_upgraded":10,"win_rate":0,"timestamp":1548152812,"path_taken":["M","$","M","?","?","R","?","R","T","M","R","?","M","M","R","BOSS","M","?","?","M","$","R","?","R","T","M","M","R","?","?","R","BOSS","M","?","$","?","M","M","R","M","T","R","?","E","?","M","R","BOSS"],"build_version":"2019-01-17v2","purchased_purges":1,"victory":false,"max_hp_per_floor":[75,75,75,75,75,75,75,75,75,75,75,75,75,75,75,75,75,75,75,75,75,75,75,75,75,75,75,75,75,75,89,89,89,89,89,89,89,89,89,89,89,89,89,89,89,89,89,89,89,89],"card_choices":[{"not_picked":["Anger","Iron Wave"],"picked":"Uppercut","floor":1.0},{"not_picked":["Iron Wave","Feel No Pain"],"picked":"Battle Trance","floor":3.0},{"not_picked":["Clash","Whirlwind","Sentinel"],"picked":"SKIP","floor":7.0},{"not_picked":["Cleave","Iron Wave","Pummel"],"picked":"SKIP","floor":10.0},{"not_picked":["Body Slam","Sever Soul","Pummel"],"picked":"SKIP","floor":13.0},{"not_picked":["Clothesline","Heavy Blade","Searing Blow"],"picked":"SKIP","floor":14.0},{"not_picked":["Anger","Warcry","Infernal Blade"],"picked":"SKIP","floor":18.0},{"not_picked":["Sword Boomerang","Fire Breathing","Iron Wave"],"picked":"SKIP","floor":20.0},{"not_picked":["Wild Strike","Pommel Strike+1","Blood for Blood"],"picked":"SKIP","floor":21.0},{"not_picked":["Hemokinesis","Clothesline+1"],"picked":"Armaments+1","floor":27.0},{"not_picked":["Blood for Blood","Dual Wield","Headbutt"],"picked":"SKIP","floor":28.0},{"not_picked":["Double Tap","Berserk"],"picked":"Offering","floor":33.0},{"not_picked":["Corruption+1","Clothesline","Sentinel"],"picked":"SKIP","floor":35.0},{"not_picked":["Corruption+1","Clothesline","Sentinel"],"picked":"SKIP","floor":35.0},{"not_picked":["Shrug It Off","Clash","True Grit"],"picked":"SKIP","floor":36.0},{"not_picked":["Shrug It Off","Heavy Blade","Pommel Strike"],"picked":"SKIP","floor":39.0},{"not_picked":["Dual Wield+1","Inflame","Headbutt"],"picked":"SKIP","floor":40.0},{"not_picked":["Armaments","Shrug It Off","Body Slam+1"],"picked":"SKIP","floor":42},{"not_picked":["Metallicize","Sever Soul","Dual Wield"],"picked":"SKIP","floor":46},{"not_picked":["Seeing Red","Combust","Dropkick+1"],"picked":"SKIP","floor":47},{"not_picked":["Body Slam","Evolve"],"picked":"Second Wind+1","floor":48}],"player_experience":2144388,"relics_obtained":[{"floor":9.0,"key":"Gremlin Horn"},{"floor":26.0,"key":"Orichalcum"},{"floor":46,"key":"Darkstone Periapt"}],"event_choices":[{"damage_healed":0.0,"max_hp_gain":0.0,"max_hp_loss":0.0,"gold_gain":0.0,"event_name":"Living Wall","player_choice":"Grow","floor":4.0,"gold_loss":0.0,"damage_taken":0.0,"cards_upgraded":["Searing Blow"]},{"damage_healed":0.0,"max_hp_gain":0.0,"max_hp_loss":0.0,"gold_gain":0.0,"event_name":"Lab","player_choice":"Got Potions","floor":5.0,"gold_loss":0.0,"damage_taken":0.0},{"cards_removed":["Strike_R"],"damage_healed":0.0,"max_hp_gain":0.0,"max_hp_loss":0.0,"gold_gain":0.0,"event_name":"Golden Wing","player_choice":"Card Removal","floor":12.0,"gold_loss":0.0,"damage_taken":7.0},{"damage_healed":0.0,"max_hp_gain":0.0,"max_hp_loss":0.0,"gold_gain":100.0,"event_name":"The Joust","player_choice":"Bet on Murderer","floor":19.0,"gold_loss":50.0,"damage_taken":0.0},{"damage_healed":0.0,"max_hp_gain":0.0,"max_hp_loss":0.0,"gold_gain":0.0,"event_name":"Duplicator","player_choice":"Copied","floor":24.0,"gold_loss":0.0,"damage_taken":0.0,"cards_obtained":["Searing Blow"]},{"cards_removed":["Uppercut"],"damage_healed":0.0,"max_hp_gain":0.0,"max_hp_loss":0.0,"gold_gain":0.0,"event_name":"WeMeetAgain","player_choice":"Gave Card","floor":31.0,"gold_loss":0.0,"damage_taken":0.0,"relics_obtained":["Mango"]},{"damage_healed":0.0,"max_hp_gain":0.0,"max_hp_loss":0.0,"gold_gain":0.0,"event_name":"Tomb of Lord Red Mask","player_choice":"Paid","floor":38.0,"gold_loss":67.0,"damage_taken":0.0,"relics_obtained":["Red Mask"]},{"damage_healed":0,"gold_gain":0,"player_choice":"Ignored","damage_taken":0,"max_hp_gain":0,"max_hp_loss":0,"event_name":"SecretPortal","floor":45,"gold_loss":0}],"is_beta":false,"boss_relics":[{"not_picked":["Runic Cube","Tiny House"],"picked":"Ectoplasm"},{"not_picked":["Cursed Key","Eternal Feather"],"picked":"Philosopher\u0027s Stone"}],"items_purged_floors":[22],"is_endless":false,"potions_floor_spawned":[7,13,14,16,18,27,28,40,42,48],"killed_by":"Donu and Deca","ascension_level":20}