{"gold_per_floor":[111,125,138,138,138,138,151,151,151,176,258,320,351,10,10,10],"floor_reached":16,"playtime":339,"items_purged":["Strike_B"],"score":188,"play_id":"f026b544-76d2-4f3f-be59-5096c2d5cbe6","local_time":"20190612053109","is_ascension_mode":true,"campfire_choices":[{"data":"Thinking Ahead","floor":6.0,"key":"SMITH"},{"data":"Turbo","floor":15.0,"key":"SMITH"}],"neow_cost":"TEN_PERCENT_HP_LOSS","seed_source_timestamp":34778021599602,"circlet_count":0,"master_deck":["AscendersBane","Strike_B","Strike_B","Defend_B+1","Defend_B","Defend_B","Defend_B","Zap","Dualcast","Impatience","Thinking Ahead+1","Ball Lightning","All For One","Go for the Eyes","Turbo+1","Turbo+1","FTL"],"special_seed":0,"relics":["Cracked Core","SsserpentHead","MawBank","War Paint"],"potions_floor_usage":[16],"damage_taken":[{"damage":7.0,"enemies":"Jaw Worm","floor":1.0,"turns":3.0},{"damage":0.0,"enemies":"2 Louse","floor":2.0,"turns":1.0},{"damage":1.0,"enemies":"Cultist","floor":3.0,"turns":3.0},{"damage":5.0,"enemies":"3 Louse","floor":7.0,"turns":3.0},{"damage":18.0,"enemies":"Gremlin Gang","floor":10.0,"turns":4.0},{"damage":6.0,"enemies":"Looter","floor":11.0,"turns":3.0},{"damage":0.0,"enemies":"2 Fungi Beasts","floor":13.0,"turns":3.0},{"damage":20,"enemies":"The Guardian","floor":16,"turns":6}],"seed_played":"2204683297167510001","potions_obtained":[{"floor":1.0,"key":"AttackPotion"},{"floor":5.0,"key":"Weak Potion"},{"floor":11.0,"key":"SteroidPotion"}],"is_trial":false,"path_per_floor":["M","M","M","?","?","R","M","?","T","M","M","?","M","$","R","B"],"character_chosen":"DEFECT","items_purchased":["Turbo","FTL","War Paint"],"campfire_rested":0,"item_purchase_floors":[14,14,14],"current_hp_per_floor":[57,57,56,61,61,61,56,56,56,38,32,25,25,25,25,5],"gold":10,"neow_bonus":"RANDOM_COLORLESS_2","is_prod":false,"is_daily":false,"chose_seed":false,"campfire_upgraded":2,"win_rate":0,"timestamp":1560285069,"path_taken":["M","M","M","?","?","R","?","?","T","M","?","?","M","$","R","BOSS"],"build_version":"2019-01-23","purchased_purges":1,"victory":false,"max_hp_per_floor":[64,64,64,69,69,69,69,69,69,69,69,69,69,69,69,69],"card_choices":[{"not_picked":["Go for the Eyes","Rebound"],"picked":"Ball Lightning","floor":1.0},{"not_picked":["Hologram","Streamline"],"picked":"All For One","floor":2.0},{"not_picked":["Tempest","Stack","Steam"],"picked":"SKIP","floor":3.0},{"not_picked":["Beam Cell","Go for the Eyes","Compile Driver"],"picked":"SKIP","floor":7.0},{"not_picked":["Steam","Rip and Tear"],"picked":"Go for the Eyes","floor":10.0},{"not_picked":["Go for the Eyes","Sweeping Beam","BootSequence"],"picked":"SKIP","floor":11.0},{"not_picked":["Scrape","Barrage"],"picked":"Turbo","floor":13.0}],"player_experience":587964,"relics_obtained":[{"floor":9.0,"key":"MawBank"}],"event_choices":[{"damage_healed":0.0,"max_hp_gain":5.0,"max_hp_loss":0.0,"gold_gain":0.0,"event_name":"Big Fish","player_choice":"Donut","floor":4.0,"gold_loss":0.0,"damage_taken":0.0},{"damage_healed":0.0,"max_hp_gain":0.0,"max_hp_loss":0.0,"gold_gain":0.0,"event_name":"Lab","player_choice":"Got Potions","floor":5.0,"gold_loss":0.0,"damage_taken":0.0},{"damage_healed":0.0,"max_hp_gain":0.0,"max_hp_loss":0.0,"gold_gain":0.0,"event_name":"FaceTrader","player_choice":"Trade","floor":8.0,"gold_loss":0.0,"damage_taken":0.0,"relics_obtained":["SsserpentHead"]},{"cards_removed":["Strike_B"],"damage_healed":0.0,"max_hp_gain":0.0,"max_hp_loss":0.0,"gold_gain":0.0,"event_name":"Golden Wing","player_choice":"Card Removal","floor":12.0,"gold_loss":0.0,"damage_taken":7.0}],"is_beta":false,"boss_relics":[],"items_purged_floors":[14],"is_endless":false,"potions_floor_spawned":[1,7,11],"killed_by":"The Guardian","ascension_level":20}