{"gold_per_floor":[112,122,140,10,10,10,35,35,35,0,26,26,26,38,38,113,113,133,149,149],"floor_reached":20,"playtime":696,"items_purged":["Strike_G"],"score":414,"play_id":"544db8f1-544e-47a2-9f30-885c465a63f0","local_time":"20181116225117","is_ascension_mode":true,"campfire_choices":[{"data":"Riddle With Holes","floor":6,"key":"SMITH"},{"data":"Skewer","floor":8,"key":"SMITH"},{"data":"Eviscerate","floor":15,"key":"SMITH"}],"neow_cost":"NONE","seed_source_timestamp":14420518385764,"circlet_count":0,"master_deck":["AscendersBane","Defend_G","Defend_G","Defend_G","Defend_G","Survivor","Neutralize","Skewer+1","Riddle With Holes+1","Underhanded Strike","Blur","Night Terror","Eviscerate+1","Malaise","Footwork+1","Night Terror+1","Noxious Fumes+1","Eviscerate"],"relics":["Snecko Eye","Dodecahedron","Blood Vial","Astrolabe"],"potions_floor_usage":[11,16,20,20],"damage_taken":[{"damage":2,"enemies":"Small Slimes","floor":1,"turns":8},{"damage":0,"enemies":"2 Louse","floor":2,"turns":3},{"damage":0,"enemies":"Cultist","floor":3,"turns":3},{"damage":30,"enemies":"3 Sentries","floor":7,"turns":9},{"damage":0,"enemies":"Lagavulin","floor":11,"turns":4},{"damage":20,"enemies":"Gremlin Gang","floor":14,"turns":7},{"damage":2,"enemies":"The Guardian","floor":16,"turns":6},{"damage":23,"enemies":"Shell Parasite","floor":18,"turns":7},{"damage":25,"enemies":"Chosen","floor":19,"turns":5},{"damage":19,"enemies":"Snake Plant","floor":20,"turns":1}],"seed_played":"2135066678850386746","potions_obtained":[{"floor":3,"key":"Block Potion"},{"floor":7,"key":"GhostInAJar"},{"floor":11,"key":"Regen Potion"},{"floor":19,"key":"LiquidBronze"}],"is_trial":false,"path_per_floor":["M","M","M","$","?","R","E","R","T","?","E","?","?","M","R","B",null,"M","M","M"],"character_chosen":"THE_SILENT","items_purchased":["Underhanded Strike"],"campfire_rested":0,"item_purchase_floors":[4],"current_hp_per_floor":[57,57,57,57,50,50,20,20,20,20,20,20,20,2,2,2,50,29,6,0],"gold":149,"neow_bonus":"BOSS_RELIC","is_prod":false,"is_daily":false,"chose_seed":false,"campfire_upgraded":3,"win_rate":0,"timestamp":1542379877,"path_taken":["M","M","M","$","?","R","E","R","T","?","E","?","?","M","R","BOSS","M","M","M"],"build_version":"2018-11-15","purchased_purges":1,"victory":false,"max_hp_per_floor":[66,66,66,66,66,66,66,66,66,66,66,66,66,66,66,66,66,66,66,66],"card_choices":[{"not_picked":["Quick Slash","Deflect"],"picked":"Skewer","floor":1},{"not_picked":["Flechettes","Dodge and Roll"],"picked":"Riddle With Holes","floor":2},{"not_picked":["Dodge and Roll","Unload","PiercingWail"],"picked":"SKIP","floor":3},{"not_picked":["Heel Hook","Prepared","Terror"],"picked":"SKIP","floor":7},{"not_picked":["Setup","Reflex"],"picked":"Blur","floor":11},{"not_picked":["All Out Attack","Dagger Throw"],"picked":"Eviscerate","floor":14},{"not_picked":["Doppelganger","Glass Knife"],"picked":"Malaise","floor":16},{"not_picked":["Deadly Poison","Acrobatics","Outmaneuver"],"picked":"SKIP","floor":18},{"not_picked":["Deadly Poison","Deflect"],"picked":"Eviscerate","floor":19}],"player_experience":1081119,"relics_obtained":[{"floor":9,"key":"Dodecahedron"},{"floor":11,"key":"Blood Vial"}],"event_choices":[{"cards_removed":["Strike_G"],"damage_healed":0,"gold_gain":0,"player_choice":"Card Removal","damage_taken":7,"max_hp_gain":0,"max_hp_loss":0,"event_name":"Golden Wing","floor":5,"gold_loss":0},{"damage_healed":0,"gold_gain":0,"player_choice":"Left Gold","damage_taken":0,"max_hp_gain":0,"max_hp_loss":0,"event_name":"World of Goop","floor":10,"gold_loss":35},{"damage_healed":0,"gold_gain":0,"cards_transformed":["Strike_G"],"player_choice":"Change","damage_taken":0,"max_hp_gain":0,"max_hp_loss":0,"event_name":"Living Wall","floor":12,"gold_loss":0,"cards_obtained":["Night Terror"]},{"damage_healed":0,"gold_gain":0,"player_choice":"Ignored","damage_taken":0,"max_hp_gain":0,"max_hp_loss":0,"event_name":"Liars Game","floor":13,"gold_loss":0}],"is_beta":true,"boss_relics":[{"not_picked":["Busted Crown","Cursed Key"],"picked":"Astrolabe"}],"items_purged_floors":[4],"is_endless":false,"potions_floor_spawned":[3,7,11,19],"killed_by":"Snake Plant","ascension_level":20}