{"path_per_floor":["M","M","M","T","M","R","E","R","T","M","E","?","$","E","R","B",null,"M","M","$","?","M","R","E","M","T","M","M","M","?","?","R","B",null,"M","$","?","$","M","E","?","R","T","E","R","$","M","M","R"],"character_chosen":"THE_SILENT","items_purchased":["Art of War","Paper Crane","Frozen Egg 2","Accuracy+1"],"gold_per_floor":[111,121,136,136,154,154,189,189,189,207,237,237,237,267,267,372,372,385,395,250,250,267,267,296,311,337,353,363,378,378,378,378,473,473,491,234,279,32,52,80,80,80,80,113,113,34,48,65,65,65],"floor_reached":50,"campfire_rested":3,"playtime":2423,"item_purchase_floors":[20,36,38,46],"current_hp_per_floor":[63,59,57,57,53,53,47,47,47,47,34,20,20,15,15,16,57,49,43,43,43,43,43,42,47,47,31,17,23,23,23,44,45,64,66,66,62,62,64,61,52,52,52,42,63,63,67,62,70,0],"items_purged":[],"gold":65,"score":759,"play_id":"c1f50462-f8f7-4b55-b9dc-13cdfacdf0a1","local_time":"20180528112523","is_prod":false,"is_daily":false,"chose_seed":false,"is_ascension_mode":true,"campfire_upgraded":5,"win_rate":0,"timestamp":1527477923,"campfire_choices":[{"data":"Tactician","floor":6,"key":"SMITH"},{"data":"Neutralize","floor":8,"key":"SMITH"},{"data":"Tools of the Trade","floor":15,"key":"SMITH"},{"data":"Malaise","floor":23,"key":"SMITH"},{"floor":32,"key":"REST"},{"data":"Madness","floor":42,"key":"SMITH"},{"floor":45,"key":"REST"},{"floor":49,"key":"REST"}],"path_taken":["M","M","M","?","M","R","E","R","T","M","E","?","$","E","R","BOSS","M","M","$","?","M","R","E","M","T","M","?","M","?","?","R","BOSS","M","$","?","$","M","E","?","R","T","E","R","?","M","?","R","BOSS"],"build_version":"2018-05-25","seed_source_timestamp":1791403703914,"purchased_purges":0,"victory":false,"master_deck":["Defend_G","Defend_G","Defend_G","Defend_G","Defend_G","Strike_G+1","Strike_G","Strike_G","Strike_G","Survivor+1","Neutralize+1","Tactician+1","Slice","Acrobatics","Adrenaline","Predator","All Out Attack","Tools of the Trade+1","Malaise+1","Backstab+1","Escape Plan","Blade Dance+1","Escape Plan+1","Cloak And Dagger+1","Die Die Die","Prepared+1","Dagger Throw","Madness+1","Madness","Footwork+1","Outmaneuver+1","Accuracy+1","Acrobatics+1"],"max_hp_per_floor":[70,70,70,70,70,70,70,70,70,70,70,70,70,70,70,70,70,70,70,70,70,70,70,70,70,70,70,70,70,70,70,70,70,70,70,70,70,70,70,70,70,70,70,70,70,70,70,70,70,70],"relics":["Ring of the Snake","Dream Catcher","Meat on the Bone","Shuriken","The Specimen","Dodecahedron","Philosopher\u0027s Stone","Art of War","Letter Opener","Lantern","Bird Faced Urn","Black Star","Paper Crane","Thread and Needle","Frozen Egg 2","Mummified Hand","Bottled Tornado","Anchor","Centennial Puzzle","Bottled Flame"],"card_choices":[{"not_picked":["Deflect","Bane"],"picked":"Slice","floor":1},{"not_picked":["Poisoned Stab","Dodge and Roll"],"picked":"Acrobatics","floor":2},{"not_picked":["PiercingWail","Flying Knee"],"picked":"Adrenaline","floor":3},{"not_picked":["Sucker Punch","Flying Knee","Acrobatics"],"picked":"SKIP","floor":5},{"not_picked":["Cloak And Dagger","Bane","Flying Knee"],"picked":"SKIP","floor":7},{"not_picked":["Dagger Spray","Slice"],"picked":"Predator","floor":10},{"not_picked":["Poisoned Stab","Dodge and Roll"],"picked":"All Out Attack","floor":11},{"not_picked":["Noxious Fumes","Backstab"],"picked":"Tools of the Trade","floor":14},{"not_picked":["Sucker Punch","Deadly Poison","Malaise"],"picked":"SKIP","floor":18},{"not_picked":["Sucker Punch","Deadly Poison","Malaise"],"picked":"SKIP","floor":18},{"not_picked":["Sucker Punch","Deadly Poison"],"picked":"Malaise","floor":18},{"not_picked":["Quick Slash+1","Finisher"],"picked":"Backstab+1","floor":19},{"not_picked":["Cloak And Dagger","Flying Knee+1","Catalyst"],"picked":"SKIP","floor":22},{"not_picked":["Masterful Stab","Skewer"],"picked":"Escape Plan","floor":24},{"not_picked":["Flying Knee","Slice","Quick Slash"],"picked":"SKIP","floor":25},{"not_picked":["Dodge and Roll","Blur"],"picked":"Blade Dance","floor":27},{"not_picked":["Accuracy","Concentrate"],"picked":"Escape Plan+1","floor":28},{"not_picked":["Dodge and Roll","Sucker Punch"],"picked":"Cloak And Dagger+1","floor":29},{"not_picked":["Wraith Form v2","Bullet Time"],"picked":"Die Die Die","floor":33},{"not_picked":["Dodge and Roll+1","Acrobatics+1"],"picked":"Prepared+1","floor":35},{"not_picked":["Setup","Heel Hook+1"],"picked":"Dagger Throw","floor":39},{"not_picked":["Slice+1","Flying Knee","Dagger Spray+1"],"picked":"SKIP","floor":40},{"not_picked":["Leg Sweep","Noxious Fumes+1"],"picked":"Footwork+1","floor":44},{"not_picked":["Quick Slash+1","All Out Attack+1"],"picked":"Outmaneuver+1","floor":45},{"not_picked":["Dagger Spray+1","Sucker Punch","Bouncing Flask"],"picked":"SKIP","floor":47},{"not_picked":["Underhanded Strike","Slice","Dash+1"],"picked":"SKIP","floor":48},{"not_picked":["Bullet Time","Sucker Punch"],"picked":"Acrobatics+1","floor":49}],"player_experience":501675,"potions_floor_usage":[7,16,16,16,24,25,37,40,40,44,47,50],"damage_taken":[{"damage":0,"enemies":"Cultist","floor":1,"turns":5},{"damage":4,"enemies":"2 Louse","floor":2,"turns":4},{"damage":2,"enemies":"Jaw Worm","floor":3,"turns":5},{"damage":4,"enemies":"Red Slaver","floor":5,"turns":4},{"damage":6,"enemies":"3 Sentries","floor":7,"turns":11},{"damage":0,"enemies":"Looter","floor":10,"turns":3},{"damage":25,"enemies":"Lagavulin","floor":11,"turns":5},{"damage":17,"enemies":"Gremlin Nob","floor":14,"turns":4},{"damage":11,"enemies":"The Guardian","floor":16,"turns":10},{"damage":8,"enemies":"Spheric Guardian","floor":18,"turns":3},{"damage":6,"enemies":"Shell Parasite","floor":19,"turns":5},{"damage":12,"enemies":"Centurion and Healer","floor":22,"turns":7},{"damage":1,"enemies":"Gremlin Leader","floor":24,"turns":7},{"damage":7,"enemies":"Slaver and Parasite","floor":25,"turns":4},{"damage":28,"enemies":"Chosen and Byrds","floor":27,"turns":8},{"damage":26,"enemies":"Cultist and Chosen","floor":28,"turns":5},{"damage":6,"enemies":"Snecko","floor":29,"turns":4},{"damage":13,"enemies":"Champ","floor":33,"turns":9},{"damage":0,"enemies":"3 Shapes","floor":35,"turns":3},{"damage":6,"enemies":"…Ò√ÿ‘≤«Ú","floor":37,"turns":3},{"damage":0,"enemies":"Flame Bruiser 1 Orb","floor":39,"turns":4},{"damage":5,"enemies":"2 Orb Walkers","floor":40,"turns":3},{"damage":24,"enemies":"Nemesis","floor":44,"turns":6},{"damage":0,"enemies":"Transient","floor":47,"turns":5},{"damage":8,"enemies":"Spire Growth","floor":48,"turns":4},{"damage":77,"enemies":"Time Eater","floor":50,"turns":14}],"relics_obtained":[{"floor":4,"key":"Dream Catcher"},{"floor":7,"key":"Meat on the Bone"},{"floor":9,"key":"Shuriken"},{"floor":11,"key":"The Specimen"},{"floor":14,"key":"Dodecahedron"},{"floor":24,"key":"Letter Opener"},{"floor":26,"key":"Lantern"},{"floor":37,"key":"Thread and Needle"},{"floor":40,"key":"Mummified Hand"},{"floor":40,"key":"Bottled Tornado"},{"floor":43,"key":"Anchor"},{"floor":44,"key":"Centennial Puzzle"},{"floor":44,"key":"Bottled Flame"}],"event_choices":[{"event_name":"Shining Light","player_choice":"Entered Light","floor":12,"damage_taken":0},{"event_name":"Purifier","player_choice":"One Purge","floor":21,"damage_taken":0},{"event_name":"The Mausoleum","player_choice":"Yes","floor":30,"damage_taken":0},{"event_name":"Upgrade Shrine","player_choice":"Upgraded","floor":31,"damage_taken":0},{"event_name":"Mysterious Sphere","player_choice":"Fight","floor":37,"damage_taken":0},{"event_name":"Winding Halls","player_choice":"Embrace Madness","floor":41,"damage_taken":0}],"boss_relics":[{"not_picked":["Velvet Choker","Runic Pyramid"],"picked":"Philosopher\u0027s Stone"},{"not_picked":["Snecko Eye","White Beast Statue"],"picked":"Black Star"}],"items_purged_floors":[],"potions_floor_spawned":[5,7,11,14,22,24,29,33,35,39,40,47],"seed_played":"525025260788509701","killed_by":"Time Eater","ascension_level":8,"potions_obtained":[{"floor":5,"key":"Fire Potion"},{"floor":7,"key":"EssenceOfSteel"},{"floor":11,"key":"LiquidBronze"},{"floor":14,"key":"SkillPotion"},{"floor":22,"key":"Swift Potion"},{"floor":24,"key":"GamblersBrew"},{"floor":29,"key":"SteroidPotion"},{"floor":33,"key":"Swift Potion"},{"floor":35,"key":"SteroidPotion"},{"floor":39,"key":"Block Potion"},{"floor":40,"key":"Poison Potion"},{"floor":47,"key":"EssenceOfSteel"}],"is_trial":false}