{"gold_per_floor":[112,132,143,155,166,201,201,69,69,101,101,116,116,116,116,193,193,213,128,128,141,155,188,188,219,249,249,127,153,153,182,182,257,257,276,292,304,8,8,34,34,51,51,1,11,46,46,71,71,71,71,71,71,18,47,47],"floor_reached":58,"playtime":2235,"items_purged":["Strike_R"],"score":3116,"play_id":"e33e44f1-48cd-41df-baae-b5299bc354a0","local_time":"20190807043107","is_ascension_mode":true,"campfire_choices":[{"data":"Battle Trance","floor":7.0,"key":"SMITH"},{"data":"Body Slam","floor":13.0,"key":"SMITH"},{"data":"Juggernaut","floor":15.0,"key":"SMITH"},{"floor":24.0,"key":"REST"},{"floor":27.0,"key":"REST"},{"data":"Offering","floor":30.0,"key":"SMITH"},{"data":"Shrug It Off","floor":32.0,"key":"SMITH"},{"data":"Evolve","floor":42.0,"key":"SMITH"},{"data":"Shrug It Off","floor":48.0,"key":"SMITH"},{"floor":50.0,"key":"RECALL"},{"data":"Feel No Pain","floor":54,"key":"SMITH"}],"neow_cost":"PERCENT_DAMAGE","seed_source_timestamp":54164304658404,"circlet_count":0,"master_deck":["AscendersBane","Strike_R+1","Defend_R","Defend_R","Defend_R","Defend_R","Bash","Master of Strategy","Panacea","Ghostly Armor","Seeing Red","Juggernaut+1","Battle Trance+1","Shrug It Off+1","Body Slam+1","Immolate+1","Shockwave+1","Fiend Fire+1","Warcry+1","Second Wind","Offering+1","Feel No Pain+1","Evolve+1","Shrug It Off+1"],"special_seed":0,"relics":["Burning Blood","Mummified Hand","Singing Bowl","Red Skull","Turnip","Astrolabe","Omamori","CultistMask","Kunai","Blue Candle","Tiny Chest","Strawberry","Centennial Puzzle","Darkstone Periapt","Coffee Dripper","TheAbacus","Lantern","Whetstone","Gremlin Horn","Happy Flower"],"potions_floor_usage":[57],"damage_taken":[{"damage":6.0,"enemies":"Cultist","floor":1.0,"turns":3.0},{"damage":0.0,"enemies":"2 Louse","floor":2.0,"turns":3.0},{"damage":6.0,"enemies":"Jaw Worm","floor":3.0,"turns":6.0},{"damage":8.0,"enemies":"Blue Slaver","floor":4.0,"turns":4.0},{"damage":20.0,"enemies":"Gremlin Gang","floor":5.0,"turns":6.0},{"damage":23.0,"enemies":"Gremlin Nob","floor":6.0,"turns":4.0},{"damage":37.0,"enemies":"3 Sentries","floor":10.0,"turns":9.0},{"damage":1.0,"enemies":"2 Fungi Beasts","floor":12.0,"turns":6.0},{"damage":34.0,"enemies":"Hexaghost","floor":16.0,"turns":9.0},{"damage":24.0,"enemies":"2 Thieves","floor":18.0,"turns":3.0},{"damage":4.0,"enemies":"3 Byrds","floor":21.0,"turns":4.0},{"damage":19.0,"enemies":"Shelled Parasite and Fungi","floor":22.0,"turns":5.0},{"damage":31.0,"enemies":"Book of Stabbing","floor":23.0,"turns":5.0},{"damage":24.0,"enemies":"Slavers","floor":25.0,"turns":4.0},{"damage":26.0,"enemies":"Book of Stabbing","floor":29.0,"turns":4.0},{"damage":8.0,"enemies":"Slavers","floor":31.0,"turns":3.0},{"damage":36.0,"enemies":"Automaton","floor":33.0,"turns":8.0},{"damage":6.0,"enemies":"3 Darklings","floor":36.0,"turns":2.0},{"damage":0.0,"enemies":"Orb Walker","floor":37.0,"turns":1.0},{"damage":26.0,"enemies":"Transient","floor":38.0,"turns":6.0},{"damage":7.0,"enemies":"Nemesis","floor":41.0,"turns":3.0},{"damage":12.0,"enemies":"Sphere and 2 Shapes","floor":43.0,"turns":2.0},{"damage":6.0,"enemies":"Writhing Mass","floor":46.0,"turns":2.0},{"damage":6.0,"enemies":"Giant Head","floor":47.0,"turns":4.0},{"damage":7.0,"enemies":"Nemesis","floor":49.0,"turns":5.0},{"damage":13.0,"enemies":"Time Eater","floor":51.0,"turns":6.0},{"damage":30,"enemies":"Donu and Deca","floor":52,"turns":5},{"damage":7,"enemies":"Shield and Spear","floor":56,"turns":2},{"damage":56,"enemies":"The Heart","floor":57,"turns":8}],"seed_played":"7213774364267347141","potions_obtained":[{"floor":2.0,"key":"BloodPotion"},{"floor":4.0,"key":"BloodPotion"},{"floor":5.0,"key":"Weak Potion"},{"floor":6.0,"key":"Fire Potion"},{"floor":12.0,"key":"Regen Potion"},{"floor":23.0,"key":"Explosive Potion"},{"floor":29.0,"key":"PowerPotion"},{"floor":33.0,"key":"EssenceOfSteel"},{"floor":37.0,"key":"Block Potion"},{"floor":46.0,"key":"SkillPotion"}],"is_trial":false,"path_per_floor":["M","M","M","M","M","E","R","$","T","E","?","M","R","?","R","B",null,"M","?","?","M","M","E","R","E","T","R","?","E","R","E","R","B",null,"M","M","M","$","?","E","R","M","T","$","M","E","R","E","R","B","B",null,"R","$","E","B",null],"character_chosen":"IRONCLAD","items_purchased":["Body Slam","TheAbacus","Feel No Pain","Shrug It Off","SkillPotion"],"campfire_rested":2,"item_purchase_floors":[8,39,39,45,55],"current_hp_per_floor":[50,56,56,54,58,59,59,59,59,30,30,37,37,37,37,18,64,48,48,48,52,41,16,41,23,23,48,55,37,37,37,37,9,93,95,102,84,84,84,83,83,79,79,79,81,83,83,84,84,77,53,97,97,97,98,48],"gold":47,"neow_bonus":"RANDOM_COLORLESS_2","is_prod":false,"is_daily":false,"chose_seed":false,"campfire_upgraded":8,"win_rate":0,"timestamp":1565119867,"path_taken":["M","M","M","M","?","E","R","$","T","E","?","M","R","?","R","BOSS","M","?","?","?","M","E","R","E","T","R","?","E","R","E","R","BOSS","M","?","M","$","?","E","R","M","T","$","?","E","R","E","R","BOSS","BOSS","R","$","E","BOSS"],"build_version":"2019-07-17","purchased_purges":1,"victory":true,"max_hp_per_floor":[75,75,75,75,75,75,75,75,75,77,77,79,79,79,79,79,79,81,81,81,83,85,85,85,85,85,85,92,94,94,96,96,98,98,100,102,104,104,104,104,104,106,106,106,108,110,110,112,112,112,112,112,112,112,114,114],"card_choices":[{"not_picked":["Iron Wave","Clothesline"],"picked":"Ghostly Armor","floor":1.0},{"not_picked":["Heavy Blade","Sentinel"],"picked":"Seeing Red","floor":2.0},{"not_picked":["Pommel Strike","Flex"],"picked":"Perfected Strike","floor":3.0},{"not_picked":["Anger","Clash"],"picked":"Juggernaut","floor":4.0},{"not_picked":["Flex","Iron Wave"],"picked":"Battle Trance","floor":5.0},{"not_picked":["Metallicize","Perfected Strike"],"picked":"Shrug It Off","floor":6.0},{"not_picked":["Shockwave","Metallicize","Entrench"],"picked":"Singing Bowl","floor":10.0},{"not_picked":["Warcry","Wild Strike","Corruption"],"picked":"Singing Bowl","floor":12.0},{"not_picked":["Offering","Impervious"],"picked":"Immolate","floor":16.0},{"not_picked":["Sword Boomerang","Seeing Red","Iron Wave"],"picked":"Singing Bowl","floor":18.0},{"not_picked":["Disarm","Iron Wave","Bloodletting"],"picked":"Singing Bowl","floor":21.0},{"not_picked":["True Grit","Headbutt","Warcry"],"picked":"Singing Bowl","floor":22.0},{"not_picked":["Rage","Rampage"],"picked":"Second Wind","floor":23.0},{"not_picked":["Sever Soul","Havoc"],"picked":"Offering","floor":25.0},{"not_picked":["Corruption","Rupture+1","Clothesline"],"picked":"Singing Bowl","floor":29.0},{"not_picked":["Shockwave","Metallicize","Iron Wave"],"picked":"Singing Bowl","floor":31.0},{"not_picked":["Fiend Fire","Demon Form","Double Tap"],"picked":"Singing Bowl","floor":33.0},{"not_picked":["Anger","Armaments","Body Slam+1"],"picked":"Singing Bowl","floor":36.0},{"not_picked":["Reckless Charge","Cleave","Headbutt"],"picked":"Singing Bowl","floor":37.0},{"not_picked":["Metallicize+1","Ghostly Armor","Uppercut+1"],"picked":"Singing Bowl","floor":38.0},{"not_picked":["Shrug It Off","Infernal Blade"],"picked":"Evolve","floor":41.0},{"not_picked":["Entrench","Bloodletting+1","Thunderclap"],"picked":"Singing Bowl","floor":43.0},{"not_picked":["Reaper","Uppercut","Warcry"],"picked":"Singing Bowl","floor":46.0},{"not_picked":["Clothesline","Warcry","Evolve+1"],"picked":"Singing Bowl","floor":47.0},{"not_picked":["True Grit","Shockwave","Reaper"],"picked":"Singing Bowl","floor":49.0},{"not_picked":["Shrug It Off","Flex","Limit Break"],"picked":"Singing Bowl","floor":56}],"player_experience":790236,"relics_obtained":[{"floor":6.0,"key":"Mummified Hand"},{"floor":9.0,"key":"Singing Bowl"},{"floor":10.0,"key":"Red Skull"},{"floor":23.0,"key":"Kunai"},{"floor":25.0,"key":"Blue Candle"},{"floor":26.0,"key":"Tiny Chest"},{"floor":29.0,"key":"Centennial Puzzle"},{"floor":31.0,"key":"Darkstone Periapt"},{"floor":41.0,"key":"Lantern"},{"floor":47.0,"key":"Whetstone"},{"floor":49.0,"key":"Gremlin Horn"},{"floor":56,"key":"Happy Flower"}],"event_choices":[{"damage_healed":0.0,"max_hp_gain":0.0,"max_hp_loss":0.0,"gold_gain":0.0,"event_name":"Dead Adventurer","player_choice":"Searched \u00272\u0027 times","floor":11.0,"gold_loss":0.0,"damage_taken":0.0,"relics_obtained":["Turnip"]},{"cards_removed":["Strike_R"],"damage_healed":0.0,"max_hp_gain":0.0,"max_hp_loss":0.0,"gold_gain":0.0,"event_name":"Living Wall","player_choice":"Forget","floor":14.0,"gold_loss":0.0,"damage_taken":0.0},{"damage_healed":0.0,"max_hp_gain":0.0,"max_hp_loss":0.0,"gold_gain":0.0,"event_name":"Addict","player_choice":"Obtained Relic","floor":19.0,"gold_loss":85.0,"damage_taken":0.0,"relics_obtained":["Omamori"]},{"damage_healed":0.0,"max_hp_gain":0.0,"max_hp_loss":0.0,"gold_gain":0.0,"event_name":"FaceTrader","player_choice":"Trade","floor":20.0,"gold_loss":0.0,"damage_taken":0.0,"relics_obtained":["CultistMask"]},{"damage_healed":0.0,"max_hp_gain":0.0,"max_hp_loss":0.0,"gold_gain":0.0,"event_name":"WeMeetAgain","player_choice":"Paid Gold","floor":28.0,"gold_loss":122.0,"damage_taken":0.0,"relics_obtained":["Strawberry"]},{"damage_healed":0.0,"max_hp_gain":0.0,"max_hp_loss":0.0,"gold_gain":0.0,"event_name":"SecretPortal","player_choice":"Ignored","floor":40.0,"gold_loss":0.0,"damage_taken":0.0}],"is_beta":false,"boss_relics":[{"not_picked":["Lizard Tail","Empty Cage"],"picked":"Astrolabe"},{"not_picked":["Tiny House","Pandora\u0027s Box"],"picked":"Coffee Dripper"}],"items_purged_floors":[8],"is_endless":false,"potions_floor_spawned":[2,4,5,6,12,23,29,33,37,38,46,47,49],"ascension_level":20}