{"gold_per_floor":[115,265,283,358,378,378,410,410,410,410,27,50,61,81,81,154,154,165,80,90,90,1,35,47,59],"floor_reached":25,"playtime":1025,"items_purged":["Doubt"],"score":488,"play_id":"bbe5a507-5507-45f6-be29-d19b82e2091c","local_time":"20190808140542","is_ascension_mode":true,"campfire_choices":[{"data":"Barrage","floor":6,"key":"SMITH"},{"data":"Defragment","floor":8,"key":"SMITH"},{"floor":10,"key":"REST"},{"data":"Consume","floor":15,"key":"SMITH"},{"floor":24,"key":"REST"}],"neow_cost":"NONE","seed_source_timestamp":95309035156232,"circlet_count":0,"master_deck":["AscendersBane","Strike_B","Strike_B","Strike_B","Defend_B","Defend_B","Defend_B","Defend_B","Zap","Dualcast","Rebound","Cold Snap","Barrage+1","Defragment+1","Loop","Rip and Tear","Doom and Gloom","Consume+1","Meteor Strike","Cold Snap","Leap+1","Capacitor","Genetic Algorithm+1"],"relics":["Cracked Core","Blood Vial","Pantograph","Runic Capacitor","Odd Mushroom","Nuclear Battery","Toxic Egg 2","MawBank"],"potions_floor_usage":[7,18,20,23,23],"damage_taken":[{"damage":0,"enemies":"2 Louse","floor":1,"turns":1},{"damage":3,"enemies":"Small Slimes","floor":3,"turns":3},{"damage":2,"enemies":"Jaw Worm","floor":5,"turns":4},{"damage":32,"enemies":"3 Sentries","floor":7,"turns":6},{"damage":19,"enemies":"The Mushroom Lair","floor":12,"turns":4},{"damage":12,"enemies":"Looter","floor":13,"turns":3},{"damage":7,"enemies":"Exordium Wildlife","floor":14,"turns":3},{"damage":8,"enemies":"Hexaghost","floor":16,"turns":9},{"damage":29,"enemies":"3 Byrds","floor":18,"turns":5},{"damage":0,"enemies":"Spheric Guardian","floor":20,"turns":3},{"damage":33,"enemies":"Slavers","floor":23,"turns":5},{"damage":46,"enemies":"Book of Stabbing","floor":25,"turns":4}],"seed_played":"-1613161488201545585","potions_obtained":[{"floor":5,"key":"SkillPotion"},{"floor":7,"key":"Block Potion"},{"floor":12,"key":"Energy Potion"},{"floor":14,"key":"Regen Potion"},{"floor":18,"key":"GamblersBrew"},{"floor":20,"key":"AttackPotion"}],"is_trial":false,"path_per_floor":["M","?","M","?","M","R","E","R","T","R","$","?","M","M","R","B",null,"M","?","M","?","$","E","R","E"],"character_chosen":"DEFECT","items_purchased":["Runic Capacitor","Loop","Capacitor"],"campfire_rested":2,"item_purchase_floors":[11,11,22],"current_hp_per_floor":[64,64,61,50,48,48,16,16,16,37,37,20,10,5,5,24,59,46,46,48,48,48,17,38,0],"gold":59,"neow_bonus":"REMOVE_CARD","is_prod":false,"is_daily":false,"chose_seed":false,"campfire_upgraded":3,"win_rate":0,"timestamp":1565265942,"path_taken":["M","?","M","?","M","R","E","R","T","R","$","?","M","?","R","BOSS","M","?","M","?","?","E","R","E"],"build_version":"2019-07-17","purchased_purges":1,"victory":false,"max_hp_per_floor":[71,71,71,71,71,71,71,71,71,71,71,71,71,71,71,71,71,71,71,71,71,71,71,71,71],"card_choices":[{"not_picked":["Double Energy","Stack"],"picked":"Rebound","floor":1},{"not_picked":["Skim","Reinforced Body"],"picked":"Cold Snap","floor":3},{"not_picked":["Stack","Fusion"],"picked":"Barrage","floor":5},{"not_picked":["Barrage","Tempest"],"picked":"Defragment","floor":7},{"not_picked":["Streamline","Beam Cell"],"picked":"Rip and Tear","floor":12},{"not_picked":["Leap","Steam"],"picked":"Doom and Gloom","floor":13},{"not_picked":["Auto Shields","Barrage"],"picked":"Consume","floor":14},{"not_picked":["Buffer","Amplify"],"picked":"Meteor Strike","floor":16},{"not_picked":["Streamline","Gash"],"picked":"Cold Snap","floor":18},{"not_picked":["Go for the Eyes","Sweeping Beam"],"picked":"Leap+1","floor":20},{"not_picked":["Gash","Conserve Battery+1"],"picked":"Genetic Algorithm+1","floor":23}],"player_experience":843385,"relics_obtained":[{"floor":7,"key":"Blood Vial"},{"floor":9,"key":"Pantograph"},{"floor":12,"key":"Odd Mushroom"},{"floor":23,"key":"MawBank"}],"event_choices":[{"damage_healed":0,"gold_gain":150,"player_choice":"AGREE","damage_taken":0,"max_hp_gain":0,"max_hp_loss":0,"event_name":"Liars Game","floor":2,"gold_loss":0,"cards_obtained":["Doubt"]},{"damage_healed":0,"gold_gain":75,"player_choice":"Gather Gold","damage_taken":11,"max_hp_gain":0,"max_hp_loss":0,"event_name":"World of Goop","floor":4,"gold_loss":0},{"damage_healed":0,"gold_gain":0,"player_choice":"Fought Mushrooms","damage_taken":0,"max_hp_gain":0,"max_hp_loss":0,"event_name":"Mushrooms","floor":12,"gold_loss":0},{"damage_healed":0,"gold_gain":0,"player_choice":"Obtained Relic","damage_taken":0,"relics_obtained":["Toxic Egg 2"],"max_hp_gain":0,"max_hp_loss":0,"event_name":"Addict","floor":19,"gold_loss":85},{"damage_healed":0,"gold_gain":0,"player_choice":"Ignored","damage_taken":0,"max_hp_gain":0,"max_hp_loss":0,"event_name":"Vampires","floor":21,"gold_loss":0}],"is_beta":false,"boss_relics":[{"not_picked":["Calling Bell","Runic Dome"],"picked":"Nuclear Battery"}],"items_purged_floors":[11],"is_endless":false,"potions_floor_spawned":[5,7,12,14,16,18,20],"killed_by":"Book of Stabbing","ascension_level":20}