{"gold_per_floor":[109,109,109,73,92,92,126,126,126,126,144,15,15,45,45,140,140,156,156,173,223,322,322,342,342,369,369,388,313,346,346,346,448,448,465,465,497,142,142,142,364,364,412,26,40,56,56,71,71,71],"floor_reached":51,"playtime":1132,"items_purged":["Pain","Decay","Strike_B"],"score":824,"play_id":"09868e78-ac41-4566-88a6-0886dcfa270e","local_time":"20190611195558","is_ascension_mode":false,"campfire_choices":[{"data":"Doom and Gloom","floor":6,"key":"SMITH"},{"data":"Capacitor","floor":8,"key":"SMITH"},{"floor":15,"key":"REST"},{"data":"Consume","floor":23,"key":"SMITH"},{"data":"Skim","floor":25,"key":"SMITH"},{"data":"Recycle","floor":27,"key":"SMITH"},{"floor":32,"key":"REST"},{"floor":40,"key":"REST"},{"data":"Hologram","floor":47,"key":"SMITH"},{"data":"Dualcast","floor":49,"key":"SMITH"}],"neow_cost":"TEN_PERCENT_HP_LOSS","seed_source_timestamp":32694615898202,"circlet_count":0,"master_deck":["Strike_B","Defend_B","Defend_B","Defend_B","Zap","Dualcast+1","Recycle+1","Doom and Gloom+1","Capacitor+1","Consume+1","Ball Lightning","Rainbow","Cold Snap","Skim+1","White Noise+1","Turbo","Electrodynamics","Hologram+1","Fission","Creative AI","Force Field"],"special_seed":0,"relics":["Cracked Core","WarpedTongs","Juzu Bracelet","Pantograph","Symbiotic Virus","Busted Crown","Potion Belt","Red Mask","Runic Pyramid","MawBank","DataDisk","Lee\u0027s Waffle"],"potions_floor_usage":[7,24,50,50,50,50],"damage_taken":[{"damage":1.0,"enemies":"Jaw Worm","floor":1.0,"turns":3.0},{"damage":1,"enemies":"Cultist","floor":5,"turns":3},{"damage":9,"enemies":"Gremlin Nob","floor":7,"turns":3},{"damage":11,"enemies":"Small Slimes","floor":11,"turns":3},{"damage":35,"enemies":"3 Sentries","floor":14,"turns":5},{"damage":29,"enemies":"The Guardian","floor":16,"turns":6},{"damage":14,"enemies":"Shell Parasite","floor":18,"turns":5},{"damage":8,"enemies":"Spheric Guardian","floor":20,"turns":4},{"damage":10,"enemies":"Chosen and Byrds","floor":24,"turns":4},{"damage":9,"enemies":"Cultist and Chosen","floor":28,"turns":4},{"damage":15,"enemies":"Masked Bandits","floor":30,"turns":3},{"damage":31,"enemies":"Collector","floor":33,"turns":10},{"damage":22,"enemies":"3 Darklings","floor":35,"turns":3},{"damage":15,"enemies":"Orb Walker","floor":37,"turns":3},{"damage":0,"enemies":"Jaw Worm Horde","floor":45,"turns":3},{"damage":4,"enemies":"Spire Growth","floor":46,"turns":6},{"damage":23,"enemies":"4 Shapes","floor":48,"turns":3},{"damage":0,"enemies":"Donu and Deca","floor":50,"turns":5}],"seed_played":"-4940405166900623385","potions_obtained":[{"floor":1.0,"key":"FearPotion"},{"floor":7,"key":"Fire Potion"},{"floor":14,"key":"Poison Potion"},{"floor":28,"key":"Strength Potion"},{"floor":35,"key":"PowerPotion"},{"floor":48,"key":"Strength Potion"}],"is_trial":false,"path_per_floor":["M","?","?","$","M","R","E","R","T","?","M","$","$","E","R","B",null,"M","?","M","?","?","R","M","R","T","R","M","$","?","?","R","B",null,"M","?","M","$","?","R","?","?","T","$","M","M","R","M","R","B",null],"character_chosen":"DEFECT","items_purchased":["Doom and Gloom","Consume","Ball Lightning","Fission","Ancient Potion","AttackPotion","Lee\u0027s Waffle","PowerPotion"],"campfire_rested":3,"item_purchase_floors":[4,12,12,38,38,38,44,44],"current_hp_per_floor":[67,67,67,67,66,66,57,57,57,57,46,46,46,11,31,27,68,54,54,46,46,46,46,36,36,36,36,27,27,12,12,32,26,68,46,46,31,31,31,51,51,51,51,75,75,71,71,48,48,73],"gold":71,"neow_bonus":"REMOVE_TWO","is_prod":false,"is_daily":false,"chose_seed":false,"campfire_upgraded":7,"win_rate":0,"timestamp":1560254158,"path_taken":["M","?","?","$","?","R","E","R","T","?","M","?","$","E","R","BOSS","M","?","M","?","?","R","M","R","T","R","M","$","?","?","R","BOSS","M","?","M","$","?","R","?","?","T","$","M","M","R","M","R","BOSS"],"build_version":"2019-01-23","purchased_purges":3,"victory":true,"max_hp_per_floor":[68,68,68,68,68,68,68,68,68,68,68,68,68,68,68,68,68,68,68,68,68,68,68,68,68,68,68,68,68,68,68,68,68,68,68,68,68,68,68,68,68,68,68,75,75,75,75,75,75,75],"card_choices":[{"not_picked":["BootSequence","Sweeping Beam"],"picked":"Recycle","floor":1.0},{"not_picked":["Melter","Stack"],"picked":"Capacitor","floor":5},{"not_picked":["Recycle","Compile Driver","Aggregate"],"picked":"SKIP","floor":7},{"not_picked":["Beam Cell","Leap","BootSequence"],"picked":"SKIP","floor":11},{"not_picked":["Compile Driver","Steam","Barrage"],"picked":"SKIP","floor":14},{"not_picked":["Hyperbeam","Echo Form"],"picked":"Rainbow","floor":16},{"not_picked":[],"picked":"Cold Snap","floor":18},{"not_picked":["Aggregate"],"picked":"SKIP","floor":20},{"not_picked":["Lockon"],"picked":"SKIP","floor":24},{"not_picked":[],"picked":"White Noise+1","floor":28},{"not_picked":[],"picked":"Turbo","floor":30},{"not_picked":[],"picked":"Electrodynamics","floor":33},{"not_picked":[],"picked":"Hologram","floor":35},{"not_picked":["Steam"],"picked":"SKIP","floor":37},{"not_picked":["Conserve Battery+1"],"picked":"SKIP","floor":45},{"not_picked":["Melter"],"picked":"SKIP","floor":46},{"not_picked":["Leap+1"],"picked":"SKIP","floor":48}],"player_experience":5063508,"relics_obtained":[{"floor":7,"key":"Juzu Bracelet"},{"floor":9,"key":"Pantograph"},{"floor":14,"key":"Symbiotic Virus"},{"floor":26,"key":"Potion Belt"},{"floor":30,"key":"Red Mask"},{"floor":43,"key":"DataDisk"}],"event_choices":[{"cards_removed":["Strike_B"],"damage_healed":0,"gold_gain":0,"player_choice":"Forget","damage_taken":0,"max_hp_gain":0,"max_hp_loss":0,"event_name":"Living Wall","floor":2,"gold_loss":0},{"damage_healed":0,"gold_gain":0,"player_choice":"Rummage","damage_taken":0,"relics_obtained":["WarpedTongs"],"max_hp_gain":0,"max_hp_loss":0,"event_name":"Accursed Blacksmith","floor":3,"gold_loss":0,"cards_obtained":["Pain"]},{"damage_healed":0,"gold_gain":0,"player_choice":"Ignored","damage_taken":0,"max_hp_gain":0,"max_hp_loss":0,"event_name":"NoteForYourself","floor":10,"gold_loss":0},{"damage_healed":0,"gold_gain":0,"player_choice":"Read","damage_taken":0,"max_hp_gain":0,"max_hp_loss":0,"event_name":"The Library","floor":19,"gold_loss":0,"cards_obtained":["Skim"]},{"damage_healed":0,"gold_gain":100,"player_choice":"Bet on Murderer","damage_taken":0,"max_hp_gain":0,"max_hp_loss":0,"event_name":"The Joust","floor":21,"gold_loss":50},{"damage_healed":0,"gold_gain":99,"player_choice":"Stole From Cult","damage_taken":0,"max_hp_gain":0,"max_hp_loss":0,"event_name":"Nest","floor":22,"gold_loss":0},{"damage_healed":0,"gold_gain":0,"player_choice":"Fought Bandits","damage_taken":0,"max_hp_gain":0,"max_hp_loss":0,"event_name":"Masked Bandits","floor":30,"gold_loss":0},{"damage_healed":0,"gold_gain":0,"player_choice":"Smashed Altar","damage_taken":0,"max_hp_gain":0,"max_hp_loss":0,"event_name":"Forgotten Altar","floor":31,"gold_loss":0,"cards_obtained":["Decay"]},{"damage_healed":0,"gold_gain":0,"player_choice":"Gave Potion","damage_taken":0,"relics_obtained":["MawBank"],"max_hp_gain":0,"max_hp_loss":0,"event_name":"WeMeetAgain","floor":36,"gold_loss":0},{"damage_healed":0,"gold_gain":0,"player_choice":"Ignored","damage_taken":0,"max_hp_gain":0,"max_hp_loss":0,"event_name":"Mysterious Sphere","floor":39,"gold_loss":0},{"damage_healed":0,"gold_gain":222,"player_choice":"Wore Mask","damage_taken":0,"max_hp_gain":0,"max_hp_loss":0,"event_name":"Tomb of Lord Red Mask","floor":41,"gold_loss":0},{"damage_healed":0,"gold_gain":0,"player_choice":"2 cards matched","damage_taken":0,"max_hp_gain":0,"max_hp_loss":0,"event_name":"Match and Keep!","floor":42,"gold_loss":0,"cards_obtained":["Creative AI","Force Field"]}],"is_beta":false,"boss_relics":[{"not_picked":["Black Star","Ectoplasm"],"picked":"Busted Crown"},{"not_picked":["Calling Bell","Orrery"],"picked":"Runic Pyramid"}],"items_purged_floors":[29,38,44],"is_endless":false,"potions_floor_spawned":[1,7,14,28,35,48],"ascension_level":0}