{"gold_per_floor":[113,113,131,141,151,151,1,1,31,31,62,6,31,31,31,103,103,118,118,0,0,14,14,14,34,57,57,70,87,87,87,87,87],"floor_reached":33,"playtime":762,"items_purged":["Strike_R"],"score":506,"play_id":"bf3900b6-22a8-472a-a362-bad19cdf31cd","local_time":"20190808193637","is_ascension_mode":true,"campfire_choices":[{"data":"Flex","floor":6.0,"key":"SMITH"},{"data":"Rampage","floor":8.0,"key":"SMITH"},{"floor":10.0,"key":"REST"},{"data":"True Grit","floor":15.0,"key":"SMITH"},{"data":"Inflame","floor":23.0,"key":"SMITH"},{"data":"Dark Embrace","floor":27.0,"key":"SMITH"},{"data":"Shrug It Off","floor":30.0,"key":"SMITH"},{"data":"Berserk","floor":32.0,"key":"SMITH"}],"neow_cost":"PERCENT_DAMAGE","seed_source_timestamp":0,"circlet_count":0,"master_deck":["AscendersBane","Strike_R","Strike_R","Strike_R","Defend_R","Defend_R","Defend_R","Defend_R","Bash","Dark Embrace+1","Flex+1","Rampage+1","True Grit+1","Inflame+1","Offering","Pommel Strike+1","Berserk+1","Shrug It Off+1"],"special_seed":0,"relics":["Black Blood","Meat on the Bone","Bird Faced Urn","Paper Frog","Nloth\u0027s Gift","Blood Vial"],"potions_floor_usage":[33],"damage_taken":[{"damage":18.0,"enemies":"Jaw Worm","floor":1.0,"turns":5.0},{"damage":6.0,"enemies":"Cultist","floor":3.0,"turns":3.0},{"damage":1.0,"enemies":"2 Louse","floor":4.0,"turns":2.0},{"damage":19.0,"enemies":"Blue Slaver","floor":5.0,"turns":4.0},{"damage":42.0,"enemies":"Gremlin Nob","floor":11.0,"turns":5.0},{"damage":25.0,"enemies":"Lagavulin","floor":13.0,"turns":7.0},{"damage":23.0,"enemies":"Hexaghost","floor":16.0,"turns":8.0},{"damage":45.0,"enemies":"3 Byrds","floor":18.0,"turns":8.0},{"damage":17.0,"enemies":"Chosen","floor":22.0,"turns":5.0},{"damage":44.0,"enemies":"Snake Plant","floor":25.0,"turns":3.0},{"damage":29.0,"enemies":"Centurion and Healer","floor":28.0,"turns":5.0},{"damage":12.0,"enemies":"3 Cultists","floor":29.0,"turns":5.0},{"damage":69,"enemies":"Automaton","floor":33,"turns":6}],"seed_played":"5243519981663413568","potions_obtained":[{"floor":5.0,"key":"Weak Potion"},{"floor":11.0,"key":"BloodPotion"},{"floor":16.0,"key":"Fire Potion"},{"floor":18.0,"key":"Strength Potion"},{"floor":25.0,"key":"SkillPotion"}],"is_trial":false,"path_per_floor":["M","?","M","M","M","R","$","R","T","R","E","$","E","T","R","B",null,"M","?","?","$","M","R","?","M","T","R","M","M","R","T","R","B"],"character_chosen":"IRONCLAD","items_purchased":["Rampage","PowerPotion"],"campfire_rested":1,"item_purchase_floors":[7,12],"current_hp_per_floor":[38,38,38,43,30,30,30,30,30,52,16,16,27,27,27,26,63,44,44,44,44,53,53,53,35,35,35,34,50,50,50,50,0],"gold":87,"neow_bonus":"THREE_RARE_CARDS","is_prod":false,"is_daily":false,"chose_seed":false,"campfire_upgraded":7,"win_rate":0,"timestamp":1565264197,"path_taken":["M","?","M","?","M","R","$","R","T","R","E","$","E","?","R","BOSS","M","?","?","$","M","R","?","M","T","R","?","?","R","?","R","BOSS"],"build_version":"2019-07-17","purchased_purges":1,"victory":false,"max_hp_per_floor":[75,75,75,75,75,75,75,75,75,75,75,75,75,75,75,75,75,75,75,75,75,75,75,75,75,75,75,75,75,75,75,75,75],"card_choices":[{"not_picked":["Exhume","Limit Break"],"picked":"Dark Embrace","floor":0.0},{"not_picked":["Heavy Blade","Warcry","Flex"],"picked":"SKIP","floor":1.0},{"not_picked":["Heavy Blade","Warcry"],"picked":"Flex","floor":1.0},{"not_picked":["Flex","Headbutt","Seeing Red"],"picked":"SKIP","floor":3.0},{"not_picked":["Headbutt","Wild Strike","Havoc"],"picked":"SKIP","floor":4.0},{"not_picked":["Rupture","Perfected Strike","Wild Strike"],"picked":"SKIP","floor":5.0},{"not_picked":["Reckless Charge","Rupture"],"picked":"True Grit","floor":11.0},{"not_picked":["True Grit","Juggernaut"],"picked":"Inflame","floor":13.0},{"not_picked":["Berserk","Double Tap"],"picked":"Offering","floor":16.0},{"not_picked":["Warcry","Heavy Blade","Twin Strike"],"picked":"SKIP","floor":18.0},{"not_picked":["Heavy Blade","Thunderclap"],"picked":"Pommel Strike+1","floor":22.0},{"not_picked":["Pommel Strike","Heavy Blade","Havoc"],"picked":"SKIP","floor":25.0},{"not_picked":["Spot Weakness","Twin Strike+1"],"picked":"Berserk","floor":28.0},{"not_picked":["Offering","Anger"],"picked":"Shrug It Off","floor":29.0}],"player_experience":755150,"relics_obtained":[{"floor":9.0,"key":"Tiny Chest"},{"floor":11.0,"key":"Meat on the Bone"},{"floor":13.0,"key":"Bird Faced Urn"},{"floor":14.0,"key":"Paper Frog"},{"floor":26.0,"key":"Blood Vial"}],"event_choices":[{"cards_removed":["Strike_R"],"damage_healed":0.0,"max_hp_gain":0.0,"max_hp_loss":0.0,"gold_gain":0.0,"event_name":"Purifier","player_choice":"Purged","floor":2.0,"gold_loss":0.0,"damage_taken":0.0},{"damage_healed":0.0,"max_hp_gain":0.0,"max_hp_loss":0.0,"gold_gain":0.0,"event_name":"Cursed Tome","player_choice":"Ignored","floor":19.0,"gold_loss":0.0,"damage_taken":0.0},{"damage_healed":0.0,"max_hp_gain":0.0,"max_hp_loss":0.0,"gold_gain":0.0,"event_name":"Masked Bandits","player_choice":"Paid Fearfully","floor":20.0,"gold_loss":118.0,"damage_taken":0.0},{"damage_healed":0.0,"max_hp_gain":0.0,"max_hp_loss":0.0,"gold_gain":0.0,"event_name":"N\u0027loth","player_choice":"Traded Relic","floor":24.0,"relics_lost":["Tiny Chest"],"gold_loss":0.0,"damage_taken":0.0,"relics_obtained":["Nloth\u0027s Gift"]}],"is_beta":false,"boss_relics":[{"not_picked":["Runic Cube","White Beast Statue"],"picked":"Black Blood"}],"items_purged_floors":[7],"is_endless":false,"potions_floor_spawned":[5,11,16,18,25,29],"killed_by":"Automaton","ascension_level":20}