{"gold_per_floor":[111,186,204,78,78,103,103,138,162,162,179,211,211,224,224,301,301],"floor_reached":17,"playtime":543,"items_purged":["Strike_G"],"score":546,"play_id":"9140f715-ef30-48c3-8c90-48a16893b93e","local_time":"20190317084400","is_ascension_mode":true,"campfire_choices":[{"data":"Well Laid Plans","floor":7,"key":"SMITH"},{"data":"Footwork","floor":10,"key":"SMITH"},{"data":"Poisoned Stab","floor":15,"key":"SMITH"}],"neow_cost":"NONE","seed_source_timestamp":2729678066044,"circlet_count":0,"master_deck":["AscendersBane","Defend_G","Defend_G","Defend_G","Defend_G","Defend_G","Strike_G","Strike_G","Strike_G","Strike_G","Survivor","Neutralize","Poisoned Stab+1","Well Laid Plans+1","Deadly Poison+1","Pain","Footwork+1","Escape Plan","Wraith Form v2","Doubt","Clumsy","Regret"],"relics":["Ring of the Snake","NeowsBlessing","WarpedTongs","Centennial Puzzle","Happy Flower","Smiling Mask","Strawberry","Calling Bell"],"potions_floor_usage":[8,16,16],"damage_taken":[{"damage":0,"enemies":"Small Slimes","floor":1,"turns":1},{"damage":0,"enemies":"Cultist","floor":3,"turns":1},{"damage":0,"enemies":"Gremlin Nob","floor":6,"turns":1},{"damage":15,"enemies":"3 Sentries","floor":8,"turns":9},{"damage":1,"enemies":"Jaw Worm","floor":11,"turns":5},{"damage":4,"enemies":"Lagavulin","floor":12,"turns":7},{"damage":2,"enemies":"Blue Slaver","floor":14,"turns":4},{"damage":21,"enemies":"Slime Boss","floor":16,"turns":13}],"seed_played":"-6524449594774724657","potions_obtained":[{"floor":6,"key":"Energy Potion"},{"floor":8,"key":"Explosive Potion"},{"floor":14,"key":"EssenceOfSteel"}],"is_trial":false,"path_per_floor":["M","?","M","$","?","E","R","E","T","R","M","E","?","M","R","B",null],"character_chosen":"THE_SILENT","items_purchased":["Deadly Poison"],"campfire_rested":0,"item_purchase_floors":[4],"current_hp_per_floor":[59,48,48,48,48,48,48,33,33,33,32,35,35,33,33,12,12],"gold":301,"neow_bonus":"THREE_ENEMY_KILL","is_prod":false,"is_daily":false,"chose_seed":false,"campfire_upgraded":3,"win_rate":0,"timestamp":1552783440,"path_taken":["M","?","M","$","?","E","R","E","T","R","?","E","?","M","R","BOSS"],"build_version":"2019-01-23","purchased_purges":1,"victory":false,"max_hp_per_floor":[66,66,66,66,66,66,66,66,66,66,66,73,73,73,73,73,73],"card_choices":[{"not_picked":["Dagger Throw","Quick Slash"],"picked":"Poisoned Stab","floor":1},{"not_picked":["Deflect","Backstab"],"picked":"Well Laid Plans","floor":3},{"not_picked":["Bullet Time","Deflect","Blade Dance"],"picked":"SKIP","floor":6},{"not_picked":["Backstab","Caltrops"],"picked":"Footwork","floor":8},{"not_picked":["Footwork","Well Laid Plans","Slice"],"picked":"SKIP","floor":11},{"not_picked":["Setup","Heel Hook","Finisher"],"picked":"SKIP","floor":12},{"not_picked":["Terror","Skewer"],"picked":"Escape Plan","floor":14},{"not_picked":["Doppelganger","A Thousand Cuts"],"picked":"Wraith Form v2","floor":16}],"player_experience":3644119,"relics_obtained":[{"floor":6,"key":"Centennial Puzzle"},{"floor":8,"key":"Happy Flower"},{"floor":9,"key":"Smiling Mask"},{"floor":12,"key":"Strawberry"}],"event_choices":[{"damage_healed":0,"gold_gain":75,"player_choice":"Gather Gold","damage_taken":11,"max_hp_gain":0,"max_hp_loss":0,"event_name":"World of Goop","floor":2,"gold_loss":0},{"damage_healed":0,"gold_gain":0,"player_choice":"Rummage","damage_taken":0,"relics_obtained":["WarpedTongs"],"max_hp_gain":0,"max_hp_loss":0,"event_name":"Accursed Blacksmith","floor":5,"gold_loss":0,"cards_obtained":["Pain"]},{"damage_healed":0,"gold_gain":0,"player_choice":"Upgraded","damage_taken":0,"max_hp_gain":0,"max_hp_loss":0,"event_name":"Upgrade Shrine","floor":13,"gold_loss":0,"cards_upgraded":["Deadly Poison"]}],"is_beta":false,"boss_relics":[{"not_picked":["Cursed Key","Snecko Eye"],"picked":"Calling Bell"}],"items_purged_floors":[4],"is_endless":false,"potions_floor_spawned":[6,8,14],"ascension_level":20}