{"gold_per_floor":[117,117,117,33,53,112,112,37,114,114,124,124,124,139,139,215,215,155,155,155,155,155,155,155,155,155,155,155,155,55,55,55,55,55,55,55,55,55,55,55,55,55],"floor_reached":42,"playtime":1326,"items_purged":["Strike_G","Strike_G"],"score":857,"play_id":"2c3bd3c3-4482-4906-a2f4-7e32e4bd8b4b","local_time":"20190201035057","is_ascension_mode":true,"campfire_choices":[{"data":"Deadly Poison","floor":7,"key":"SMITH"},{"data":"Well Laid Plans","floor":10,"key":"SMITH"},{"floor":15,"key":"REST"},{"data":"Corpse Explosion","floor":23,"key":"SMITH"},{"floor":27,"key":"REST"},{"floor":32,"key":"REST"},{"floor":40,"key":"REST"}],"neow_cost":"NONE","seed_source_timestamp":6343128609385,"circlet_count":0,"master_deck":["AscendersBane","Defend_G","Defend_G","Defend_G","Defend_G","Strike_G+1","Survivor","Neutralize","Well Laid Plans+1","Deadly Poison+1","Pain","Corpse Explosion+1","Backflip","Writhe","Escape Plan","Malaise","Wraith Form v2","Discovery","Discovery","Dark Shackles"],"relics":["Ring of the Snake","NeowsBlessing","Tiny Chest","Blue Candle","WarpedTongs","Ectoplasm","Bag of Marbles","Dodecahedron","Anchor","Sozu","Meat on the Bone"],"potions_floor_usage":[16,16,42],"damage_taken":[{"damage":0,"enemies":"2 Louse","floor":1,"turns":1},{"damage":0,"enemies":"Small Slimes","floor":5,"turns":2},{"damage":0,"enemies":"Lagavulin","floor":6,"turns":1},{"damage":0,"enemies":"Cultist","floor":11,"turns":4},{"damage":15,"enemies":"Lots of Slimes","floor":14,"turns":6},{"damage":26,"enemies":"Slime Boss","floor":16,"turns":15},{"damage":4,"enemies":"2 Thieves","floor":18,"turns":4},{"damage":1,"enemies":"Chosen","floor":19,"turns":4},{"damage":3,"enemies":"Colosseum Slavers","floor":21,"turns":4},{"damage":26,"enemies":"Snake Plant","floor":24,"turns":4},{"damage":2,"enemies":"Snecko","floor":25,"turns":5},{"damage":5,"enemies":"Centurion and Healer","floor":28,"turns":5},{"damage":4,"enemies":"Cultist and Chosen","floor":31,"turns":6},{"damage":37,"enemies":"Champ","floor":33,"turns":15},{"damage":2,"enemies":"Orb Walker","floor":35,"turns":5},{"damage":7,"enemies":"3 Shapes","floor":38,"turns":5},{"damage":3,"enemies":"Writhing Mass","floor":39,"turns":7},{"damage":47,"enemies":"Giant Head","floor":41,"turns":10},{"damage":2,"enemies":"4 Shapes","floor":42,"turns":3}],"seed_played":"-6802776112350648226","potions_obtained":[{"floor":11,"key":"PowerPotion"},{"floor":14,"key":"Block Potion"},{"floor":33,"key":"SkillPotion"}],"is_trial":false,"path_per_floor":["M","?","?","$","M","E","R","$","T","R","M","?","?","M","R","B",null,"M","M","T","?","?","R","M","M","T","R","M","?","$","M","R","B",null,"M","?","?","M","M","R","E","M"],"character_chosen":"THE_SILENT","items_purchased":["Well Laid Plans"],"campfire_rested":4,"item_purchase_floors":[4],"current_hp_per_floor":[59,39,39,39,39,39,39,39,39,39,39,32,32,17,36,10,52,48,47,47,44,44,44,18,16,16,35,30,30,30,26,45,8,52,50,50,40,33,30,49,2,0],"gold":55,"neow_bonus":"THREE_ENEMY_KILL","is_prod":false,"is_daily":false,"chose_seed":false,"campfire_upgraded":3,"win_rate":0,"timestamp":1548964257,"path_taken":["M","?","?","$","?","E","R","?","T","R","M","?","?","M","R","BOSS","M","M","?","?","?","R","M","M","T","R","M","?","$","M","R","BOSS","M","?","?","M","M","R","E","M"],"build_version":"2019-01-23","purchased_purges":2,"victory":false,"max_hp_per_floor":[66,66,66,66,66,66,66,66,66,66,66,66,66,66,66,66,66,66,66,66,66,66,66,66,66,66,66,66,66,66,66,66,66,66,66,66,66,66,66,66,66,66],"card_choices":[{"not_picked":["Bane","Slice","Eviscerate"],"picked":"SKIP","floor":1},{"not_picked":["Slice","Masterful Stab"],"picked":"Deadly Poison","floor":5},{"not_picked":["Slice","Acrobatics","PiercingWail"],"picked":"SKIP","floor":6},{"not_picked":["Masterful Stab","Dodge and Roll","Skewer"],"picked":"SKIP","floor":11},{"not_picked":["Quick Slash","Flying Knee","Outmaneuver"],"picked":"SKIP","floor":14},{"not_picked":["Phantasmal Killer","After Image"],"picked":"Corpse Explosion","floor":16},{"not_picked":["Quick Slash","Infinite Blades"],"picked":"Backflip","floor":18},{"not_picked":["Dagger Throw","Dodge and Roll","Quick Slash"],"picked":"SKIP","floor":19},{"not_picked":["Concentrate","Poisoned Stab"],"picked":"Escape Plan","floor":24},{"not_picked":["Cloak And Dagger","Flying Knee+1"],"picked":"Malaise","floor":25},{"not_picked":["Dodge and Roll","PiercingWail","Bane"],"picked":"SKIP","floor":28},{"not_picked":["Prepared","Deflect","Bane"],"picked":"SKIP","floor":31},{"not_picked":["Doppelganger","Phantasmal Killer"],"picked":"Wraith Form v2","floor":33},{"not_picked":["Dash","Dagger Spray","PiercingWail"],"picked":"SKIP","floor":35},{"not_picked":["Mind Blast","Swift Strike"],"picked":"Discovery","floor":37},{"not_picked":["Jack Of All Trades","Impatience"],"picked":"Discovery","floor":37},{"not_picked":["Madness","Forethought"],"picked":"Dark Shackles","floor":37},{"not_picked":["PiercingWail","Heel Hook","Concentrate"],"picked":"SKIP","floor":38},{"not_picked":["Quick Slash","Poisoned Stab","Heel Hook+1"],"picked":"SKIP","floor":39},{"not_picked":["Dagger Throw","Prepared","Tactician"],"picked":"SKIP","floor":41}],"player_experience":2437048,"relics_obtained":[{"floor":6,"key":"Tiny Chest"},{"floor":9,"key":"Blue Candle"},{"floor":20,"key":"Bag of Marbles"},{"floor":26,"key":"Anchor"},{"floor":41,"key":"Meat on the Bone"}],"event_choices":[{"damage_healed":0,"gold_gain":0,"player_choice":"Entered Light","damage_taken":20,"max_hp_gain":0,"max_hp_loss":0,"event_name":"Shining Light","floor":2,"gold_loss":0,"cards_upgraded":["Defend_G","Strike_G"]},{"cards_removed":["Strike_G"],"damage_healed":0,"gold_gain":0,"player_choice":"Purged","damage_taken":0,"max_hp_gain":0,"max_hp_loss":0,"event_name":"Purifier","floor":3,"gold_loss":0},{"cards_removed":["Strike_G"],"damage_healed":0,"gold_gain":0,"player_choice":"Card Removal","damage_taken":7,"max_hp_gain":0,"max_hp_loss":0,"event_name":"Golden Wing","floor":12,"gold_loss":0},{"damage_healed":0,"gold_gain":0,"player_choice":"Rummage","damage_taken":0,"relics_obtained":["WarpedTongs"],"max_hp_gain":0,"max_hp_loss":0,"event_name":"Accursed Blacksmith","floor":13,"gold_loss":0,"cards_obtained":["Pain"]},{"damage_healed":0,"gold_gain":0,"player_choice":"Fight","damage_taken":0,"max_hp_gain":0,"max_hp_loss":0,"event_name":"Colosseum","floor":21,"gold_loss":0},{"damage_healed":0,"gold_gain":0,"player_choice":"Fled From Nobs","damage_taken":0,"max_hp_gain":0,"max_hp_loss":0,"event_name":"Colosseum","floor":21,"gold_loss":0},{"damage_healed":0,"gold_gain":0,"player_choice":"Opened","damage_taken":0,"relics_obtained":["Dodecahedron"],"max_hp_gain":0,"max_hp_loss":0,"event_name":"The Mausoleum","floor":22,"gold_loss":0,"cards_obtained":["Writhe"]},{"damage_healed":0,"gold_gain":0,"player_choice":"Ignored","damage_taken":0,"max_hp_gain":0,"max_hp_loss":0,"event_name":"Cursed Tome","floor":29,"gold_loss":0},{"cards_removed":["Defend_G"],"damage_healed":0,"gold_gain":0,"player_choice":"Removed Skill","damage_taken":0,"max_hp_gain":0,"max_hp_loss":0,"event_name":"Falling","floor":36,"gold_loss":0},{"damage_healed":0,"gold_gain":0,"player_choice":"Memory 3","damage_taken":10,"max_hp_gain":0,"max_hp_loss":0,"event_name":"SensoryStone","floor":37,"gold_loss":0}],"is_beta":false,"boss_relics":[{"not_picked":["Tiny House","HoveringKite"],"picked":"Ectoplasm"},{"not_picked":["Black Star","Coffee Dripper"],"picked":"Sozu"}],"items_purged_floors":[8,30],"is_endless":false,"potions_floor_spawned":[11,14,21,33,39,41],"killed_by":"4 Shapes","ascension_level":16}