{"gold_per_floor":[109,124,143,143,54,54,67,67,145,47,57,73,135,135,135,233,233,251,251,251,176,189,189,89,107,156,168,180,224,236,266,278,389,401,425,437,459,487,499,511,202,202,202,202,215,215,233,249,249,249],"floor_reached":51,"playtime":1650,"items_purged":["Strike_B","Strike_B","Defend_B+1"],"score":782,"play_id":"89065c91-e39f-4cbc-82ef-9855ac2b5139","local_time":"20190611191544","is_ascension_mode":false,"campfire_choices":[{"data":"Impatience","floor":6.0,"key":"SMITH"},{"data":"Recycle","floor":8.0,"key":"SMITH"},{"data":"Deep Breath","floor":15.0,"key":"SMITH"},{"data":"Zap","floor":23.0,"key":"SMITH"},{"data":"Coolheaded","floor":27.0,"key":"SMITH"},{"data":"Dualcast","floor":30.0,"key":"SMITH"},{"data":"Fission","floor":32.0,"key":"SMITH"},{"floor":40,"key":"RECALL"},{"floor":46,"key":"REST"},{"floor":49,"key":"REST"}],"neow_cost":"NONE","seed_source_timestamp":29749579387443,"circlet_count":0,"master_deck":["Defend_B+1","Defend_B+1","Zap+1","Dualcast+1","Core Surge+1","Coolheaded+1","Recycle+1","Impatience+1","Hologram+1","Deep Breath+1","Core Surge+1","Glacier+1","Fission+1","Machine Learning+1"],"special_seed":0,"relics":["Cracked Core","Matryoshka","Vajra","Busted Crown","Juzu Bracelet","MawBank","Symbiotic Virus","Lizard Tail","Mark of the Bloom","Medical Kit","Lantern","War Paint"],"potions_floor_usage":[50],"damage_taken":[{"damage":0.0,"enemies":"Cultist","floor":1.0,"turns":2.0},{"damage":1.0,"enemies":"Small Slimes","floor":2.0,"turns":2.0},{"damage":4.0,"enemies":"Jaw Worm","floor":3.0,"turns":3.0},{"damage":6.0,"enemies":"Looter","floor":7.0,"turns":3.0},{"damage":11.0,"enemies":"2 Fungi Beasts","floor":11.0,"turns":3.0},{"damage":7.0,"enemies":"Blue Slaver","floor":12.0,"turns":3.0},{"damage":16.0,"enemies":"Lagavulin Event","floor":13.0,"turns":5.0},{"damage":32.0,"enemies":"The Guardian","floor":16.0,"turns":8.0},{"damage":0.0,"enemies":"Spheric Guardian","floor":18.0,"turns":4.0},{"damage":2.0,"enemies":"3 Byrds","floor":22.0,"turns":5.0},{"damage":0.0,"enemies":"Shelled Parasite and Fungi","floor":25.0,"turns":2.0},{"damage":16.0,"enemies":"Gremlin Leader","floor":29.0,"turns":2.0},{"damage":0.0,"enemies":"Chosen and Byrds","floor":31.0,"turns":2.0},{"damage":0.0,"enemies":"Collector","floor":33.0,"turns":1.0},{"damage":0.0,"enemies":"Orb Walker","floor":35.0,"turns":3.0},{"damage":0,"enemies":"3 Darklings","floor":37,"turns":2},{"damage":6,"enemies":"Spire Growth","floor":38,"turns":2},{"damage":11,"enemies":"Transient","floor":45,"turns":5},{"damage":0,"enemies":"4 Shapes","floor":47,"turns":2},{"damage":24,"enemies":"Jaw Worm Horde","floor":48,"turns":2},{"damage":0,"enemies":"Donu and Deca","floor":50,"turns":1}],"seed_played":"6520265328901734787","potions_obtained":[{"floor":3.0,"key":"GamblersBrew"},{"floor":7.0,"key":"Dexterity Potion"},{"floor":11.0,"key":"GamblersBrew"},{"floor":13.0,"key":"Fire Potion"}],"is_trial":false,"path_per_floor":["M","M","M","?","$","R","M","R","T","$","M","M","?","?","R","B",null,"M","?","?","$","M","R","$","M","T","R","?","E","R","M","R","B",null,"M","?","M","M","?","R","$","?","T","?","M","R","M","M","R","B",null],"character_chosen":"DEFECT","items_purchased":["Impatience","Deep Breath","Medical Kit"],"campfire_rested":2,"item_purchase_floors":[5,10,41],"current_hp_per_floor":[75,74,70,75,75,75,69,69,69,69,58,51,35,35,35,3,80,80,65,65,65,63,63,63,63,63,63,63,47,47,47,47,47,85,85,85,85,79,79,79,79,79,79,79,68,68,68,44,44,44],"gold":249,"neow_bonus":"TRANSFORM_CARD","is_prod":false,"is_daily":false,"chose_seed":false,"campfire_upgraded":7,"win_rate":0,"timestamp":1560251744,"path_taken":["M","M","?","?","$","R","M","R","T","$","M","M","?","?","R","BOSS","M","?","?","$","M","R","$","M","T","R","?","E","R","M","R","BOSS","M","?","M","M","?","R","$","?","T","?","M","R","M","M","R","BOSS"],"build_version":"2019-01-23","purchased_purges":3,"victory":true,"max_hp_per_floor":[75,75,75,80,80,80,80,80,80,80,80,80,80,80,80,80,80,80,85,85,85,85,85,85,85,85,85,85,85,85,85,85,85,85,85,85,85,85,85,85,85,85,85,85,85,85,85,85,85,85],"card_choices":[{"not_picked":["Gash","Barrage"],"picked":"Coolheaded","floor":1.0},{"not_picked":["Streamline","Steam Power"],"picked":"Ball Lightning","floor":2.0},{"not_picked":["Hello World","Cold Snap"],"picked":"Recycle","floor":3.0},{"not_picked":["Aggregate","Sweeping Beam"],"picked":"Hologram","floor":7.0},{"not_picked":["Turbo","Cold Snap","Conserve Battery"],"picked":"SKIP","floor":11.0},{"not_picked":["Glacier","Steam"],"picked":"Core Surge","floor":12.0},{"not_picked":["Rainbow","Machine Learning"],"picked":"Fission","floor":16.0},{"not_picked":["Darkness+1"],"picked":"SKIP","floor":18.0},{"not_picked":["White Noise"],"picked":"SKIP","floor":22.0},{"not_picked":["Reprogram"],"picked":"SKIP","floor":25.0},{"not_picked":["Heatsinks"],"picked":"SKIP","floor":29.0},{"not_picked":["Coolheaded"],"picked":"SKIP","floor":31.0},{"not_picked":["Stack+1"],"picked":"SKIP","floor":35.0},{"not_picked":["Barrage+1"],"picked":"SKIP","floor":37},{"not_picked":["Beam Cell+1"],"picked":"SKIP","floor":38},{"not_picked":["Storm+1"],"picked":"SKIP","floor":45},{"not_picked":["Beam Cell"],"picked":"SKIP","floor":47},{"not_picked":["Rebound+1"],"picked":"SKIP","floor":48}],"player_experience":5060847,"relics_obtained":[{"floor":9.0,"key":"Matryoshka"},{"floor":13.0,"key":"Vajra"},{"floor":26.0,"key":"Juzu Bracelet"},{"floor":26.0,"key":"MawBank"},{"floor":29.0,"key":"Symbiotic Virus"},{"floor":43,"key":"Lantern"},{"floor":43,"key":"War Paint"}],"event_choices":[{"damage_healed":0.0,"max_hp_gain":5.0,"max_hp_loss":0.0,"gold_gain":0.0,"event_name":"Big Fish","player_choice":"Donut","floor":4.0,"gold_loss":0.0,"damage_taken":0.0},{"damage_healed":0.0,"max_hp_gain":0.0,"max_hp_loss":0.0,"gold_gain":0.0,"event_name":"Dead Adventurer","player_choice":"Searched \u00271\u0027 times","floor":13.0,"gold_loss":0.0,"damage_taken":0.0},{"damage_healed":0.0,"max_hp_gain":0.0,"max_hp_loss":0.0,"gold_gain":0.0,"cards_transformed":["Strike_B"],"event_name":"Living Wall","player_choice":"Change","floor":14.0,"gold_loss":0.0,"damage_taken":0.0,"cards_obtained":["Glacier"]},{"damage_healed":0.0,"max_hp_gain":5.0,"max_hp_loss":0.0,"gold_gain":0.0,"event_name":"Forgotten Altar","player_choice":"Shed Blood","floor":19.0,"gold_loss":0.0,"damage_taken":20.0},{"damage_healed":0.0,"max_hp_gain":0.0,"max_hp_loss":0.0,"gold_gain":0.0,"event_name":"Vampires","player_choice":"Ignored","floor":20.0,"gold_loss":0.0,"damage_taken":0.0},{"damage_healed":0.0,"max_hp_gain":0.0,"max_hp_loss":0.0,"gold_gain":0.0,"event_name":"Ghosts","player_choice":"Ignored","floor":28.0,"gold_loss":0.0,"damage_taken":0.0},{"damage_healed":0.0,"max_hp_gain":0.0,"max_hp_loss":0.0,"gold_gain":0.0,"cards_transformed":["Ball Lightning"],"event_name":"Transmorgrifier","player_choice":"Transformed","floor":36.0,"gold_loss":0.0,"damage_taken":0.0,"cards_obtained":["Machine Learning"]},{"damage_healed":0,"gold_gain":0,"player_choice":"Upgrade","damage_taken":0,"relics_obtained":["Mark of the Bloom"],"max_hp_gain":0,"max_hp_loss":0,"event_name":"MindBloom","floor":39,"gold_loss":0,"cards_upgraded":["Defend_B","Defend_B","Defend_B","Defend_B","Core Surge","Hologram","Core Surge","Glacier","Machine Learning"]},{"cards_removed":["Defend_B"],"damage_healed":0,"gold_gain":0,"player_choice":"Offered Basic","damage_taken":0,"max_hp_gain":0,"max_hp_loss":0,"event_name":"Bonfire Elementals","floor":42,"gold_loss":0},{"damage_healed":0,"gold_gain":0,"player_choice":"Ignored","damage_taken":0,"max_hp_gain":0,"max_hp_loss":0,"event_name":"Mysterious Sphere","floor":44,"gold_loss":0}],"is_beta":false,"boss_relics":[{"not_picked":["Fusion Hammer","Philosopher\u0027s Stone"],"picked":"Busted Crown"},{"not_picked":["Nuclear Battery","Runic Dome"],"picked":"Lizard Tail"}],"items_purged_floors":[21,24,41],"is_endless":false,"potions_floor_spawned":[3,7,11,12,13,22,29,37,48],"ascension_level":0}