{"gold_per_floor":[210,210,210,210,210,210,61,75,123,159,159,174,174,194,194,325,325,345,165,179,192,227,262,262,262,262,262,276,276,289,289,289,410,410,426,442,465,798,817,842,842,842,842,372,389,389,408,408,408,408],"floor_reached":51,"playtime":2020,"items_purged":["Strike_G","Strike_G","Strike_G"],"score":1098,"play_id":"2686aba5-e5c2-488b-acc8-3c97df0c75c7","local_time":"20181009211408","is_ascension_mode":true,"campfire_choices":[{"data":"Survivor","floor":6,"key":"SMITH"},{"data":"Bouncing Flask","floor":11,"key":"SMITH"},{"data":"Burst","floor":13,"key":"SMITH"},{"data":"Defend_G","floor":15,"key":"SMITH"},{"data":"Footwork","floor":24,"key":"SMITH"},{"data":"Catalyst","floor":27,"key":"SMITH"},{"data":"Well Laid Plans","floor":29,"key":"SMITH"},{"data":"Bouncing Flask","floor":32,"key":"SMITH"},{"data":"Footwork","floor":41,"key":"SMITH"},{"data":"Wraith Form v2","floor":46,"key":"SMITH"},{"data":"Corpse Explosion","floor":49,"key":"SMITH"}],"neow_cost":"NONE","seed_source_timestamp":36507275761267,"circlet_count":0,"master_deck":["Defend_G+1","Defend_G","Defend_G","Defend_G","Defend_G","Strike_G","Survivor+1","Neutralize+1","Bouncing Flask+1","Burst+1","Corpse Explosion+1","Escape Plan","Footwork+1","Bouncing Flask+1","Footwork+1","Catalyst+1","Well Laid Plans+1","Ghostly","Ghostly","Ghostly","Ghostly","Ghostly","Adrenaline","Backflip","Blur+1","Backflip+1","Night Terror","Wraith Form v2+1","Backflip","Envenom","Prepared+1"],"relics":["Ring of the Snake","Pen Nib","Lantern","Lizard Tail","Red Mask","Bag of Preparation","Ancient Tea Set","Coffee Dripper","WingedGreaves","Blood Vial","Oddly Smooth Stone"],"potions_floor_usage":[10,21,22],"damage_taken":[{"damage":0,"enemies":"2 Louse","floor":1,"turns":4},{"damage":0,"enemies":"Jaw Worm","floor":8,"turns":3},{"damage":39,"enemies":"3 Sentries","floor":10,"turns":15},{"damage":0,"enemies":"Cultist","floor":12,"turns":4},{"damage":0,"enemies":"Large Slime","floor":14,"turns":3},{"damage":6,"enemies":"Hexaghost","floor":16,"turns":8},{"damage":0,"enemies":"3 Byrds","floor":18,"turns":2},{"damage":0,"enemies":"Chosen","floor":20,"turns":4},{"damage":0,"enemies":"Snake Plant","floor":21,"turns":6},{"damage":7,"enemies":"Masked Bandits","floor":22,"turns":3},{"damage":11,"enemies":"Book of Stabbing","floor":23,"turns":6},{"damage":0,"enemies":"Centurion and Healer","floor":28,"turns":3},{"damage":0,"enemies":"3 Cultists","floor":30,"turns":3},{"damage":5,"enemies":"Automaton","floor":33,"turns":8},{"damage":0,"enemies":"3 Darklings","floor":35,"turns":5},{"damage":0,"enemies":"3 Shapes","floor":36,"turns":4},{"damage":0,"enemies":"Sphere and 2 Shapes","floor":37,"turns":4},{"damage":0,"enemies":"Transient","floor":39,"turns":5},{"damage":0,"enemies":"2 Orb Walkers","floor":40,"turns":4},{"damage":0,"enemies":"3 Darklings","floor":45,"turns":3},{"damage":0,"enemies":"Sphere and 2 Shapes","floor":47,"turns":7},{"damage":14,"enemies":"Awakened One","floor":50,"turns":19}],"seed_played":"-2435120028939881250","potions_obtained":[{"floor":8,"key":"GamblersBrew"},{"floor":12,"key":"SpeedPotion"},{"floor":14,"key":"Fire Potion"},{"floor":18,"key":"Block Potion"},{"floor":22,"key":"SpeedPotion"},{"floor":35,"key":"Fire Potion"}],"is_trial":false,"path_per_floor":["M","?","?","?","?","R","$","M","T","E","R","M","R","M","R","B",null,"M","$","M","M","?","E","R","?","T","R","M","R","M","?","R","B",null,"M","M","M","?","M","E","R","?","T","$","M","R","M","T","R","B"],"character_chosen":"THE_SILENT","items_purchased":["Bouncing Flask","Footwork","Night Terror","Wraith Form v2","Backflip"],"campfire_rested":0,"item_purchase_floors":[7,19,44,44,44],"current_hp_per_floor":[63,68,68,68,68,68,68,68,68,29,29,29,29,29,29,23,58,58,58,58,58,51,40,40,40,40,40,40,40,40,34,34,29,33,33,33,33,33,33,33,33,33,33,33,34,34,34,34,34,20],"gold":408,"neow_bonus":"HUNDRED_GOLD","is_prod":false,"is_daily":false,"chose_seed":false,"campfire_upgraded":11,"win_rate":1,"timestamp":1539090848,"path_taken":["M","?","?","?","?","R","?","?","T","E","R","M","R","M","R","BOSS","M","$","M","M","?","E","R","?","T","R","M","R","M","?","R","BOSS","M","M","M","?","?","E","R","?","T","$","?","R","?","?","R","BOSS"],"build_version":"2018-10-04v2","purchased_purges":3,"victory":true,"max_hp_per_floor":[70,75,69,69,69,69,69,69,69,69,69,69,69,69,69,69,69,69,69,69,69,69,69,69,69,69,69,69,69,69,34,34,34,34,34,34,34,34,34,34,34,34,34,34,34,34,34,34,34,34],"card_choices":[{"not_picked":["Quick Slash","Blade Dance","Expertise"],"picked":"SKIP","floor":1},{"not_picked":["Reflex","Endless Agony","Distraction"],"picked":"SKIP","floor":8},{"not_picked":["Dodge and Roll","A Thousand Cuts"],"picked":"Burst","floor":10},{"not_picked":["Calculated Gamble","Accuracy","Bane"],"picked":"SKIP","floor":12},{"not_picked":["Calculated Gamble","Accuracy","Bane"],"picked":"SKIP","floor":12},{"not_picked":["Blade Dance","Prepared","Dagger Throw"],"picked":"SKIP","floor":14},{"not_picked":["Night Terror","Venomology"],"picked":"Corpse Explosion","floor":16},{"not_picked":["Choke","Deflect"],"picked":"Escape Plan","floor":18},{"not_picked":["Masterful Stab","Caltrops","Endless Agony+1"],"picked":"SKIP","floor":20},{"not_picked":["Reflex","Calculated Gamble"],"picked":"Bouncing Flask","floor":21},{"not_picked":["Bane","Underhanded Strike"],"picked":"Footwork","floor":23},{"not_picked":["Slice","Choke"],"picked":"Well Laid Plans","floor":28},{"not_picked":["Slice","Heel Hook","Outmaneuver"],"picked":"SKIP","floor":30},{"not_picked":["Phantasmal Killer","Envenom"],"picked":"Adrenaline","floor":33},{"not_picked":["Finisher","Outmaneuver","Deflect"],"picked":"SKIP","floor":35},{"not_picked":["Bane+1","Acrobatics+1"],"picked":"Backflip","floor":36},{"not_picked":["Quick Slash+1","Acrobatics"],"picked":"Blur+1","floor":37},{"not_picked":["Bane+1","Cloak And Dagger+1"],"picked":"Backflip+1","floor":39},{"not_picked":["Masterful Stab+1","Distraction+1","All Out Attack"],"picked":"SKIP","floor":40},{"not_picked":["Accuracy","Quick Slash+1"],"picked":"Envenom","floor":45},{"not_picked":["Blade Dance","Infinite Blades+1"],"picked":"Prepared+1","floor":47}],"player_experience":58199,"relics_obtained":[{"floor":9,"key":"Pen Nib"},{"floor":10,"key":"Lantern"},{"floor":22,"key":"Red Mask"},{"floor":23,"key":"Bag of Preparation"},{"floor":26,"key":"Ancient Tea Set"},{"floor":40,"key":"WingedGreaves"},{"floor":43,"key":"Blood Vial"},{"floor":48,"key":"Oddly Smooth Stone"}],"event_choices":[{"event_name":"Big Fish","player_choice":"Donut","floor":2,"damage_taken":0},{"event_name":"Golden Idol","player_choice":"Lose Max HP","floor":3,"damage_taken":0},{"event_name":"Living Wall","player_choice":"Forget","floor":4,"damage_taken":0},{"event_name":"Upgrade Shrine","player_choice":"Upgraded","floor":5,"damage_taken":0},{"event_name":"Masked Bandits","player_choice":"Fought Bandits","floor":22,"damage_taken":0},{"event_name":"The Library","player_choice":"Read","floor":25,"damage_taken":0},{"event_name":"Ghosts","player_choice":"Became a Ghost","floor":31,"damage_taken":0},{"event_name":"The Moai Head","player_choice":"Gave Idol","floor":38,"damage_taken":0},{"event_name":"SecretPortal","player_choice":"Rejected Portal.","floor":42,"damage_taken":0}],"is_beta":false,"boss_relics":[{"not_picked":["HoveringKite","Snecko Eye"],"picked":"Lizard Tail"},{"not_picked":["Orrery","WristBlade"],"picked":"Coffee Dripper"}],"items_purged_floors":[7,19,44],"is_endless":false,"potions_floor_spawned":[8,12,14,18,20,22,35,36,39,47],"ascension_level":8}