{"gold_per_floor":[112,112,132,144,159,159,175,175,175,175,190,25,25,25],"floor_reached":14,"playtime":338,"items_purged":[],"score":148,"play_id":"9b1cbe8a-95b7-4477-831b-f587fb750ae8","local_time":"20181217170517","is_ascension_mode":true,"campfire_choices":[{"data":"Capacitor","floor":6,"key":"SMITH"},{"data":"Coolheaded","floor":8,"key":"SMITH"},{"data":"Zap","floor":10,"key":"SMITH"}],"neow_cost":"NONE","seed_source_timestamp":18235026891818,"circlet_count":0,"master_deck":["AscendersBane","Strike_B","Strike_B","Strike_B","Defend_B","Defend_B","Defend_B","Defend_B","Zap+1","Dualcast","Recycle","Gash","Capacitor+1","Coolheaded+1","Ball Lightning","Echo Form"],"relics":["Sozu","Molten Egg 2","Bag of Preparation"],"potions_floor_usage":[],"damage_taken":[{"damage":0,"enemies":"2 Louse","floor":1,"turns":2},{"damage":5,"enemies":"Cultist","floor":3,"turns":4},{"damage":7,"enemies":"Small Slimes","floor":4,"turns":3},{"damage":17,"enemies":"Red Slaver","floor":5,"turns":4},{"damage":2,"enemies":"Large Slime","floor":7,"turns":7},{"damage":21,"enemies":"Exordium Wildlife","floor":11,"turns":6},{"damage":17,"enemies":"3 Sentries","floor":14,"turns":3}],"seed_played":"-4238439667546366218","potions_obtained":[],"is_trial":false,"path_per_floor":["M","?","M","M","M","R","M","R","T","R","M","$","?","E"],"character_chosen":"DEFECT","items_purchased":["Bag of Preparation"],"campfire_rested":0,"item_purchase_floors":[12],"current_hp_per_floor":[64,64,59,52,35,35,33,33,33,33,12,12,12,0],"gold":25,"neow_bonus":"BOSS_RELIC","is_prod":false,"is_daily":false,"chose_seed":false,"campfire_upgraded":3,"win_rate":0,"timestamp":1545037517,"path_taken":["M","?","M","M","M","R","M","R","T","R","M","?","?","E"],"build_version":"2018-12-13","purchased_purges":0,"victory":false,"max_hp_per_floor":[71,71,71,71,71,71,71,71,71,71,71,71,71,71],"card_choices":[{"not_picked":["Sweeping Beam","Rebound"],"picked":"Recycle","floor":1},{"not_picked":["Turbo","Gash","Barrage"],"picked":"SKIP","floor":3},{"not_picked":["Turbo","Barrage"],"picked":"Gash","floor":3},{"not_picked":["Beam Cell","Barrage"],"picked":"Capacitor","floor":4},{"not_picked":["Rebound","Fusion"],"picked":"Coolheaded","floor":5},{"not_picked":["Stack","Hologram"],"picked":"Ball Lightning","floor":7},{"not_picked":["Doom and Gloom+1","Rebound+1"],"picked":"Echo Form","floor":11}],"player_experience":1315926,"relics_obtained":[{"floor":9,"key":"Molten Egg 2"}],"event_choices":[{"cards_removed":["Strike_B"],"damage_healed":0,"gold_gain":0,"player_choice":"Offered Basic","damage_taken":0,"max_hp_gain":0,"max_hp_loss":0,"event_name":"Bonfire Elementals","floor":2,"gold_loss":0},{"damage_healed":0,"gold_gain":0,"player_choice":"Ignored","damage_taken":0,"max_hp_gain":0,"max_hp_loss":0,"event_name":"Liars Game","floor":13,"gold_loss":0}],"is_beta":false,"boss_relics":[],"items_purged_floors":[],"is_endless":false,"potions_floor_spawned":[4,11],"killed_by":"3 Sentries","ascension_level":16}