{"gold_per_floor":[209,209,209,209,228,228,241,241,267,285,285,305,108,123,123,252,252,266,139,139,14,25,50,149,174,248,248],"floor_reached":27,"playtime":2416,"items_purged":["Strike_R","Strike_R","Strike_R"],"score":241,"play_id":"092dcbbe-05b9-421d-a81d-b508b49b96bb","local_time":"20190807102309","is_ascension_mode":false,"campfire_choices":[{"data":"Cleave","floor":6,"key":"SMITH"},{"data":"Double Tap","floor":8,"key":"SMITH"},{"data":"Bash","floor":11,"key":"SMITH"},{"data":"Shockwave","floor":15,"key":"SMITH"}],"neow_cost":"NONE","seed_source_timestamp":135428760451200,"circlet_count":0,"master_deck":["Strike_R","Defend_R+1","Defend_R+1","Defend_R","Defend_R","Bash+1","Cleave+1","Shockwave+1","Double Tap+1","Shrug It Off","Ghostly Armor","Headbutt","Carnage","Double Tap","Clash","Shrug It Off+1","Body Slam","Pommel Strike"],"relics":["Burning Blood","Bloody Idol","War Paint","Snecko Eye","Anchor","PreservedInsect","Mercury Hourglass"],"potions_floor_usage":[],"damage_taken":[{"damage":6,"enemies":"Jaw Worm","floor":1,"turns":3},{"damage":10,"enemies":"2 Louse","floor":5,"turns":3},{"damage":1,"enemies":"Cultist","floor":7,"turns":3},{"damage":0,"enemies":"3 Louse","floor":10,"turns":2},{"damage":0,"enemies":"2 Fungi Beasts","floor":12,"turns":2},{"damage":0,"enemies":"Large Slime","floor":14,"turns":4},{"damage":65,"enemies":"The Guardian","floor":16,"turns":13},{"damage":1,"enemies":"Chosen","floor":18,"turns":3},{"damage":0,"enemies":"3 Byrds","floor":22,"turns":3},{"damage":41,"enemies":"Slavers","floor":23,"turns":6},{"damage":50,"enemies":"Gremlin Leader","floor":25,"turns":7},{"damage":27,"enemies":"Shelled Parasite and Fungi","floor":27,"turns":2}],"seed_played":"3739607022583735052","potions_obtained":[{"floor":10,"key":"Dexterity Potion"},{"floor":12,"key":"Weak Potion"},{"floor":14,"key":"SkillPotion"}],"is_trial":false,"path_per_floor":["M","?","?","?","M","R","M","R","T","M","R","M","$","M","R","B",null,"M","$","?","$","M","E","?","E","T","M"],"character_chosen":"IRONCLAD","items_purchased":["Ghostly Armor","Headbutt","Clash"],"campfire_rested":0,"item_purchase_floors":[13,13,19],"current_hp_per_floor":[80,85,85,64,60,60,65,65,65,71,71,77,77,83,83,24,85,85,85,85,85,85,55,60,21,26,0],"gold":248,"neow_bonus":"HUNDRED_GOLD","is_prod":false,"is_daily":false,"chose_seed":false,"campfire_upgraded":4,"win_rate":0.0,"timestamp":1565194989,"path_taken":["M","?","?","?","M","R","M","R","T","M","R","M","?","?","R","BOSS","M","$","?","$","M","E","?","E","T","M"],"build_version":"2019-07-17","purchased_purges":3,"victory":false,"max_hp_per_floor":[80,85,85,85,85,85,85,85,85,85,85,85,85,85,85,85,85,85,85,85,85,85,85,85,85,85,85],"card_choices":[{"not_picked":["Sword Boomerang","Twin Strike"],"picked":"Cleave","floor":1},{"not_picked":["Evolve","Iron Wave","Thunderclap"],"picked":"SKIP","floor":5},{"not_picked":["Dual Wield","Wild Strike"],"picked":"Double Tap","floor":7},{"not_picked":["Hemokinesis","Pommel Strike"],"picked":"Shrug It Off","floor":10},{"not_picked":["Havoc","Anger","Flex"],"picked":"SKIP","floor":12},{"not_picked":["True Grit","Sentinel"],"picked":"Carnage","floor":14},{"not_picked":["Fiend Fire","Immolate"],"picked":"Double Tap","floor":16},{"not_picked":["Anger","Havoc","Intimidate+1"],"picked":"SKIP","floor":18},{"not_picked":["Anger","Cleave"],"picked":"Shrug It Off+1","floor":22},{"not_picked":["Rage","Armaments+1"],"picked":"Body Slam","floor":23},{"not_picked":["Pummel","Feed"],"picked":"Pommel Strike","floor":25}],"player_experience":48699,"relics_obtained":[{"floor":9,"key":"War Paint"},{"floor":23,"key":"Anchor"},{"floor":25,"key":"PreservedInsect"},{"floor":26,"key":"Mercury Hourglass"}],"event_choices":[{"damage_healed":0,"gold_gain":0,"player_choice":"Donut","damage_taken":0,"max_hp_gain":5,"max_hp_loss":0,"event_name":"Big Fish","floor":2,"gold_loss":0},{"damage_healed":0,"gold_gain":0,"cards_transformed":["Strike_R"],"player_choice":"Change","damage_taken":0,"max_hp_gain":0,"max_hp_loss":0,"event_name":"Living Wall","floor":3,"gold_loss":0,"cards_obtained":["Shockwave"]},{"damage_healed":0,"gold_gain":0,"player_choice":"Take Damage","damage_taken":21,"relics_obtained":["Golden Idol"],"max_hp_gain":0,"max_hp_loss":0,"event_name":"Golden Idol","floor":4,"gold_loss":0},{"damage_healed":0,"gold_gain":0,"player_choice":"Gave Idol","damage_taken":0,"relics_obtained":["Bloody Idol"],"max_hp_gain":0,"max_hp_loss":0,"event_name":"Forgotten Altar","floor":20,"relics_lost":["Golden Idol"],"gold_loss":0},{"damage_healed":0,"gold_gain":99,"player_choice":"Stole From Cult","damage_taken":0,"max_hp_gain":0,"max_hp_loss":0,"event_name":"Nest","floor":24,"gold_loss":0}],"is_beta":false,"boss_relics":[{"not_picked":["Black Blood","Ectoplasm"],"picked":"Snecko Eye"}],"items_purged_floors":[13,19,21],"is_endless":false,"potions_floor_spawned":[10,12,14,16,18,22,25],"killed_by":"Shelled Parasite and Fungi","ascension_level":0}