{"gold_per_floor":[109,184,201,66,78,109,126,126,126,126,146,146,146,157,157,157],"floor_reached":16,"playtime":746,"items_purged":[],"score":204,"play_id":"3277f5f6-745f-4fea-b2ea-08cfa10e06c9","local_time":"20190729143446","is_ascension_mode":true,"campfire_choices":[{"floor":8,"key":"REST"},{"data":"Deadly Poison","floor":10,"key":"SMITH"},{"data":"Footwork","floor":12,"key":"SMITH"},{"floor":15,"key":"REST"}],"neow_cost":"NONE","seed_source_timestamp":54456343241236,"circlet_count":0,"master_deck":["AscendersBane","Strike_G","Strike_G","Strike_G","Strike_G","Strike_G","Defend_G","Defend_G","Defend_G","Defend_G","Defend_G","Survivor","Neutralize","Footwork+1","Sucker Punch","Dagger Spray","Caltrops","Flying Knee","Deadly Poison+1","Acrobatics","Bane"],"relics":["Ring of the Snake","PreservedInsect","Singing Bowl","Incense Burner"],"potions_floor_usage":[6,7,11,16,16],"damage_taken":[{"damage":4,"enemies":"Small Slimes","floor":1,"turns":6},{"damage":10,"enemies":"Jaw Worm","floor":3,"turns":7},{"damage":1,"enemies":"Cultist","floor":5,"turns":5},{"damage":6,"enemies":"Lagavulin","floor":6,"turns":8},{"damage":25,"enemies":"Exordium Thugs","floor":7,"turns":5},{"damage":0,"enemies":"Gremlin Gang","floor":11,"turns":1},{"damage":3,"enemies":"Exordium Wildlife","floor":14,"turns":4},{"damage":43,"enemies":"Hexaghost","floor":16,"turns":12}],"seed_played":"-6308600363843468946","potions_obtained":[{"floor":1,"key":"PowerPotion"},{"floor":5,"key":"Explosive Potion"},{"floor":6,"key":"GamblersBrew"},{"floor":13,"key":"Dexterity Potion"},{"floor":13,"key":"Swift Potion"}],"is_trial":false,"path_per_floor":["M","?","M","$","M","E","M","R","T","R","M","R","?","M","R","B"],"character_chosen":"THE_SILENT","items_purchased":["Dagger Spray","Caltrops"],"campfire_rested":2,"item_purchase_floors":[4,4],"current_hp_per_floor":[55,44,34,34,33,29,4,24,24,24,24,24,24,21,41,0],"gold":157,"neow_bonus":"RANDOM_COMMON_RELIC","is_prod":false,"is_daily":false,"chose_seed":false,"campfire_upgraded":2,"win_rate":0,"timestamp":1564403686,"path_taken":["M","?","M","?","M","E","M","R","T","R","M","R","?","?","R","BOSS"],"build_version":"2019-07-17","purchased_purges":0,"victory":false,"max_hp_per_floor":[66,66,66,66,66,68,68,68,68,68,68,68,68,68,68,68],"card_choices":[{"not_picked":["Backflip","Outmaneuver"],"picked":"Footwork","floor":1},{"not_picked":["Escape Plan","Cloak And Dagger"],"picked":"Sucker Punch","floor":3},{"not_picked":["Acrobatics","Blade Dance"],"picked":"Flying Knee","floor":5},{"not_picked":["Infinite Blades","Flying Knee","Storm of Steel"],"picked":"Singing Bowl","floor":6},{"not_picked":["Distraction","Acrobatics"],"picked":"Deadly Poison","floor":7},{"not_picked":["Setup","Blade Dance"],"picked":"Acrobatics","floor":11},{"not_picked":["Calculated Gamble","Concentrate"],"picked":"Bane","floor":14}],"player_experience":786937,"relics_obtained":[{"floor":6,"key":"Singing Bowl"},{"floor":9,"key":"Incense Burner"}],"event_choices":[{"damage_healed":0,"gold_gain":75,"player_choice":"Gather Gold","damage_taken":11,"max_hp_gain":0,"max_hp_loss":0,"event_name":"World of Goop","floor":2,"gold_loss":0},{"damage_healed":0,"gold_gain":0,"player_choice":"Got Potions","damage_taken":0,"max_hp_gain":0,"max_hp_loss":0,"event_name":"Lab","floor":13,"gold_loss":0}],"is_beta":false,"boss_relics":[],"items_purged_floors":[],"is_endless":false,"potions_floor_spawned":[1,5,6],"killed_by":"Hexaghost","ascension_level":20}