{"gold_per_floor":[116,41,41,60,60,92,92,106,132,158,170,46,58,92,92,171,171,189,189,64,64,64,64,64],"floor_reached":24,"playtime":525,"items_purged":["Strike_G","Parasite","Strike_G"],"score":454,"play_id":"e6ce2376-6a7b-4394-9879-0d55f373ddef","local_time":"20190107234944","is_ascension_mode":true,"campfire_choices":[{"data":"Neutralize","floor":7,"key":"SMITH"},{"data":"Catalyst","floor":15,"key":"SMITH"},{"data":"Catalyst","floor":23,"key":"SMITH"}],"neow_cost":"NONE","seed_source_timestamp":42360983491714,"circlet_count":0,"master_deck":["AscendersBane","Defend_G","Defend_G","Defend_G","Defend_G","Defend_G","Strike_G","Strike_G","Strike_G","Survivor","Neutralize+1","Catalyst+1","Deadly Poison","Catalyst+1","Leg Sweep","Malaise"],"relics":["Ring of the Snake","NeowsBlessing","Anchor","Turnip","MawBank","Gremlin Horn","Runic Dome"],"potions_floor_usage":[13,18,18,24],"damage_taken":[{"damage":0,"enemies":"Small Slimes","floor":1,"turns":1},{"damage":0,"enemies":"Jaw Worm","floor":4,"turns":1},{"damage":0,"enemies":"3 Sentries","floor":6,"turns":2},{"damage":0,"enemies":"Cultist","floor":8,"turns":5},{"damage":7,"enemies":"2 Fungi Beasts","floor":10,"turns":4},{"damage":0,"enemies":"Large Slime","floor":13,"turns":6},{"damage":7,"enemies":"Lagavulin","floor":14,"turns":6},{"damage":5,"enemies":"Hexaghost","floor":16,"turns":9},{"damage":0,"enemies":"Chosen","floor":18,"turns":5},{"damage":19,"enemies":"Slavers","floor":24,"turns":5}],"seed_played":"-1611480038175234687","potions_obtained":[{"floor":4,"key":"Explosive Potion"},{"floor":10,"key":"Block Potion"},{"floor":16,"key":"Swift Potion"},{"floor":18,"key":"Swift Potion"}],"is_trial":false,"path_per_floor":["M","$","?","M","$","E","R","M","T","M","?","$","M","E","R","B",null,"M","?","$","T","$","R","E"],"character_chosen":"THE_SILENT","items_purchased":["Catalyst"],"campfire_rested":0,"item_purchase_floors":[12],"current_hp_per_floor":[59,59,24,24,24,24,24,24,24,17,33,33,33,26,26,21,53,53,44,44,44,44,44,25],"gold":64,"neow_bonus":"THREE_ENEMY_KILL","is_prod":false,"is_daily":false,"chose_seed":false,"campfire_upgraded":3,"win_rate":0,"timestamp":1546876184,"path_taken":["M","$","?","M","$","E","R","M","T","M","?","?","M","E","R","BOSS","M","?","$","?","$","R","E"],"build_version":"2019-01-03v4","purchased_purges":3,"victory":false,"max_hp_per_floor":[66,66,66,66,66,66,66,66,66,66,66,63,63,63,63,63,63,63,63,63,63,63,63,63],"card_choices":[{"not_picked":["Sucker Punch","Underhanded Strike","Setup"],"picked":"SKIP","floor":1},{"not_picked":["PiercingWail","Flying Knee","Bane"],"picked":"SKIP","floor":4},{"not_picked":["Dagger Throw","PiercingWail"],"picked":"Catalyst","floor":6},{"not_picked":["Bane","Sucker Punch","Underhanded Strike"],"picked":"SKIP","floor":8},{"not_picked":["Wraith Form v2","Backflip"],"picked":"Deadly Poison","floor":10},{"not_picked":["Tactician","Accuracy","Endless Agony"],"picked":"SKIP","floor":13},{"not_picked":["Escape Plan","Outmaneuver"],"picked":"Leg Sweep","floor":14},{"not_picked":["Venomology","Envenom"],"picked":"Malaise","floor":16},{"not_picked":["Distraction","Finisher","Underhanded Strike"],"picked":"SKIP","floor":18}],"player_experience":1839915,"relics_obtained":[{"floor":6,"key":"Turnip"},{"floor":9,"key":"MawBank"},{"floor":14,"key":"Gremlin Horn"}],"event_choices":[{"damage_healed":0,"gold_gain":0,"player_choice":"Success","damage_taken":35,"relics_obtained":["Anchor"],"max_hp_gain":0,"max_hp_loss":0,"event_name":"Scrap Ooze","floor":3,"gold_loss":0},{"damage_healed":16,"gold_gain":0,"player_choice":"Healed and dodged fight","damage_taken":0,"max_hp_gain":0,"max_hp_loss":0,"event_name":"Mushrooms","floor":11,"gold_loss":0,"cards_obtained":["Parasite"]},{"damage_healed":0,"gold_gain":0,"player_choice":"Damaged","damage_taken":9,"max_hp_gain":0,"max_hp_loss":0,"event_name":"Wheel of Change","floor":19,"gold_loss":0}],"is_beta":false,"boss_relics":[{"not_picked":["Philosopher\u0027s Stone","Fusion Hammer"],"picked":"Runic Dome"}],"items_purged_floors":[2,12,20],"is_endless":false,"potions_floor_spawned":[4,10,16,18],"killed_by":"Slavers","ascension_level":20}