{"gold_per_floor":[110,110,127,127,137,137,162,162,189,189,189,223,243,48,48,151,151,169,84,84,34,34,34,48,48,96,96,96,24,55,72,72,174,174,187,187,137,151,170,184,184,202,202,302,302,402,402,422,422,422],"floor_reached":51,"playtime":1189,"items_purged":["Strike_B","Defend_B","Recycle+1"],"score":721,"play_id":"21b45419-ac32-45f5-99d4-39fc66dd14ab","local_time":"20190614115319","is_ascension_mode":false,"campfire_choices":[{"data":"Zap","floor":6.0,"key":"SMITH"},{"data":"Turbo","floor":8.0,"key":"SMITH"},{"data":"Tempest","floor":10.0,"key":"SMITH"},{"floor":15.0,"key":"REST"},{"data":"Recycle","floor":23.0,"key":"SMITH"},{"data":"Blizzard","floor":25.0,"key":"SMITH"},{"data":"Auto Shields","floor":28.0,"key":"SMITH"},{"floor":32.0,"key":"REST"},{"data":"Coolheaded","floor":41,"key":"SMITH"},{"data":"Biased Cognition","floor":45,"key":"SMITH"},{"data":"Chill","floor":49,"key":"SMITH"}],"neow_cost":"TEN_PERCENT_HP_LOSS","seed_source_timestamp":4506152597470,"circlet_count":0,"master_deck":["Zap+1","Dualcast+1","Auto Shields+1","Tempest+1","Turbo+1","Chill","Ball Lightning","Electrodynamics+1","Cold Snap","Chill+1","Blizzard+1","Chill+1","White Noise+1","Coolheaded+1","Biased Cognition+1"],"special_seed":0,"relics":["FrozenCore","Juzu Bracelet","Smiling Mask","Emotion Chip","Anchor","Letter Opener","Happy Flower","War Paint","Runic Dome","Toxic Egg 2","Bird Faced Urn"],"potions_floor_usage":[50,50],"damage_taken":[{"damage":2.0,"enemies":"Small Slimes","floor":1.0,"turns":3.0},{"damage":1.0,"enemies":"Cultist","floor":3.0,"turns":3.0},{"damage":0.0,"enemies":"2 Louse","floor":5.0,"turns":2.0},{"damage":16.0,"enemies":"Gremlin Nob","floor":7.0,"turns":3.0},{"damage":28.0,"enemies":"3 Sentries","floor":12.0,"turns":9.0},{"damage":4.0,"enemies":"Red Slaver","floor":13.0,"turns":3.0},{"damage":16.0,"enemies":"Slime Boss","floor":16.0,"turns":9.0},{"damage":0.0,"enemies":"2 Thieves","floor":18.0,"turns":3.0},{"damage":0.0,"enemies":"Chosen","floor":24.0,"turns":3.0},{"damage":26.0,"enemies":"Book of Stabbing","floor":30.0,"turns":5.0},{"damage":21.0,"enemies":"Snake Plant","floor":31.0,"turns":3.0},{"damage":41.0,"enemies":"Champ","floor":33.0,"turns":10.0},{"damage":0,"enemies":"3 Darklings","floor":35,"turns":2},{"damage":0,"enemies":"3 Shapes","floor":38,"turns":2},{"damage":0,"enemies":"Writhing Mass","floor":39,"turns":4},{"damage":0,"enemies":"3 Darklings","floor":40,"turns":2},{"damage":0,"enemies":"Jaw Worm Horde","floor":42,"turns":2},{"damage":0,"enemies":"Mind Bloom Boss Battle","floor":44,"turns":3},{"damage":0,"enemies":"Maw","floor":48,"turns":4},{"damage":0,"enemies":"Donu and Deca","floor":50,"turns":4}],"seed_played":"-8752457884665230397","potions_obtained":[{"floor":3.0,"key":"SneckoOil"},{"floor":5.0,"key":"Regen Potion"},{"floor":13.0,"key":"Fire Potion"},{"floor":16.0,"key":"Weak Potion"},{"floor":30.0,"key":"FocusPotion"},{"floor":33.0,"key":"Regen Potion"},{"floor":39,"key":"AttackPotion"},{"floor":40,"key":"SkillPotion"}],"is_trial":false,"path_per_floor":["M","?","M","?","M","R","E","R","T","R","?","E","M","$","R","B",null,"M","?","?","$","?","R","M","R","T","?","R","$","E","M","R","B",null,"M","?","$","M","M","M","R","M","T","?","R","?","?","M","R","B",null],"character_chosen":"DEFECT","items_purchased":["Anchor","Chill"],"campfire_rested":2,"item_purchase_floors":[14,29],"current_hp_per_floor":[66,66,65,68,68,68,52,52,52,52,45,17,13,13,33,17,68,68,68,68,68,68,68,68,68,68,68,68,68,42,21,41,15,68,68,68,68,68,68,68,68,68,68,68,68,68,65,65,65,65],"gold":422,"neow_bonus":"REMOVE_TWO","is_prod":false,"is_daily":false,"chose_seed":false,"campfire_upgraded":9,"win_rate":0,"timestamp":1560484399,"path_taken":["M","?","M","?","?","R","E","R","T","R","?","E","M","$","R","BOSS","M","?","?","$","?","R","M","R","T","?","R","?","E","M","R","BOSS","M","?","$","M","M","M","R","M","T","?","R","?","?","M","R","BOSS"],"build_version":"2019-01-23","purchased_purges":3,"victory":true,"max_hp_per_floor":[68,68,68,68,68,68,68,68,68,68,68,68,68,68,68,68,68,68,68,68,68,68,68,68,68,68,68,68,68,68,68,68,68,68,68,68,68,68,68,68,68,68,68,68,68,68,65,65,65,65],"card_choices":[{"not_picked":["Sweeping Beam","Stack"],"picked":"Auto Shields","floor":1.0},{"not_picked":["Gash","Leap"],"picked":"Ball Lightning","floor":3.0},{"not_picked":["Hologram","Steam Power"],"picked":"Tempest","floor":5.0},{"not_picked":["Streamline","Stack"],"picked":"Turbo","floor":7.0},{"not_picked":["Ball Lightning","Barrage"],"picked":"Chill","floor":12.0},{"not_picked":["Rebound","Barrage"],"picked":"Ball Lightning","floor":13.0},{"not_picked":["Meteor Strike","Creative AI"],"picked":"Electrodynamics","floor":16.0},{"not_picked":["Barrage","Auto Shields","Cold Snap"],"picked":"SKIP","floor":18.0},{"not_picked":["BootSequence+1","Defragment"],"picked":"Blizzard","floor":24.0},{"not_picked":["Doom and Gloom","Heatsinks"],"picked":"White Noise","floor":30.0},{"not_picked":["Turbo","Leap"],"picked":"Coolheaded","floor":31.0},{"not_picked":["Creative AI","Thunder Strike"],"picked":"Biased Cognition","floor":33.0},{"not_picked":["Double Energy","Rip and Tear","FTL"],"picked":"SKIP","floor":35},{"not_picked":["Consume+1","Conserve Battery","Steam"],"picked":"SKIP","floor":38},{"not_picked":["Conserve Battery+1","Gash+1","Turbo+1"],"picked":"SKIP","floor":39},{"not_picked":["Recycle+1","Barrage","Redo+1"],"picked":"SKIP","floor":40},{"not_picked":["Hologram","Loop","Reprogram"],"picked":"SKIP","floor":42},{"not_picked":["Loop","Sweeping Beam+1","Compile Driver+1"],"picked":"SKIP","floor":48}],"player_experience":5184581,"relics_obtained":[{"floor":7.0,"key":"Juzu Bracelet"},{"floor":9.0,"key":"Smiling Mask"},{"floor":12.0,"key":"Emotion Chip"},{"floor":26.0,"key":"Happy Flower"},{"floor":30.0,"key":"War Paint"},{"floor":43,"key":"Toxic Egg 2"},{"floor":44,"key":"Bird Faced Urn"}],"event_choices":[{"damage_healed":0.0,"max_hp_gain":0.0,"max_hp_loss":0.0,"gold_gain":0.0,"event_name":"Upgrade Shrine","player_choice":"Upgraded","floor":2.0,"gold_loss":0.0,"damage_taken":0.0,"cards_upgraded":["Dualcast"]},{"damage_healed":3.0,"max_hp_gain":0.0,"max_hp_loss":0.0,"gold_gain":0.0,"event_name":"Wheel of Change","player_choice":"Full Heal","floor":4.0,"gold_loss":0.0,"damage_taken":0.0},{"cards_removed":["Strike_B"],"damage_healed":0.0,"max_hp_gain":0.0,"max_hp_loss":0.0,"gold_gain":0.0,"event_name":"Golden Wing","player_choice":"Card Removal","floor":11.0,"gold_loss":0.0,"damage_taken":7.0},{"damage_healed":0.0,"max_hp_gain":0.0,"max_hp_loss":0.0,"gold_gain":0.0,"event_name":"Addict","player_choice":"Obtained Relic","floor":19.0,"gold_loss":85.0,"damage_taken":0.0,"relics_obtained":["Letter Opener"]},{"damage_healed":0.0,"max_hp_gain":0.0,"max_hp_loss":0.0,"gold_gain":0.0,"cards_transformed":["Strike_B","Defend_B"],"event_name":"Drug Dealer","player_choice":"Became Test Subject","floor":20.0,"gold_loss":0.0,"damage_taken":0.0,"cards_obtained":["Cold Snap","Recycle"]},{"damage_healed":0.0,"max_hp_gain":0.0,"max_hp_loss":0.0,"gold_gain":0.0,"cards_transformed":["Defend_B"],"event_name":"Transmorgrifier","player_choice":"Transformed","floor":22.0,"gold_loss":0.0,"damage_taken":0.0,"cards_obtained":["Chill"]},{"damage_healed":0.0,"max_hp_gain":0.0,"max_hp_loss":0.0,"gold_gain":0.0,"event_name":"Upgrade Shrine","player_choice":"Upgraded","floor":27.0,"gold_loss":0.0,"damage_taken":0.0,"cards_upgraded":["Electrodynamics"]},{"cards_removed":["Ball Lightning"],"damage_healed":0,"gold_gain":0,"player_choice":"Purged","damage_taken":0,"max_hp_gain":0,"max_hp_loss":0,"event_name":"Purifier","floor":36,"gold_loss":0},{"damage_healed":0,"gold_gain":0,"player_choice":"Fight","damage_taken":0,"max_hp_gain":0,"max_hp_loss":0,"event_name":"MindBloom","floor":44,"gold_loss":0},{"damage_healed":0,"gold_gain":100,"player_choice":"Pray","damage_taken":0,"max_hp_gain":0,"max_hp_loss":0,"event_name":"Golden Shrine","floor":46,"gold_loss":0},{"damage_healed":0,"gold_gain":0,"player_choice":"Max HP","damage_taken":0,"max_hp_gain":0,"max_hp_loss":3,"event_name":"Winding Halls","floor":47,"gold_loss":0}],"is_beta":false,"boss_relics":[{"not_picked":["Orrery","White Beast Statue"],"picked":"FrozenCore"},{"not_picked":["Pandora\u0027s Box","Velvet Choker"],"picked":"Runic Dome"}],"items_purged_floors":[14,21,37],"is_endless":false,"potions_floor_spawned":[3,5,13,16,30,31,33,39,40],"ascension_level":0}