{"gold_per_floor":[115,115,115,128,128,163,163,88,88,107,107,155,172,192,192,192],"floor_reached":16,"playtime":333,"items_purged":["Strike_G"],"score":270,"play_id":"4b85ab0f-89b1-4988-ba75-07b478c6a765","local_time":"20190114114831","is_ascension_mode":true,"campfire_choices":[{"data":"Deadly Poison","floor":15,"key":"SMITH"}],"neow_cost":"NONE","seed_source_timestamp":5061170720299,"circlet_count":0,"master_deck":["AscendersBane","Defend_G","Defend_G","Defend_G+1","Defend_G+1","Defend_G","Strike_G","Strike_G","Strike_G+1","Survivor","Neutralize+1","Deadly Poison+1","Grand Finale","Prepared"],"special_seed":0,"relics":["Ring of the Snake","NeowsBlessing","Whetstone","Letter Opener","Snake Skull"],"potions_floor_usage":[16],"damage_taken":[{"damage":0.0,"enemies":"Cultist","floor":1.0,"turns":1.0},{"damage":0.0,"enemies":"Small Slimes","floor":4.0,"turns":1.0},{"damage":0.0,"enemies":"Lagavulin","floor":6.0,"turns":1.0},{"damage":0.0,"enemies":"2 Louse","floor":10.0,"turns":2.0},{"damage":0.0,"enemies":"3 Sentries","floor":11.0,"turns":1.0},{"damage":16.0,"enemies":"Exordium Wildlife","floor":13.0,"turns":6.0},{"damage":4,"enemies":"3 Louse","floor":14,"turns":4},{"damage":17,"enemies":"Hexaghost","floor":16,"turns":9}],"seed_played":"7387197820584785203","potions_obtained":[{"floor":1.0,"key":"SkillPotion"},{"floor":4.0,"key":"SmokeBomb"}],"is_trial":false,"path_per_floor":["M","?","?","M","?","E","?","$","T","M","E","T","M","M","R","B"],"character_chosen":"THE_SILENT","items_purchased":[],"campfire_rested":0,"item_purchase_floors":[],"current_hp_per_floor":[59,59,52,52,57,57,36,36,36,36,36,36,20,16,16,0],"gold":192,"neow_bonus":"THREE_ENEMY_KILL","is_prod":false,"is_daily":false,"chose_seed":false,"campfire_upgraded":1,"win_rate":0,"timestamp":1547437711,"path_taken":["M","?","?","M","?","E","?","$","T","M","E","?","M","?","R","BOSS"],"build_version":"2019-01-10","purchased_purges":1,"victory":false,"max_hp_per_floor":[66,66,66,66,71,71,71,71,71,71,71,71,71,71,71,71],"card_choices":[{"not_picked":["Finisher","Slice","Cloak And Dagger"],"picked":"SKIP","floor":1.0},{"not_picked":["Cloak And Dagger","Skewer","Masterful Stab"],"picked":"SKIP","floor":4.0},{"not_picked":["Endless Agony","Outmaneuver"],"picked":"Deadly Poison","floor":6.0},{"not_picked":["Outmaneuver","Dash","Concentrate"],"picked":"SKIP","floor":10.0},{"not_picked":["Outmaneuver","Dash","Concentrate"],"picked":"SKIP","floor":10.0},{"not_picked":["Riddle With Holes","Backflip"],"picked":"Grand Finale","floor":13.0},{"not_picked":["Dagger Spray","Dodge and Roll"],"picked":"Prepared","floor":14}],"player_experience":1280146,"relics_obtained":[{"floor":6.0,"key":"Whetstone"},{"floor":9.0,"key":"Letter Opener"},{"floor":12.0,"key":"Snake Skull"}],"event_choices":[{"damage_healed":0.0,"max_hp_gain":0.0,"max_hp_loss":0.0,"gold_gain":0.0,"event_name":"Liars Game","player_choice":"Ignored","floor":2.0,"gold_loss":0.0,"damage_taken":0.0},{"cards_removed":["Strike_G"],"damage_healed":0.0,"max_hp_gain":0.0,"max_hp_loss":0.0,"gold_gain":0.0,"event_name":"Golden Wing","player_choice":"Card Removal","floor":3.0,"gold_loss":0.0,"damage_taken":7.0},{"damage_healed":0.0,"max_hp_gain":5.0,"max_hp_loss":0.0,"gold_gain":0.0,"event_name":"Big Fish","player_choice":"Donut","floor":5.0,"gold_loss":0.0,"damage_taken":0.0},{"damage_healed":0.0,"max_hp_gain":0.0,"max_hp_loss":0.0,"gold_gain":0.0,"event_name":"Shining Light","player_choice":"Entered Light","floor":7.0,"gold_loss":0.0,"damage_taken":21.0,"cards_upgraded":["Defend_G","Defend_G"]}],"is_beta":true,"boss_relics":[],"items_purged_floors":[8],"is_endless":false,"potions_floor_spawned":[1,4,10],"killed_by":"Hexaghost","ascension_level":20}