{"gold_per_floor":[119,5,5,5,5,5,21,21,44,44,14,46,57,89,89,162,162,172,189,206,223,236,271,283,310,310,310,321,354,371,271,271,345,375,391,266,284,284,302,302,328,345,345,374,224,224,234,250,250,250,250,250,250,75,102,102],"floor_reached":57,"playtime":1924,"items_purged":["Strike_G","Strike_G","Strike_G","Strike_G+1","Defend_G+1"],"score":3543,"play_id":"c64f19bf-cb56-44aa-8c8f-97fab7835061","local_time":"20190309164309","is_ascension_mode":true,"campfire_choices":[{"data":"Catalyst","floor":6.0,"key":"SMITH"},{"data":"Deadly Poison","floor":8.0,"key":"SMITH"},{"data":"Neutralize","floor":10.0,"key":"SMITH"},{"data":"Catalyst","floor":15.0,"key":"SMITH"},{"data":"Catalyst","floor":27.0,"key":"SMITH"},{"data":"Acrobatics","floor":32.0,"key":"SMITH"},{"floor":40,"key":"RECALL"},{"data":"Backflip","floor":49,"key":"SMITH"},{"floor":53,"key":"REST"}],"neow_cost":"NONE","seed_source_timestamp":14954738165869,"circlet_count":0,"master_deck":["AscendersBane","Defend_G+1","Defend_G+1","Defend_G+1","Survivor+1","Neutralize+1","Expertise+1","Catalyst+1","Deadly Poison+1","Calculated Gamble+1","Backflip+1","Deadly Poison+1","Catalyst+1","Footwork+1","Corpse Explosion+1","Concentrate+1","Tactician+1","Acrobatics+1","Catalyst+1","Tactician+1","Calculated Gamble+1","Blur+1","Adrenaline+1","Doubt","Shame","Writhe","Escape Plan+1","Calculated Gamble+1","Backflip+1","Acrobatics+1","Expertise+1"],"special_seed":0,"relics":["Ring of the Snake","NeowsBlessing","Blue Candle","Anchor","Bronze Scales","Strawberry","Runic Pyramid","Pear","Boot","Sundial","Calling Bell","Tiny Chest","Mummified Hand","Calipers","Mark of the Bloom","Bag of Preparation","Mango","Darkstone Periapt","Meat on the Bone","War Paint"],"potions_floor_usage":[56,56],"damage_taken":[{"damage":0.0,"enemies":"Jaw Worm","floor":1.0,"turns":1.0},{"damage":0.0,"enemies":"Small Slimes","floor":7.0,"turns":2.0},{"damage":0.0,"enemies":"3 Sentries","floor":12.0,"turns":2.0},{"damage":0.0,"enemies":"Cultist","floor":13.0,"turns":2.0},{"damage":0.0,"enemies":"Lagavulin","floor":14.0,"turns":4.0},{"damage":0.0,"enemies":"Hexaghost","floor":16.0,"turns":4.0},{"damage":0.0,"enemies":"Shell Parasite","floor":18.0,"turns":2.0},{"damage":0.0,"enemies":"Chosen","floor":19.0,"turns":3.0},{"damage":1.0,"enemies":"Snake Plant","floor":20.0,"turns":2.0},{"damage":0.0,"enemies":"Cultist and Chosen","floor":21.0,"turns":2.0},{"damage":0.0,"enemies":"Chosen and Byrds","floor":22.0,"turns":3.0},{"damage":4.0,"enemies":"Book of Stabbing","floor":23.0,"turns":4.0},{"damage":0.0,"enemies":"Snake Plant","floor":24.0,"turns":3.0},{"damage":0.0,"enemies":"Slavers","floor":25.0,"turns":2.0},{"damage":0.0,"enemies":"Centurion and Healer","floor":28.0,"turns":2.0},{"damage":3.0,"enemies":"Gremlin Leader","floor":29.0,"turns":3.0},{"damage":2.0,"enemies":"Snecko","floor":30.0,"turns":3.0},{"damage":2.0,"enemies":"Champ","floor":33.0,"turns":4.0},{"damage":0,"enemies":"3 Darklings","floor":35,"turns":2},{"damage":0,"enemies":"Orb Walker","floor":37,"turns":2},{"damage":0,"enemies":"Transient","floor":39,"turns":4},{"damage":0,"enemies":"Reptomancer","floor":41,"turns":1},{"damage":0,"enemies":"Spire Growth","floor":42,"turns":2},{"damage":0,"enemies":"Giant Head","floor":44,"turns":3},{"damage":0,"enemies":"4 Shapes","floor":47,"turns":1},{"damage":0,"enemies":"Jaw Worm Horde","floor":48,"turns":1},{"damage":3,"enemies":"Awakened One","floor":50,"turns":6},{"damage":0,"enemies":"Time Eater","floor":51,"turns":3},{"damage":0,"enemies":"Shield and Spear","floor":55,"turns":2},{"damage":3,"enemies":"The Heart","floor":56,"turns":6}],"seed_played":"-5837476541644017600","potions_obtained":[{"floor":1.0,"key":"Block Potion"},{"floor":13.0,"key":"GhostInAJar"},{"floor":24.0,"key":"Regen Potion"},{"floor":28.0,"key":"Energy Potion"},{"floor":29.0,"key":"AttackPotion"},{"floor":39,"key":"Dexterity Potion"},{"floor":42,"key":"GhostInAJar"}],"is_trial":false,"path_per_floor":["M","$","?","?","?","R","M","R","T","R","$","E","M","E","R","B",null,"M","M","M","M","M","E","M","E","T","R","M","E","M","$","R","B",null,"M","$","M","?","M","R","E","M","T","E","$","T","M","M","R","B","B",null,"R","$","E","B",null],"character_chosen":"THE_SILENT","items_purchased":["Catalyst","Backflip"],"campfire_rested":1,"item_purchase_floors":[2,11],"current_hp_per_floor":[59,59,54,47,47,47,47,47,47,47,47,47,47,54,54,54,68,68,68,67,67,67,73,73,73,73,73,73,82,80,80,80,78,82,82,82,82,82,82,82,82,82,82,82,82,82,82,82,82,79,79,79,79,79,79,76],"gold":102,"neow_bonus":"THREE_ENEMY_KILL","is_prod":false,"is_daily":false,"chose_seed":false,"campfire_upgraded":7,"win_rate":0,"timestamp":1552120989,"path_taken":["M","$","?","?","?","R","?","R","T","R","$","E","M","E","R","BOSS","M","M","M","M","M","E","M","E","T","R","M","E","M","$","R","BOSS","M","?","M","?","M","R","E","?","T","E","?","?","?","M","R","BOSS","BOSS","R","$","E","BOSS"],"build_version":"2019-01-23","purchased_purges":5,"victory":true,"max_hp_per_floor":[66,66,66,66,66,66,66,66,66,66,66,66,66,73,73,73,73,73,73,73,73,73,83,83,83,83,83,83,83,83,83,83,83,83,83,83,83,83,83,83,83,83,97,97,97,97,97,97,97,97,97,97,97,97,97,97],"card_choices":[{"not_picked":["Bane","Dodge and Roll"],"picked":"Expertise","floor":1.0},{"not_picked":["Infinite Blades","Underhanded Strike"],"picked":"Calculated Gamble","floor":7.0},{"not_picked":["Prepared","Escape Plan"],"picked":"Deadly Poison","floor":12.0},{"not_picked":["Acrobatics","Quick Slash"],"picked":"Catalyst","floor":13.0},{"not_picked":["Eviscerate","Acrobatics"],"picked":"Footwork","floor":14.0},{"not_picked":["Wraith Form v2","Burst"],"picked":"Corpse Explosion","floor":16.0},{"not_picked":["Dodge and Roll","Sucker Punch"],"picked":"Concentrate","floor":18.0},{"not_picked":["Poisoned Stab","Quick Slash"],"picked":"Tactician","floor":19.0},{"not_picked":["Backflip","PiercingWail"],"picked":"Acrobatics","floor":20.0},{"not_picked":["Leg Sweep","Footwork"],"picked":"Catalyst","floor":21.0},{"not_picked":["Heel Hook+1","Backstab","Deadly Poison"],"picked":"SKIP","floor":22.0},{"not_picked":["Outmaneuver","Choke"],"picked":"Tactician","floor":23.0},{"not_picked":["Dash","Bane+1","Deflect"],"picked":"SKIP","floor":24.0},{"not_picked":["Grand Finale","Blade Dance","Setup"],"picked":"SKIP","floor":25.0},{"not_picked":["Quick Slash","Skewer","Riddle With Holes+1"],"picked":"SKIP","floor":28.0},{"not_picked":["Deadly Poison","Well Laid Plans"],"picked":"Calculated Gamble","floor":29.0},{"not_picked":["Finisher+1","Deflect"],"picked":"Blur","floor":30.0},{"not_picked":["Unload","Malaise"],"picked":"Adrenaline","floor":33.0},{"not_picked":["Quick Slash","Dodge and Roll"],"picked":"Escape Plan","floor":35},{"not_picked":["Cloak And Dagger","Flying Knee"],"picked":"Calculated Gamble","floor":37},{"not_picked":["Outmaneuver","Flying Knee+1","Poisoned Stab+1"],"picked":"SKIP","floor":39},{"not_picked":["Choke","Skewer","Terror"],"picked":"SKIP","floor":41},{"not_picked":["Dodge and Roll+1","Outmaneuver","All Out Attack"],"picked":"SKIP","floor":42},{"not_picked":["PiercingWail","Corpse Explosion","Dodge and Roll"],"picked":"SKIP","floor":44},{"not_picked":["Well Laid Plans","Dagger Spray"],"picked":"Backflip","floor":47},{"not_picked":["Endless Agony","Escape Plan+1"],"picked":"Acrobatics+1","floor":48},{"not_picked":["Heel Hook+1","Endless Agony"],"picked":"Expertise","floor":55}],"player_experience":3433786,"relics_obtained":[{"floor":9.0,"key":"Anchor"},{"floor":12.0,"key":"Bronze Scales"},{"floor":14.0,"key":"Strawberry"},{"floor":23.0,"key":"Pear"},{"floor":25.0,"key":"Boot"},{"floor":29.0,"key":"Sundial"},{"floor":34.0,"key":"Tiny Chest"},{"floor":34.0,"key":"Mummified Hand"},{"floor":34.0,"key":"Calipers"},{"floor":41,"key":"Bag of Preparation"},{"floor":43,"key":"Mango"},{"floor":44,"key":"Darkstone Periapt"},{"floor":46,"key":"Meat on the Bone"},{"floor":55,"key":"War Paint"}],"event_choices":[{"damage_healed":0.0,"max_hp_gain":0.0,"max_hp_loss":0.0,"gold_gain":0.0,"event_name":"Scrap Ooze","player_choice":"Success","floor":3.0,"gold_loss":0.0,"damage_taken":5.0,"relics_obtained":["Blue Candle"]},{"cards_removed":["Defend_G"],"damage_healed":0.0,"max_hp_gain":0.0,"max_hp_loss":0.0,"gold_gain":0.0,"event_name":"Golden Wing","player_choice":"Card Removal","floor":4.0,"gold_loss":0.0,"damage_taken":7.0},{"damage_healed":0.0,"max_hp_gain":0.0,"max_hp_loss":0.0,"gold_gain":0.0,"cards_transformed":["Strike_G"],"event_name":"Transmorgrifier","player_choice":"Transformed","floor":5.0,"gold_loss":0.0,"damage_taken":0.0,"cards_obtained":["Deadly Poison"]},{"damage_healed":0,"gold_gain":0,"player_choice":"Upgrade","damage_taken":0,"relics_obtained":["Mark of the Bloom"],"max_hp_gain":0,"max_hp_loss":0,"event_name":"MindBloom","floor":38,"gold_loss":0,"cards_upgraded":["Defend_G","Defend_G","Defend_G","Defend_G","Strike_G","Survivor","Expertise","Calculated Gamble","Backflip","Deadly Poison","Footwork","Corpse Explosion","Concentrate","Tactician","Tactician","Calculated Gamble","Blur","Adrenaline","Escape Plan","Calculated Gamble"]}],"is_beta":false,"boss_relics":[{"not_picked":["Snecko Eye","Orrery"],"picked":"Runic Pyramid"},{"not_picked":["WristBlade","Fusion Hammer"],"picked":"Calling Bell"}],"items_purged_floors":[2,31,36,45,54],"is_endless":false,"potions_floor_spawned":[1,13,14,18,21,24,28,29,39,42,44,48,55],"ascension_level":20}