{"gold_per_floor":[115,134,150,62,62,62,77,112,112,138,138,4,4,4,4,4],"floor_reached":16,"playtime":413,"items_purged":["Strike_G"],"score":216,"play_id":"a9fc08d3-d3ad-43ab-994a-67a929310e6a","local_time":"20181124235134","is_ascension_mode":true,"campfire_choices":[{"data":"Neutralize","floor":6,"key":"SMITH"},{"data":"Strike_G","floor":11,"key":"PURGE"},{"data":"Strike_G","floor":15,"key":"PURGE"}],"neow_cost":"NONE","seed_source_timestamp":17715511059564,"circlet_count":0,"master_deck":["AscendersBane","Defend_G","Defend_G","Defend_G","Defend_G","Defend_G","Strike_G","Strike_G","Survivor","Neutralize+1","Masterful Stab","Acrobatics","Dash","Well Laid Plans+1","Acrobatics","Backflip"],"relics":["Ring of the Snake","NeowsBlessing","Regal Pillow","Peace Pipe"],"potions_floor_usage":[8,10],"damage_taken":[{"damage":0,"enemies":"Small Slimes","floor":1,"turns":1},{"damage":0,"enemies":"Jaw Worm","floor":2,"turns":1},{"damage":0,"enemies":"Cultist","floor":3,"turns":1},{"damage":3,"enemies":"Gremlin Gang","floor":7,"turns":6},{"damage":20,"enemies":"Gremlin Nob","floor":8,"turns":4},{"damage":10,"enemies":"3 Sentries","floor":10,"turns":11},{"damage":1,"enemies":"Hexaghost","floor":16,"turns":7}],"seed_played":"-40473995979641300","potions_obtained":[{"floor":3,"key":"Swift Potion"},{"floor":7,"key":"Poison Potion"}],"is_trial":false,"path_per_floor":["M","M","M","$","?","R","M","E","T","E","R","$","?","$","R","B"],"character_chosen":"THE_SILENT","items_purchased":["Well Laid Plans","Backflip"],"campfire_rested":0,"item_purchase_floors":[4,12],"current_hp_per_floor":[59,59,59,59,59,59,56,36,36,26,26,26,26,26,26,25],"gold":4,"neow_bonus":"THREE_ENEMY_KILL","is_prod":false,"is_daily":false,"chose_seed":false,"campfire_upgraded":1,"win_rate":0,"timestamp":1543074694,"path_taken":["M","M","M","$","?","R","M","E","T","E","R","$","?","?","R","BOSS"],"build_version":"2018-11-15","purchased_purges":1,"victory":false,"max_hp_per_floor":[66,66,66,66,66,66,66,66,66,66,66,66,66,66,66,66],"card_choices":[{"not_picked":["Cloak And Dagger","Outmaneuver"],"picked":"Masterful Stab","floor":1},{"not_picked":["Dagger Spray","Infinite Blades"],"picked":"Acrobatics","floor":2},{"not_picked":["Dagger Spray","Blade Dance"],"picked":"Dash","floor":3},{"not_picked":["Terror","Prepared","Dagger Throw"],"picked":"SKIP","floor":7},{"not_picked":["Leg Sweep","Slice"],"picked":"Acrobatics","floor":8},{"not_picked":["Prepared","Choke","Dash"],"picked":"SKIP","floor":10},{"not_picked":["Prepared","Choke","Dash"],"picked":"SKIP","floor":10}],"player_experience":1155339,"relics_obtained":[{"floor":8,"key":"Regal Pillow"},{"floor":10,"key":"Peace Pipe"}],"event_choices":[{"damage_healed":0,"gold_gain":0,"player_choice":"Leave","damage_taken":0,"max_hp_gain":0,"max_hp_loss":0,"event_name":"The Cleric","floor":5,"gold_loss":0},{"damage_healed":0,"gold_gain":0,"player_choice":"Grow","damage_taken":0,"max_hp_gain":0,"max_hp_loss":0,"event_name":"Living Wall","floor":13,"gold_loss":0,"cards_upgraded":["Well Laid Plans"]}],"is_beta":true,"boss_relics":[],"items_purged_floors":[12],"is_endless":false,"potions_floor_spawned":[3,7],"killed_by":"Hexaghost","ascension_level":20}