{"gold_per_floor":[111,261,261,272,291,310,325,325,349,349,367,367],"floor_reached":12,"playtime":299,"items_purged":[],"score":144,"play_id":"8ce5d5de-8a1b-4902-9538-2fde58a22cce","local_time":"20190211165201","is_ascension_mode":true,"campfire_choices":[{"data":"Second Wind","floor":8,"key":"SMITH"}],"neow_cost":"NONE","seed_source_timestamp":1209428338526168,"circlet_count":0,"master_deck":["AscendersBane","Strike_R","Strike_R","Strike_R","Strike_R","Strike_R","Defend_R","Defend_R","Defend_R","Defend_R","Bash+1","Shrug It Off","Doubt","Second Wind+1","Pain"],"relics":["Burning Blood","NeowsBlessing","WarpedTongs"],"potions_floor_usage":[11,12],"damage_taken":[{"damage":0,"enemies":"2 Louse","floor":1,"turns":1},{"damage":0,"enemies":"Jaw Worm","floor":4,"turns":1},{"damage":0,"enemies":"Cultist","floor":5,"turns":1},{"damage":34,"enemies":"Lots of Slimes","floor":6,"turns":7},{"damage":27,"enemies":"Large Slime","floor":7,"turns":9},{"damage":8,"enemies":"Red Slaver","floor":11,"turns":3},{"damage":21,"enemies":"Exordium Wildlife","floor":12,"turns":5}],"seed_played":"-4817797498888819806","potions_obtained":[{"floor":1,"key":"Weak Potion"},{"floor":4,"key":"Regen Potion"},{"floor":5,"key":"AttackPotion"},{"floor":11,"key":"GamblersBrew"}],"is_trial":false,"path_per_floor":["M","?","?","M","M","M","M","R","T","?","M","M"],"character_chosen":"IRONCLAD","items_purchased":[],"campfire_rested":0,"item_purchase_floors":[],"current_hp_per_floor":[74,74,74,75,75,47,26,26,26,26,24,3],"gold":367,"neow_bonus":"THREE_ENEMY_KILL","is_prod":false,"is_daily":false,"chose_seed":false,"campfire_upgraded":1,"win_rate":0,"timestamp":1549875121,"path_taken":["M","?","?","?","M","?","M","R","T","?","M","?"],"build_version":"2019-01-23","purchased_purges":0,"victory":false,"max_hp_per_floor":[75,75,75,75,75,75,75,75,75,75,75,75],"card_choices":[{"not_picked":["Uppercut","Clothesline"],"picked":"Shrug It Off","floor":1},{"not_picked":["Clothesline","Immolate"],"picked":"Second Wind","floor":4},{"not_picked":["Entrench","Cleave","Intimidate"],"picked":"SKIP","floor":5},{"not_picked":["Flex","Hemokinesis","Cleave"],"picked":"SKIP","floor":6},{"not_picked":["Clothesline","Wild Strike","Intimidate"],"picked":"SKIP","floor":7},{"not_picked":["Twin Strike","Exhume","Combust"],"picked":"SKIP","floor":11}],"player_experience":725998,"relics_obtained":[],"event_choices":[{"damage_healed":0,"gold_gain":150,"player_choice":"AGREE","damage_taken":0,"max_hp_gain":0,"max_hp_loss":0,"event_name":"Liars Game","floor":2,"gold_loss":0,"cards_obtained":["Doubt"]},{"damage_healed":0,"gold_gain":0,"player_choice":"Upgraded","damage_taken":0,"max_hp_gain":0,"max_hp_loss":0,"event_name":"Upgrade Shrine","floor":3,"gold_loss":0,"cards_upgraded":["Bash"]},{"damage_healed":0,"gold_gain":0,"player_choice":"Rummage","damage_taken":0,"relics_obtained":["WarpedTongs"],"max_hp_gain":0,"max_hp_loss":0,"event_name":"Accursed Blacksmith","floor":10,"gold_loss":0,"cards_obtained":["Pain"]}],"is_beta":false,"boss_relics":[],"items_purged_floors":[],"is_endless":false,"potions_floor_spawned":[1,4,5,6,11],"killed_by":"Exordium Wildlife","ascension_level":20}