{"gold_per_floor":[113,126,137,137,137,137,137,137,137,4,18,18,18,35,35,35],"floor_reached":16,"playtime":443,"items_purged":["Strike_R"],"score":192,"play_id":"81b3571e-5932-4ab1-ba34-95313b3ccedc","local_time":"20181218093027","is_ascension_mode":true,"campfire_choices":[{"data":"Feed","floor":6.0,"key":"SMITH"},{"data":"Disarm","floor":8.0,"key":"SMITH"},{"data":"True Grit","floor":13.0,"key":"SMITH"},{"data":"Flex","floor":15.0,"key":"SMITH"}],"neow_cost":"NONE","seed_source_timestamp":159501801568,"circlet_count":0,"master_deck":["AscendersBane","Strike_R","Strike_R","Strike_R","Defend_R","Defend_R","Defend_R","Bash","Feed+1","Flex+1","Disarm+1","True Grit+1"],"special_seed":0,"relics":["Burning Blood","Strawberry","Ginger"],"potions_floor_usage":[16,16],"damage_taken":[{"damage":7.0,"enemies":"Small Slimes","floor":1.0,"turns":4.0},{"damage":14.0,"enemies":"2 Louse","floor":2.0,"turns":4.0},{"damage":9.0,"enemies":"Jaw Worm","floor":3.0,"turns":4.0},{"damage":7.0,"enemies":"Looter","floor":11.0,"turns":5.0},{"damage":13.0,"enemies":"Gremlin Gang","floor":14.0,"turns":7.0},{"damage":66,"enemies":"Hexaghost","floor":16,"turns":17}],"seed_played":"8169979156974619725","potions_obtained":[{"floor":11.0,"key":"Fruit Juice"},{"floor":14.0,"key":"EssenceOfSteel"}],"is_trial":false,"path_per_floor":["M","M","M","?","?","R","?","R","T","$","M","T","R","M","R","B"],"character_chosen":"IRONCLAD","items_purchased":["True Grit"],"campfire_rested":0,"item_purchase_floors":[10],"current_hp_per_floor":[70,65,65,65,58,58,60,60,60,60,63,63,63,60,60,0],"gold":35,"neow_bonus":"ONE_RANDOM_RARE_CARD","is_prod":false,"is_daily":false,"chose_seed":false,"campfire_upgraded":4,"win_rate":0,"timestamp":1545096627,"path_taken":["M","M","M","?","?","R","?","R","T","$","M","?","R","M","R","BOSS"],"build_version":"2018-12-13","purchased_purges":1,"victory":false,"max_hp_per_floor":[78,81,84,84,84,84,91,91,91,91,95,95,95,99,99,104],"card_choices":[{"not_picked":["Havoc","Twin Strike","Wild Strike"],"picked":"SKIP","floor":1.0},{"not_picked":["Havoc","Cleave"],"picked":"Flex","floor":2.0},{"not_picked":["Wild Strike","Thunderclap"],"picked":"Disarm","floor":3.0},{"not_picked":["Anger","Brutality","Fire Breathing"],"picked":"SKIP","floor":11.0},{"not_picked":["Pommel Strike","Seeing Red","Thunderclap"],"picked":"SKIP","floor":14.0}],"player_experience":1332784,"relics_obtained":[{"floor":9.0,"key":"Ginger"}],"event_choices":[{"cards_removed":["Strike_R"],"damage_healed":0.0,"max_hp_gain":0.0,"max_hp_loss":0.0,"gold_gain":0.0,"event_name":"Living Wall","player_choice":"Forget","floor":4.0,"gold_loss":0.0,"damage_taken":0.0},{"cards_removed":["Defend_R"],"damage_healed":0.0,"max_hp_gain":0.0,"max_hp_loss":0.0,"gold_gain":0.0,"event_name":"Golden Wing","player_choice":"Card Removal","floor":5.0,"gold_loss":0.0,"damage_taken":7.0},{"damage_healed":0.0,"max_hp_gain":0.0,"max_hp_loss":0.0,"gold_gain":0.0,"event_name":"Scrap Ooze","player_choice":"Success","floor":7.0,"gold_loss":0.0,"damage_taken":5.0,"relics_obtained":["Strawberry"]}],"is_beta":false,"boss_relics":[],"items_purged_floors":[10],"is_endless":false,"potions_floor_spawned":[11,14],"killed_by":"Hexaghost","ascension_level":17}