{"gold_per_floor":[114,264,278,278,258,258,286,286,309,309,324,599],"floor_reached":12,"playtime":152,"items_purged":[],"score":202,"play_id":"28a19c03-509e-4348-8726-2fa9cb4df44e","local_time":"20190107133427","is_ascension_mode":true,"campfire_choices":[{"data":"Zap","floor":6,"key":"SMITH"},{"data":"Dualcast","floor":8,"key":"SMITH"},{"floor":10,"key":"RECALL"}],"neow_cost":"NONE","seed_source_timestamp":5818039516563,"circlet_count":0,"master_deck":["AscendersBane","Strike_B","Strike_B","Strike_B","Strike_B","Defend_B","Defend_B","Defend_B","Defend_B","Zap+1","Dualcast+1","Ball Lightning","Doubt","Gash","Ball Lightning","Regret"],"relics":["Cracked Core","NeowsBlessing","Mummified Hand","Juzu Bracelet"],"potions_floor_usage":[],"damage_taken":[{"damage":0,"enemies":"Jaw Worm","floor":1,"turns":1},{"damage":0,"enemies":"Small Slimes","floor":3,"turns":1},{"damage":0,"enemies":"Gremlin Nob","floor":7,"turns":1},{"damage":1,"enemies":"Cultist","floor":11,"turns":3}],"seed_played":"7034582103246876526","potions_obtained":[{"floor":3,"key":"AttackPotion"},{"floor":5,"key":"GamblersBrew"}],"is_trial":false,"path_per_floor":["M","?","M","?","?","R","E","R","T","R","M","?"],"character_chosen":"DEFECT","items_purchased":[],"campfire_rested":0,"item_purchase_floors":[],"current_hp_per_floor":[64,64,64,69,69,69,69,69,69,69,68,68],"gold":599,"neow_bonus":"THREE_ENEMY_KILL","is_prod":false,"is_daily":false,"chose_seed":false,"campfire_upgraded":2,"win_rate":0,"timestamp":1546839267,"path_taken":["M","?","M","?","?","R","E","R","T","R","M","?"],"build_version":"2019-01-03v4","purchased_purges":0,"victory":false,"max_hp_per_floor":[71,71,71,76,76,76,76,76,76,76,76,76],"card_choices":[{"not_picked":["Sweeping Beam","Conserve Battery"],"picked":"Ball Lightning","floor":1},{"not_picked":["Go for the Eyes","Compile Driver"],"picked":"Gash","floor":3},{"not_picked":["Force Field","Blizzard","Storm"],"picked":"SKIP","floor":7},{"not_picked":["Barrage","Beam Cell"],"picked":"Ball Lightning","floor":11}],"player_experience":1809897,"relics_obtained":[{"floor":7,"key":"Mummified Hand"},{"floor":9,"key":"Juzu Bracelet"}],"event_choices":[{"damage_healed":0,"gold_gain":150,"player_choice":"AGREE","damage_taken":0,"max_hp_gain":0,"max_hp_loss":0,"event_name":"Liars Game","floor":2,"gold_loss":0,"cards_obtained":["Doubt"]},{"damage_healed":0,"gold_gain":0,"player_choice":"Donut","damage_taken":0,"max_hp_gain":5,"max_hp_loss":0,"event_name":"Big Fish","floor":4,"gold_loss":0},{"damage_healed":0,"gold_gain":0,"player_choice":"Bought 1 Potion","damage_taken":0,"max_hp_gain":0,"max_hp_loss":0,"event_name":"The Woman in Blue","floor":5,"gold_loss":0},{"damage_healed":0,"gold_gain":275,"player_choice":"Desecrate","damage_taken":0,"max_hp_gain":0,"max_hp_loss":0,"event_name":"Golden Shrine","floor":12,"gold_loss":0,"cards_obtained":["Regret"]}],"is_beta":false,"boss_relics":[],"items_purged_floors":[],"is_endless":false,"potions_floor_spawned":[3,11],"ascension_level":20}