{"gold_per_floor":[369,369,113,125,139,139,159,27,95,95,113,113,141,202,202,276,276,296,346,365,378,206,206,221,237,237,237,250,250,270,116,116,190,190,206,257,129,145,145,210,229,229,229,129,157,157,157,173,173,173,173,173,173,60,92,92],"floor_reached":57,"playtime":3097,"items_purged":["Strike_G","Strike_G","Strike_G","Strike_G","Defend_G","Defend_G","Defend_G+1"],"score":2999,"play_id":"f33edb98-f8ab-479c-ae55-7e7e171c6e26","local_time":"20190202235626","is_ascension_mode":true,"campfire_choices":[{"data":"Deadly Poison","floor":6.0,"key":"SMITH"},{"data":"Noxious Fumes","floor":12.0,"key":"SMITH"},{"data":"Bouncing Flask","floor":15.0,"key":"SMITH"},{"data":"Well Laid Plans","floor":23.0,"key":"SMITH"},{"data":"Grand Finale","floor":27.0,"key":"SMITH"},{"data":"Acrobatics","floor":29.0,"key":"SMITH"},{"data":"Acrobatics","floor":32.0,"key":"SMITH"},{"data":"Tactician","floor":42.0,"key":"SMITH"},{"floor":49.0,"key":"RECALL"},{"floor":53,"key":"REST"}],"neow_cost":"PERCENT_DAMAGE","seed_source_timestamp":8639418843795,"circlet_count":0,"master_deck":["AscendersBane","Defend_G+1","Defend_G+1","Survivor+1","Neutralize+1","Deadly Poison+1","Bouncing Flask+1","Adrenaline+1","Noxious Fumes+1","Well Laid Plans+1","Grand Finale+1","Backflip+1","Acrobatics+1","Acrobatics+1","Tactician+1"],"special_seed":0,"relics":["Ring of the Snake","Membership Card","Bronze Scales","Happy Flower","Orichalcum","Black Star","Lee\u0027s Waffle","Pear","Anchor","Runic Pyramid","Incense Burner","Boot","Tiny Chest","StoneCalendar","Gremlin Horn","Meat on the Bone","Mark of the Bloom","Art of War","Pen Nib"],"potions_floor_usage":[56,56],"damage_taken":[{"damage":0.0,"enemies":"Jaw Worm","floor":1.0,"turns":6.0},{"damage":0.0,"enemies":"2 Louse","floor":4.0,"turns":4.0},{"damage":2.0,"enemies":"Cultist","floor":5.0,"turns":5.0},{"damage":5.0,"enemies":"Gremlin Gang","floor":7.0,"turns":7.0},{"damage":1.0,"enemies":"Lots of Slimes","floor":11.0,"turns":5.0},{"damage":12.0,"enemies":"3 Sentries","floor":13.0,"turns":6.0},{"damage":8.0,"enemies":"Gremlin Nob","floor":14.0,"turns":3.0},{"damage":24.0,"enemies":"The Guardian","floor":16.0,"turns":8.0},{"damage":1.0,"enemies":"Spheric Guardian","floor":18.0,"turns":3.0},{"damage":14.0,"enemies":"Chosen","floor":20.0,"turns":4.0},{"damage":8.0,"enemies":"Centurion and Healer","floor":21.0,"turns":7.0},{"damage":34.0,"enemies":"Shelled Parasite and Fungi","floor":24.0,"turns":5.0},{"damage":0.0,"enemies":"3 Cultists","floor":25.0,"turns":2.0},{"damage":11.0,"enemies":"Sentry and Sphere","floor":28.0,"turns":4.0},{"damage":0.0,"enemies":"Snake Plant","floor":30.0,"turns":3.0},{"damage":3.0,"enemies":"Champ","floor":33.0,"turns":6.0},{"damage":0.0,"enemies":"3 Shapes","floor":35.0,"turns":2.0},{"damage":24.0,"enemies":"2 Orb Walkers","floor":36.0,"turns":4.0},{"damage":0.0,"enemies":"Orb Walker","floor":38.0,"turns":2.0},{"damage":0.0,"enemies":"Nemesis","floor":40.0,"turns":3.0},{"damage":0.0,"enemies":"4 Shapes","floor":41.0,"turns":1.0},{"damage":0.0,"enemies":"Reptomancer","floor":45.0,"turns":2.0},{"damage":0.0,"enemies":"Spire Growth","floor":48.0,"turns":2.0},{"damage":0.0,"enemies":"Awakened One","floor":50.0,"turns":3.0},{"damage":0,"enemies":"Time Eater","floor":51,"turns":6},{"damage":0,"enemies":"Shield and Spear","floor":55,"turns":1},{"damage":6,"enemies":"The Heart","floor":56,"turns":5}],"seed_played":"6763559216337471216","potions_obtained":[{"floor":1.0,"key":"Fire Potion"},{"floor":4.0,"key":"EssenceOfSteel"},{"floor":11.0,"key":"Energy Potion"},{"floor":13.0,"key":"SteroidPotion"},{"floor":18.0,"key":"PowerPotion"},{"floor":20.0,"key":"AttackPotion"},{"floor":24.0,"key":"Energy Potion"},{"floor":28.0,"key":"Regen Potion"},{"floor":38.0,"key":"Block Potion"}],"is_trial":false,"path_per_floor":["M","?","$","M","M","R","M","$","T","?","M","R","E","?","R","B",null,"M","?","M","M","$","R","M","M","T","R","M","R","M","$","R","B",null,"M","?","$","M","?","E","M","R","T","$","E","?","?","M","R","B","B",null,"R","$","E","B",null],"character_chosen":"THE_SILENT","items_purchased":["Membership Card","Bronze Scales","Lee\u0027s Waffle","Anchor","GhostInAJar"],"campfire_rested":1,"item_purchase_floors":[3,8,22,31,37],"current_hp_per_floor":[44,66,66,66,64,64,59,59,59,59,58,58,46,38,38,14,53,52,52,38,30,73,73,39,39,49,49,38,38,50,50,50,47,74,74,50,50,50,45,45,45,45,45,45,45,45,45,45,45,45,45,45,45,45,45,39],"gold":92,"neow_bonus":"TWO_FIFTY_GOLD","is_prod":false,"is_daily":false,"chose_seed":false,"campfire_upgraded":8,"win_rate":0,"timestamp":1549122986,"path_taken":["M","?","$","M","M","R","M","$","T","?","?","R","E","?","R","BOSS","M","?","?","M","$","R","M","?","T","R","M","R","M","?","R","BOSS","M","?","$","M","?","E","?","R","T","?","E","?","?","?","R","BOSS","BOSS","R","$","E","BOSS"],"build_version":"2019-01-23","purchased_purges":7,"victory":true,"max_hp_per_floor":[66,66,66,66,66,66,66,66,66,66,66,66,66,66,66,66,66,66,66,66,66,73,73,73,73,83,83,83,83,83,83,83,83,83,83,83,83,83,83,83,83,83,83,83,83,79,79,79,79,79,79,79,79,79,79,79],"card_choices":[{"not_picked":["Quick Slash","Riddle With Holes"],"picked":"Deadly Poison","floor":1.0},{"not_picked":["Dagger Spray","Underhanded Strike","Dodge and Roll"],"picked":"SKIP","floor":4.0},{"not_picked":["Dagger Throw","Cloak And Dagger","Doppelganger"],"picked":"SKIP","floor":5.0},{"not_picked":["Blade Dance","Cloak And Dagger"],"picked":"Bouncing Flask","floor":7.0},{"not_picked":["Cloak And Dagger","Deflect"],"picked":"Noxious Fumes","floor":11.0},{"not_picked":["Accuracy","Backflip","Dodge and Roll"],"picked":"SKIP","floor":13.0},{"not_picked":["Outmaneuver","Backflip"],"picked":"Well Laid Plans","floor":14.0},{"not_picked":["Die Die Die","Phantasmal Killer"],"picked":"Grand Finale","floor":16.0},{"not_picked":["Sucker Punch","Infinite Blades","Heel Hook"],"picked":"SKIP","floor":18.0},{"not_picked":["Riddle With Holes","Dodge and Roll","Cloak And Dagger"],"picked":"SKIP","floor":20.0},{"not_picked":["Poisoned Stab+1","Outmaneuver"],"picked":"Backflip","floor":21.0},{"not_picked":["Dash","Cloak And Dagger"],"picked":"Acrobatics","floor":24.0},{"not_picked":["Prepared","Infinite Blades","Choke"],"picked":"SKIP","floor":25.0},{"not_picked":["Unload","Flying Knee"],"picked":"Acrobatics","floor":28.0},{"not_picked":["Poisoned Stab","Backflip","Flechettes"],"picked":"SKIP","floor":30.0},{"not_picked":["PiercingWail","Flechettes"],"picked":"Tactician","floor":35.0},{"not_picked":["Poisoned Stab","Slice","Sucker Punch"],"picked":"SKIP","floor":38.0},{"not_picked":["Deadly Poison","Footwork+1","Night Terror"],"picked":"SKIP","floor":40.0},{"not_picked":["Infinite Blades","Backflip","Cloak And Dagger"],"picked":"SKIP","floor":41.0},{"not_picked":["Deadly Poison","Prepared","Dash"],"picked":"SKIP","floor":45.0},{"not_picked":["Dash+1","Dagger Spray+1","Distraction+1"],"picked":"SKIP","floor":48.0},{"not_picked":["Cloak And Dagger","Choke","Dagger Throw"],"picked":"SKIP","floor":55}],"player_experience":2468586,"relics_obtained":[{"floor":13.0,"key":"Happy Flower"},{"floor":14.0,"key":"Orichalcum"},{"floor":26.0,"key":"Pear"},{"floor":36.0,"key":"Incense Burner"},{"floor":40.0,"key":"Boot"},{"floor":40.0,"key":"Tiny Chest"},{"floor":43.0,"key":"StoneCalendar"},{"floor":45.0,"key":"Gremlin Horn"},{"floor":45.0,"key":"Meat on the Bone"},{"floor":55,"key":"Art of War"},{"floor":55,"key":"Pen Nib"}],"event_choices":[{"damage_healed":22.0,"max_hp_gain":0.0,"max_hp_loss":0.0,"gold_gain":0.0,"event_name":"Big Fish","player_choice":"Banana","floor":2.0,"gold_loss":0.0,"damage_taken":0.0},{"damage_healed":0.0,"max_hp_gain":0.0,"max_hp_loss":0.0,"gold_gain":0.0,"cards_transformed":["Strike_G"],"event_name":"Living Wall","player_choice":"Change","floor":10.0,"gold_loss":0.0,"damage_taken":0.0,"cards_obtained":["Adrenaline"]},{"damage_healed":0.0,"max_hp_gain":0.0,"max_hp_loss":0.0,"gold_gain":30.0,"event_name":"Dead Adventurer","player_choice":"Searched \u00272\u0027 times","floor":14.0,"gold_loss":0.0,"damage_taken":0.0},{"damage_healed":0.0,"max_hp_gain":0.0,"max_hp_loss":0.0,"gold_gain":50.0,"event_name":"Golden Shrine","player_choice":"Pray","floor":19.0,"gold_loss":0.0,"damage_taken":0.0},{"damage_healed":0.0,"max_hp_gain":0.0,"max_hp_loss":0.0,"gold_gain":0.0,"event_name":"Mysterious Sphere","player_choice":"Fight","floor":36.0,"gold_loss":0.0,"damage_taken":0.0},{"damage_healed":0.0,"max_hp_gain":0.0,"max_hp_loss":0.0,"gold_gain":0.0,"event_name":"The Woman in Blue","player_choice":"Bought 0 Potions","floor":39.0,"gold_loss":0.0,"damage_taken":0.0},{"damage_healed":0.0,"max_hp_gain":0.0,"max_hp_loss":4.0,"gold_gain":0.0,"event_name":"Winding Halls","player_choice":"Max HP","floor":46.0,"gold_loss":0.0,"damage_taken":0.0},{"damage_healed":0.0,"max_hp_gain":0.0,"max_hp_loss":0.0,"gold_gain":0.0,"event_name":"MindBloom","player_choice":"Upgrade","floor":47.0,"gold_loss":0.0,"damage_taken":0.0,"cards_upgraded":["Defend_G","Defend_G","Defend_G","Survivor","Neutralize","Adrenaline","Backflip"],"relics_obtained":["Mark of the Bloom"]}],"is_beta":false,"boss_relics":[{"not_picked":["WristBlade","White Beast Statue"],"picked":"Black Star"},{"not_picked":["Ring of the Serpent","Pandora\u0027s Box"],"picked":"Runic Pyramid"}],"items_purged_floors":[3,8,22,31,37,44,54],"is_endless":false,"potions_floor_spawned":[1,4,11,13,18,20,24,28,38,41],"ascension_level":20}