{"gold_per_floor":[416,198,198,198,211,246,257,270,270,290,290,73,73,87,87,183,183,200,2,0,99,116,116,20,20,73,73,83,95,114,134,134,233,233,253,253,269,269,52,52,65,80,80,98,98],"floor_reached":45,"playtime":2261,"items_purged":["Strike_G","Strike_G"],"score":649,"play_id":"535b41cc-8ce3-4a16-8e39-ba7f315f9b74","local_time":"20181010212244","is_ascension_mode":true,"campfire_choices":[{"data":"Leg Sweep","floor":11,"key":"SMITH"},{"data":"A Thousand Cuts","floor":13,"key":"SMITH"},{"floor":15,"key":"REST"},{"data":"Malaise","floor":23,"key":"SMITH"},{"floor":25,"key":"REST"},{"data":"Poisoned Stab","floor":27,"key":"SMITH"},{"floor":32,"key":"REST"},{"floor":40,"key":"REST"}],"neow_cost":"TEN_PERCENT_HP_LOSS","seed_source_timestamp":838569935647,"circlet_count":0,"master_deck":["Defend_G","Defend_G","Defend_G","Strike_G","Strike_G","Strike_G","Survivor","Neutralize","AscendersBane","Leg Sweep+1","Cloak And Dagger","Dagger Throw","Cloak And Dagger+1","A Thousand Cuts+1","Malaise+1","Poisoned Stab+1","Dash+1","Backflip","Flying Knee+1","Leg Sweep","Venomology","Cloak And Dagger+1","Madness","Madness","PiercingWail+1","Catalyst","Backflip","Chrysalis","Sucker Punch+1","Catalyst+1"],"relics":["Ring of the Snake","Old Coin","PreservedInsect","Regal Pillow","Potion Belt","White Beast Statue","Membership Card","Toy Ornithopter","Tiny Chest","Cursed Key","War Paint"],"potions_floor_usage":[6,8,16,16,28,29,30,31,33,33,33,33,37,41,42,44,44,44,45,45],"damage_taken":[{"damage":0,"enemies":"2 Louse","floor":1,"turns":4},{"damage":2,"enemies":"Jaw Worm","floor":5,"turns":9},{"damage":29,"enemies":"Gremlin Nob","floor":6,"turns":4},{"damage":1,"enemies":"Cultist","floor":7,"turns":4},{"damage":8,"enemies":"Exordium Thugs","floor":8,"turns":6},{"damage":5,"enemies":"Exordium Wildlife","floor":10,"turns":10},{"damage":14,"enemies":"Gremlin Gang","floor":14,"turns":4},{"damage":29,"enemies":"Slime Boss","floor":16,"turns":13},{"damage":5,"enemies":"Shell Parasite","floor":18,"turns":13},{"damage":5,"enemies":"2 Thieves","floor":20,"turns":4},{"damage":18,"enemies":"Snake Plant","floor":22,"turns":8},{"damage":20,"enemies":"Centurion and Healer","floor":28,"turns":11},{"damage":8,"enemies":"Shelled Parasite and Fungi","floor":29,"turns":12},{"damage":6,"enemies":"Snake Plant","floor":30,"turns":6},{"damage":5,"enemies":"Centurion and Healer","floor":31,"turns":8},{"damage":71,"enemies":"Automaton","floor":33,"turns":10},{"damage":6,"enemies":"3 Darklings","floor":35,"turns":6},{"damage":19,"enemies":"Orb Walker","floor":37,"turns":6},{"damage":21,"enemies":"Transient","floor":41,"turns":5},{"damage":5,"enemies":"Sphere and 2 Shapes","floor":42,"turns":5},{"damage":45,"enemies":"Spire Growth","floor":44,"turns":8},{"damage":21,"enemies":"Transient","floor":45,"turns":4}],"seed_played":"1725101622025273833","potions_obtained":[{"floor":1,"key":"SteroidPotion"},{"floor":5,"key":"Regen Potion"},{"floor":10,"key":"SpeedPotion"},{"floor":16,"key":"Poison Potion"},{"floor":18,"key":"Fire Potion"},{"floor":20,"key":"LiquidBronze"},{"floor":22,"key":"Block Potion"},{"floor":28,"key":"AttackPotion"},{"floor":29,"key":"AttackPotion"},{"floor":30,"key":"Block Potion"},{"floor":31,"key":"SkillPotion"},{"floor":33,"key":"SteroidPotion"},{"floor":35,"key":"EssenceOfSteel"},{"floor":37,"key":"Swift Potion"},{"floor":41,"key":"Poison Potion"},{"floor":42,"key":"SpeedPotion"},{"floor":44,"key":"PowerPotion"}],"is_trial":false,"path_per_floor":["M","$","?","?","M","E","M","M","T","M","R","$","R","M","R","B",null,"M","$","M","?","M","R","$","R","T","R","M","M","M","M","R","B",null,"M","?","M","?","$","R","M","M","T","M"],"character_chosen":"THE_SILENT","items_purchased":["PreservedInsect","A Thousand Cuts","Dexterity Potion","Membership Card","Toy Ornithopter","Catalyst","Backflip","Chrysalis","War Paint"],"campfire_rested":4,"item_purchase_floors":[2,12,12,19,24,39,39,39,39],"current_hp_per_floor":[63,63,63,63,61,32,31,38,38,33,33,33,33,19,52,23,53,48,48,43,43,25,25,25,58,58,58,43,40,39,39,63,2,48,42,34,20,20,20,53,37,37,37,7,0],"gold":98,"neow_bonus":"ONE_RARE_RELIC","is_prod":false,"is_daily":false,"chose_seed":false,"campfire_upgraded":4,"win_rate":0,"timestamp":1539177764,"path_taken":["M","$","?","?","M","E","?","?","T","M","R","$","R","?","R","BOSS","M","$","?","?","M","R","$","R","T","R","?","M","M","M","R","BOSS","M","?","M","?","$","R","M","?","T","M","M"],"build_version":"2018-10-04v2","purchased_purges":2,"victory":false,"max_hp_per_floor":[63,63,63,63,63,63,63,63,63,63,63,63,63,63,63,63,63,63,63,63,63,63,63,63,63,63,63,63,63,63,63,63,63,63,63,63,63,63,63,63,63,63,63,63,63],"card_choices":[{"not_picked":["Concentrate","Backflip"],"picked":"Leg Sweep","floor":1},{"not_picked":["Slice","Outmaneuver","Cloak And Dagger"],"picked":"SKIP","floor":5},{"not_picked":["Slice","Outmaneuver"],"picked":"Cloak And Dagger","floor":5},{"not_picked":["PiercingWail","Finisher"],"picked":"Dagger Throw","floor":6},{"not_picked":["Flying Knee","Dodge and Roll"],"picked":"Cloak And Dagger","floor":7},{"not_picked":["Setup","Calculated Gamble","Prepared"],"picked":"SKIP","floor":8},{"not_picked":["Distraction","Slice","Acrobatics"],"picked":"SKIP","floor":10},{"not_picked":["Eviscerate","Concentrate","Quick Slash"],"picked":"SKIP","floor":14},{"not_picked":["Grand Finale","A Thousand Cuts"],"picked":"Malaise","floor":16},{"not_picked":["Dodge and Roll","Blur"],"picked":"Poisoned Stab","floor":18},{"not_picked":["Expertise","Outmaneuver"],"picked":"Dash+1","floor":20},{"not_picked":["Dodge and Roll","Heel Hook+1"],"picked":"Backflip","floor":22},{"not_picked":["Deflect","Blade Dance"],"picked":"Flying Knee+1","floor":28},{"not_picked":["Backflip","Choke"],"picked":"Leg Sweep","floor":29},{"not_picked":["Dagger Spray","Slice","Acrobatics+1"],"picked":"SKIP","floor":30},{"not_picked":["Endless Agony","Grand Finale","Bane+1"],"picked":"SKIP","floor":31},{"not_picked":["After Image","Phantasmal Killer"],"picked":"Venomology","floor":33},{"not_picked":["Bane+1","Flechettes+1"],"picked":"Cloak And Dagger","floor":35},{"not_picked":["Flying Knee+1","Poisoned Stab"],"picked":"PiercingWail+1","floor":37},{"not_picked":["Blade Dance+1","Expertise"],"picked":"Sucker Punch+1","floor":41},{"not_picked":["Outmaneuver+1","Dagger Throw+1"],"picked":"Catalyst+1","floor":42},{"not_picked":["Deflect","Heel Hook+1","Accuracy+1"],"picked":"SKIP","floor":44}],"player_experience":89572,"relics_obtained":[{"floor":6,"key":"Regal Pillow"},{"floor":9,"key":"Potion Belt"},{"floor":26,"key":"Tiny Chest"}],"event_choices":[{"event_name":"Liars Game","player_choice":"disagreed","floor":3,"damage_taken":0},{"event_name":"Living Wall","player_choice":"Forget","floor":4,"damage_taken":0},{"event_name":"Nest","player_choice":"Stole From Cult","floor":21,"damage_taken":0},{"event_name":"Winding Halls","player_choice":"Embrace Madness","floor":36,"damage_taken":0},{"event_name":"Falling","player_choice":"Removed Skill","floor":38,"damage_taken":0}],"is_beta":false,"boss_relics":[{"not_picked":["Snecko Eye","Ectoplasm"],"picked":"White Beast Statue"},{"not_picked":["Coffee Dripper","Pandora\u0027s Box"],"picked":"Cursed Key"}],"items_purged_floors":[2,12],"is_endless":false,"potions_floor_spawned":[1,5,10,16,18,20,22,28,29,30,31,33,35,37,41,42,44],"killed_by":"Transient","ascension_level":11}