{"path_per_floor":["M","?","?","M","M","R","?","R","T","?","$","M","M","M","R","B",null,"M","?","M","M","?","R","M","M","T","$","R","?","?","T","R","B",null,"M","?","M","M"],"character_chosen":"THE_SILENT","items_purchased":["Snake Skull","Calipers"],"gold_per_floor":[113,63,63,82,95,95,95,95,173,173,24,39,64,77,77,207,207,220,220,236,261,361,361,385,408,408,121,121,121,121,121,121,226,226,241,241,251,266],"floor_reached":39,"campfire_rested":3,"playtime":2535,"current_hp_per_floor":[70,70,63,60,52,52,38,38,38,38,38,34,34,26,47,5,70,70,70,59,20,20,41,41,23,23,23,23,23,23,23,44,38,70,52,43,41,7],"items_purged":[],"gold":266,"score":348,"play_id":"ba376847-97c0-4b57-ad97-f3e391168b25","is_prod":false,"is_daily":false,"is_ascension_mode":false,"campfire_upgraded":3,"path_taken":["M","?","?","M","?","R","?","R","T","?","?","?","M","M","R","BOSS","M","?","M","M","?","R","M","M","T","$","R","?","?","?","R","BOSS","M","?","?","M","M"],"build_version":"2018-02-15-PROD1","purchased_purges":0,"victory":false,"master_deck":["Defend_G","Defend_G","Defend_G","Defend_G+1","Strike_G","Strike_G","Strike_G","Survivor","Neutralize","Acrobatics","Bouncing Flask+1","Backflip+1","Burst","Calculated Gamble+1","Predator+1","Outmaneuver","Deadly Poison","Injury","Well Laid Plans","Catalyst","Crippling Poison","Venomology","Acrobatics+1","Bane+1","Bullet Time","Poisoned Stab+1","Madness","Madness","Flechettes+1","Prepared+1"],"max_hp_per_floor":[70,70,70,70,70,70,70,70,70,70,70,70,70,70,70,70,70,70,70,70,70,70,70,70,70,70,70,70,70,70,70,70,70,70,70,70,70,70],"relics":["Orrery","Dodecahedron","Bloody Idol","Snake Skull","Runic Pyramid","Ginger","Calipers","Ninja Scroll","Thread and Needle","Snecko Eye"],"card_choices":[{"not_picked":["Quick Slash","Outmaneuver"],"picked":"Acrobatics"},{"not_picked":["Expertise","Flying Knee"],"picked":"Bouncing Flask"},{"not_picked":["Outmaneuver","Sucker Punch"],"picked":"Backflip"},{"not_picked":["Quick Slash","Dagger Throw"],"picked":"Burst"},{"not_picked":["Deflect","Slice"],"picked":"Calculated Gamble"},{"not_picked":["Leg Sweep","Dagger Spray"],"picked":"Predator"},{"not_picked":["PiercingWail","Acrobatics"],"picked":"Outmaneuver"},{"not_picked":["Crippling Poison","Dagger Spray"],"picked":"Deadly Poison"},{"not_picked":["Dagger Throw","Wraith Form"],"picked":"Well Laid Plans"},{"not_picked":["Slice","Deadly Poison"],"picked":"Catalyst"},{"not_picked":["Dodge and Roll","Endless Agony"],"picked":"Crippling Poison"},{"not_picked":["A Thousand Cuts","Doppelganger"],"picked":"Venomology"},{"not_picked":["Expertise","PiercingWail"],"picked":"Acrobatics"},{"not_picked":["Distraction","Acrobatics"],"picked":"Bane"},{"not_picked":["Night Terror","Unload"],"picked":"Bullet Time"},{"not_picked":["Flying Knee","Crippling Poison"],"picked":"Poisoned Stab"},{"not_picked":["Skewer","Blade Dance"],"picked":"Flechettes"},{"not_picked":["Sucker Punch","Dagger Throw"],"picked":"Prepared"}],"player_experience":77290,"potions_floor_usage":[16,16,21,21,21,21,33,33,33,35,35,37,38,38,39],"damage_taken":[{"damage":0,"enemies":"2 Louse","floor":1,"turns":3},{"damage":3,"enemies":"Jaw Worm","floor":4,"turns":2},{"damage":8,"enemies":"Small Slimes","floor":5,"turns":3},{"damage":4,"enemies":"Blue Slaver","floor":12,"turns":4},{"damage":0,"enemies":"Red Slaver","floor":13,"turns":3},{"damage":8,"enemies":"2 Fungi Beasts","floor":14,"turns":3},{"damage":42,"enemies":"Slime Boss","floor":16,"turns":13},{"damage":0,"enemies":"Spheric Guardian","floor":18,"turns":4},{"damage":11,"enemies":"Shell Parasite","floor":20,"turns":5},{"damage":39,"enemies":"Cultist and Chosen","floor":21,"turns":8},{"damage":0,"enemies":"Snecko","floor":24,"turns":3},{"damage":18,"enemies":"Centurion and Healer","floor":25,"turns":8},{"damage":11,"enemies":"Champ","floor":33,"turns":10},{"damage":23,"enemies":"3 Shapes","floor":35,"turns":5},{"damage":7,"enemies":"Orb Walker","floor":37,"turns":4},{"damage":39,"enemies":"3 Darklings","floor":38,"turns":4},{"damage":15,"enemies":"Sphere and 2 Shapes","floor":39,"turns":3}],"event_choices":[{"event_name":"The Cleric","player_choice":"Card Removal","floor":2,"damage_taken":0},{"event_name":"Golden Wing","player_choice":"Card Removal","floor":3,"damage_taken":0},{"event_name":"Shining Light","player_choice":"Entered Light","floor":7,"damage_taken":0},{"event_name":"Golden Idol","player_choice":"Take Wound","floor":10,"damage_taken":0},{"event_name":"Back to Basics","player_choice":"Elegance","floor":19,"damage_taken":0},{"event_name":"Golden Shrine","player_choice":"Pray","floor":22,"damage_taken":0},{"event_name":"Forgotten Altar","player_choice":"Gave Idol","floor":29,"damage_taken":0},{"event_name":"The Mausoleum","player_choice":"Yes","floor":30,"damage_taken":0},{"event_name":"Winding Halls","player_choice":"Embrace Madness","floor":36,"damage_taken":0}],"boss_relics":[{"not_picked":["Tiny House","Sozu"],"picked":"Runic Pyramid"},{"not_picked":["Astrolabe","Question Card"],"picked":"Snecko Eye"}],"potions_floor_spawned":[4,12,14,18,20,25,37],"seed_played":"7722463511114203649","killed_by":"Sphere and 2 Shapes","ascension_level":0,"is_trial":false}