{"gold_per_floor":[13,26,40,40,56,56,86,86,113,113,124,151,63,63,63,166,166,184,202,53,103,115,125,145,145,175,187,187,102,102,113,113,213,213,232,246,246,257,268,268,288,288,288,317,0,0,0,17,17,17],"floor_reached":51,"playtime":2696,"items_purged":["Defend_R"],"score":731,"play_id":"67d174c2-7c1e-404e-82fa-54ee43630c71","local_time":"20190806205031","is_ascension_mode":false,"campfire_choices":[{"data":"Havoc","floor":6.0,"key":"SMITH"},{"data":"Infernal Blade","floor":8.0,"key":"SMITH"},{"data":"Evolve","floor":10.0,"key":"SMITH"},{"data":"Enlightenment","floor":15,"key":"SMITH"},{"data":"Limit Break","floor":25,"key":"SMITH"},{"data":"Battle Trance","floor":28,"key":"SMITH"},{"data":"Flex","floor":32,"key":"SMITH"},{"data":"Exhume","floor":40,"key":"SMITH"},{"data":"Demon Form","floor":42,"key":"SMITH"},{"data":"Inflame","floor":46,"key":"SMITH"},{"data":"Exhume","floor":49,"key":"SMITH"}],"neow_cost":"NO_GOLD","seed_source_timestamp":4665252792237,"circlet_count":0,"master_deck":["Defend_R+1","Bash","Havoc+1","Headbutt","Infernal Blade+1","Evolve+1","Inflame+1","Battle Trance+1","Enlightenment+1","Demon Form+1","Immolate+1","True Grit+1","Heavy Blade+1","Impervious+1","Limit Break+1","Flex+1","Feed","Exhume+1","Feel No Pain+1","Limit Break+1","Exhume+1"],"special_seed":0,"relics":["Burning Blood","PreservedInsect","Blood Vial","Omamori","Odd Mushroom","Matryoshka","Astrolabe","Tiny Chest","Anchor","Pen Nib","Velvet Choker","War Paint","Pear","Shuriken","Red Mask"],"potions_floor_usage":[18,36,50,50,50],"damage_taken":[{"damage":4.0,"enemies":"2 Louse","floor":1.0,"turns":5.0},{"damage":1.0,"enemies":"Jaw Worm","floor":2.0,"turns":5.0},{"damage":5.0,"enemies":"Cultist","floor":3.0,"turns":4.0},{"damage":6.0,"enemies":"Gremlin Gang","floor":5.0,"turns":3.0},{"damage":18.0,"enemies":"Lagavulin","floor":7.0,"turns":3.0},{"damage":2.0,"enemies":"Blue Slaver","floor":11.0,"turns":6.0},{"damage":6,"enemies":"The Mushroom Lair","floor":12,"turns":4},{"damage":50,"enemies":"Hexaghost","floor":16,"turns":8},{"damage":0,"enemies":"Chosen","floor":18,"turns":3},{"damage":6,"enemies":"3 Byrds","floor":19,"turns":5},{"damage":10,"enemies":"Centurion and Healer","floor":22,"turns":5},{"damage":14,"enemies":"Shelled Parasite and Fungi","floor":23,"turns":8},{"damage":0,"enemies":"Snecko","floor":24,"turns":4},{"damage":10,"enemies":"Chosen and Byrds","floor":27,"turns":3},{"damage":0,"enemies":"3 Cultists","floor":31,"turns":2},{"damage":41,"enemies":"Automaton","floor":33,"turns":7},{"damage":13,"enemies":"Orb Walker","floor":35,"turns":3},{"damage":17,"enemies":"3 Darklings","floor":36,"turns":3},{"damage":0,"enemies":"Transient","floor":38,"turns":5},{"damage":0,"enemies":"Jaw Worm Horde","floor":39,"turns":4},{"damage":16,"enemies":"Sphere and 2 Shapes","floor":41,"turns":6},{"damage":4,"enemies":"Giant Head","floor":44,"turns":4},{"damage":18,"enemies":"Writhing Mass","floor":48,"turns":4},{"damage":64,"enemies":"Awakened One","floor":50,"turns":5}],"seed_played":"-1998356669046803866","potions_obtained":[{"floor":3.0,"key":"Explosive Potion"},{"floor":5.0,"key":"Regen Potion"},{"floor":7.0,"key":"BloodPotion"},{"floor":16,"key":"Poison Potion"},{"floor":18,"key":"Fruit Juice"},{"floor":23,"key":"FearPotion"},{"floor":24,"key":"Block Potion"},{"floor":27,"key":"Regen Potion"},{"floor":35,"key":"Strength Potion"},{"floor":36,"key":"EssenceOfSteel"},{"floor":44,"key":"SteroidPotion"}],"is_trial":false,"path_per_floor":["M","M","M","?","M","R","E","R","T","R","M","?","$","?","R","B",null,"M","M","$","?","M","M","M","R","T","M","R","?","?","M","R","B",null,"M","M","?","M","M","R","M","R","T","E","?","R","?","M","R","B",null],"character_chosen":"IRONCLAD","items_purchased":["Enlightenment","Limit Break"],"campfire_rested":0,"item_purchase_floors":[13,20],"current_hp_per_floor":[80,80,80,73,73,73,61,61,61,61,67,69,69,69,69,27,80,85,85,85,85,81,75,83,83,83,81,81,81,81,85,85,53,88,81,72,72,80,88,88,78,78,88,95,95,95,95,85,85,58],"gold":17,"neow_bonus":"REMOVE_TWO","is_prod":false,"is_daily":false,"chose_seed":false,"campfire_upgraded":11,"win_rate":0,"timestamp":1565095831,"path_taken":["M","M","M","?","M","R","E","R","T","R","M","?","$","?","R","BOSS","M","M","$","?","M","?","M","R","T","M","R","?","?","M","R","BOSS","M","M","?","?","M","R","M","R","T","E","?","R","?","M","R","BOSS"],"build_version":"2019-07-17","purchased_purges":1,"victory":true,"max_hp_per_floor":[80,80,80,80,80,80,80,80,80,80,80,80,80,80,80,80,80,85,85,85,85,85,85,85,85,85,85,85,85,85,85,85,88,88,88,88,88,88,88,88,88,88,98,101,101,101,101,101,101,104],"card_choices":[{"not_picked":["Twin Strike","Seeing Red"],"picked":"Havoc","floor":1.0},{"not_picked":["Metallicize","Clothesline"],"picked":"Headbutt","floor":2.0},{"not_picked":["Sentinel","Warcry"],"picked":"Infernal Blade","floor":3.0},{"not_picked":["Heavy Blade","Intimidate"],"picked":"Shrug It Off","floor":5.0},{"not_picked":["Headbutt","Berserk"],"picked":"Evolve","floor":7.0},{"not_picked":["Reckless Charge","Burning Pact"],"picked":"Inflame","floor":11.0},{"not_picked":["Flex","Headbutt"],"picked":"Battle Trance","floor":12},{"not_picked":["Offering","Impervious"],"picked":"Demon Form","floor":16},{"not_picked":["Perfected Strike","Armaments+1","Pommel Strike"],"picked":"SKIP","floor":18},{"not_picked":["Perfected Strike","Armaments+1","Pommel Strike"],"picked":"SKIP","floor":18},{"not_picked":["Shrug It Off","Clash"],"picked":"Impervious","floor":19},{"not_picked":["Searing Blow","Iron Wave","Clothesline"],"picked":"SKIP","floor":22},{"not_picked":["Sword Boomerang","Pommel Strike+1"],"picked":"Flex","floor":23},{"not_picked":["Iron Wave","Dual Wield","Flex"],"picked":"SKIP","floor":24},{"not_picked":["Havoc","Dual Wield"],"picked":"Feed","floor":27},{"not_picked":["Body Slam+1","Thunderclap","Sentinel"],"picked":"SKIP","floor":31},{"not_picked":["Barricade","Berserk"],"picked":"Exhume","floor":33},{"not_picked":["Twin Strike+1","Thunderclap+1","Pommel Strike"],"picked":"SKIP","floor":35},{"not_picked":["Body Slam","Headbutt+1","Flex"],"picked":"SKIP","floor":36},{"not_picked":["Body Slam+1","True Grit","Combust"],"picked":"SKIP","floor":38},{"not_picked":["Anger","Body Slam+1"],"picked":"Feel No Pain+1","floor":39},{"not_picked":["Iron Wave+1","Dual Wield","Cleave"],"picked":"SKIP","floor":41},{"not_picked":["Warcry","Combust+1","Clash+1"],"picked":"SKIP","floor":44},{"not_picked":["Heavy Blade+1","Combust+1"],"picked":"Exhume","floor":48}],"player_experience":5874314,"relics_obtained":[{"floor":7.0,"key":"Blood Vial"},{"floor":9.0,"key":"Omamori"},{"floor":12,"key":"Odd Mushroom"},{"floor":26,"key":"Tiny Chest"},{"floor":26,"key":"Anchor"},{"floor":43,"key":"War Paint"},{"floor":43,"key":"Pear"},{"floor":44,"key":"Shuriken"}],"event_choices":[{"damage_healed":0.0,"max_hp_gain":0.0,"max_hp_loss":0.0,"gold_gain":0.0,"event_name":"Scrap Ooze","player_choice":"Success","floor":4.0,"gold_loss":0.0,"damage_taken":7.0,"relics_obtained":["PreservedInsect"]},{"damage_healed":0,"gold_gain":0,"player_choice":"Fought Mushrooms","damage_taken":0,"max_hp_gain":0,"max_hp_loss":0,"event_name":"Mushrooms","floor":12,"gold_loss":0},{"cards_removed":["Shrug It Off"],"damage_healed":0,"gold_gain":0,"player_choice":"Gave Card","damage_taken":0,"relics_obtained":["Matryoshka"],"max_hp_gain":0,"max_hp_loss":0,"event_name":"WeMeetAgain","floor":14,"gold_loss":0},{"damage_healed":0,"gold_gain":100,"player_choice":"Bet on Murderer","damage_taken":0,"max_hp_gain":0,"max_hp_loss":0,"event_name":"The Joust","floor":21,"gold_loss":50},{"damage_healed":0,"gold_gain":0,"player_choice":"Obtained Relic","damage_taken":0,"relics_obtained":["Pen Nib"],"max_hp_gain":0,"max_hp_loss":0,"event_name":"Addict","floor":29,"gold_loss":85},{"cards_removed":["Defend_R"],"damage_healed":0,"gold_gain":0,"player_choice":"Elegance","damage_taken":0,"max_hp_gain":0,"max_hp_loss":0,"event_name":"Back to Basics","floor":30,"gold_loss":0},{"cards_removed":["Defend_R"],"damage_healed":0,"gold_gain":0,"player_choice":"Purged","damage_taken":0,"max_hp_gain":0,"max_hp_loss":0,"event_name":"Purifier","floor":37,"gold_loss":0},{"damage_healed":0,"gold_gain":0,"player_choice":"Paid","damage_taken":0,"relics_obtained":["Red Mask"],"max_hp_gain":0,"max_hp_loss":0,"event_name":"Tomb of Lord Red Mask","floor":45,"gold_loss":317},{"damage_healed":0,"gold_gain":0,"player_choice":"Copied","damage_taken":0,"max_hp_gain":0,"max_hp_loss":0,"event_name":"Duplicator","floor":47,"gold_loss":0,"cards_obtained":["Limit Break"]}],"is_beta":false,"boss_relics":[{"not_picked":["Busted Crown","Black Star"],"picked":"Astrolabe"},{"not_picked":["Empty Cage","Lizard Tail"],"picked":"Velvet Choker"}],"items_purged_floors":[20],"is_endless":false,"potions_floor_spawned":[3,5,7,16,18,23,24,27,35,36,39,44,48],"ascension_level":0}