{"gold_per_floor":[118,118,135,135,147,147,33,33,33,33,33,64,64,13,13,91,91,107,121,134,134,314,314,343,343,343,368,384,418,418,436,436,512,512,529,545,83,94,94,128,128,153,153,185,185,210,210,210,210,210,210,210,210,0,28,28],"floor_reached":57,"playtime":2252,"items_purged":["Pain","Underhanded Strike","Dash+1"],"score":3744,"play_id":"aabd0c04-b358-45fd-9121-4bf4406ad56a","local_time":"20190322181154","is_ascension_mode":true,"campfire_choices":[{"data":"Neutralize","floor":6.0,"key":"SMITH"},{"data":"Accuracy","floor":8.0,"key":"SMITH"},{"data":"Dash","floor":10.0,"key":"SMITH"},{"data":"Blade Dance","floor":15.0,"key":"SMITH"},{"data":"Wraith Form v2","floor":23.0,"key":"SMITH"},{"data":"Tactician","floor":25.0,"key":"SMITH"},{"data":"Acrobatics","floor":32.0,"key":"SMITH"},{"data":"Reflex","floor":41,"key":"SMITH"},{"floor":47,"key":"RECALL"},{"data":"Burst","floor":49,"key":"SMITH"},{"data":"Grand Finale","floor":53,"key":"SMITH"}],"neow_cost":"NONE","seed_source_timestamp":31081505047643,"circlet_count":0,"master_deck":["AscendersBane","Survivor","Neutralize+1","Infinite Blades","Accuracy+1","Backflip","Blade Dance+1","Burst+1","Tools of the Trade","Venomology","Adrenaline","Distraction","Reflex+1","Doppelganger","Wraith Form v2+1","Tactician+1","Acrobatics+1","Grand Finale+1"],"special_seed":0,"relics":["Ring of the Snake","NeowsBlessing","WarpedTongs","Shuriken","Art of War","Pandora\u0027s Box","Smiling Mask","Paper Crane","Lantern","Centennial Puzzle","Runic Pyramid","Incense Burner","Bag of Marbles","Ginger","Bottled Lightning","Bird Faced Urn","Kunai","Strawberry","Blood Vial"],"potions_floor_usage":[40,42,44,46,50,51,51,56,56,56],"damage_taken":[{"damage":0.0,"enemies":"Cultist","floor":1.0,"turns":1.0},{"damage":0.0,"enemies":"Jaw Worm","floor":3.0,"turns":1.0},{"damage":0.0,"enemies":"Small Slimes","floor":5.0,"turns":1.0},{"damage":17.0,"enemies":"3 Sentries","floor":12.0,"turns":7.0},{"damage":0.0,"enemies":"The Guardian","floor":16.0,"turns":10.0},{"damage":7.0,"enemies":"Spheric Guardian","floor":18.0,"turns":4.0},{"damage":1.0,"enemies":"Chosen","floor":19.0,"turns":4.0},{"damage":2.0,"enemies":"Centurion and Healer","floor":20.0,"turns":4.0},{"damage":0.0,"enemies":"Gremlin Leader","floor":24.0,"turns":4.0},{"damage":0.0,"enemies":"Book of Stabbing","floor":27.0,"turns":4.0},{"damage":0.0,"enemies":"Snake Plant","floor":28.0,"turns":3.0},{"damage":0.0,"enemies":"Gremlin Leader","floor":29.0,"turns":4.0},{"damage":0.0,"enemies":"Shelled Parasite and Fungi","floor":31.0,"turns":3.0},{"damage":0.0,"enemies":"Collector","floor":33.0,"turns":3.0},{"damage":0.0,"enemies":"3 Shapes","floor":35.0,"turns":3.0},{"damage":0.0,"enemies":"Orb Walker","floor":36.0,"turns":3.0},{"damage":0.0,"enemies":"Jaw Worm Horde","floor":38.0,"turns":2.0},{"damage":0,"enemies":"Nemesis","floor":40,"turns":3},{"damage":0,"enemies":"Reptomancer","floor":42,"turns":4},{"damage":0,"enemies":"Nemesis","floor":44,"turns":7},{"damage":0,"enemies":"Reptomancer","floor":46,"turns":4},{"damage":0,"enemies":"Awakened One","floor":50,"turns":4},{"damage":0,"enemies":"Time Eater","floor":51,"turns":6},{"damage":0,"enemies":"Shield and Spear","floor":55,"turns":3},{"damage":64,"enemies":"The Heart","floor":56,"turns":7}],"seed_played":"-3490760193301756963","potions_obtained":[{"floor":12.0,"key":"EssenceOfSteel"},{"floor":19.0,"key":"Strength Potion"},{"floor":28.0,"key":"SteroidPotion"},{"floor":35.0,"key":"Energy Potion"},{"floor":44,"key":"Poison Potion"}],"is_trial":false,"path_per_floor":["M","?","M","?","M","R","$","R","T","R","?","E","?","$","R","B",null,"M","M","M","?","?","R","E","R","T","E","M","E","?","M","R","B",null,"M","M","$","M","?","E","R","E","T","E","?","E","R","T","R","B","B",null,"R","$","E","B",null],"character_chosen":"THE_SILENT","items_purchased":["Accuracy","Blade Dance","Grand Finale","Incense Burner","Strawberry"],"campfire_rested":0,"item_purchase_floors":[7,14,37,37,54],"current_hp_per_floor":[59,59,59,59,59,59,59,59,59,59,52,35,35,35,35,35,58,51,50,48,48,30,30,30,30,30,30,30,30,12,12,12,12,56,56,56,56,56,56,56,56,56,56,56,56,56,56,56,56,64,71,71,71,78,78,18],"gold":28,"neow_bonus":"THREE_ENEMY_KILL","is_prod":false,"is_daily":false,"chose_seed":false,"campfire_upgraded":10,"win_rate":0,"timestamp":1553249514,"path_taken":["M","?","?","?","?","R","?","R","T","R","?","E","?","$","R","BOSS","M","M","M","?","?","R","E","R","T","E","?","E","?","M","R","BOSS","M","M","$","M","?","E","R","E","T","E","?","E","R","?","R","BOSS","BOSS","R","$","E","BOSS"],"build_version":"2019-01-23","purchased_purges":3,"victory":true,"max_hp_per_floor":[66,66,66,66,66,66,66,66,66,66,66,66,66,66,66,66,66,66,66,66,66,66,66,66,66,66,66,66,66,71,71,71,71,71,71,71,71,71,71,71,71,71,71,71,71,71,71,71,71,71,71,71,71,78,78,78],"card_choices":[{"not_picked":["Quick Slash","Dodge and Roll","Underhanded Strike"],"picked":"SKIP","floor":1.0},{"not_picked":["Endless Agony","PiercingWail"],"picked":"Infinite Blades","floor":3.0},{"not_picked":["Dagger Throw","PiercingWail"],"picked":"Dash","floor":5.0},{"not_picked":["Dagger Spray","Dagger Throw"],"picked":"Backflip","floor":12.0},{"not_picked":["Wraith Form v2","Malaise"],"picked":"Burst","floor":16.0},{"not_picked":["Bouncing Flask","Footwork"],"picked":"Tactician","floor":18.0},{"not_picked":["Dodge and Roll","Skewer","Flechettes"],"picked":"SKIP","floor":19.0},{"not_picked":["Flying Knee","Deflect","Deadly Poison"],"picked":"SKIP","floor":20.0},{"not_picked":["Masterful Stab","Quick Slash","Caltrops"],"picked":"SKIP","floor":24.0},{"not_picked":["Outmaneuver+1","Poisoned Stab"],"picked":"Acrobatics","floor":27.0},{"not_picked":["Flying Knee+1","Slice","Poisoned Stab"],"picked":"SKIP","floor":28.0},{"not_picked":["Outmaneuver","Predator","Tactician"],"picked":"SKIP","floor":29.0},{"not_picked":["Wraith Form v2","Expertise","Slice"],"picked":"SKIP","floor":31.0},{"not_picked":["Wraith Form v2","Expertise","Slice"],"picked":"SKIP","floor":31.0},{"not_picked":["Flying Knee","Tactician","Reflex"],"picked":"SKIP","floor":35.0},{"not_picked":["Bane","Backstab+1","Backflip"],"picked":"SKIP","floor":36.0},{"not_picked":["Flying Knee","Heel Hook","Quick Slash+1"],"picked":"SKIP","floor":38.0},{"not_picked":["Outmaneuver","Tools of the Trade","Cloak And Dagger+1"],"picked":"SKIP","floor":40},{"not_picked":["Acrobatics","Poisoned Stab","Adrenaline"],"picked":"SKIP","floor":42},{"not_picked":["Slice+1","Accuracy","Prepared"],"picked":"SKIP","floor":44},{"not_picked":["Envenom","Eviscerate","Flying Knee"],"picked":"SKIP","floor":46},{"not_picked":["Bullet Time","Poisoned Stab","Corpse Explosion"],"picked":"SKIP","floor":55}],"player_experience":3802804,"relics_obtained":[{"floor":9.0,"key":"Shuriken"},{"floor":12.0,"key":"Art of War"},{"floor":24.0,"key":"Smiling Mask"},{"floor":26.0,"key":"Paper Crane"},{"floor":27.0,"key":"Lantern"},{"floor":29.0,"key":"Centennial Puzzle"},{"floor":40,"key":"Bag of Marbles"},{"floor":42,"key":"Ginger"},{"floor":44,"key":"Bottled Lightning"},{"floor":46,"key":"Bird Faced Urn"},{"floor":48,"key":"Kunai"},{"floor":55,"key":"Blood Vial"}],"event_choices":[{"cards_removed":["Strike_G"],"damage_healed":0.0,"max_hp_gain":0.0,"max_hp_loss":0.0,"gold_gain":0.0,"event_name":"Purifier","player_choice":"Purged","floor":2.0,"gold_loss":0.0,"damage_taken":0.0},{"damage_healed":0.0,"max_hp_gain":0.0,"max_hp_loss":0.0,"gold_gain":0.0,"event_name":"Accursed Blacksmith","player_choice":"Rummage","floor":4.0,"gold_loss":0.0,"damage_taken":0.0,"relics_obtained":["WarpedTongs"],"cards_obtained":["Pain"]},{"cards_removed":["Strike_G"],"damage_healed":0.0,"max_hp_gain":0.0,"max_hp_loss":0.0,"gold_gain":0.0,"event_name":"Golden Wing","player_choice":"Card Removal","floor":11.0,"gold_loss":0.0,"damage_taken":7.0},{"damage_healed":0.0,"max_hp_gain":0.0,"max_hp_loss":0.0,"gold_gain":0.0,"event_name":"The Cleric","player_choice":"Leave","floor":13.0,"gold_loss":0.0,"damage_taken":0.0},{"damage_healed":0.0,"max_hp_gain":0.0,"max_hp_loss":0.0,"gold_gain":0.0,"event_name":"Vampires","player_choice":"Ignored","floor":21.0,"gold_loss":0.0,"damage_taken":0.0},{"damage_healed":0.0,"max_hp_gain":0.0,"max_hp_loss":0.0,"gold_gain":180.0,"event_name":"Knowing Skull","player_choice":"GOLD GOLD ","floor":22.0,"potions_obtained":[],"gold_loss":0.0,"damage_taken":18.0,"cards_obtained":[]},{"damage_healed":0.0,"max_hp_gain":5.0,"max_hp_loss":0.0,"gold_gain":0.0,"event_name":"Forgotten Altar","player_choice":"Shed Blood","floor":30.0,"gold_loss":0.0,"damage_taken":23.0},{"damage_healed":0,"gold_gain":0,"player_choice":"Memory 1","damage_taken":0,"max_hp_gain":0,"max_hp_loss":0,"event_name":"SensoryStone","floor":39,"gold_loss":0},{"damage_healed":0,"gold_gain":0,"player_choice":"Ignored","damage_taken":0,"max_hp_gain":0,"max_hp_loss":0,"event_name":"Tomb of Lord Red Mask","floor":45,"gold_loss":0}],"is_beta":false,"boss_relics":[{"not_picked":["Black Star","Lizard Tail"],"picked":"Pandora\u0027s Box"},{"not_picked":["Sozu","HoveringKite"],"picked":"Runic Pyramid"}],"items_purged_floors":[7,37,54],"is_endless":false,"potions_floor_spawned":[12,19,28,31,33,35,38,44],"ascension_level":20}