{"gold_per_floor":[110,31,31,49,62,62,62,62,85,85,116,116,152,77,77,77],"floor_reached":16,"playtime":230,"items_purged":[],"score":212,"play_id":"09f324ec-f1f5-422e-b736-5cb78dd9e242","local_time":"20181120151527","is_ascension_mode":true,"campfire_choices":[{"data":"Capacitor","floor":6,"key":"SMITH"},{"data":"Consume","floor":8,"key":"SMITH"},{"data":"Zap","floor":10,"key":"SMITH"},{"data":"Streamline","floor":12,"key":"SMITH"},{"data":"Dualcast","floor":15,"key":"SMITH"}],"neow_cost":"NONE","seed_source_timestamp":1743869003913149,"circlet_count":0,"master_deck":["AscendersBane","Strike_B+1","Strike_B+1","Defend_B","Defend_B","Defend_B","Defend_B","Zap+1","Dualcast+1","Streamline+1","Capacitor+1","Consume+1"],"relics":["Cracked Core","NeowsBlessing","Golden Idol","Whetstone","Centennial Puzzle","Question Card"],"potions_floor_usage":[4,11],"damage_taken":[{"damage":0,"enemies":"Small Slimes","floor":1,"turns":1},{"damage":0,"enemies":"Cultist","floor":4,"turns":1},{"damage":0,"enemies":"2 Louse","floor":5,"turns":1},{"damage":30,"enemies":"3 Sentries","floor":11,"turns":6},{"damage":9,"enemies":"Gremlin Nob","floor":13,"turns":3},{"damage":32,"enemies":"Slime Boss","floor":16,"turns":5}],"seed_played":"-943075530955512711","potions_obtained":[{"floor":4,"key":"Fruit Juice"},{"floor":5,"key":"Explosive Potion"}],"is_trial":false,"path_per_floor":["M","$","?","M","M","R","?","R","T","R","E","R","E","?","R","B"],"character_chosen":"DEFECT","items_purchased":["Capacitor"],"campfire_rested":0,"item_purchase_floors":[2],"current_hp_per_floor":[64,64,64,69,69,69,69,69,69,69,39,39,30,30,30,0],"gold":77,"neow_bonus":"THREE_ENEMY_KILL","is_prod":false,"is_daily":false,"chose_seed":false,"campfire_upgraded":5,"win_rate":0,"timestamp":1542698127,"path_taken":["M","$","?","M","?","R","?","R","T","R","E","R","E","?","R","BOSS"],"build_version":"2018-11-15","purchased_purges":0,"victory":false,"max_hp_per_floor":[71,71,71,76,76,76,69,69,69,69,69,69,69,69,69,69],"card_choices":[{"not_picked":["Conserve Battery","Melter"],"picked":"Streamline","floor":1},{"not_picked":["Redo","Cold Snap","Static Discharge"],"picked":"SKIP","floor":4},{"not_picked":["Redo","Gash"],"picked":"Consume","floor":5},{"not_picked":["Beam Cell","Compile Driver","Leap"],"picked":"SKIP","floor":11},{"not_picked":["Redo","Multi-Cast","Rebound"],"picked":"SKIP","floor":13}],"player_experience":577416,"relics_obtained":[{"floor":9,"key":"Whetstone"},{"floor":11,"key":"Centennial Puzzle"},{"floor":13,"key":"Question Card"}],"event_choices":[{"cards_removed":["Strike_B"],"damage_healed":0,"gold_gain":0,"player_choice":"Purged","damage_taken":0,"max_hp_gain":0,"max_hp_loss":0,"event_name":"Purifier","floor":3,"gold_loss":0},{"damage_healed":0,"gold_gain":0,"player_choice":"Lose Max HP","damage_taken":0,"relics_obtained":["Golden Idol"],"max_hp_gain":0,"max_hp_loss":7,"event_name":"Golden Idol","floor":7,"gold_loss":0},{"cards_removed":["Strike_B"],"damage_healed":0,"gold_gain":0,"player_choice":"Card Removal","damage_taken":0,"max_hp_gain":0,"max_hp_loss":0,"event_name":"The Cleric","floor":14,"gold_loss":75}],"is_beta":true,"boss_relics":[],"items_purged_floors":[],"is_endless":false,"potions_floor_spawned":[4,5],"killed_by":"Slime Boss","ascension_level":20}