{"gold_per_floor":[118,118,44,1,21,47,47,47,70,15,46,46,65,76,76,153,153,173,185,31,31,0,0,19,19],"floor_reached":25,"playtime":525,"items_purged":["Strike_B"],"score":468,"play_id":"d96eeba6-5606-4a49-8d8d-e87d123bdce5","local_time":"20190224024609","is_ascension_mode":true,"campfire_choices":[{"data":"Darkness","floor":7.0,"key":"SMITH"},{"data":"Fission","floor":12.0,"key":"SMITH"},{"data":"Sunder","floor":15.0,"key":"SMITH"},{"data":"Seek","floor":23,"key":"SMITH"}],"neow_cost":"NONE","seed_source_timestamp":542856678976701,"circlet_count":0,"master_deck":["AscendersBane","Defend_B","Defend_B","Defend_B","Defend_B","Zap","Dualcast","Darkness+1","Fission+1","Consume","Capacitor","Hologram","Sunder+1","Hello World","Ball Lightning","Echo Form","Steam","FTL","Seek+1","Coolheaded","Loop","Recycle","Turbo"],"special_seed":0,"relics":["FrozenCore","NeowsBlessing","Lantern","Art of War","Matryoshka"],"potions_floor_usage":[24,25],"damage_taken":[{"damage":0.0,"enemies":"Cultist","floor":1.0,"turns":1.0},{"damage":0.0,"enemies":"2 Louse","floor":5.0,"turns":1.0},{"damage":0.0,"enemies":"3 Sentries","floor":6.0,"turns":1.0},{"damage":22.0,"enemies":"Lagavulin","floor":11.0,"turns":5.0},{"damage":2.0,"enemies":"Jaw Worm","floor":13.0,"turns":2.0},{"damage":0.0,"enemies":"Red Slaver","floor":14.0,"turns":2.0},{"damage":16.0,"enemies":"The Guardian","floor":16.0,"turns":8.0},{"damage":9.0,"enemies":"Spheric Guardian","floor":18.0,"turns":7.0},{"damage":15.0,"enemies":"2 Thieves","floor":19.0,"turns":3.0},{"damage":33,"enemies":"Shelled Parasite and Fungi","floor":24,"turns":4},{"damage":0,"enemies":"Centurion and Healer","floor":25,"turns":1}],"seed_played":"-3771160643284149840","potions_obtained":[{"floor":5.0,"key":"Poison Potion"},{"floor":11.0,"key":"FocusPotion"},{"floor":24,"key":"PowerPotion"}],"is_trial":false,"path_per_floor":["M","?","$","$","M","E","R","?","T","$","E","R","M","M","R","B",null,"M","M","$","?","?","R","M","M"],"character_chosen":"DEFECT","items_purchased":["Consume","Capacitor","Ball Lightning","Recycle"],"campfire_rested":0,"item_purchase_floors":[3,4,10,20],"current_hp_per_floor":[64,64,64,64,64,64,64,64,64,64,42,42,40,40,40,24,59,50,35,35,35,35,35,2,2],"gold":19,"neow_bonus":"THREE_ENEMY_KILL","is_prod":false,"is_daily":false,"chose_seed":false,"campfire_upgraded":4,"win_rate":0,"timestamp":1550947569,"path_taken":["M","?","?","$","?","E","R","?","T","?","E","R","M","M","R","BOSS","M","M","$","?","?","R","M","M"],"build_version":"2019-01-23","purchased_purges":1,"victory":false,"max_hp_per_floor":[71,71,71,71,71,71,71,71,71,71,71,71,71,71,71,71,71,71,71,71,71,71,71,71,71],"card_choices":[{"not_picked":["Leap","Barrage"],"picked":"Darkness","floor":1.0},{"not_picked":["Sweeping Beam","Reprogram"],"picked":"Hologram","floor":5.0},{"not_picked":["Hello World","Force Field"],"picked":"Sunder","floor":6.0},{"not_picked":["Hologram","Leap"],"picked":"Echo Form","floor":11.0},{"not_picked":["Hologram","Rebound"],"picked":"Steam","floor":13.0},{"not_picked":["Aggregate","Storm"],"picked":"FTL","floor":14.0},{"not_picked":["Multi-Cast","Echo Form"],"picked":"Seek","floor":16.0},{"not_picked":["Darkness+1","Doom and Gloom"],"picked":"Coolheaded","floor":18.0},{"not_picked":["Gash","Redo"],"picked":"Loop","floor":19.0},{"not_picked":["Scrape","Rebound"],"picked":"Turbo","floor":24}],"player_experience":963665,"relics_obtained":[{"floor":6.0,"key":"Lantern"},{"floor":9.0,"key":"Art of War"},{"floor":11.0,"key":"Matryoshka"}],"event_choices":[{"damage_healed":0.0,"max_hp_gain":0.0,"max_hp_loss":0.0,"gold_gain":0.0,"cards_transformed":["Strike_B"],"event_name":"Transmorgrifier","player_choice":"Transformed","floor":2.0,"gold_loss":0.0,"damage_taken":0.0,"cards_obtained":["Fission"]},{"damage_healed":0.0,"max_hp_gain":0.0,"max_hp_loss":0.0,"gold_gain":0.0,"cards_transformed":["Strike_B"],"event_name":"Living Wall","player_choice":"Change","floor":8.0,"gold_loss":0.0,"damage_taken":0.0,"cards_obtained":["Hello World"]},{"cards_removed":["Strike_B"],"damage_healed":0.0,"max_hp_gain":0.0,"max_hp_loss":0.0,"gold_gain":0.0,"event_name":"Back to Basics","player_choice":"Elegance","floor":21.0,"gold_loss":0.0,"damage_taken":0.0},{"damage_healed":0,"gold_gain":0,"player_choice":"Paid Fearfully","damage_taken":0,"max_hp_gain":0,"max_hp_loss":0,"event_name":"Masked Bandits","floor":22,"gold_loss":31}],"is_beta":false,"boss_relics":[{"not_picked":["Snecko Eye","White Beast Statue"],"picked":"FrozenCore"}],"items_purged_floors":[20],"is_endless":false,"potions_floor_spawned":[5,11,16,18,24],"killed_by":"Centurion and Healer","ascension_level":20}