{"gold_per_floor":[114,114,39,4,4,4,38,38,38,63,78,94,106,131,131,203,203,203,203,203,203,203,203,203,203,203,203,203,203,28,28,28,28,28,28,28,28,28,28,28,28,28],"floor_reached":42,"playtime":1584,"items_purged":["Strike_B"],"score":1085,"play_id":"e3e7c752-7cd7-4c0e-b69d-e83b8a0260f5","local_time":"20190625142530","is_ascension_mode":true,"campfire_choices":[{"data":"Defragment","floor":6.0,"key":"SMITH"},{"data":"Jack Of All Trades","floor":8.0,"key":"SMITH"},{"data":"White Noise","floor":15.0,"key":"SMITH"},{"data":"Heatsinks","floor":23.0,"key":"SMITH"},{"data":"Ghostly","floor":25.0,"key":"SMITH"},{"data":"Ghostly","floor":28.0,"key":"SMITH"},{"data":"Coolheaded","floor":32.0,"key":"SMITH"},{"data":"Double Energy","floor":41.0,"key":"SMITH"}],"neow_cost":"TEN_PERCENT_HP_LOSS","seed_source_timestamp":3182480624049,"circlet_count":0,"master_deck":["AscendersBane","Strike_B","Strike_B+1","Strike_B+1","Defend_B","Defend_B","Defend_B","Defend_B","Zap","Dualcast","Jack Of All Trades+1","Finesse","Glacier","Defragment+1","Machine Learning","Echo Form","Ball Lightning","Conserve Battery","White Noise+1","Electrodynamics","Heatsinks+1","Ghostly","Ghostly+1","Ghostly+1","Turbo","Coolheaded+1","Capacitor","Amplify","Ghostly+1","Double Energy+1"],"special_seed":0,"relics":["Cracked Core","CultistMask","Meat on the Bone","Ginger","Ancient Tea Set","Happy Flower","Ectoplasm","Whetstone","Bag of Preparation","Question Card"],"potions_floor_usage":[42,42],"damage_taken":[{"damage":20.0,"enemies":"Small Slimes","floor":1.0,"turns":4.0},{"damage":39.0,"enemies":"Gremlin Nob","floor":7.0,"turns":4.0},{"damage":25.0,"enemies":"3 Sentries","floor":10.0,"turns":11.0},{"damage":0.0,"enemies":"Cultist","floor":11.0,"turns":4.0},{"damage":4.0,"enemies":"2 Louse","floor":12.0,"turns":2.0},{"damage":7.0,"enemies":"Large Slime","floor":13.0,"turns":7.0},{"damage":11.0,"enemies":"Gremlin Nob","floor":14.0,"turns":3.0},{"damage":34.0,"enemies":"The Guardian","floor":16.0,"turns":11.0},{"damage":6.0,"enemies":"Spheric Guardian","floor":18.0,"turns":4.0},{"damage":3.0,"enemies":"Shell Parasite","floor":19.0,"turns":4.0},{"damage":0.0,"enemies":"Centurion and Healer","floor":22.0,"turns":5.0},{"damage":0.0,"enemies":"Book of Stabbing","floor":24.0,"turns":6.0},{"damage":0.0,"enemies":"Gremlin Leader","floor":27.0,"turns":6.0},{"damage":4.0,"enemies":"Sentry and Sphere","floor":29.0,"turns":7.0},{"damage":6.0,"enemies":"Automaton","floor":33.0,"turns":9.0},{"damage":2.0,"enemies":"3 Shapes","floor":35.0,"turns":4.0},{"damage":0.0,"enemies":"3 Darklings","floor":37.0,"turns":3.0},{"damage":1.0,"enemies":"Reptomancer","floor":40.0,"turns":9.0},{"damage":27,"enemies":"Giant Head","floor":42,"turns":8}],"seed_played":"7246560297817985848","potions_obtained":[{"floor":1.0,"key":"Regen Potion"},{"floor":7.0,"key":"Energy Potion"},{"floor":13.0,"key":"SpeedPotion"},{"floor":18.0,"key":"GamblersBrew"},{"floor":27.0,"key":"Block Potion"},{"floor":33.0,"key":"GamblersBrew"}],"is_trial":false,"path_per_floor":["M","?","$","?","?","R","E","R","T","E","M","M","M","E","R","B",null,"M","M","?","?","M","R","E","R","T","E","R","M","$","?","R","B",null,"M","$","M","?","$","E","R","E"],"character_chosen":"DEFECT","items_purchased":["Defragment","Coolheaded","Capacitor"],"campfire_rested":0,"item_purchase_floors":[3,30,30],"current_hp_per_floor":[44,44,44,60,60,60,21,21,21,23,35,43,36,37,37,15,52,46,43,43,32,32,32,32,32,32,32,32,28,28,28,28,22,30,28,28,28,28,28,27,27,0],"gold":28,"neow_bonus":"RANDOM_COLORLESS_2","is_prod":false,"is_daily":false,"chose_seed":false,"campfire_upgraded":8,"win_rate":0,"timestamp":1561440330,"path_taken":["M","?","?","?","?","R","E","R","T","E","M","M","M","E","R","BOSS","M","?","?","?","?","R","E","R","T","E","R","M","$","?","R","BOSS","M","$","M","?","$","E","R","E"],"build_version":"2019-01-23","purchased_purges":1,"victory":false,"max_hp_per_floor":[64,64,64,64,64,64,64,64,64,64,64,64,64,64,64,64,64,64,64,64,32,32,32,32,32,32,32,32,32,32,32,32,32,32,32,32,32,32,32,32,32,32],"card_choices":[{"not_picked":["Gash","Steam"],"picked":"Glacier","floor":1.0},{"not_picked":["Streamline","Gash","Fusion"],"picked":"SKIP","floor":7.0},{"not_picked":["Self Repair","Darkness"],"picked":"Echo Form","floor":10.0},{"not_picked":["Streamline","Rebound"],"picked":"Ball Lightning","floor":11.0},{"not_picked":["Stack","Darkness","Sweeping Beam"],"picked":"SKIP","floor":12.0},{"not_picked":["Force Field","Steam","Conserve Battery"],"picked":"SKIP","floor":13.0},{"not_picked":["Force Field","Steam"],"picked":"Conserve Battery","floor":13.0},{"not_picked":["Compile Driver","Stack"],"picked":"White Noise","floor":14.0},{"not_picked":["All For One","Reboot"],"picked":"Electrodynamics","floor":16.0},{"not_picked":["Consume","Ball Lightning","Barrage"],"picked":"SKIP","floor":18.0},{"not_picked":["Conserve Battery","Hologram"],"picked":"Heatsinks","floor":19.0},{"not_picked":["Self Repair","Hello World+1","Cold Snap"],"picked":"SKIP","floor":22.0},{"not_picked":["Redo","Tempest","Streamline"],"picked":"SKIP","floor":24.0},{"not_picked":["Sweeping Beam+1","Barrage","Blizzard"],"picked":"SKIP","floor":27.0},{"not_picked":["Sweeping Beam+1","Barrage","Blizzard"],"picked":"SKIP","floor":27.0},{"not_picked":["Conserve Battery+1","Redo"],"picked":"Turbo","floor":29.0},{"not_picked":["Multi-Cast","Core Surge"],"picked":"Amplify","floor":33.0},{"not_picked":["Hologram","Stack+1","Go for the Eyes"],"picked":"SKIP","floor":35.0},{"not_picked":["Reprogram","Capacitor+1","Compile Driver"],"picked":"SKIP","floor":37.0},{"not_picked":["Hologram","Stack"],"picked":"Double Energy","floor":40.0}],"player_experience":611853,"relics_obtained":[{"floor":7.0,"key":"Meat on the Bone"},{"floor":9.0,"key":"Ginger"},{"floor":10.0,"key":"Ancient Tea Set"},{"floor":14.0,"key":"Happy Flower"},{"floor":24.0,"key":"Whetstone"},{"floor":27.0,"key":"Bag of Preparation"},{"floor":40.0,"key":"Question Card"}],"event_choices":[{"damage_healed":0.0,"max_hp_gain":0.0,"max_hp_loss":0.0,"gold_gain":0.0,"event_name":"FaceTrader","player_choice":"Trade","floor":2.0,"gold_loss":0.0,"damage_taken":0.0,"relics_obtained":["CultistMask"]},{"damage_healed":16.0,"max_hp_gain":0.0,"max_hp_loss":0.0,"gold_gain":0.0,"event_name":"The Cleric","player_choice":"Healed","floor":4.0,"gold_loss":35.0,"damage_taken":0.0},{"damage_healed":0.0,"max_hp_gain":0.0,"max_hp_loss":0.0,"gold_gain":0.0,"event_name":"Match and Keep!","player_choice":"1 cards matched","floor":5.0,"gold_loss":0.0,"damage_taken":0.0,"cards_obtained":["Machine Learning"]},{"damage_healed":0.0,"max_hp_gain":0.0,"max_hp_loss":0.0,"gold_gain":50.0,"event_name":"Nest","player_choice":"Stole From Cult","floor":20.0,"gold_loss":0.0,"damage_taken":0.0},{"damage_healed":0.0,"max_hp_gain":0.0,"max_hp_loss":32.0,"gold_gain":0.0,"event_name":"Ghosts","player_choice":"Became a Ghost","floor":21.0,"gold_loss":0.0,"damage_taken":0.0,"cards_obtained":["Ghostly","Ghostly","Ghostly"]},{"damage_healed":0.0,"max_hp_gain":0.0,"max_hp_loss":0.0,"gold_gain":0.0,"event_name":"Beggar","player_choice":"Ignored","floor":31.0,"gold_loss":0.0,"damage_taken":0.0},{"damage_healed":0.0,"max_hp_gain":0.0,"max_hp_loss":0.0,"gold_gain":0.0,"event_name":"Duplicator","player_choice":"Copied","floor":38.0,"gold_loss":0.0,"damage_taken":0.0,"cards_obtained":["Ghostly"]}],"is_beta":false,"boss_relics":[{"not_picked":["FrozenCore","Eternal Feather"],"picked":"Ectoplasm"},{"not_picked":["Sozu","Busted Crown","Snecko Eye"]}],"items_purged_floors":[30],"is_endless":false,"potions_floor_spawned":[1,7,13,18,19,22,27,33],"killed_by":"Giant Head","ascension_level":20}