{"gold_per_floor":[118,137,137,155,173,173,173,173,173,199,199,218,218,233,233,233],"floor_reached":16,"playtime":420,"items_purged":[],"score":248,"play_id":"2e43f1af-2231-4a1b-a0d2-3808e597f45a","local_time":"20180924012145","is_ascension_mode":true,"campfire_choices":[{"data":"Fiend Fire","floor":6.0,"key":"SMITH"},{"data":"Bash","floor":8.0,"key":"SMITH"},{"data":"Battle Trance","floor":11.0,"key":"SMITH"},{"data":"Sword Boomerang","floor":15,"key":"SMITH"}],"neow_cost":"CURSE","seed_source_timestamp":218978703573465,"circlet_count":0,"master_deck":["Strike_R","Strike_R","Strike_R","Strike_R","Defend_R","Defend_R","Defend_R","Defend_R","Bash+1","AscendersBane","Fiend Fire+1","Battle Trance+1","Power Through","Sword Boomerang+1"],"special_seed":0,"relics":["Burning Blood","Anchor","Pear"],"potions_floor_usage":[14,16],"damage_taken":[{"damage":1.0,"enemies":"Small Slimes","floor":1.0,"turns":4.0},{"damage":18.0,"enemies":"Cultist","floor":2.0,"turns":5.0},{"damage":6.0,"enemies":"2 Louse","floor":4.0,"turns":2.0},{"damage":21.0,"enemies":"Blue Slaver","floor":5.0,"turns":4.0},{"damage":0.0,"enemies":"Lagavulin","floor":10.0,"turns":3.0},{"damage":9.0,"enemies":"Exordium Thugs","floor":12.0,"turns":4.0},{"damage":4,"enemies":"Lots of Slimes","floor":14,"turns":6},{"damage":64,"enemies":"Slime Boss","floor":16,"turns":8}],"seed_played":"-6597151711121969987","potions_obtained":[{"floor":4.0,"key":"BloodPotion"},{"floor":7.0,"key":"EssenceOfSteel"},{"floor":7.0,"key":"Poison Potion"},{"floor":10.0,"key":"Block Potion"},{"floor":14,"key":"Poison Potion"}],"is_trial":false,"path_per_floor":["M","M","?","M","M","R","?","R","T","E","R","M","?","M","R"],"character_chosen":"IRONCLAD","items_purchased":[],"campfire_rested":0,"item_purchase_floors":[],"current_hp_per_floor":[73,61,54,54,46,46,46,46,46,62,62,59,59,61,61,0],"gold":233,"neow_bonus":"THREE_RARE_CARDS","is_prod":false,"is_daily":false,"chose_seed":false,"campfire_upgraded":4,"win_rate":0,"timestamp":1537723305,"path_taken":["M","M","?","M","M","R","?","R","T","E","R","M","?","M","R","BOSS"],"build_version":"2018-09-20","purchased_purges":0,"victory":false,"max_hp_per_floor":[75,75,75,75,75,75,75,75,75,85,85,85,85,85,85,85],"card_choices":[{"not_picked":["Offering","Exhume"],"picked":"Fiend Fire","floor":0.0},{"not_picked":["Hemokinesis","Wild Strike","Dropkick"],"picked":"SKIP","floor":1.0},{"not_picked":["Fire Breathing","Heavy Blade"],"picked":"Battle Trance","floor":2.0},{"not_picked":["True Grit","Wild Strike","Infernal Blade"],"picked":"SKIP","floor":4.0},{"not_picked":["Intimidate","Warcry","Pommel Strike"],"picked":"SKIP","floor":5.0},{"not_picked":["Headbutt","Uppercut","Havoc"],"picked":"SKIP","floor":10.0},{"not_picked":["Hemokinesis","True Grit"],"picked":"Power Through","floor":12.0},{"not_picked":["Flex","Pommel Strike"],"picked":"Sword Boomerang","floor":14}],"player_experience":115502,"relics_obtained":[{"floor":9.0,"key":"Anchor"},{"floor":10.0,"key":"Pear"}],"event_choices":[{"event_name":"Golden Wing","player_choice":"Card Removal","floor":3.0,"damage_taken":0.0},{"event_name":"The Lab","player_choice":"Got Potions","floor":7.0,"damage_taken":0.0},{"event_name":"Living Wall","player_choice":"Forget","floor":13,"damage_taken":0}],"is_beta":false,"boss_relics":[],"items_purged_floors":[],"is_endless":false,"potions_floor_spawned":[4,10,12,14],"killed_by":"Slime Boss","ascension_level":19}