{"path_per_floor":["M","?","M","?","$","R","M","R","T","R","M","M","?","$","R","B",null,"M","?","?","M","?","R","M","M","T","E","M","R","M","?","R"],"character_chosen":"THE_SILENT","items_purchased":["Blur","Poisoned Stab+1"],"gold_per_floor":[119,119,139,139,25,25,44,44,44,44,59,74,98,72,72,148,148,165,264,179,190,190,190,210,224,302,335,350,350,365,290,290,290],"floor_reached":33,"campfire_rested":4,"playtime":1413,"item_purchase_floors":[5,14],"current_hp_per_floor":[36,41,39,36,36,36,34,34,34,34,34,29,6,6,30,8,64,59,59,59,59,59,83,75,66,66,28,19,43,28,28,52,0],"items_purged":["Strike_G"],"gold":290,"score":437,"play_id":"34f2b07c-2606-4386-b679-62f02d723ed2","local_time":"20180615204703","is_prod":false,"is_daily":false,"chose_seed":false,"is_ascension_mode":true,"campfire_upgraded":3,"win_rate":0,"timestamp":1529066823,"campfire_choices":[{"data":"Neutralize","floor":6,"key":"SMITH"},{"data":"Deadly Poison","floor":8,"key":"SMITH"},{"data":"Blur","floor":10,"key":"SMITH"},{"floor":15,"key":"REST"},{"floor":23,"key":"REST"},{"floor":29,"key":"REST"},{"floor":32,"key":"REST"}],"path_taken":["M","?","M","?","$","R","M","R","T","R","M","?","?","?","R","BOSS","M","?","?","M","?","R","?","M","T","E","M","R","M","?","R","BOSS"],"build_version":"2018-06-14v2","seed_source_timestamp":39891760060518,"purchased_purges":1,"victory":false,"master_deck":["Defend_G","Defend_G","Defend_G","Defend_G","Defend_G","Strike_G+1","Strike_G","Strike_G+1","Survivor","Neutralize+1","AscendersBane","Deadly Poison+1","Blur+1","Well Laid Plans","Deadly Poison","Poisoned Stab+1","Tools of the Trade","Poisoned Stab+1","Backflip+1"],"max_hp_per_floor":[78,83,83,83,83,83,83,83,83,83,83,83,83,83,83,83,83,83,83,83,83,83,83,83,83,83,83,83,83,83,83,83,83],"relics":["Ring of the Snake","Centennial Puzzle","Molten Egg 2","Odd Mushroom","Fusion Hammer","Paper Crane","Darkstone Periapt","Whetstone"],"card_choices":[{"not_picked":["Deflect","PiercingWail"],"picked":"Deadly Poison","floor":1},{"not_picked":["Sucker Punch","Finisher","Bouncing Flask"],"picked":"SKIP","floor":3},{"not_picked":["Outmaneuver","Sucker Punch","Backflip"],"picked":"SKIP","floor":7},{"not_picked":["Cloak And Dagger","Deflect"],"picked":"Well Laid Plans","floor":11},{"not_picked":["Blade Dance","Cloak And Dagger"],"picked":"Deadly Poison","floor":12},{"not_picked":["Unload+1","Glass Knife+1"],"picked":"Tools of the Trade","floor":16},{"not_picked":["Backflip","Setup+1"],"picked":"Poisoned Stab+1","floor":18},{"not_picked":["Slice+1","Sucker Punch+1"],"picked":"Backflip+1","floor":21},{"not_picked":["Slice+1","Unload+1","Flechettes+1"],"picked":"SKIP","floor":24},{"not_picked":["Dodge and Roll","Flying Knee+1","Bane+1"],"picked":"SKIP","floor":25},{"not_picked":["Cloak And Dagger","Deflect","Deadly Poison"],"picked":"SKIP","floor":27},{"not_picked":["Cloak And Dagger","Deflect","Deadly Poison"],"picked":"SKIP","floor":27},{"not_picked":["Flechettes+1","Heel Hook+1","Finisher+1"],"picked":"SKIP","floor":28},{"not_picked":["Dagger Throw+1","Outmaneuver","Poisoned Stab+1"],"picked":"SKIP","floor":30}],"player_experience":613405,"potions_floor_usage":[12,16,16,33,33],"damage_taken":[{"damage":0,"enemies":"Jaw Worm","floor":1,"turns":6},{"damage":2,"enemies":"2 Louse","floor":3,"turns":3},{"damage":2,"enemies":"Small Slimes","floor":7,"turns":4},{"damage":0,"enemies":"2 Fungi Beasts","floor":11,"turns":4},{"damage":5,"enemies":"Gremlin Gang","floor":12,"turns":6},{"damage":23,"floor":13,"turns":6},{"damage":22,"enemies":"Slime Boss","floor":16,"turns":15},{"damage":5,"enemies":"Spheric Guardian","floor":18,"turns":4},{"damage":0,"enemies":"3 Byrds","floor":21,"turns":7},{"damage":8,"enemies":"Snake Plant","floor":24,"turns":5},{"damage":9,"enemies":"Cultist and Chosen","floor":25,"turns":8},{"damage":38,"enemies":"Slavers","floor":27,"turns":9},{"damage":9,"enemies":"Snecko","floor":28,"turns":5},{"damage":15,"enemies":"Snake Plant","floor":30,"turns":4},{"damage":78,"enemies":"Collector","floor":33,"turns":8}],"relics_obtained":[{"floor":9,"key":"Molten Egg 2"},{"floor":13,"key":"Odd Mushroom"},{"floor":26,"key":"Darkstone Periapt"},{"floor":27,"key":"Whetstone"}],"event_choices":[{"event_name":"Big Fish","player_choice":"Donut","floor":2,"damage_taken":0},{"event_name":"Scrap Ooze","player_choice":"success","floor":4,"damage_taken":3},{"event_name":"Mushrooms","player_choice":"Fought Mushrooms","floor":13,"damage_taken":0},{"event_name":"Nest","player_choice":"Stole From Cult","floor":19,"damage_taken":0},{"event_name":"Addict","player_choice":"Obtained Relic","floor":20,"damage_taken":0},{"event_name":"Ghosts","player_choice":"Ignored","floor":22,"damage_taken":0},{"event_name":"Beggar","player_choice":"Gave Gold","floor":31,"damage_taken":0}],"boss_relics":[{"not_picked":["Velvet Choker","Coffee Dripper"],"picked":"Fusion Hammer"}],"items_purged_floors":[5],"is_endless":false,"potions_floor_spawned":[3,11,13,18,27],"seed_played":"-5594939412070794152","killed_by":"Collector","ascension_level":14,"potions_obtained":[{"floor":3,"key":"GhostInAJar"},{"floor":11,"key":"GhostInAJar"},{"floor":13,"key":"SkillPotion"},{"floor":18,"key":"Swift Potion"},{"floor":27,"key":"Block Potion"}],"is_trial":false}