{"gold_per_floor":[118,118,118,40,58,58,86,86,167,192,212,49,49,65,65,65],"floor_reached":16,"playtime":304,"items_purged":["Strike_G"],"score":316,"play_id":"5f9b8f6a-53fc-4665-8b1c-d22a783094d5","local_time":"20181117194205","is_ascension_mode":true,"campfire_choices":[{"data":"Footwork","floor":6,"key":"SMITH"},{"data":"Neutralize","floor":8,"key":"SMITH"},{"data":"Poisoned Stab","floor":15,"key":"SMITH"}],"neow_cost":"NONE","seed_source_timestamp":1500591541837988,"circlet_count":0,"master_deck":["AscendersBane","Defend_G","Defend_G","Defend_G","Defend_G","Defend_G","Strike_G","Strike_G+1","Strike_G","Strike_G+1","Survivor","Neutralize+1","Poisoned Stab+1","Footwork+1","Grand Finale"],"relics":["Ring of the Snake","NeowsBlessing","Ancient Tea Set","Bag of Marbles","Mercury Hourglass","Sundial","Matryoshka"],"potions_floor_usage":[16,16],"damage_taken":[{"damage":0,"enemies":"2 Louse","floor":1,"turns":1},{"damage":0,"enemies":"Jaw Worm","floor":5,"turns":1},{"damage":0,"enemies":"3 Sentries","floor":7,"turns":1},{"damage":0,"enemies":"Gremlin Nob","floor":10,"turns":3},{"damage":0,"enemies":"Cultist","floor":11,"turns":3},{"damage":0,"enemies":"3 Louse","floor":14,"turns":3},{"damage":17,"enemies":"The Guardian","floor":16,"turns":12}],"seed_played":"-6054076908239451735","potions_obtained":[{"floor":1,"key":"GhostInAJar"},{"floor":7,"key":"SteroidPotion"},{"floor":10,"key":"Dexterity Potion"}],"is_trial":false,"path_per_floor":["M","?","?","$","M","R","E","R","T","E","M","$","?","M","R","B"],"character_chosen":"THE_SILENT","items_purchased":["Footwork","Grand Finale"],"campfire_rested":0,"item_purchase_floors":[4,12],"current_hp_per_floor":[59,33,13,13,13,13,13,13,13,13,13,13,13,13,13,0],"gold":65,"neow_bonus":"THREE_ENEMY_KILL","is_prod":false,"is_daily":false,"chose_seed":false,"campfire_upgraded":3,"win_rate":0,"timestamp":1542454925,"path_taken":["M","?","?","$","M","R","E","R","T","E","M","?","?","M","R","BOSS"],"build_version":"2018-11-15","purchased_purges":1,"victory":false,"max_hp_per_floor":[66,66,66,66,66,66,66,66,66,66,66,66,66,66,66,66],"card_choices":[{"not_picked":["Setup","Eviscerate"],"picked":"Poisoned Stab","floor":1},{"not_picked":["Blade Dance","Accuracy","Bane"],"picked":"SKIP","floor":5},{"not_picked":["Underhanded Strike","Outmaneuver","Bane"],"picked":"SKIP","floor":7},{"not_picked":["Poisoned Stab","Cloak And Dagger"],"picked":"Noxious Fumes","floor":10},{"not_picked":["Sucker Punch","Blade Dance","Flechettes"],"picked":"SKIP","floor":11},{"not_picked":["Unload","Outmaneuver","Crippling Poison"],"picked":"SKIP","floor":14}],"player_experience":508040,"relics_obtained":[{"floor":7,"key":"Bag of Marbles"},{"floor":9,"key":"Mercury Hourglass"},{"floor":10,"key":"Sundial"}],"event_choices":[{"damage_healed":0,"gold_gain":0,"player_choice":"Success","damage_taken":26,"relics_obtained":["Ancient Tea Set"],"max_hp_gain":0,"max_hp_loss":0,"event_name":"Scrap Ooze","floor":2,"gold_loss":0},{"damage_healed":0,"gold_gain":0,"player_choice":"Entered Light","damage_taken":20,"max_hp_gain":0,"max_hp_loss":0,"event_name":"Shining Light","floor":3,"gold_loss":0,"cards_upgraded":["Strike_G","Strike_G"]},{"cards_removed":["Noxious Fumes"],"damage_healed":0,"gold_gain":0,"player_choice":"Gave Card","damage_taken":0,"relics_obtained":["Matryoshka"],"max_hp_gain":0,"max_hp_loss":0,"event_name":"WeMeetAgain","floor":13,"gold_loss":0}],"is_beta":true,"boss_relics":[],"items_purged_floors":[12],"is_endless":false,"potions_floor_spawned":[1,7,10,14],"killed_by":"The Guardian","ascension_level":20}