{"gold_per_floor":[111,129,142,67,84,84,100,113,113,113,124,124,124,181,181,279,279,291,303,313,326,102,102,129,129,154,78,78,89,89,99,99,195,195,209,109,109,127,145,145,159,159,159,206,206,226,226,12,12,12],"floor_reached":51,"playtime":1941,"items_purged":["Strike_G","Strike_G"],"score":746,"play_id":"cc8d09d4-4449-4fab-a03f-f6eecde269c4","local_time":"20181027190021","is_ascension_mode":false,"campfire_choices":[{"data":"Well Laid Plans","floor":6.0,"key":"SMITH"},{"data":"Bouncing Flask","floor":12,"key":"SMITH"},{"data":"Footwork","floor":15,"key":"SMITH"},{"data":"Night Terror","floor":23,"key":"SMITH"},{"data":"Grand Finale","floor":25,"key":"SMITH"},{"data":"Well Laid Plans","floor":28,"key":"SMITH"},{"data":"Grand Finale","floor":32,"key":"SMITH"},{"data":"Grand Finale","floor":40,"key":"SMITH"},{"data":"Acrobatics","floor":42,"key":"SMITH"},{"floor":47,"key":"REST"},{"data":"Malaise","floor":49,"key":"SMITH"}],"neow_cost":"NONE","seed_source_timestamp":29562744142062,"circlet_count":0,"master_deck":["Defend_G+1","Defend_G+1","Defend_G+1","Defend_G+1","Strike_G+1","Strike_G+1","Survivor+1","Neutralize+1","Footwork+1","Bouncing Flask+1","Well Laid Plans+1","Backflip+1","Backflip+1","Night Terror+1","Grand Finale+1","Escape Plan+1","Catalyst+1","Expertise+1","Well Laid Plans+1","Backflip+1","Grand Finale+1","Footwork+1","Grand Finale+1","Expertise+1","Leg Sweep+1","Backflip+1","Acrobatics+1","Expertise+1","Malaise+1"],"special_seed":0,"relics":["Ring of the Serpent","Torii","Tiny Chest","Bag of Preparation","Meat on the Bone","Boot","Orrery","Ancient Tea Set","Potion Belt","Mark of the Bloom"],"potions_floor_usage":[18,21,21,41,50],"damage_taken":[{"damage":0.0,"enemies":"Cultist","floor":1.0,"turns":4.0},{"damage":0.0,"enemies":"Jaw Worm","floor":2.0,"turns":6.0},{"damage":3.0,"enemies":"2 Louse","floor":3.0,"turns":3.0},{"damage":0.0,"enemies":"2 Fungi Beasts","floor":5.0,"turns":6.0},{"damage":2.0,"enemies":"Looter","floor":7.0,"turns":3.0},{"damage":15.0,"enemies":"Exordium Thugs","floor":8.0,"turns":6.0},{"damage":6,"enemies":"Red Slaver","floor":11,"turns":4},{"damage":6,"enemies":"Lagavulin","floor":14,"turns":6},{"damage":9,"enemies":"Hexaghost","floor":16,"turns":11},{"damage":0,"enemies":"3 Byrds","floor":18,"turns":4},{"damage":0,"enemies":"Chosen","floor":19,"turns":5},{"damage":0,"enemies":"Centurion and Healer","floor":20,"turns":6},{"damage":1,"enemies":"Shelled Parasite and Fungi","floor":21,"turns":3},{"damage":0,"enemies":"Gremlin Leader","floor":24,"turns":5},{"damage":0,"enemies":"Cultist and Chosen","floor":29,"turns":3},{"damage":0,"enemies":"3 Cultists","floor":31,"turns":3},{"damage":21,"enemies":"Champ","floor":33,"turns":4},{"damage":1,"enemies":"Orb Walker","floor":35,"turns":6},{"damage":0,"enemies":"3 Shapes","floor":38,"turns":3},{"damage":15,"enemies":"Jaw Worm Horde","floor":39,"turns":3},{"damage":11,"enemies":"4 Shapes","floor":41,"turns":4},{"damage":0,"enemies":"Sphere and 2 Shapes","floor":46,"turns":3},{"damage":12,"enemies":"Awakened One","floor":50,"turns":10}],"seed_played":"9021058664077775702","potions_obtained":[{"floor":3.0,"key":"LiquidBronze"},{"floor":7.0,"key":"PowerPotion"},{"floor":8.0,"key":"SteroidPotion"},{"floor":14,"key":"Energy Potion"},{"floor":19,"key":"PowerPotion"},{"floor":24,"key":"Ancient Potion"},{"floor":31,"key":"Weak Potion"},{"floor":41,"key":"Fire Potion"}],"is_trial":false,"path_per_floor":["M","M","M","$","M","R","M","M","T","?","M","R","?","E","R","B",null,"M","M","M","M","$","R","E","R","T","$","R","M","?","M","R","B",null,"M","$","?","M","M","R","M","R","T","T","?","M","R","$","R","B"],"character_chosen":"THE_SILENT","items_purchased":["Well Laid Plans","Bag of Preparation","Well Laid Plans","Malaise","SkillPotion"],"campfire_rested":1,"item_purchase_floors":[4,22,27,48,48],"current_hp_per_floor":[70,70,67,67,67,67,65,50,50,50,44,44,44,38,38,29,70,70,70,70,69,69,69,69,69,69,69,69,69,69,69,69,48,70,69,69,69,69,54,54,43,43,43,43,43,43,43,43,43,31],"gold":12,"neow_bonus":"UPGRADE_CARD","is_prod":false,"is_daily":false,"chose_seed":false,"campfire_upgraded":10,"win_rate":0,"timestamp":1540638021,"path_taken":["M","M","M","$","?","R","M","M","T","?","M","R","?","E","R","BOSS","M","M","?","?","$","R","E","R","T","$","R","M","?","M","R","BOSS","M","$","?","M","M","R","M","R","T","?","?","M","R","$","R","BOSS"],"build_version":"2018-10-25v2","purchased_purges":2,"victory":true,"max_hp_per_floor":[70,70,70,70,70,70,70,70,70,70,70,70,70,70,70,70,70,70,70,70,70,70,70,70,70,70,70,70,70,70,70,70,70,70,70,70,70,70,70,70,70,70,70,70,70,70,70,70,70,70],"card_choices":[{"not_picked":["Dagger Throw","Flying Knee"],"picked":"Footwork","floor":1.0},{"not_picked":["Slice","Dodge and Roll"],"picked":"Bouncing Flask","floor":2.0},{"not_picked":["Crippling Poison","Dodge and Roll","Dagger Throw"],"picked":"SKIP","floor":3.0},{"not_picked":["Poisoned Stab","Cloak And Dagger"],"picked":"Backflip","floor":5.0},{"not_picked":["Dagger Spray","Acrobatics","Sucker Punch"],"picked":"SKIP","floor":7.0},{"not_picked":["PiercingWail","Quick Slash","Slice"],"picked":"SKIP","floor":8.0},{"not_picked":["Quick Slash","Dagger Spray"],"picked":"Backflip","floor":11},{"not_picked":["Tactician","Footwork"],"picked":"Night Terror","floor":14},{"not_picked":["A Thousand Cuts","After Image"],"picked":"Grand Finale","floor":16},{"not_picked":["Dagger Spray","Dodge and Roll"],"picked":"Escape Plan","floor":18},{"not_picked":["Acrobatics","Sucker Punch"],"picked":"Catalyst+1","floor":19},{"not_picked":["Sucker Punch","Slice","Prepared"],"picked":"SKIP","floor":20},{"not_picked":["Cloak And Dagger","Accuracy+1","Prepared"],"picked":"SKIP","floor":21},{"not_picked":["Dagger Spray+1","Backflip"],"picked":"Expertise","floor":24},{"not_picked":["Backstab","Finisher"],"picked":"Backflip","floor":29},{"not_picked":["Acrobatics","Deadly Poison"],"picked":"Footwork","floor":31},{"not_picked":["Doppelganger","Die Die Die"],"picked":"Grand Finale","floor":33},{"not_picked":["Poisoned Stab","Dagger Spray"],"picked":"Expertise","floor":34},{"not_picked":["Tactician+1","Bane"],"picked":"Leg Sweep+1","floor":34},{"not_picked":["Reflex","Heel Hook"],"picked":"Backflip","floor":34},{"not_picked":["Flying Knee+1","Riddle With Holes","Reflex+1"],"picked":"SKIP","floor":35},{"not_picked":["Dagger Spray","All Out Attack+1"],"picked":"Acrobatics","floor":38},{"not_picked":["Heel Hook","Slice+1"],"picked":"Expertise+1","floor":39},{"not_picked":["Deflect+1","Choke","Predator"],"picked":"SKIP","floor":41},{"not_picked":["Deflect+1","Outmaneuver","Blade Dance"],"picked":"SKIP","floor":46}],"player_experience":681284,"relics_obtained":[{"floor":9.0,"key":"Torii"},{"floor":14,"key":"Tiny Chest"},{"floor":24,"key":"Meat on the Bone"},{"floor":26,"key":"Boot"},{"floor":43,"key":"Ancient Tea Set"},{"floor":44,"key":"Potion Belt"}],"event_choices":[{"cards_removed":["Strike_G"],"damage_healed":0,"gold_gain":0,"player_choice":"Forget","damage_taken":0,"max_hp_gain":0,"max_hp_loss":0,"event_name":"Living Wall","floor":10,"gold_loss":0},{"cards_removed":["Defend_G"],"damage_healed":0,"gold_gain":0,"player_choice":"Card Removal","damage_taken":0,"max_hp_gain":0,"max_hp_loss":0,"event_name":"Wheel of Change","floor":13,"gold_loss":0},{"damage_healed":0,"gold_gain":0,"player_choice":"Read","damage_taken":0,"max_hp_gain":0,"max_hp_loss":0,"event_name":"The Library","floor":30,"gold_loss":0,"cards_obtained":["Grand Finale"]},{"damage_healed":0,"gold_gain":0,"player_choice":"Memory 1","damage_taken":0,"max_hp_gain":0,"max_hp_loss":0,"event_name":"SensoryStone","floor":37,"gold_loss":0},{"damage_healed":0,"gold_gain":0,"player_choice":"Upgrade","damage_taken":0,"relics_obtained":["Mark of the Bloom"],"max_hp_gain":0,"max_hp_loss":0,"event_name":"MindBloom","floor":45,"gold_loss":0,"cards_upgraded":["Defend_G","Defend_G","Defend_G","Defend_G","Strike_G","Strike_G","Survivor","Backflip","Backflip","Escape Plan","Expertise","Backflip","Footwork","Expertise","Backflip"]}],"is_beta":false,"boss_relics":[{"not_picked":["Busted Crown","Eternal Feather"],"picked":"Ring of the Serpent"},{"not_picked":["Lizard Tail","Tiny House"],"picked":"Orrery"}],"items_purged_floors":[22,36],"is_endless":false,"potions_floor_spawned":[3,7,8,14,16,19,24,31,35,38,41],"ascension_level":0}