{"gold_per_floor":[362,362,175,194,194,194,244,280,330,330,373,18,43,66,66,159,159,174,188,207,207],"floor_reached":21,"playtime":901,"items_purged":["Strike_B","Strike_B"],"score":478,"play_id":"b70a98bf-11e5-40df-8f78-dfd1554b01a5","local_time":"20190707110123","is_ascension_mode":true,"campfire_choices":[{"data":"Defragment","floor":6.0,"key":"SMITH"},{"data":"Dualcast","floor":10.0,"key":"SMITH"},{"data":"Sunder","floor":15.0,"key":"SMITH"}],"neow_cost":"TEN_PERCENT_HP_LOSS","seed_source_timestamp":7106986907528,"circlet_count":0,"master_deck":["AscendersBane","Strike_B+1","Strike_B+1","Defend_B","Defend_B","Defend_B","Defend_B","Zap","Dualcast+1","Defragment+1","Capacitor","Tempest","Conserve Battery","Sunder+1","Creative AI","Defragment","Buffer","Glacier+1"],"special_seed":0,"relics":["Cracked Core","Golden Idol","Blood Vial","Whetstone","Shuriken","OrangePellets","Snecko Eye"],"potions_floor_usage":[20],"damage_taken":[{"damage":0.0,"enemies":"2 Louse","floor":1.0,"turns":3.0},{"damage":0.0,"enemies":"Small Slimes","floor":4.0,"turns":3.0},{"damage":23.0,"enemies":"Lagavulin","floor":8.0,"turns":7.0},{"damage":14.0,"enemies":"3 Sentries","floor":11.0,"turns":6.0},{"damage":0.0,"enemies":"Cultist","floor":13.0,"turns":2.0},{"damage":7.0,"enemies":"Gremlin Gang","floor":14.0,"turns":4.0},{"damage":0.0,"enemies":"Slime Boss","floor":16.0,"turns":9.0},{"damage":7,"enemies":"Chosen","floor":18,"turns":3},{"damage":32,"enemies":"2 Thieves","floor":19,"turns":4},{"damage":12,"enemies":"Shelled Parasite and Fungi","floor":20,"turns":10},{"damage":6,"enemies":"Chosen and Byrds","floor":21,"turns":1}],"seed_played":"519835175326489073","potions_obtained":[{"floor":8.0,"key":"Block Potion"},{"floor":11.0,"key":"Strength Potion"},{"floor":13.0,"key":"FearPotion"},{"floor":16.0,"key":"GamblersBrew"},{"floor":19,"key":"Strength Potion"}],"is_trial":false,"path_per_floor":["M","?","$","M","?","R","?","E","T","R","E","$","M","M","R","B",null,"M","M","M","M"],"character_chosen":"DEFECT","items_purchased":["Capacitor","Tempest","OrangePellets","Sunder"],"campfire_rested":0,"item_purchase_floors":[3,3,12,12],"current_hp_per_floor":[64,58,58,58,58,58,58,35,35,35,23,23,25,20,20,22,49,44,14,4,0],"gold":207,"neow_bonus":"TWO_FIFTY_GOLD","is_prod":false,"is_daily":false,"chose_seed":false,"campfire_upgraded":3,"win_rate":0,"timestamp":1562468483,"path_taken":["M","?","$","M","?","R","?","E","T","R","E","$","?","M","R","BOSS","M","M","M","?"],"build_version":"2019-07-05","purchased_purges":2,"victory":false,"max_hp_per_floor":[64,58,58,58,58,58,58,58,58,58,58,58,58,58,58,58,58,58,58,58,58],"card_choices":[{"not_picked":["Rebound","Rip and Tear"],"picked":"Defragment","floor":1.0},{"not_picked":["Hello World","BootSequence"],"picked":"Conserve Battery","floor":4.0},{"not_picked":["Doom and Gloom","Stack","Steam"],"picked":"SKIP","floor":8.0},{"not_picked":["Darkness","Steam","Rebound"],"picked":"SKIP","floor":11.0},{"not_picked":["Compile Driver","Fusion"],"picked":"Creative AI","floor":13.0},{"not_picked":["Stack","Leap"],"picked":"Defragment","floor":14.0},{"not_picked":["Seek","Creative AI"],"picked":"Buffer","floor":16.0},{"not_picked":["Leap","Compile Driver","Capacitor"],"picked":"SKIP","floor":18},{"not_picked":["Redo","Beam Cell"],"picked":"Glacier+1","floor":19},{"not_picked":["Barrage","Compile Driver","Gash"],"picked":"SKIP","floor":20}],"player_experience":5704596,"relics_obtained":[{"floor":8.0,"key":"Blood Vial"},{"floor":9.0,"key":"Whetstone"},{"floor":11.0,"key":"Shuriken"}],"event_choices":[{"damage_healed":0.0,"max_hp_gain":0.0,"max_hp_loss":6.0,"gold_gain":0.0,"event_name":"Golden Idol","player_choice":"Lose Max HP","floor":2.0,"gold_loss":0.0,"damage_taken":0.0,"relics_obtained":["Golden Idol"]},{"damage_healed":0.0,"max_hp_gain":0.0,"max_hp_loss":0.0,"gold_gain":0.0,"event_name":"Scrap Ooze","player_choice":"Fled","floor":5.0,"gold_loss":0.0,"damage_taken":0.0},{"damage_healed":0.0,"max_hp_gain":0.0,"max_hp_loss":0.0,"gold_gain":50.0,"event_name":"Golden Shrine","player_choice":"Pray","floor":7.0,"gold_loss":0.0,"damage_taken":0.0}],"is_beta":false,"boss_relics":[{"not_picked":["Inserter","Runic Pyramid"],"picked":"Snecko Eye"}],"items_purged_floors":[3,12],"is_endless":false,"potions_floor_spawned":[8,11,13,16,19],"killed_by":"Chosen and Byrds","ascension_level":20}