{"gold_per_floor":[112,112,37,187,255,255,281,309,347,359,391,403,435,474,486,498],"floor_reached":16,"playtime":215,"items_purged":["Strike_G"],"score":250,"play_id":"b8084898-6a63-45dc-81e5-3086f1e2c7da","local_time":"20190306123300","is_ascension_mode":true,"campfire_choices":[{"data":"Neutralize","floor":6.0,"key":"SMITH"},{"data":"Terror","floor":10.0,"key":"SMITH"},{"data":"Acrobatics","floor":15,"key":"SMITH"}],"neow_cost":"NONE","seed_source_timestamp":12807052756346,"circlet_count":0,"master_deck":["AscendersBane","Defend_G","Defend_G","Defend_G","Defend_G","Defend_G","Strike_G","Strike_G","Strike_G","Strike_G","Survivor","Neutralize+1","Expertise","Doubt","Terror+1","Tactician","Calculated Gamble","Glass Knife","Catalyst","Burst","Acrobatics+1"],"special_seed":0,"relics":["Ring of the Snake","NeowsBlessing","Blue Candle","Mercury Hourglass","MawBank","Bag of Marbles"],"potions_floor_usage":[],"damage_taken":[{"damage":0.0,"enemies":"Small Slimes","floor":1.0,"turns":1.0},{"damage":0.0,"enemies":"Lagavulin","floor":7.0,"turns":1.0},{"damage":0.0,"enemies":"Jaw Worm","floor":8.0,"turns":1.0},{"damage":1.0,"enemies":"Cultist","floor":11.0,"turns":3.0},{"damage":4.0,"enemies":"Blue Slaver","floor":13.0,"turns":2.0},{"damage":1.0,"enemies":"Red Slaver","floor":14.0,"turns":4.0},{"damage":2,"enemies":"The Guardian","floor":16,"turns":3}],"seed_played":"3662294706877559418","potions_obtained":[{"floor":1.0,"key":"GhostInAJar"},{"floor":11.0,"key":"Energy Potion"}],"is_trial":false,"path_per_floor":["M","?","$","?","T","R","E","M","T","R","M","?","M","M","R","B"],"character_chosen":"THE_SILENT","items_purchased":[],"campfire_rested":0,"item_purchase_floors":[],"current_hp_per_floor":[59,41,41,41,41,41,41,41,41,41,40,40,36,35,35,33],"gold":498,"neow_bonus":"THREE_ENEMY_KILL","is_prod":false,"is_daily":false,"chose_seed":false,"campfire_upgraded":3,"win_rate":0,"timestamp":1551846780,"path_taken":["M","?","$","?","?","R","E","?","T","R","M","?","M","M","R","BOSS"],"build_version":"2019-01-23","purchased_purges":1,"victory":false,"max_hp_per_floor":[66,66,66,66,66,66,66,66,66,66,66,66,66,66,66,66],"card_choices":[{"not_picked":["Choke","Accuracy"],"picked":"Expertise","floor":1.0},{"not_picked":["Underhanded Strike","Cloak And Dagger"],"picked":"Terror","floor":7.0},{"not_picked":["Blade Dance","All Out Attack"],"picked":"Tactician","floor":8.0},{"not_picked":["Backflip","Bane"],"picked":"Calculated Gamble","floor":11.0},{"not_picked":["Slice","PiercingWail"],"picked":"Burst","floor":13.0},{"not_picked":["Poisoned Stab","Cloak And Dagger"],"picked":"Acrobatics","floor":14}],"player_experience":3352172,"relics_obtained":[{"floor":5.0,"key":"Mercury Hourglass"},{"floor":7.0,"key":"MawBank"},{"floor":9.0,"key":"Bag of Marbles"}],"event_choices":[{"damage_healed":0.0,"max_hp_gain":0.0,"max_hp_loss":0.0,"gold_gain":0.0,"event_name":"Scrap Ooze","player_choice":"Success","floor":2.0,"gold_loss":0.0,"damage_taken":18.0,"relics_obtained":["Blue Candle"]},{"damage_healed":0.0,"max_hp_gain":0.0,"max_hp_loss":0.0,"gold_gain":150.0,"event_name":"Liars Game","player_choice":"AGREE","floor":4.0,"gold_loss":0.0,"damage_taken":0.0,"cards_obtained":["Doubt"]},{"damage_healed":0.0,"max_hp_gain":0.0,"max_hp_loss":0.0,"gold_gain":0.0,"event_name":"Match and Keep!","player_choice":"2 cards matched","floor":12.0,"gold_loss":0.0,"damage_taken":0.0,"cards_obtained":["Glass Knife","Catalyst"]}],"is_beta":false,"boss_relics":[],"items_purged_floors":[3],"is_endless":false,"potions_floor_spawned":[1,11,14],"killed_by":"The Guardian","ascension_level":20}