{"gold_per_floor":[119,138,152,202,202,202,227,227,227,227,260,260,16,16,16,87,87,104,104,124,43,55,55,55],"floor_reached":24,"playtime":642,"items_purged":["Strike_B"],"score":365,"play_id":"d7bbb180-bb4a-4fff-8a07-30a4518b2861","local_time":"20181012112941","is_ascension_mode":true,"campfire_choices":[{"data":"Zap","floor":6.0,"key":"SMITH"},{"data":"Dualcast","floor":8.0,"key":"SMITH"},{"floor":10.0,"key":"REST"},{"floor":12.0,"key":"REST"},{"data":"Loop","floor":15.0,"key":"SMITH"},{"data":"Consume","floor":23,"key":"SMITH"}],"neow_cost":"TEN_PERCENT_HP_LOSS","seed_source_timestamp":128319139206455,"circlet_count":0,"master_deck":["Strike_B","Strike_B","Defend_B","Defend_B","Defend_B","Defend_B","Zap+1","Dualcast+1","AscendersBane","Reinforced Body","Ball Lightning","Self Repair","Loop+1","Thunder Strike+1","Biased Cognition","Leap","Barrage+1","Thunder Strike+1","Recycle","Echo Form","Consume+1"],"special_seed":0,"relics":["Cracked Core","Dead Branch","Molten Egg 2","Odd Mushroom","Mummified Hand","Prayer Wheel","Inserter"],"potions_floor_usage":[22],"damage_taken":[{"damage":7.0,"enemies":"Jaw Worm","floor":1.0,"turns":3.0},{"damage":6.0,"enemies":"Cultist","floor":2.0,"turns":4.0},{"damage":3.0,"enemies":"Small Slimes","floor":3.0,"turns":3.0},{"damage":18.0,"enemies":"The Mushroom Lair","floor":7.0,"turns":5.0},{"damage":25.0,"enemies":"Lagavulin","floor":11.0,"turns":6.0},{"damage":22.0,"enemies":"The Guardian","floor":16.0,"turns":10.0},{"damage":33.0,"enemies":"2 Thieves","floor":18.0,"turns":4.0},{"damage":12,"enemies":"Spheric Guardian","floor":20,"turns":4},{"damage":7,"enemies":"Cultist and Chosen","floor":22,"turns":3},{"damage":33,"enemies":"Shelled Parasite and Fungi","floor":24,"turns":2}],"seed_played":"-5676161847051269593","potions_obtained":[{"floor":3.0,"key":"Poison Potion"},{"floor":18.0,"key":"SkillPotion"}],"is_trial":false,"path_per_floor":["M","M","M","?","?","R","?","R","T","R","E","R","$","?","R","B",null,"M","?","M","$","M","R"],"character_chosen":"DEFECT","items_purchased":["Thunder Strike+1","Echo Form"],"campfire_rested":2,"item_purchase_floors":[13,21],"current_hp_per_floor":[57,51,48,42,31,31,13,13,13,32,14,33,33,33,33,18,53,27,27,22,22,22,22,0],"gold":55,"neow_bonus":"ONE_RARE_RELIC","is_prod":false,"is_daily":false,"chose_seed":false,"campfire_upgraded":4,"win_rate":0,"timestamp":1539314981,"path_taken":["M","M","M","?","?","R","?","R","T","R","E","R","$","?","R","BOSS","M","?","M","$","M","R","M"],"build_version":"2018-10-11","purchased_purges":1,"victory":false,"max_hp_per_floor":[64,64,64,64,64,64,64,64,64,64,64,64,64,64,64,64,64,64,64,64,64,64,64,64],"card_choices":[{"not_picked":["Beam Cell","Rebound"],"picked":"Reinforced Body","floor":1.0},{"not_picked":["Hello World","Doom and Gloom"],"picked":"Ball Lightning","floor":2.0},{"not_picked":["Rebound","Stack","Compile Driver"],"picked":"SKIP","floor":3.0},{"not_picked":["Static Discharge","Leap"],"picked":"Self Repair","floor":7.0},{"not_picked":["Stack","Chaos"],"picked":"Loop","floor":11.0},{"not_picked":["Machine Learning","Fission"],"picked":"Biased Cognition","floor":16.0},{"not_picked":["Reprogram","Chaos"],"picked":"Leap","floor":18.0},{"not_picked":["Doom and Gloom+1","Hologram+1"],"picked":"Barrage+1","floor":18.0},{"not_picked":["Gash+1","Streamline+1"],"picked":"Recycle","floor":20},{"not_picked":["Tempest","Beam Cell+1","Scrape+1"],"picked":"SKIP","floor":20},{"not_picked":["Barrage+1","Gash+1"],"picked":"Consume","floor":22},{"not_picked":["Fusion","Storm","Heatsinks"],"picked":"SKIP","floor":22}],"player_experience":299059,"relics_obtained":[{"floor":7.0,"key":"Odd Mushroom"},{"floor":9.0,"key":"Mummified Hand"},{"floor":11.0,"key":"Prayer Wheel"}],"event_choices":[{"event_name":"FaceTrader","player_choice":"Touch","floor":4.0,"damage_taken":0.0},{"event_name":"Scrap Ooze","player_choice":"success","floor":5.0,"damage_taken":11.0},{"event_name":"Mushrooms","player_choice":"Fought Mushrooms","floor":7.0,"damage_taken":0.0},{"event_name":"The Cleric","player_choice":"Leave","floor":14.0,"damage_taken":0.0},{"event_name":"Transmorgrifier","player_choice":"Transform","floor":19,"damage_taken":0}],"is_beta":false,"boss_relics":[{"not_picked":["Runic Pyramid","Lizard Tail"],"picked":"Inserter"}],"items_purged_floors":[13],"is_endless":false,"potions_floor_spawned":[3,18],"killed_by":"Shelled Parasite and Fungi","ascension_level":18}