{"gold_per_floor":[109,159,5,24,34,34,54,54,77,77,96,46,46,63,63,137,137,149,149,149,149,99,99,99],"floor_reached":24,"playtime":817,"items_purged":["Defend_G","Strike_G","Defend_G"],"score":368,"play_id":"a791365f-6219-4b21-a48f-febf5795ff68","local_time":"20190621214409","is_ascension_mode":true,"campfire_choices":[{"data":"All Out Attack","floor":6.0,"key":"SMITH"},{"data":"Well Laid Plans","floor":10.0,"key":"SMITH"},{"data":"Predator","floor":13.0,"key":"SMITH"},{"data":"Neutralize","floor":15.0,"key":"SMITH"},{"data":"Burst","floor":23.0,"key":"SMITH"}],"neow_cost":"TEN_PERCENT_HP_LOSS","seed_source_timestamp":35315967997763,"circlet_count":0,"master_deck":["AscendersBane","Defend_G","Survivor","Neutralize+1","All Out Attack+1","PiercingWail","Predator+1","Well Laid Plans+1","Footwork","Blur","Burst+1","Tactician+1","PiercingWail+1","Malaise+1"],"special_seed":0,"relics":["Ring of the Snake","Smiling Mask","Astrolabe"],"potions_floor_usage":[24,24],"damage_taken":[{"damage":7.0,"enemies":"Jaw Worm","floor":1.0,"turns":5.0},{"damage":0.0,"enemies":"Cultist","floor":4.0,"turns":4.0},{"damage":0.0,"enemies":"Small Slimes","floor":5.0,"turns":2.0},{"damage":0.0,"enemies":"Red Slaver","floor":7.0,"turns":4.0},{"damage":0.0,"enemies":"Exordium Wildlife","floor":11.0,"turns":4.0},{"damage":1.0,"enemies":"Blue Slaver","floor":14.0,"turns":4.0},{"damage":44.0,"enemies":"Slime Boss","floor":16.0,"turns":12.0},{"damage":0.0,"enemies":"Spheric Guardian","floor":18.0,"turns":7.0},{"damage":60,"enemies":"Slavers","floor":24,"turns":4}],"seed_played":"-7470907779201196305","potions_obtained":[{"floor":7.0,"key":"Fire Potion"},{"floor":14.0,"key":"Poison Potion"},{"floor":21.0,"key":"Regen Potion"},{"floor":21.0,"key":"Strength Potion"}],"is_trial":false,"path_per_floor":["M","?","$","M","M","R","M","?","T","R","M","$","R","M","R","B",null,"M","?","$","?","$","R","E"],"character_chosen":"THE_SILENT","items_purchased":["Well Laid Plans"],"campfire_rested":0,"item_purchase_floors":[3],"current_hp_per_floor":[52,46,46,46,46,46,46,46,46,46,46,46,46,45,45,1,45,45,45,45,45,45,45,0],"gold":99,"neow_bonus":"TRANSFORM_TWO_CARDS","is_prod":false,"is_daily":false,"chose_seed":false,"campfire_upgraded":5,"win_rate":0,"timestamp":1561124649,"path_taken":["M","?","$","?","M","R","M","?","T","R","?","$","R","M","R","BOSS","M","?","$","?","$","R","E"],"build_version":"2019-01-23","purchased_purges":3,"victory":false,"max_hp_per_floor":[60,60,60,60,60,60,60,60,60,60,60,60,60,60,60,60,60,60,60,60,60,60,60,60],"card_choices":[{"not_picked":["Distraction","Sucker Punch"],"picked":"Predator","floor":1.0},{"not_picked":["Poisoned Stab","Dodge and Roll","Flying Knee"],"picked":"SKIP","floor":4.0},{"not_picked":["Quick Slash","Slice"],"picked":"Footwork","floor":5.0},{"not_picked":["Reflex","Quick Slash"],"picked":"Blur","floor":7.0},{"not_picked":["Deadly Poison","Prepared","Leg Sweep"],"picked":"SKIP","floor":11.0},{"not_picked":["Flechettes","Deadly Poison","Blade Dance"],"picked":"SKIP","floor":14.0},{"not_picked":["Glass Knife","Tools of the Trade"],"picked":"Burst","floor":16.0},{"not_picked":["Bane","Prepared","Sucker Punch+1"],"picked":"SKIP","floor":18.0}],"player_experience":5515796,"relics_obtained":[{"floor":9.0,"key":"Smiling Mask"}],"event_choices":[{"damage_healed":0.0,"max_hp_gain":0.0,"max_hp_loss":0.0,"gold_gain":50.0,"event_name":"FaceTrader","player_choice":"Touch","floor":2.0,"gold_loss":0.0,"damage_taken":6.0},{"cards_removed":["Strike_G"],"damage_healed":0.0,"max_hp_gain":0.0,"max_hp_loss":0.0,"gold_gain":0.0,"event_name":"Purifier","player_choice":"Purged","floor":8.0,"gold_loss":0.0,"damage_taken":0.0},{"damage_healed":0.0,"max_hp_gain":0.0,"max_hp_loss":0.0,"gold_gain":0.0,"event_name":"Lab","player_choice":"Got Potions","floor":21.0,"gold_loss":0.0,"damage_taken":0.0}],"is_beta":false,"boss_relics":[{"not_picked":["Ectoplasm","Tiny House"],"picked":"Astrolabe"}],"items_purged_floors":[3,12,22],"is_endless":false,"potions_floor_spawned":[7,14],"killed_by":"Slavers","ascension_level":20}