{"path_per_floor":["M","M","?","?","M","$","E","R","T","E","R","$","?","M","R","B",null,"M","?","M","?","$","E","R","M","T","T","E","$","E","M","R","B",null,"M","M","M","M","M","R","M","E","T","M","$","R","E","?","R"],"character_chosen":"IRONCLAD","items_purchased":["Frozen Egg 2","Panacea","Transmutation"],"gold_per_floor":[115,134,309,309,329,9,37,37,117,146,146,46,46,62,62,158,158,176,91,102,102,4,30,30,42,42,42,71,71,98,110,110,211,211,226,243,253,271,288,288,301,333,333,353,20,20,48,48,48,48],"floor_reached":50,"campfire_rested":3,"playtime":1870,"current_hp_per_floor":[87,87,87,92,91,91,57,57,57,57,57,57,39,45,45,29,92,88,88,92,92,92,84,84,74,74,74,80,80,74,78,78,32,98,89,85,60,52,51,81,78,54,54,60,60,90,33,33,63,0],"items_purged":["Doubt","Defend_R","Heavy Blade"],"gold":48,"score":620,"play_id":"3e3028f6-72cc-406e-9288-2d0f325bf79b","local_time":"20180324230745","is_prod":false,"is_daily":false,"is_ascension_mode":false,"campfire_upgraded":5,"timestamp":1521929265,"path_taken":["M","M","?","?","?","$","E","R","T","E","R","$","?","M","R","BOSS","M","?","?","?","?","E","R","M","T","?","E","?","E","M","R","BOSS","M","?","?","M","M","R","M","E","T","M","$","R","E","?","R","BOSS"],"build_version":"2018-03-22v2","purchased_purges":3,"victory":false,"master_deck":["Bash+1","Metallicize","Clash","Flex+1","Blood for Blood","Whirlwind+1","Anger+1","Feed","Rage+1","Cleave","Anger+1","Combust+1","Sword Boomerang","Wild Strike","Shockwave+1","Carnage+1","Panacea","Sword Boomerang+1","Metallicize+1","Warcry","Dual Wield+1","Pommel Strike+1","Anger+1","Shrug It Off+1","Fire Breathing+1","Cleave+1","Reckless Charge+1","Pummel+1","Carnage+1","Transmutation+1","Sever Soul+1"],"max_hp_per_floor":[87,87,87,92,92,92,92,92,92,92,92,92,92,92,92,92,92,92,92,92,92,92,95,95,95,95,95,95,95,95,98,98,98,98,98,98,101,101,101,101,101,101,101,101,101,101,101,101,101,101],"relics":["Burning Blood","Strawberry","Frozen Egg 2","Gremlin Horn","Bottled Lightning","Calipers","Pandora\u0027s Box","Du-Vu Doll","Lantern","Dead Branch","Ginger","Orichalcum","Bag of Marbles","Happy Flower","Runic Pyramid","Mummified Hand","Gambling Chip","War Paint"],"card_choices":[{"not_picked":["Cleave","Pommel Strike"],"picked":"Metallicize","floor":1},{"not_picked":["Flex","Sever Soul"],"picked":"Clash","floor":2},{"not_picked":["Burning Pact","Twin Strike"],"picked":"Flex","floor":5},{"not_picked":["Burning Pact","Havoc"],"picked":"Blood for Blood","floor":7},{"not_picked":["Fire Breathing","Thunderclap"],"picked":"Whirlwind","floor":10},{"not_picked":["Second Wind","Iron Wave"],"picked":"Anger","floor":14},{"not_picked":["Fiend Fire","Juggernaut"],"picked":"Feed","floor":16},{"not_picked":["Clothesline","Anger"],"picked":"Carnage","floor":18},{"not_picked":["Second Wind","Fire Breathing"],"picked":"Sword Boomerang","floor":23},{"not_picked":["Feel No Pain","Shockwave"],"picked":"Metallicize","floor":25},{"not_picked":["Havoc","Reckless Charge"],"picked":"Warcry","floor":28},{"not_picked":["Armaments","Clash"],"picked":"Dual Wield","floor":30},{"not_picked":["Perfected Strike","Iron Wave"],"picked":"Pommel Strike","floor":31},{"not_picked":["Shrug It Off","Battle Trance"],"picked":"Anger","floor":35},{"not_picked":["Feel No Pain","Havoc"],"picked":"Shrug It Off","floor":37},{"not_picked":["Combust","Body Slam"],"picked":"Fire Breathing","floor":38},{"not_picked":["Sword Boomerang","Pommel Strike"],"picked":"Cleave","floor":39},{"not_picked":["Armaments","True Grit"],"picked":"Reckless Charge","floor":41},{"not_picked":["Hemokinesis","Second Wind"],"picked":"Pummel","floor":42},{"not_picked":["Headbutt","Corruption"],"picked":"Carnage","floor":44},{"not_picked":["Infernal Blade","Fiend Fire"],"picked":"Sever Soul","floor":47}],"player_experience":184828,"potions_floor_usage":[10,23,25,38,42,42,50],"damage_taken":[{"damage":6,"enemies":"Cultist","floor":1,"turns":3},{"damage":5,"enemies":"Jaw Worm","floor":2,"turns":4},{"damage":7,"enemies":"Small Slimes","floor":5,"turns":4},{"damage":40,"enemies":"Lagavulin","floor":7,"turns":7},{"damage":6,"enemies":"Gremlin Nob","floor":10,"turns":4},{"damage":0,"enemies":"3 Louse","floor":14,"turns":1},{"damage":22,"enemies":"Slime Boss","floor":16,"turns":8},{"damage":10,"enemies":"Spheric Guardian","floor":18,"turns":3},{"damage":2,"enemies":"Chosen","floor":20,"turns":3},{"damage":17,"enemies":"Book of Stabbing","floor":23,"turns":3},{"damage":16,"enemies":"Slaver and Parasite","floor":25,"turns":3},{"damage":0,"enemies":"Slavers","floor":28,"turns":1},{"damage":12,"enemies":"Book of Stabbing","floor":30,"turns":3},{"damage":5,"enemies":"Cultist and Chosen","floor":31,"turns":4},{"damage":52,"enemies":"Collector","floor":33,"turns":6},{"damage":15,"enemies":"3 Darklings","floor":35,"turns":2},{"damage":10,"enemies":"3 Shapes","floor":36,"turns":3},{"damage":34,"enemies":"Sphere and 2 Shapes","floor":37,"turns":4},{"damage":14,"enemies":"4 Shapes","floor":38,"turns":2},{"damage":7,"enemies":"Maw","floor":39,"turns":7},{"damage":9,"enemies":"Sphere and 2 Shapes","floor":41,"turns":1},{"damage":36,"enemies":"2 Orb Walkers","floor":42,"turns":4},{"damage":0,"enemies":"3 Darklings","floor":44,"turns":1},{"damage":63,"enemies":"Nemesis","floor":47,"turns":5},{"damage":68,"enemies":"Donu and Deca","floor":50,"turns":4}],"event_choices":[{"event_name":"Liars Game","player_choice":"agreed","floor":3,"damage_taken":0},{"event_name":"Big Fish","player_choice":"Donut","floor":4,"damage_taken":0},{"event_name":"Shining Light","player_choice":"Entered Light","floor":13,"damage_taken":0},{"event_name":"Addict","player_choice":"Obtained Relic","floor":19,"damage_taken":0},{"event_name":"Accursed Blacksmith","player_choice":"Rummage","floor":21,"damage_taken":0},{"event_name":"Mysterious Sphere","player_choice":"Ignore","floor":48,"damage_taken":0}],"boss_relics":[{"not_picked":["Lizard Tail","Philosopher\u0027s Stone"],"picked":"Pandora\u0027s Box"},{"not_picked":["Snecko Eye","Runic Cube"],"picked":"Runic Pyramid"}],"potions_floor_spawned":[2,10,14,16,18,20,30,31,33,35,37,41,47],"seed_played":"4642133098117528116","killed_by":"Donu and Deca","ascension_level":0,"is_trial":false}