{"gold_per_floor":[118,28,45,45,65,65,82,82,82,82,109,125,143,143,143,240,240,251,251,267,281,206,221,237,254,254,254,285,305,305,321,321,419,419,431,431,442,542,114,114,139,139,139,139,14,14,26,54,54,54],"floor_reached":51,"playtime":1776,"items_purged":["Strike_B","Defend_B","Defend_B"],"score":699,"play_id":"8479513f-b58e-46f7-bd92-7e79f1c380ee","local_time":"20190617000000","is_ascension_mode":false,"campfire_choices":[{"data":"Recycle","floor":6.0,"key":"SMITH"},{"data":"Dualcast","floor":8.0,"key":"SMITH"},{"data":"Zap","floor":10.0,"key":"SMITH"},{"data":"Skim","floor":15.0,"key":"SMITH"},{"data":"Turbo","floor":27,"key":"SMITH"},{"data":"Skim","floor":30,"key":"SMITH"},{"data":"Loop","floor":32,"key":"SMITH"},{"data":"Heatsinks","floor":40,"key":"SMITH"},{"data":"Amplify","floor":42,"key":"SMITH"},{"data":"Defend_B","floor":44,"key":"PURGE"},{"floor":49,"key":"REST"}],"neow_cost":"NONE","seed_source_timestamp":57516493021544,"circlet_count":0,"master_deck":["Strike_B+1","Defend_B","Zap+1","Dualcast+1","Creative AI","Go for the Eyes+1","Ball Lightning","Loop","Recycle+1","Loop+1","Skim+1","Electrodynamics","Auto Shields","Skim+1","Core Surge","Turbo+1","Turbo+1","Core Surge","Amplify+1","Conserve Battery+1","Madness","Madness","Glacier+1","Recycle+1","Heatsinks+1","Madness","Blizzard"],"special_seed":0,"relics":["Cracked Core","Meat on the Bone","Whetstone","Runic Pyramid","Shuriken","Ginger","Inserter","Du-Vu Doll","Runic Capacitor","Happy Flower","Peace Pipe","Torii"],"potions_floor_usage":[47,50,50,50],"damage_taken":[{"damage":1.0,"enemies":"Jaw Worm","floor":1.0,"turns":3.0},{"damage":5.0,"enemies":"Small Slimes","floor":3.0,"turns":3.0},{"damage":1.0,"enemies":"Cultist","floor":5.0,"turns":3.0},{"damage":5.0,"enemies":"Large Slime","floor":7.0,"turns":6.0},{"damage":17.0,"enemies":"Gremlin Nob","floor":11.0,"turns":4.0},{"damage":2.0,"enemies":"2 Fungi Beasts","floor":12.0,"turns":2.0},{"damage":4.0,"enemies":"Blue Slaver","floor":13.0,"turns":4.0},{"damage":7,"enemies":"The Guardian","floor":16,"turns":10},{"damage":0,"enemies":"3 Byrds","floor":18,"turns":2},{"damage":0,"enemies":"Spheric Guardian","floor":20,"turns":3},{"damage":0,"enemies":"Snecko","floor":21,"turns":5},{"damage":1,"enemies":"Snake Plant","floor":23,"turns":4},{"damage":4,"enemies":"Chosen and Byrds","floor":24,"turns":4},{"damage":0,"enemies":"Centurion and Healer","floor":25,"turns":4},{"damage":35,"enemies":"Book of Stabbing","floor":28,"turns":6},{"damage":0,"enemies":"3 Cultists","floor":29,"turns":3},{"damage":29,"enemies":"Sentry and Sphere","floor":31,"turns":4},{"damage":7,"enemies":"Champ","floor":33,"turns":7},{"damage":16,"enemies":"3 Shapes","floor":35,"turns":3},{"damage":28,"enemies":"Orb Walker","floor":37,"turns":5},{"damage":0,"enemies":"Mind Bloom Boss Battle","floor":38,"turns":5},{"damage":30,"enemies":"Jaw Worm Horde","floor":47,"turns":3},{"damage":1,"enemies":"Nemesis","floor":48,"turns":9},{"damage":13,"enemies":"Donu and Deca","floor":50,"turns":5}],"seed_played":"-4688324456101589955","potions_obtained":[{"floor":5.0,"key":"SkillPotion"},{"floor":11.0,"key":"SteroidPotion"},{"floor":20,"key":"SteroidPotion"},{"floor":31,"key":"Weak Potion"},{"floor":33,"key":"Regen Potion"},{"floor":46,"key":"PowerPotion"},{"floor":47,"key":"Energy Potion"}],"is_trial":false,"path_per_floor":["M","$","M","?","M","R","M","R","T","R","E","M","M","?","R","B",null,"M","?","M","M","$","M","M","M","T","R","E","M","R","M","R","B",null,"M","?","M","?","$","R","T","R","T","R","$","?","M","E","R","B",null],"character_chosen":"DEFECT","items_purchased":["Ball Lightning","Loop","Heatsinks","Runic Capacitor","Madness"],"campfire_rested":1,"item_purchase_floors":[2,2,39,39,39],"current_hp_per_floor":[74,74,69,62,61,61,56,56,56,56,39,49,45,45,45,38,75,75,61,61,61,61,60,56,56,56,56,33,45,45,28,28,33,80,64,54,38,50,50,50,50,50,50,50,50,50,32,43,67,54],"gold":54,"neow_bonus":"ONE_RANDOM_RARE_CARD","is_prod":false,"is_daily":false,"chose_seed":false,"campfire_upgraded":9,"win_rate":0,"timestamp":1560700800,"path_taken":["M","$","M","?","M","R","M","R","T","R","E","M","M","?","R","BOSS","M","?","M","M","$","M","M","M","T","R","E","M","R","M","R","BOSS","M","?","M","?","?","R","?","R","T","R","$","?","M","E","R","BOSS"],"build_version":"2019-01-23","purchased_purges":3,"victory":true,"max_hp_per_floor":[75,75,75,75,75,75,75,75,75,75,75,75,75,75,75,75,75,75,80,80,80,80,80,80,80,80,80,80,80,80,80,80,80,80,80,80,80,80,80,80,80,80,80,80,80,80,80,80,80,80],"card_choices":[{"not_picked":["Barrage","Go for the Eyes","Rebound"],"picked":"SKIP","floor":1.0},{"not_picked":["Barrage","Rebound"],"picked":"Go for the Eyes","floor":1.0},{"not_picked":["Blizzard","Leap"],"picked":"Recycle","floor":3.0},{"not_picked":["Redo","Stack"],"picked":"Loop","floor":5.0},{"not_picked":["Streamline","Go for the Eyes"],"picked":"Skim","floor":7.0},{"not_picked":["Turbo","Tempest"],"picked":"Electrodynamics","floor":11.0},{"not_picked":["Darkness","Redo"],"picked":"Auto Shields","floor":12.0},{"not_picked":["Gash","Hologram"],"picked":"Skim","floor":13.0},{"not_picked":["Buffer","Meteor Strike"],"picked":"Core Surge","floor":16},{"not_picked":["Gash","Compile Driver","Beam Cell+1"],"picked":"SKIP","floor":18},{"not_picked":["Compile Driver","Fusion+1"],"picked":"Turbo","floor":20},{"not_picked":["Doom and Gloom","Sweeping Beam","Conserve Battery+1"],"picked":"SKIP","floor":21},{"not_picked":["Hologram","Steam","Rebound"],"picked":"SKIP","floor":23},{"not_picked":["Barrage","Undo+1","Go for the Eyes"],"picked":"SKIP","floor":24},{"not_picked":["Undo","Steam","Ball Lightning+1"],"picked":"SKIP","floor":25},{"not_picked":["Reprogram","Force Field"],"picked":"Turbo+1","floor":28},{"not_picked":["Capacitor","Melter+1"],"picked":"Core Surge","floor":29},{"not_picked":["Gash+1","Conserve Battery","Hologram"],"picked":"SKIP","floor":31},{"not_picked":["Fission","All For One"],"picked":"Amplify","floor":33},{"not_picked":["Genetic Algorithm","Darkness+1","Conserve Battery+1"],"picked":"SKIP","floor":35},{"not_picked":["Genetic Algorithm","Darkness+1"],"picked":"Conserve Battery+1","floor":35},{"not_picked":["Scrape","Hello World"],"picked":"Glacier+1","floor":37},{"not_picked":["Rebound+1","Barrage+1"],"picked":"Recycle+1","floor":38},{"not_picked":["Go for the Eyes","Rebound","Stack+1"],"picked":"SKIP","floor":47},{"not_picked":["Hologram","Steam Power+1"],"picked":"Blizzard","floor":48}],"player_experience":5333713,"relics_obtained":[{"floor":9.0,"key":"Meat on the Bone"},{"floor":11.0,"key":"Whetstone"},{"floor":26,"key":"Shuriken"},{"floor":28,"key":"Ginger"},{"floor":38,"key":"Du-Vu Doll"},{"floor":41,"key":"Happy Flower"},{"floor":43,"key":"Peace Pipe"},{"floor":48,"key":"Torii"}],"event_choices":[{"cards_removed":["Strike_B"],"damage_healed":0.0,"max_hp_gain":0.0,"max_hp_loss":0.0,"gold_gain":0.0,"event_name":"Golden Wing","player_choice":"Card Removal","floor":4.0,"gold_loss":0.0,"damage_taken":7.0},{"cards_removed":["Strike_B"],"damage_healed":0.0,"max_hp_gain":0.0,"max_hp_loss":0.0,"gold_gain":0.0,"event_name":"Wheel of Change","player_choice":"Card Removal","floor":14.0,"gold_loss":0.0,"damage_taken":0.0},{"damage_healed":0,"gold_gain":0,"player_choice":"Shed Blood","damage_taken":19,"max_hp_gain":5,"max_hp_loss":0,"event_name":"Forgotten Altar","floor":19,"gold_loss":0},{"damage_healed":0,"gold_gain":0,"player_choice":"Embrace Madness","damage_taken":10,"max_hp_gain":0,"max_hp_loss":0,"event_name":"Winding Halls","floor":36,"gold_loss":0,"cards_obtained":["Madness","Madness"]},{"damage_healed":0,"gold_gain":0,"player_choice":"Fight","damage_taken":0,"max_hp_gain":0,"max_hp_loss":0,"event_name":"MindBloom","floor":38,"gold_loss":0},{"damage_healed":0,"gold_gain":0,"player_choice":"Got Potions","damage_taken":0,"max_hp_gain":0,"max_hp_loss":0,"event_name":"Lab","floor":46,"gold_loss":0}],"is_beta":false,"boss_relics":[{"not_picked":["Snecko Eye","White Beast Statue"],"picked":"Runic Pyramid"},{"not_picked":["Runic Dome","Nuclear Battery"],"picked":"Inserter"}],"items_purged_floors":[22,39,45],"is_endless":false,"potions_floor_spawned":[5,11,20,24,28,31,33,37,47],"ascension_level":0}