{"gold_per_floor":[114,114,39,39,59,59,391,409,409,423,423,423],"floor_reached":12,"playtime":226,"items_purged":["Strike_B"],"score":206,"play_id":"1741feeb-56b4-484d-aaed-502919cedc5f","local_time":"20181120162053","is_ascension_mode":true,"campfire_choices":[{"data":"Zap","floor":6,"key":"SMITH"},{"data":"Streamline","floor":11,"key":"SMITH"}],"neow_cost":"NONE","seed_source_timestamp":1747774393895147,"circlet_count":0,"master_deck":["AscendersBane","Strike_B","Strike_B","Strike_B","Defend_B","Defend_B","Defend_B","Defend_B","Zap+1","Dualcast","Streamline+1","Glacier"],"special_seed":0,"relics":["Cracked Core","NeowsBlessing","Potion Belt","Old Coin","Shuriken"],"potions_floor_usage":[],"damage_taken":[{"damage":0.0,"enemies":"2 Louse","floor":1.0,"turns":1.0},{"damage":0,"enemies":"Jaw Worm","floor":5,"turns":1},{"damage":0,"enemies":"Gremlin Nob","floor":7,"turns":1},{"damage":1,"enemies":"Cultist","floor":8,"turns":3},{"damage":7,"enemies":"3 Louse","floor":10,"turns":4},{"damage":14,"enemies":"3 Sentries","floor":12,"turns":8}],"seed_played":"-3411229585587049638","potions_obtained":[{"floor":10,"key":"Explosive Potion"}],"is_trial":false,"path_per_floor":["M","?","$","?","M","R","E","M","T","M","R","E"],"character_chosen":"DEFECT","items_purchased":[],"campfire_rested":0,"item_purchase_floors":[],"current_hp_per_floor":[64,69,69,51,51,51,51,50,50,43,43,29],"gold":423,"neow_bonus":"THREE_ENEMY_KILL","is_prod":false,"is_daily":false,"chose_seed":false,"campfire_upgraded":2,"win_rate":0,"timestamp":1542702053,"path_taken":["M","?","$","?","?","R","E","M","T","M","R","E"],"build_version":"2018-11-15","purchased_purges":1,"victory":false,"max_hp_per_floor":[71,76,76,76,76,76,76,76,76,76,76,76],"card_choices":[{"not_picked":["Steam","Compile Driver","Barrage"],"picked":"SKIP","floor":1.0},{"not_picked":["Ball Lightning","Stack"],"picked":"Streamline","floor":5},{"not_picked":["Biased Cognition","Gash","Redo"],"picked":"SKIP","floor":7},{"not_picked":["Go for the Eyes","Steam Power"],"picked":"Glacier","floor":8},{"not_picked":["Compile Driver","Turbo","Stack"],"picked":"SKIP","floor":10}],"player_experience":580759,"relics_obtained":[{"floor":7,"key":"Old Coin"},{"floor":9,"key":"Shuriken"}],"event_choices":[{"damage_healed":0,"gold_gain":0,"player_choice":"Donut","damage_taken":0,"max_hp_gain":5,"max_hp_loss":0,"event_name":"Big Fish","floor":2,"gold_loss":0},{"damage_healed":0,"gold_gain":0,"player_choice":"Success","damage_taken":18,"relics_obtained":["Potion Belt"],"max_hp_gain":0,"max_hp_loss":0,"event_name":"Scrap Ooze","floor":4,"gold_loss":0}],"is_beta":true,"boss_relics":[],"items_purged_floors":[3],"is_endless":false,"potions_floor_spawned":[10],"killed_by":"3 Sentries","ascension_level":20}