{"gold_per_floor":[113,122,122,136,116,116,146,154,174,182,182,26,26,51,51,113,113,128,39,49,49,49,49,176,176,176,185,185,198,198,221,221,286,286,300,310,395,395,395,395,409,409,432,432,448,171,171],"floor_reached":47,"playtime":1937,"items_purged":["Strike_G","Strike_G"],"score":1000,"play_id":"bc5469ed-0c8e-43bb-80c1-eab234d13394","local_time":"20190129145219","is_ascension_mode":true,"campfire_choices":[{"data":"Envenom","floor":6.0,"key":"SMITH"},{"data":"Cloak And Dagger","floor":11.0,"key":"SMITH"},{"data":"Catalyst","floor":13.0,"key":"SMITH"},{"data":"Caltrops","floor":15.0,"key":"SMITH"},{"data":"Well Laid Plans","floor":23.0,"key":"SMITH"},{"data":"Survivor","floor":25.0,"key":"SMITH"},{"data":"Defend_G","floor":30.0,"key":"SMITH"},{"data":"theJungle:PetSnecko","floor":32.0,"key":"SMITH"},{"floor":40.0,"key":"REST"},{"floor":42.0,"key":"REST"}],"neow_cost":"NONE","seed_source_timestamp":14055576403383,"circlet_count":0,"master_deck":["AscendersBane","Defend_G+1","Defend_G+1","Defend_G+1","Defend_G","Defend_G+1","Strike_G","Strike_G","Survivor+1","Neutralize+1","Envenom+1","Caltrops+1","Infinite Blades","Catalyst+1","Cloak And Dagger+1","Die Die Die","Well Laid Plans+1","theJungle:PetSnecko+1","Dash+1"],"special_seed":0,"relics":["Ring of the Snake","AscMod:CursedBank","AscMod:StarOfAscension","Whetstone","Snake Skull","Blood Vial","Busted Crown","theJungle:BirthdayCakeSlice","The Courier","War Paint","Fusion Hammer","Ginger","OrangePellets"],"potions_floor_usage":[],"damage_taken":[{"damage":7.0,"enemies":"Small Slimes","floor":1.0,"turns":6.0},{"damage":0.0,"enemies":"Cultist","floor":2.0,"turns":5.0},{"damage":0.0,"enemies":"2 Louse","floor":4.0,"turns":5.0},{"damage":34.0,"enemies":"3 Sentries","floor":7.0,"turns":10.0},{"damage":7.0,"enemies":"Blue Slaver","floor":8.0,"turns":4.0},{"damage":2.0,"enemies":"3 Louse","floor":10.0,"turns":4.0},{"damage":5.0,"enemies":"Lagavulin","floor":14.0,"turns":5.0},{"damage":3.0,"enemies":"The Guardian","floor":16.0,"turns":8.0},{"damage":10.0,"enemies":"theJungle:Flameango_and_Byrd","floor":18.0,"turns":4.0},{"damage":15.0,"enemies":"theJungle:MUSHROOMGANG","floor":20.0,"turns":7.0},{"damage":18.0,"enemies":"theJungle:JungleHuntersEncounter","floor":27.0,"turns":5.0},{"damage":5.0,"enemies":"theJungle:SlimyTreeVines","floor":29.0,"turns":4.0},{"damage":7.0,"enemies":"theJungle:Cassacara","floor":31.0,"turns":6.0},{"damage":9.0,"enemies":"theJungle:FunGuy","floor":33.0,"turns":6.0},{"damage":19.0,"enemies":"3 Shapes","floor":35.0,"turns":7.0},{"damage":4.0,"enemies":"Orb Walker","floor":36.0,"turns":3.0},{"damage":2.0,"enemies":"Mind Bloom Boss Battle","floor":37.0,"turns":7.0},{"damage":7.0,"enemies":"Maw","floor":41.0,"turns":6.0},{"damage":18,"enemies":"Writhing Mass","floor":45,"turns":7},{"damage":3,"enemies":"Reptomancer","floor":47,"turns":3}],"seed_played":"6438015865601710450","potions_obtained":[{"floor":4.0,"key":"Regen Potion"},{"floor":5.0,"key":"LiquidBronze"},{"floor":7.0,"key":"Energy Potion"},{"floor":16.0,"key":"Energy Potion"},{"floor":33.0,"key":"SpeedPotion"}],"is_trial":false,"path_per_floor":["M","M","?","M","?","R","E","M","T","M","R","$","R","E","R","B",null,"M","$","M","?","?","R","?","R","T","M","?","M","R","E","R","B",null,"M","M","?","?","?","R","M","R","T","?","M","$","E"],"character_chosen":"THE_SILENT","items_purchased":["SkillPotion","Well Laid Plans","OrangePellets"],"campfire_rested":2,"item_purchase_floors":[12,19,46],"current_hp_per_floor":[52,52,52,52,52,52,33,26,26,24,24,24,24,19,19,18,54,46,46,33,33,38,38,38,38,38,22,22,25,25,20,20,13,57,40,38,38,38,38,59,54,71,71,71,53,53,52],"gold":171,"neow_bonus":"ONE_RANDOM_RARE_CARD","is_prod":false,"is_daily":false,"chose_seed":false,"campfire_upgraded":8,"win_rate":0,"timestamp":1548744739,"path_taken":["M","M","?","M","?","R","E","M","T","?","R","$","R","E","R","BOSS","M","$","M","?","?","R","?","R","T","M","?","M","R","E","R","BOSS","M","M","?","?","?","R","?","R","T","?","M","$","E"],"build_version":"2019-01-23","purchased_purges":2,"victory":false,"max_hp_per_floor":[66,66,66,66,66,66,66,66,66,66,66,66,66,66,66,66,66,66,66,66,66,71,71,71,71,71,71,71,71,71,71,71,71,71,71,71,71,71,71,71,71,71,71,71,71,71,71],"card_choices":[{"not_picked":["Poisoned Stab","Predator"],"picked":"Caltrops","floor":1.0},{"not_picked":["Dagger Throw","Blade Dance"],"picked":"Infinite Blades","floor":2.0},{"not_picked":["Dagger Spray","Concentrate","Sucker Punch"],"picked":"SKIP","floor":4.0},{"not_picked":["Bane","Masterful Stab"],"picked":"Catalyst","floor":7.0},{"not_picked":["Riddle With Holes","Reflex"],"picked":"Cloak And Dagger","floor":8.0},{"not_picked":["Flechettes","Flying Knee","Slice"],"picked":"SKIP","floor":10.0},{"not_picked":["Outmaneuver","Prepared","Flying Knee"],"picked":"SKIP","floor":14.0},{"not_picked":["Doppelganger","Glass Knife"],"picked":"Die Die Die","floor":16.0},{"not_picked":["Acrobatics"],"picked":"SKIP","floor":18.0},{"not_picked":["Terror+1"],"picked":"SKIP","floor":20.0},{"not_picked":["All Out Attack"],"picked":"SKIP","floor":27.0},{"not_picked":["Quick Slash"],"picked":"SKIP","floor":29.0},{"not_picked":["Slice"],"picked":"SKIP","floor":31.0},{"not_picked":[],"picked":"Dash+1","floor":35.0},{"not_picked":["Slice+1"],"picked":"SKIP","floor":36.0},{"not_picked":["Caltrops"],"picked":"SKIP","floor":41.0},{"not_picked":["Dodge and Roll+1"],"picked":"SKIP","floor":45}],"player_experience":2369899,"relics_obtained":[{"floor":7.0,"key":"Whetstone"},{"floor":9.0,"key":"Snake Skull"},{"floor":14.0,"key":"Blood Vial"},{"floor":26.0,"key":"The Courier"},{"floor":31.0,"key":"War Paint"},{"floor":37.0,"key":"Ginger"}],"event_choices":[{"damage_healed":0.0,"max_hp_gain":0.0,"max_hp_loss":0.0,"gold_gain":0.0,"event_name":"Liars Game","player_choice":"Ignored","floor":3.0,"gold_loss":0.0,"damage_taken":0.0},{"damage_healed":0.0,"max_hp_gain":0.0,"max_hp_loss":0.0,"gold_gain":0.0,"event_name":"The Woman in Blue","player_choice":"Bought 1 Potion","floor":5.0,"gold_loss":0.0,"damage_taken":0.0},{"damage_healed":0.0,"max_hp_gain":0.0,"max_hp_loss":0.0,"gold_gain":0.0,"event_name":"MindBloom","player_choice":"Fight","floor":37.0,"gold_loss":0.0,"damage_taken":0.0},{"damage_healed":0.0,"max_hp_gain":0.0,"max_hp_loss":0.0,"gold_gain":0.0,"event_name":"Tomb of Lord Red Mask","player_choice":"Ignored","floor":38.0,"gold_loss":0.0,"damage_taken":0.0},{"damage_healed":0.0,"max_hp_gain":0.0,"max_hp_loss":0.0,"gold_gain":0.0,"event_name":"Upgrade Shrine","player_choice":"Upgraded","floor":39.0,"gold_loss":0.0,"damage_taken":0.0,"cards_upgraded":["Defend_G"]},{"cards_removed":["Strike_G"],"damage_healed":0.0,"max_hp_gain":0.0,"max_hp_loss":0.0,"gold_gain":0.0,"event_name":"Falling","player_choice":"Removed Attack","floor":44.0,"gold_loss":0.0,"damage_taken":0.0}],"is_beta":false,"boss_relics":[{"not_picked":["Philosopher\u0027s Stone","Tiny House"],"picked":"Busted Crown"},{"not_picked":["Black Star","Ectoplasm"],"picked":"Fusion Hammer"}],"items_purged_floors":[12,46],"is_endless":false,"potions_floor_spawned":[4,7,16,18,27,33,35,37],"killed_by":"Reptomancer","ascension_level":22}