{"gold_per_floor":[119,119,119,44,62,62,91,101,101,176,190,210,210,160,160,234,234,244,194,209,159,175,175,65,65,65,85,98,113,147,158,158,237,237,252,299,249,249,249,284,284,309,309,36,46,81,92,166,166,166,166,166,166,116,141,141],"floor_reached":57,"playtime":1552,"items_purged":["Strike_G","Strike_G","Strike_G","Strike_G","Sucker Punch","Finisher","Predator"],"score":3195,"play_id":"913c3e73-ce66-49fe-a0cc-639a49bc6329","local_time":"20190409114156","is_ascension_mode":true,"campfire_choices":[{"data":"Neutralize","floor":6.0,"key":"SMITH"},{"data":"Catalyst","floor":13.0,"key":"SMITH"},{"data":"Deadly Poison","floor":15.0,"key":"SMITH"},{"data":"Burst","floor":23.0,"key":"SMITH"},{"data":"Survivor","floor":25.0,"key":"SMITH"},{"data":"Backflip","floor":32.0,"key":"SMITH"},{"data":"Bouncing Flask","floor":41.0,"key":"SMITH"},{"floor":49.0,"key":"RECALL"},{"data":"Malaise","floor":53.0,"key":"SMITH"}],"neow_cost":"NONE","seed_source_timestamp":770651810753,"circlet_count":0,"master_deck":["AscendersBane","Survivor+1","Neutralize+1","Poisoned Stab+1","Deadly Poison+1","Catalyst+1","Burst+1","Backflip+1","Malaise+1","Bouncing Flask+1","Wraith Form v2+1","Blur","Warcry+1","Burning Pact+1","Tools of the Trade+1"],"special_seed":0,"relics":["Ring of the Snake","NeowsBlessing","Frozen Egg 2","Smiling Mask","Singing Bowl","Runic Pyramid","Paper Crane","Pandora\u0027s Box","Girya","Bronze Scales","Omamori","The Specimen","PrismaticShard","Snake Skull","Meat on the Bone","Nunchaku"],"potions_floor_usage":[],"damage_taken":[{"damage":0.0,"enemies":"Cultist","floor":1.0,"turns":1.0},{"damage":0.0,"enemies":"2 Louse","floor":5.0,"turns":1.0},{"damage":0.0,"enemies":"3 Sentries","floor":7.0,"turns":1.0},{"damage":0.0,"enemies":"Small Slimes","floor":8.0,"turns":3.0},{"damage":10.0,"enemies":"Exordium Thugs","floor":11.0,"turns":5.0},{"damage":0.0,"enemies":"Gremlin Gang","floor":12.0,"turns":2.0},{"damage":0.0,"enemies":"The Guardian","floor":16.0,"turns":7.0},{"damage":15.0,"enemies":"Shell Parasite","floor":18.0,"turns":2.0},{"damage":0.0,"enemies":"2 Thieves","floor":20.0,"turns":4.0},{"damage":0.0,"enemies":"Sentry and Sphere","floor":22.0,"turns":6.0},{"damage":0.0,"enemies":"Snecko","floor":27.0,"turns":3.0},{"damage":3.0,"enemies":"Centurion and Healer","floor":28.0,"turns":6.0},{"damage":0.0,"enemies":"Snake Plant","floor":29.0,"turns":2.0},{"damage":33.0,"enemies":"Slavers","floor":30.0,"turns":10.0},{"damage":0.0,"enemies":"3 Cultists","floor":31.0,"turns":7.0},{"damage":0.0,"enemies":"Champ","floor":33.0,"turns":5.0},{"damage":0.0,"enemies":"Orb Walker","floor":35.0,"turns":1.0},{"damage":13.0,"enemies":"2 Orb Walkers","floor":36.0,"turns":5.0},{"damage":0.0,"enemies":"Giant Head","floor":40.0,"turns":4.0},{"damage":1.0,"enemies":"Nemesis","floor":42.0,"turns":3.0},{"damage":1.0,"enemies":"3 Shapes","floor":45.0,"turns":4.0},{"damage":0.0,"enemies":"Giant Head","floor":46.0,"turns":5.0},{"damage":0.0,"enemies":"Spire Growth","floor":47.0,"turns":4.0},{"damage":13.0,"enemies":"Awakened One","floor":50.0,"turns":8.0},{"damage":20.0,"enemies":"Donu and Deca","floor":51.0,"turns":6.0},{"damage":12,"enemies":"Shield and Spear","floor":55,"turns":4},{"damage":18,"enemies":"The Heart","floor":56,"turns":5}],"seed_played":"5923369453280498364","potions_obtained":[{"floor":1.0,"key":"GamblersBrew"},{"floor":8.0,"key":"Explosive Potion"},{"floor":12.0,"key":"Weak Potion"},{"floor":16.0,"key":"SteroidPotion"},{"floor":18.0,"key":"GhostInAJar"},{"floor":22.0,"key":"Poison Potion"},{"floor":29.0,"key":"Weak Potion"},{"floor":35.0,"key":"Ancient Potion"},{"floor":36.0,"key":"SteroidPotion"}],"is_trial":false,"path_per_floor":["M","T","?","$","M","R","E","M","T","?","M","M","R","$","R","B",null,"M","$","M","$","M","R","?","R","T","M","M","M","E","M","R","B",null,"M","?","$","?","?","E","R","E","T","$","M","E","M","T","R","B","B",null,"R","$","E","B",null],"character_chosen":"THE_SILENT","items_purchased":["PrismaticShard"],"campfire_rested":0,"item_purchase_floors":[44],"current_hp_per_floor":[59,59,39,39,39,39,39,39,39,28,20,20,20,20,20,20,56,43,43,45,45,47,47,47,47,47,49,48,50,17,19,19,19,66,68,57,57,57,57,59,59,60,60,60,59,59,61,61,61,48,40,76,76,76,64,46],"gold":141,"neow_bonus":"THREE_ENEMY_KILL","is_prod":false,"is_daily":false,"chose_seed":false,"campfire_upgraded":8,"win_rate":0,"timestamp":1554781316,"path_taken":["M","?","?","$","M","R","E","M","T","?","?","M","R","?","R","BOSS","M","$","M","$","?","R","?","R","T","M","M","?","E","M","R","BOSS","M","?","$","?","?","E","R","E","T","?","?","E","M","?","R","BOSS","BOSS","R","$","E","BOSS"],"build_version":"2019-01-23","purchased_purges":7,"victory":true,"max_hp_per_floor":[66,66,66,66,66,66,66,66,66,66,68,68,68,68,68,68,68,70,70,72,72,74,74,74,74,74,76,78,80,80,82,82,82,82,84,86,86,86,82,84,84,86,86,86,86,86,88,88,88,88,88,88,88,88,88,88],"card_choices":[{"not_picked":["Escape Plan","Dodge and Roll"],"picked":"Poisoned Stab","floor":1.0},{"not_picked":["Skewer","Prepared","Dodge and Roll"],"picked":"SKIP","floor":5.0},{"not_picked":["Backflip","Blade Dance"],"picked":"Finisher","floor":7.0},{"not_picked":["Unload","Finisher"],"picked":"Deadly Poison","floor":8.0},{"not_picked":["Deadly Poison","Underhanded Strike","Poisoned Stab"],"picked":"Singing Bowl","floor":11.0},{"not_picked":["Slice","Quick Slash"],"picked":"Catalyst","floor":12.0},{"not_picked":["Doppelganger","Bullet Time"],"picked":"Burst","floor":16.0},{"not_picked":["Dagger Throw","Bane","Noxious Fumes+1"],"picked":"Singing Bowl","floor":18.0},{"not_picked":["Acrobatics","Doppelganger","Sucker Punch"],"picked":"Singing Bowl","floor":20.0},{"not_picked":["Dagger Throw+1","Bane","PiercingWail"],"picked":"Singing Bowl","floor":22.0},{"not_picked":["Underhanded Strike+1","Dash","Choke"],"picked":"Singing Bowl","floor":27.0},{"not_picked":["All Out Attack","Bane","Blade Dance+1"],"picked":"Singing Bowl","floor":28.0},{"not_picked":["Quick Slash","Finisher","Heel Hook"],"picked":"Singing Bowl","floor":29.0},{"not_picked":["Sucker Punch","Dagger Throw"],"picked":"Backflip","floor":30.0},{"not_picked":["Blade Dance","Underhanded Strike","PiercingWail"],"picked":"Singing Bowl","floor":31.0},{"not_picked":["Glass Knife","Burst"],"picked":"Malaise","floor":33.0},{"not_picked":["Quick Slash+1","Blade Dance","Acrobatics"],"picked":"Singing Bowl","floor":35.0},{"not_picked":["Dodge and Roll","PiercingWail","Escape Plan"],"picked":"Singing Bowl","floor":36.0},{"not_picked":["Backflip","Terror+1","Acrobatics+1"],"picked":"Singing Bowl","floor":40.0},{"not_picked":["Die Die Die","Backflip+1","Quick Slash"],"picked":"Singing Bowl","floor":42.0},{"not_picked":["Bane+1","Steam"],"picked":"Warcry+1","floor":45.0},{"not_picked":["Clothesline","Flex+1"],"picked":"Burning Pact+1","floor":46.0},{"not_picked":["Coolheaded","Sweeping Beam+1","Perfected Strike"],"picked":"Singing Bowl","floor":47.0},{"not_picked":["Chaos+1","Shrug It Off"],"picked":"Tools of the Trade+1","floor":55}],"player_experience":4178350,"relics_obtained":[{"floor":2.0,"key":"Frozen Egg 2"},{"floor":7.0,"key":"Smiling Mask"},{"floor":9.0,"key":"Singing Bowl"},{"floor":30.0,"key":"Paper Crane"},{"floor":36.0,"key":"Girya"},{"floor":40.0,"key":"Bronze Scales"},{"floor":42.0,"key":"Omamori"},{"floor":43.0,"key":"The Specimen"},{"floor":46.0,"key":"Snake Skull"},{"floor":48.0,"key":"Meat on the Bone"},{"floor":55,"key":"Nunchaku"}],"event_choices":[{"damage_healed":0.0,"max_hp_gain":0.0,"max_hp_loss":0.0,"gold_gain":0.0,"event_name":"Shining Light","player_choice":"Entered Light","floor":3.0,"gold_loss":0.0,"damage_taken":20.0,"cards_upgraded":["Defend_G","Poisoned Stab"]},{"damage_healed":0.0,"max_hp_gain":0.0,"max_hp_loss":0.0,"gold_gain":75.0,"event_name":"World of Goop","player_choice":"Gather Gold","floor":10.0,"gold_loss":0.0,"damage_taken":11.0},{"cards_removed":["Strike_G"],"damage_healed":0.0,"max_hp_gain":0.0,"max_hp_loss":0.0,"gold_gain":0.0,"event_name":"Designer","player_choice":"Upgrade and Remove","floor":24.0,"gold_loss":110.0,"damage_taken":0.0,"cards_upgraded":["Defend_G"]},{"damage_healed":0.0,"max_hp_gain":0.0,"max_hp_loss":0.0,"gold_gain":0.0,"event_name":"Mysterious Sphere","player_choice":"Fight","floor":36.0,"gold_loss":0.0,"damage_taken":0.0},{"damage_healed":0.0,"max_hp_gain":0.0,"max_hp_loss":0.0,"gold_gain":0.0,"event_name":"Tomb of Lord Red Mask","player_choice":"Ignored","floor":38.0,"gold_loss":0.0,"damage_taken":0.0},{"damage_healed":0.0,"max_hp_gain":0.0,"max_hp_loss":4.0,"gold_gain":0.0,"event_name":"Winding Halls","player_choice":"Max HP","floor":39.0,"gold_loss":0.0,"damage_taken":0.0}],"is_beta":false,"boss_relics":[{"not_picked":["Tiny House","Busted Crown"],"picked":"Runic Pyramid"},{"not_picked":["Philosopher\u0027s Stone","Ring of the Serpent"],"picked":"Pandora\u0027s Box"}],"items_purged_floors":[4,14,19,21,37,44,54],"is_endless":false,"potions_floor_spawned":[1,8,11,12,16,18,22,29,35,36,42,47],"ascension_level":20}