{"gold_per_floor":[366,366,641,198,210,230,248,248,248,198,210,210,210,222,222,327,327,338,351,37,37,53,53,81,99,99,99,99,99,133,147,147,243,243,260,170,185,198,73,73,86,101,124,142,161,173,23,245,245,245],"floor_reached":51,"playtime":3174,"items_purged":["Regret","Strike_G","Defend_G"],"score":813,"play_id":"3ff90d9e-72ae-4b09-a056-61ce740094f1","local_time":"20181018121543","is_ascension_mode":false,"campfire_choices":[{"data":"Noxious Fumes","floor":8.0,"key":"SMITH"},{"data":"Deadly Poison","floor":13.0,"key":"SMITH"},{"data":"Neutralize","floor":15.0,"key":"SMITH"},{"data":"Apotheosis","floor":23,"key":"SMITH"},{"data":"Footwork","floor":27,"key":"SMITH"},{"data":"Leg Sweep","floor":29,"key":"SMITH"},{"data":"Adrenaline","floor":32,"key":"SMITH"},{"data":"Defend_G","floor":40,"key":"SMITH"},{"data":"Adrenaline","floor":49,"key":"SMITH"}],"neow_cost":"PERCENT_DAMAGE","seed_source_timestamp":10310571551689,"circlet_count":0,"master_deck":["Defend_G+1","Defend_G","Defend_G","Strike_G","Strike_G","Survivor","Neutralize+1","Deadly Poison+1","Noxious Fumes+1","Escape Plan","Venomology","Leg Sweep+1","Backflip+1","Footwork+1","Apotheosis+1","Concentrate+1","Footwork+1","Catalyst","Adrenaline+1","Adrenaline+1","Catalyst+1","Blur+1","Backflip+1","Leg Sweep","Predator+1","Backflip+1","Adrenaline+1"],"special_seed":0,"relics":["Ring of the Snake","Omamori","Blood Vial","Pantograph","Runic Pyramid","Red Mask","Oddly Smooth Stone","Molten Egg 2","Coffee Dripper","Potion Belt"],"potions_floor_usage":[22,24,25,30,35,37,38,41,42,45,45,50,50,50],"damage_taken":[{"damage":0.0,"enemies":"Cultist","floor":1.0,"turns":5.0},{"damage":0.0,"enemies":"Small Slimes","floor":5.0,"turns":3.0},{"damage":6.0,"enemies":"Jaw Worm","floor":6.0,"turns":5.0},{"damage":0.0,"enemies":"Lots of Slimes","floor":7.0,"turns":2.0},{"damage":3.0,"enemies":"Blue Slaver","floor":11.0,"turns":4.0},{"damage":11.0,"enemies":"Looter","floor":14.0,"turns":4.0},{"damage":16.0,"enemies":"The Guardian","floor":16.0,"turns":9.0},{"damage":0.0,"enemies":"Chosen","floor":18.0,"turns":5.0},{"damage":6.0,"enemies":"3 Byrds","floor":19.0,"turns":5.0},{"damage":1,"enemies":"Colosseum Slavers","floor":21,"turns":8},{"damage":0,"enemies":"Snake Plant","floor":22,"turns":6},{"damage":10,"enemies":"Masked Bandits","floor":24,"turns":7},{"damage":0,"enemies":"Shelled Parasite and Fungi","floor":25,"turns":6},{"damage":0,"enemies":"Book of Stabbing","floor":30,"turns":7},{"damage":0,"enemies":"Centurion and Healer","floor":31,"turns":6},{"damage":0,"enemies":"Automaton","floor":33,"turns":8},{"damage":0,"enemies":"3 Darklings","floor":35,"turns":7},{"damage":0,"enemies":"3 Shapes","floor":37,"turns":5},{"damage":0,"enemies":"Transient","floor":38,"turns":5},{"damage":0,"enemies":"Reptomancer","floor":41,"turns":3},{"damage":0,"enemies":"Maw","floor":42,"turns":5},{"damage":0,"enemies":"4 Shapes","floor":44,"turns":4},{"damage":0,"enemies":"Spire Growth","floor":45,"turns":3},{"damage":0,"enemies":"Sphere and 2 Shapes","floor":46,"turns":3},{"damage":0,"enemies":"Time Eater","floor":50,"turns":5}],"seed_played":"5595140877272767110","potions_obtained":[{"floor":5.0,"key":"Explosive Potion"},{"floor":6.0,"key":"Energy Potion"},{"floor":38,"key":"GhostInAJar"},{"floor":44,"key":"Weak Potion"},{"floor":46,"key":"Dexterity Potion"}],"is_trial":false,"path_per_floor":["M","?","?","$","M","M","M","R","T","?","M","?","R","M","R","B",null,"M","M","$","?","M","R","?","M","T","R","$","R","E","M","R","B",null,"M","?","M","M","$","R","M","M","T","M","M","M","$","?","R","B"],"character_chosen":"THE_SILENT","items_purchased":["Noxious Fumes","Omamori","Blood Vial","Footwork","Apotheosis","Adrenaline"],"campfire_rested":0,"item_purchase_floors":[4,4,4,20,20,47],"current_hp_per_floor":[49,49,49,49,51,47,49,49,49,49,48,48,48,39,39,50,70,70,64,64,65,67,67,59,61,61,61,61,61,63,65,65,70,70,70,70,70,70,70,70,70,70,70,70,70,70,70,70,70,70],"gold":245,"neow_bonus":"TWO_FIFTY_GOLD","is_prod":false,"is_daily":false,"chose_seed":false,"campfire_upgraded":9,"win_rate":0,"timestamp":1539836143,"path_taken":["M","?","?","$","M","M","M","R","T","?","M","?","R","M","R","BOSS","M","M","$","?","M","R","?","M","T","R","$","R","E","M","R","BOSS","M","?","?","M","$","R","M","M","T","M","?","M","$","?","R","BOSS"],"build_version":"2018-10-11","purchased_purges":3,"victory":true,"max_hp_per_floor":[70,70,70,70,70,70,70,70,70,70,70,70,70,70,70,70,70,70,70,70,70,70,70,70,70,70,70,70,70,70,70,70,70,70,70,70,70,70,70,70,70,70,70,70,70,70,70,70,70,70],"card_choices":[{"not_picked":["Cloak And Dagger","Quick Slash"],"picked":"Deadly Poison","floor":1.0},{"not_picked":["Infinite Blades","Poisoned Stab"],"picked":"Escape Plan","floor":5.0},{"not_picked":["Terror","Cloak And Dagger","Blade Dance"],"picked":"SKIP","floor":6.0},{"not_picked":["Deflect","Acrobatics","Dagger Spray"],"picked":"SKIP","floor":7.0},{"not_picked":["Flying Knee","Storm of Steel","Outmaneuver"],"picked":"SKIP","floor":11.0},{"not_picked":["Infinite Blades","Eviscerate","Sucker Punch"],"picked":"SKIP","floor":14.0},{"not_picked":["Bullet Time","Glass Knife"],"picked":"Venomology","floor":16.0},{"not_picked":["Slice","Blur"],"picked":"Leg Sweep","floor":18.0},{"not_picked":["Dagger Throw","Underhanded Strike"],"picked":"Backflip+1","floor":19.0},{"not_picked":["Underhanded Strike","Cloak And Dagger"],"picked":"Concentrate+1","floor":22},{"not_picked":["Underhanded Strike","Outmaneuver"],"picked":"Footwork+1","floor":24},{"not_picked":["Cloak And Dagger+1","Dagger Throw","Accuracy"],"picked":"SKIP","floor":25},{"not_picked":["Well Laid Plans","Blade Dance+1"],"picked":"Catalyst","floor":30},{"not_picked":["Quick Slash+1","Outmaneuver"],"picked":"Adrenaline","floor":31},{"not_picked":["Doppelganger","Venomology"],"picked":"Adrenaline","floor":33},{"not_picked":["Tactician+1","Dagger Spray+1"],"picked":"Catalyst+1","floor":35},{"not_picked":["Well Laid Plans","Escape Plan"],"picked":"Blur+1","floor":37},{"not_picked":["Accuracy","Flying Knee+1","Dagger Throw+1"],"picked":"SKIP","floor":38},{"not_picked":["Dodge and Roll+1","Dagger Spray+1"],"picked":"Backflip+1","floor":41},{"not_picked":["Dash+1","Sucker Punch+1"],"picked":"Leg Sweep","floor":42},{"not_picked":["Deflect+1","Blade Dance"],"picked":"Predator+1","floor":44},{"not_picked":["Underhanded Strike+1","Eviscerate+1","Dash+1"],"picked":"SKIP","floor":45},{"not_picked":["Blade Dance","All Out Attack+1"],"picked":"Backflip+1","floor":46}],"player_experience":320818,"relics_obtained":[{"floor":9.0,"key":"Pantograph"},{"floor":24,"key":"Red Mask"},{"floor":26,"key":"Oddly Smooth Stone"},{"floor":30,"key":"Molten Egg 2"},{"floor":43,"key":"Potion Belt"}],"event_choices":[{"event_name":"The Woman in Blue","player_choice":"Bought 0 Potions","floor":2.0,"damage_taken":0.0},{"event_name":"Golden Shrine","player_choice":"Desecrate","floor":3.0,"damage_taken":0.0},{"event_name":"The Cleric","player_choice":"Card Removal","floor":10.0,"damage_taken":0.0},{"event_name":"Bonfire Elementals","player_choice":"BASIC","floor":12.0,"damage_taken":0.0},{"event_name":"Colosseum","player_choice":"Fight","floor":21,"damage_taken":0},{"event_name":"Colosseum","player_choice":"Fled From Nobs","floor":21,"damage_taken":0},{"event_name":"Masked Bandits","player_choice":"Fought Bandits","floor":24,"damage_taken":0},{"event_name":"Designer","player_choice":"Full Service","floor":36,"damage_taken":0},{"event_name":"Tomb of Lord Red Mask","player_choice":"Wore Mask","floor":48,"damage_taken":0}],"is_beta":false,"boss_relics":[{"not_picked":["Sozu","Lizard Tail"],"picked":"Runic Pyramid"},{"not_picked":["Calling Bell","Fusion Hammer"],"picked":"Coffee Dripper"}],"items_purged_floors":[4,20,39],"is_endless":false,"potions_floor_spawned":[5,6,19,24,31,35,38,44,46],"ascension_level":0}