{"gold_per_floor":[109,123,123,37,37,37,112,112,190,34,53,53,53,83,83,83],"floor_reached":16,"playtime":625,"items_purged":["Strike_R"],"score":192,"play_id":"05d060be-fb43-4de5-af7b-09805e2e75a8","local_time":"20190109122226","is_ascension_mode":true,"campfire_choices":[{"data":"True Grit","floor":6.0,"key":"SMITH"},{"data":"Barricade","floor":8.0,"key":"SMITH"},{"data":"Armaments","floor":15,"key":"SMITH"}],"neow_cost":"TEN_PERCENT_HP_LOSS","seed_source_timestamp":592536898536,"circlet_count":0,"master_deck":["AscendersBane","Strike_R","Strike_R","Strike_R","Defend_R","Defend_R","Defend_R","Defend_R","Bash","Barricade+1","True Grit+1","Armaments+1","Power Through","Feed","Evolve","Parasite","Searing Blow"],"special_seed":0,"relics":["Burning Blood","Champion Belt","Juzu Bracelet","Potion Belt"],"potions_floor_usage":[],"damage_taken":[{"damage":14.0,"enemies":"Small Slimes","floor":1.0,"turns":6.0},{"damage":1.0,"enemies":"2 Louse","floor":2.0,"turns":3.0},{"damage":2.0,"enemies":"Jaw Worm","floor":11.0,"turns":25.0},{"damage":5,"enemies":"Lagavulin","floor":14,"turns":13},{"damage":0,"enemies":"Hexaghost","floor":16,"turns":1}],"seed_played":"4999303148347273971","potions_obtained":[{"floor":11.0,"key":"Regen Potion"},{"floor":14,"key":"Fire Potion"}],"is_trial":false,"path_per_floor":["M","M","?","$","?","R","?","R","T","$","M","?","T","E","R","B"],"character_chosen":"IRONCLAD","items_purchased":["Power Through","Evolve"],"campfire_rested":0,"item_purchase_floors":[4,10],"current_hp_per_floor":[60,65,39,39,39,39,28,28,28,28,36,54,54,58,58,58],"gold":83,"neow_bonus":"THREE_RARE_CARDS","is_prod":false,"is_daily":false,"chose_seed":false,"campfire_upgraded":3,"win_rate":0,"timestamp":1547007746,"path_taken":["M","M","?","$","?","R","?","R","T","$","M","?","?","E","R","BOSS"],"build_version":"2019-01-03v4","purchased_purges":1,"victory":false,"max_hp_per_floor":[68,68,68,68,68,68,68,68,68,68,72,72,72,75,75,75],"card_choices":[{"not_picked":["Fiend Fire","Brutality"],"picked":"Barricade","floor":0.0},{"not_picked":["Flex","Cleave"],"picked":"True Grit","floor":1.0},{"not_picked":["Pummel","Headbutt"],"picked":"Armaments","floor":2.0},{"not_picked":["Armaments","Iron Wave","Flame Barrier"],"picked":"SKIP","floor":11.0},{"not_picked":["Rupture","Twin Strike"],"picked":"Searing Blow","floor":14}],"player_experience":1872817,"relics_obtained":[{"floor":13,"key":"Juzu Bracelet"},{"floor":14,"key":"Potion Belt"}],"event_choices":[{"damage_healed":0.0,"max_hp_gain":0.0,"max_hp_loss":0.0,"gold_gain":0.0,"event_name":"Scrap Ooze","player_choice":"Success","floor":3.0,"gold_loss":0.0,"damage_taken":26.0,"relics_obtained":["Champion Belt"]},{"damage_healed":0.0,"max_hp_gain":0.0,"max_hp_loss":0.0,"gold_gain":0.0,"cards_transformed":["Strike_R"],"event_name":"Living Wall","player_choice":"Change","floor":5.0,"gold_loss":0.0,"damage_taken":0.0,"cards_obtained":["Feed"]},{"damage_healed":0.0,"max_hp_gain":0.0,"max_hp_loss":0.0,"gold_gain":75.0,"event_name":"World of Goop","player_choice":"Gather Gold","floor":7.0,"gold_loss":0.0,"damage_taken":11.0},{"damage_healed":18,"gold_gain":0,"player_choice":"Healed and dodged fight","damage_taken":0,"max_hp_gain":0,"max_hp_loss":0,"event_name":"Mushrooms","floor":12,"gold_loss":0,"cards_obtained":["Parasite"]}],"is_beta":false,"boss_relics":[],"items_purged_floors":[10],"is_endless":false,"potions_floor_spawned":[11,14],"killed_by":"Hexaghost","ascension_level":20}