{"gold_per_floor":[119,119,44,64,39,39,57,84,132,132,162,162,162,178,178,249,249,262,262,262,233,233,260,260,260],"floor_reached":25,"playtime":818,"items_purged":["Strike_G"],"score":454,"play_id":"131f1224-bf16-4f0f-9946-8619a869ad81","local_time":"20190417205037","is_ascension_mode":true,"campfire_choices":[{"data":"Bouncing Flask","floor":6.0,"key":"SMITH"},{"data":"Noxious Fumes","floor":10.0,"key":"SMITH"},{"data":"Neutralize","floor":15.0,"key":"SMITH"},{"data":"Malaise","floor":24,"key":"SMITH"}],"neow_cost":"TEN_PERCENT_HP_LOSS","seed_source_timestamp":142764797981695,"circlet_count":0,"master_deck":["AscendersBane","Defend_G","Defend_G","Defend_G","Defend_G","Strike_G","Strike_G","Strike_G","Survivor","Neutralize+1","Bouncing Flask+1","Backflip","Malaise+1"],"special_seed":0,"relics":["Ring of the Snake","Regal Pillow","Nunchaku","Art of War","Girya","Philosopher\u0027s Stone","Mercury Hourglass"],"potions_floor_usage":[23],"damage_taken":[{"damage":0.0,"enemies":"Small Slimes","floor":1.0,"turns":3.0},{"damage":0.0,"enemies":"2 Louse","floor":4.0,"turns":3.0},{"damage":0.0,"enemies":"Cultist","floor":7.0,"turns":3.0},{"damage":21.0,"enemies":"Lagavulin","floor":8.0,"turns":6.0},{"damage":27.0,"enemies":"Gremlin Nob","floor":11.0,"turns":4.0},{"damage":16.0,"enemies":"3 Louse","floor":14.0,"turns":7.0},{"damage":30.0,"enemies":"The Guardian","floor":16.0,"turns":8.0},{"damage":10.0,"enemies":"Chosen","floor":18.0,"turns":5.0},{"damage":11.0,"enemies":"2 Thieves","floor":21.0,"turns":4.0},{"damage":24.0,"enemies":"Colosseum Slavers","floor":22.0,"turns":6.0},{"damage":11,"enemies":"Book of Stabbing","floor":23,"turns":7},{"damage":5,"enemies":"3 Cultists","floor":25,"turns":3}],"seed_played":"2335220741375976604","potions_obtained":[{"floor":4.0,"key":"Dexterity Potion"},{"floor":14.0,"key":"AttackPotion"},{"floor":23,"key":"Poison Potion"}],"is_trial":false,"path_per_floor":["M","?","$","M","$","R","M","E","T","R","E","?","?","M","R","B",null,"M","?","?","M","?","E","R","M"],"character_chosen":"THE_SILENT","items_purchased":["Backflip"],"campfire_rested":0,"item_purchase_floors":[5],"current_hp_per_floor":[59,54,54,54,54,54,54,33,33,33,6,6,60,44,44,14,49,39,51,51,40,16,5,5,0],"gold":260,"neow_bonus":"REMOVE_TWO","is_prod":false,"is_daily":false,"chose_seed":false,"campfire_upgraded":4,"win_rate":0,"timestamp":1555505437,"path_taken":["M","?","$","M","$","R","M","E","T","R","E","?","?","?","R","BOSS","M","?","?","?","?","E","R","M"],"build_version":"2019-01-23","purchased_purges":1,"victory":false,"max_hp_per_floor":[60,60,60,60,60,60,60,60,60,60,60,60,60,60,60,60,60,60,60,60,60,60,60,60,60],"card_choices":[{"not_picked":["Dagger Spray","Slice"],"picked":"Bouncing Flask","floor":1.0},{"not_picked":["Dagger Spray","Quick Slash","PiercingWail"],"picked":"SKIP","floor":4.0},{"not_picked":["Deflect","Caltrops"],"picked":"Noxious Fumes","floor":7.0},{"not_picked":["Heel Hook","Prepared","Finisher"],"picked":"SKIP","floor":8.0},{"not_picked":["Deadly Poison","Phantasmal Killer","Poisoned Stab"],"picked":"SKIP","floor":11.0},{"not_picked":["Bane","Predator","Outmaneuver"],"picked":"SKIP","floor":14.0},{"not_picked":["Tools of the Trade","Night Terror"],"picked":"Malaise","floor":16.0},{"not_picked":["Dagger Throw","Dash","Quick Slash"],"picked":"SKIP","floor":18.0},{"not_picked":["Blade Dance","Dodge and Roll","Terror"],"picked":"SKIP","floor":21.0},{"not_picked":["Bouncing Flask","Flying Knee","Acrobatics"],"picked":"SKIP","floor":23}],"player_experience":4367898,"relics_obtained":[{"floor":8.0,"key":"Nunchaku"},{"floor":9.0,"key":"Art of War"},{"floor":11.0,"key":"Girya"},{"floor":23,"key":"Mercury Hourglass"}],"event_choices":[{"damage_healed":0.0,"max_hp_gain":0.0,"max_hp_loss":0.0,"gold_gain":0.0,"event_name":"Scrap Ooze","player_choice":"Success","floor":2.0,"gold_loss":0.0,"damage_taken":5.0,"relics_obtained":["Regal Pillow"]},{"damage_healed":0.0,"max_hp_gain":0.0,"max_hp_loss":0.0,"gold_gain":0.0,"event_name":"Liars Game","player_choice":"Ignored","floor":12.0,"gold_loss":0.0,"damage_taken":0.0},{"cards_removed":["Noxious Fumes"],"damage_healed":54.0,"max_hp_gain":0.0,"max_hp_loss":0.0,"gold_gain":0.0,"event_name":"Bonfire Elementals","player_choice":"Offered Uncommon","floor":13.0,"gold_loss":0.0,"damage_taken":0.0},{"damage_healed":12.0,"max_hp_gain":0.0,"max_hp_loss":0.0,"gold_gain":0.0,"event_name":"The Library","player_choice":"Heal","floor":19.0,"gold_loss":0.0,"damage_taken":0.0},{"damage_healed":0.0,"max_hp_gain":0.0,"max_hp_loss":0.0,"gold_gain":0.0,"event_name":"The Mausoleum","player_choice":"Ignored","floor":20.0,"gold_loss":0.0,"damage_taken":0.0},{"damage_healed":0.0,"max_hp_gain":0.0,"max_hp_loss":0.0,"gold_gain":0.0,"event_name":"Colosseum","player_choice":"Fight","floor":22.0,"gold_loss":0.0,"damage_taken":0.0},{"damage_healed":0.0,"max_hp_gain":0.0,"max_hp_loss":0.0,"gold_gain":0.0,"event_name":"Colosseum","player_choice":"Fled From Nobs","floor":22.0,"gold_loss":0.0,"damage_taken":0.0}],"is_beta":false,"boss_relics":[{"not_picked":["Calling Bell","Ring of the Serpent"],"picked":"Philosopher\u0027s Stone"}],"items_purged_floors":[3],"is_endless":false,"potions_floor_spawned":[4,14,22,23],"killed_by":"3 Cultists","ascension_level":20}