{"gold_per_floor":[112,112,127,52,66,66,79,79,105,133,133,168,93,113,113,190,190,210,222,137,150,162,162,191,191,268,293,213,247,68,86,86,164,164,177,231,18,1017,1017,1017,1017,1042,1123,1123,1141,1141,1041,1041,1041,1041,1041,1041,1041,45,77,77],"floor_reached":57,"playtime":3648,"items_purged":["Strike_G","Strike_G","Normality","Normality"],"score":3213,"play_id":"9dd401a7-a995-44a1-985d-21c1d785592d","local_time":"20190306104920","is_ascension_mode":true,"campfire_choices":[{"data":"Glass Knife","floor":6.0,"key":"SMITH"},{"data":"Acrobatics","floor":8.0,"key":"SMITH"},{"data":"Well Laid Plans","floor":15.0,"key":"SMITH"},{"data":"Tactician","floor":23.0,"key":"SMITH"},{"data":"Blade Dance","floor":25.0,"key":"SMITH"},{"data":"Expertise","floor":32.0,"key":"SMITH"},{"data":"Concentrate","floor":41.0,"key":"SMITH"},{"data":"Cloak And Dagger","floor":44.0,"key":"SMITH"},{"floor":49.0,"key":"RECALL"},{"data":"Neutralize","floor":53.0,"key":"SMITH"}],"neow_cost":"NONE","seed_source_timestamp":0,"circlet_count":0,"master_deck":["AscendersBane","Defend_G","Defend_G","Defend_G","Survivor","Neutralize+1","Concentrate+1","Venomology","Acrobatics+1","Glass Knife+1","Malaise","Well Laid Plans+1","After Image","Footwork","Tactician+1","Escape Plan","Backflip+1","Blade Dance+1","Prepared+1","Escape Plan","Backstab+1","Expertise+1","After Image","Cloak And Dagger+1","Backstab+1","Tools of the Trade","Caltrops","Night Terror"],"special_seed":0,"relics":["Ring of the Snake","NeowsBlessing","Bag of Preparation","Juzu Bracelet","Dead Branch","Bronze Scales","Empty Cage","Centennial Puzzle","Bottled Tornado","The Courier","Prayer Wheel","Kunai","Chemical X","Black Star","Unceasing Top","Shuriken","Ornamental Fan","Calipers","Medical Kit","Lantern","Tingsha","Torii","Mango","Bottled Flame"],"potions_floor_usage":[55,56,56],"damage_taken":[{"damage":0.0,"enemies":"Small Slimes","floor":1.0,"turns":1.0},{"damage":0.0,"enemies":"Jaw Worm","floor":3.0,"turns":1.0},{"damage":0.0,"enemies":"Cultist","floor":5.0,"turns":1.0},{"damage":0.0,"enemies":"3 Louse","floor":7.0,"turns":4.0},{"damage":32.0,"enemies":"Gremlin Nob","floor":10.0,"turns":6.0},{"damage":7.0,"enemies":"Lagavulin","floor":12.0,"turns":6.0},{"damage":0.0,"enemies":"Looter","floor":14.0,"turns":4.0},{"damage":0.0,"enemies":"Hexaghost","floor":16.0,"turns":9.0},{"damage":0.0,"enemies":"Spheric Guardian","floor":18.0,"turns":3.0},{"damage":0.0,"enemies":"2 Thieves","floor":19.0,"turns":5.0},{"damage":0.0,"enemies":"Chosen and Byrds","floor":21.0,"turns":5.0},{"damage":0.0,"enemies":"Centurion and Healer","floor":22.0,"turns":6.0},{"damage":0.0,"enemies":"Gremlin Leader","floor":24.0,"turns":4.0},{"damage":0.0,"enemies":"Book of Stabbing","floor":27.0,"turns":4.0},{"damage":13.0,"enemies":"Slavers","floor":29.0,"turns":4.0},{"damage":0.0,"enemies":"3 Cultists","floor":31.0,"turns":4.0},{"damage":0.0,"enemies":"Champ","floor":33.0,"turns":10.0},{"damage":0.0,"enemies":"3 Darklings","floor":35.0,"turns":4.0},{"damage":0.0,"enemies":"2 Orb Walkers","floor":36.0,"turns":6.0},{"damage":7.0,"enemies":"Nemesis","floor":42.0,"turns":13.0},{"damage":0.0,"enemies":"Orb Walker","floor":45.0,"turns":3.0},{"damage":23.0,"enemies":"Time Eater","floor":50.0,"turns":15.0},{"damage":0.0,"enemies":"Awakened One","floor":51.0,"turns":11.0},{"damage":0,"enemies":"Shield and Spear","floor":55,"turns":6},{"damage":9,"enemies":"The Heart","floor":56,"turns":10}],"seed_played":"-4153606358750595156","potions_obtained":[{"floor":1.0,"key":"GhostInAJar"},{"floor":3.0,"key":"PowerPotion"},{"floor":10.0,"key":"PowerPotion"},{"floor":14.0,"key":"LiquidBronze"},{"floor":21.0,"key":"SteroidPotion"},{"floor":29.0,"key":"SkillPotion"},{"floor":35.0,"key":"Energy Potion"},{"floor":42.0,"key":"GhostInAJar"},{"floor":55,"key":"Ancient Potion"}],"is_trial":false,"path_per_floor":["M","?","M","$","M","R","M","R","T","E","T","E","?","M","R","B",null,"M","M","?","M","M","R","E","R","T","E","$","E","$","M","R","B",null,"M","?","$","?","?","?","R","E","T","R","M","?","$","?","R","B","B",null,"R","$","E","B",null],"character_chosen":"THE_SILENT","items_purchased":["Chemical X","Shuriken","Medical Kit","Lantern","Tingsha","Torii","Caltrops"],"campfire_rested":0,"item_purchase_floors":[30,37,54,54,54,54,54],"current_hp_per_floor":[59,59,59,59,59,59,59,59,59,27,27,20,20,20,20,20,55,55,55,55,55,55,55,55,55,55,55,55,42,42,42,42,42,60,60,60,60,60,60,60,60,63,63,63,63,63,63,63,63,55,55,61,61,61,75,66],"gold":77,"neow_bonus":"THREE_ENEMY_KILL","is_prod":false,"is_daily":false,"chose_seed":false,"campfire_upgraded":9,"win_rate":0,"timestamp":1551840560,"path_taken":["M","?","M","$","M","R","M","R","T","E","?","E","?","M","R","BOSS","M","M","?","M","M","R","E","R","T","E","$","E","$","M","R","BOSS","M","?","$","?","?","?","R","E","T","R","M","?","$","?","R","BOSS","BOSS","R","$","E","BOSS"],"build_version":"2019-01-23","purchased_purges":4,"victory":true,"max_hp_per_floor":[66,66,66,66,66,66,66,66,66,66,66,66,66,66,66,66,66,66,66,66,66,66,66,66,66,66,66,66,66,66,66,66,66,66,66,66,66,66,66,63,63,63,63,63,63,63,63,63,63,63,63,63,63,63,77,77],"card_choices":[{"not_picked":["Choke","Flechettes"],"picked":"Concentrate","floor":1.0},{"not_picked":["Underhanded Strike","Poisoned Stab"],"picked":"Acrobatics","floor":3.0},{"not_picked":["Bane","Deflect"],"picked":"Glass Knife","floor":5.0},{"not_picked":["Deflect","Dodge and Roll","Dagger Throw"],"picked":"SKIP","floor":7.0},{"not_picked":["Outmaneuver","Quick Slash"],"picked":"Malaise","floor":10.0},{"not_picked":["Eviscerate","Underhanded Strike"],"picked":"Well Laid Plans","floor":12.0},{"not_picked":["Prepared","Outmaneuver","Slice"],"picked":"SKIP","floor":14.0},{"not_picked":["Unload","Tools of the Trade"],"picked":"After Image","floor":16.0},{"not_picked":["Deadly Poison","Dagger Spray"],"picked":"Footwork","floor":18.0},{"not_picked":["Quick Slash+1","Cloak And Dagger"],"picked":"Tactician","floor":19.0},{"not_picked":["Dagger Spray","Bane"],"picked":"Escape Plan","floor":21.0},{"not_picked":["Prepared","Slice"],"picked":"Backflip+1","floor":22.0},{"not_picked":["Poisoned Stab","Glass Knife"],"picked":"Blade Dance","floor":24.0},{"not_picked":["Dagger Throw","Escape Plan"],"picked":"Prepared+1","floor":27.0},{"not_picked":["Quick Slash","Skewer"],"picked":"Escape Plan","floor":29.0},{"not_picked":["Prepared+1","Bouncing Flask"],"picked":"Backstab+1","floor":31.0},{"not_picked":["Outmaneuver","Acrobatics"],"picked":"Expertise","floor":31.0},{"not_picked":["Adrenaline","Unload"],"picked":"After Image","floor":33.0},{"not_picked":["Blade Dance","Leg Sweep","Backflip"],"picked":"SKIP","floor":35.0},{"not_picked":["Catalyst","Bane","Blade Dance"],"picked":"SKIP","floor":35.0},{"not_picked":["Sucker Punch","Cloak And Dagger","Bane"],"picked":"SKIP","floor":42.0},{"not_picked":["Sucker Punch","Bane"],"picked":"Cloak And Dagger","floor":42.0},{"not_picked":["Terror","Dagger Spray"],"picked":"Backstab+1","floor":45.0},{"not_picked":["Bane","Underhanded Strike+1","Dagger Spray"],"picked":"SKIP","floor":45.0},{"not_picked":["Outmaneuver","Setup+1"],"picked":"Night Terror","floor":55}],"player_experience":3346511,"relics_obtained":[{"floor":9.0,"key":"Bag of Preparation"},{"floor":10.0,"key":"Juzu Bracelet"},{"floor":11.0,"key":"Dead Branch"},{"floor":12.0,"key":"Bronze Scales"},{"floor":24.0,"key":"Bottled Tornado"},{"floor":26.0,"key":"The Courier"},{"floor":27.0,"key":"Prayer Wheel"},{"floor":29.0,"key":"Kunai"},{"floor":36.0,"key":"Unceasing Top"},{"floor":42.0,"key":"Ornamental Fan"},{"floor":42.0,"key":"Calipers"},{"floor":55,"key":"Mango"},{"floor":55,"key":"Bottled Flame"}],"event_choices":[{"damage_healed":0.0,"max_hp_gain":0.0,"max_hp_loss":0.0,"gold_gain":0.0,"cards_transformed":["Strike_G"],"event_name":"Living Wall","player_choice":"Change","floor":2.0,"gold_loss":0.0,"damage_taken":0.0,"cards_obtained":["Venomology"]},{"cards_removed":["Strike_G"],"damage_healed":0.0,"max_hp_gain":0.0,"max_hp_loss":0.0,"gold_gain":0.0,"event_name":"The Cleric","player_choice":"Card Removal","floor":13.0,"gold_loss":75.0,"damage_taken":0.0},{"damage_healed":0.0,"max_hp_gain":0.0,"max_hp_loss":0.0,"gold_gain":0.0,"event_name":"Addict","player_choice":"Obtained Relic","floor":20.0,"gold_loss":85.0,"damage_taken":0.0,"relics_obtained":["Centennial Puzzle"]},{"damage_healed":0.0,"max_hp_gain":0.0,"max_hp_loss":0.0,"gold_gain":0.0,"event_name":"Mysterious Sphere","player_choice":"Fight","floor":36.0,"gold_loss":0.0,"damage_taken":0.0},{"damage_healed":0.0,"max_hp_gain":0.0,"max_hp_loss":0.0,"gold_gain":999.0,"event_name":"MindBloom","player_choice":"Gold","floor":38.0,"gold_loss":0.0,"damage_taken":0.0,"cards_obtained":["Normality","Normality"]},{"cards_removed":["Defend_G"],"damage_healed":0.0,"max_hp_gain":0.0,"max_hp_loss":0.0,"gold_gain":0.0,"event_name":"Falling","player_choice":"Removed Skill","floor":39.0,"gold_loss":0.0,"damage_taken":0.0},{"damage_healed":0.0,"max_hp_gain":0.0,"max_hp_loss":3.0,"gold_gain":0.0,"event_name":"Winding Halls","player_choice":"Max HP","floor":40.0,"gold_loss":0.0,"damage_taken":0.0},{"damage_healed":0.0,"max_hp_gain":0.0,"max_hp_loss":0.0,"gold_gain":0.0,"event_name":"Match and Keep!","player_choice":"1 cards matched","floor":46.0,"gold_loss":0.0,"damage_taken":0.0,"cards_obtained":["Tools of the Trade"]},{"damage_healed":0.0,"max_hp_gain":0.0,"max_hp_loss":0.0,"gold_gain":0.0,"event_name":"Tomb of Lord Red Mask","player_choice":"Ignored","floor":48.0,"gold_loss":0.0,"damage_taken":0.0}],"is_beta":false,"boss_relics":[{"not_picked":["WristBlade","Ring of the Serpent"],"picked":"Empty Cage"},{"not_picked":["Calling Bell","Snecko Eye"],"picked":"Black Star"}],"items_purged_floors":[4,28,47,54],"is_endless":false,"potions_floor_spawned":[1,3,10,14,21,22,29,35,42,55],"ascension_level":20}