{"gold_per_floor":[113,113,1,19,19,63,63,76,100,100,125,144,144,144,144,235,235,235],"floor_reached":18,"playtime":389,"items_purged":["Strike_B"],"score":420,"play_id":"03b06e5e-0873-4956-90ec-b228e42b07d8","local_time":"20190118000532","is_ascension_mode":true,"campfire_choices":[{"data":"Sunder","floor":7.0,"key":"SMITH"},{"data":"Creative AI","floor":10.0,"key":"SMITH"},{"floor":13.0,"key":"REST"},{"data":"Consume","floor":15.0,"key":"SMITH"}],"neow_cost":"PERCENT_DAMAGE","seed_source_timestamp":41859224913016,"circlet_count":0,"master_deck":["AscendersBane","Strike_B","Strike_B","Strike_B","Defend_B","Defend_B","Defend_B","Defend_B","Zap","Dualcast","Creative AI+1","Sunder+1","Streamline","Recycle","Hologram","Consume+1","Parasite","Echo Form"],"special_seed":0,"relics":["Cracked Core","Golden Idol","Blood Vial","Juzu Bracelet","Busted Crown"],"potions_floor_usage":[],"damage_taken":[{"damage":7.0,"enemies":"Small Slimes","floor":1.0,"turns":3.0},{"damage":1.0,"enemies":"Cultist","floor":4.0,"turns":3.0},{"damage":15.0,"enemies":"Lagavulin","floor":6.0,"turns":7.0},{"damage":2.0,"enemies":"Jaw Worm","floor":8.0,"turns":3.0},{"damage":0.0,"enemies":"Large Slime","floor":11.0,"turns":3.0},{"damage":20.0,"enemies":"Exordium Wildlife","floor":12.0,"turns":3.0},{"damage":0.0,"enemies":"Slime Boss","floor":16.0,"turns":7.0},{"damage":25,"enemies":"Shell Parasite","floor":18,"turns":3}],"seed_played":"-5932359866025333913","potions_obtained":[{"floor":6.0,"key":"Fire Potion"},{"floor":11.0,"key":"FocusPotion"},{"floor":12.0,"key":"Poison Potion"}],"is_trial":false,"path_per_floor":["M","?","$","M","?","E","R","M","T","R","M","M","R","?","R","B",null,"M"],"character_chosen":"DEFECT","items_purchased":["Sunder"],"campfire_rested":1,"item_purchase_floors":[3],"current_hp_per_floor":[39,35,35,34,34,19,19,19,19,19,21,3,22,38,38,40,58,35],"gold":235,"neow_bonus":"THREE_RARE_CARDS","is_prod":false,"is_daily":false,"chose_seed":false,"campfire_upgraded":3,"win_rate":0,"timestamp":1547741132,"path_taken":["M","?","$","?","?","E","R","M","T","R","M","M","R","?","R","BOSS","M"],"build_version":"2019-01-10","purchased_purges":1,"victory":false,"max_hp_per_floor":[71,71,71,71,64,64,64,64,64,64,64,64,64,64,64,64,64,64],"card_choices":[{"not_picked":["Rainbow","Reboot"],"picked":"Creative AI","floor":0.0},{"not_picked":["Redo","Sweeping Beam","Scrape"],"picked":"SKIP","floor":1.0},{"not_picked":["Redo","Hologram"],"picked":"Streamline","floor":4.0},{"not_picked":["Machine Learning","Storm"],"picked":"Recycle","floor":6.0},{"not_picked":["Steam","Hello World"],"picked":"Hologram","floor":8.0},{"not_picked":["Gash","Ball Lightning"],"picked":"Consume","floor":11.0},{"not_picked":["Conserve Battery","Rebound","Ball Lightning"],"picked":"SKIP","floor":12.0},{"not_picked":["Meteor Strike","Biased Cognition"],"picked":"Echo Form","floor":16.0}],"player_experience":1992090,"relics_obtained":[{"floor":6.0,"key":"Blood Vial"},{"floor":9.0,"key":"Juzu Bracelet"}],"event_choices":[{"damage_healed":0.0,"max_hp_gain":0.0,"max_hp_loss":0.0,"gold_gain":0.0,"event_name":"The Woman in Blue","player_choice":"Bought 0 Potions","floor":2.0,"gold_loss":0.0,"damage_taken":0.0},{"damage_healed":0.0,"max_hp_gain":0.0,"max_hp_loss":7.0,"gold_gain":0.0,"event_name":"Golden Idol","player_choice":"Lose Max HP","floor":5.0,"gold_loss":0.0,"damage_taken":0.0,"relics_obtained":["Golden Idol"]},{"damage_healed":16.0,"max_hp_gain":0.0,"max_hp_loss":0.0,"gold_gain":0.0,"event_name":"Mushrooms","player_choice":"Healed and dodged fight","floor":14.0,"gold_loss":0.0,"damage_taken":0.0,"cards_obtained":["Parasite"]}],"is_beta":false,"boss_relics":[{"not_picked":["Astrolabe","Runic Dome"],"picked":"Busted Crown"}],"items_purged_floors":[3],"is_endless":false,"potions_floor_spawned":[6,11,12],"killed_by":"Shell Parasite","ascension_level":20}