{"gold_per_floor":[116,128,139,139,139,139,170,191,214,26,64,80,80,80,80,80],"floor_reached":16,"playtime":286,"items_purged":[],"score":220,"play_id":"30d3d87c-f94d-4ec8-8ca4-6c6ceefe64c7","local_time":"20181219222243","is_ascension_mode":true,"campfire_choices":[{"data":"Armaments","floor":6.0,"key":"SMITH"},{"data":"Apotheosis","floor":13,"key":"SMITH"},{"data":"Searing Blow","floor":15,"key":"SMITH"}],"neow_cost":"NONE","seed_source_timestamp":7525416506232,"circlet_count":0,"master_deck":["AscendersBane","Strike_R+1","Strike_R+1","Strike_R","Strike_R","Defend_R","Defend_R","Defend_R","Defend_R","Bash","Dual Wield","Armaments+1","Immolate","Apotheosis+1","Second Wind","Searing Blow+1"],"special_seed":0,"relics":["Burning Blood","NeowsBlessing","Golden Idol","Whetstone","Bronze Scales","Anchor"],"potions_floor_usage":[7,7,11],"damage_taken":[{"damage":0.0,"enemies":"Cultist","floor":1.0,"turns":1.0},{"damage":0.0,"enemies":"Jaw Worm","floor":2.0,"turns":1.0},{"damage":0.0,"enemies":"Small Slimes","floor":3.0,"turns":1.0},{"damage":19,"enemies":"Lagavulin","floor":7,"turns":7},{"damage":1,"enemies":"Exordium Wildlife","floor":8,"turns":3},{"damage":32,"enemies":"Gremlin Nob","floor":11,"turns":3},{"damage":8,"enemies":"Large Slime","floor":12,"turns":6},{"damage":30,"enemies":"Slime Boss","floor":16,"turns":3}],"seed_played":"4379453447236626227","potions_obtained":[{"floor":1.0,"key":"PowerPotion"},{"floor":3.0,"key":"Poison Potion"},{"floor":7,"key":"Poison Potion"},{"floor":12,"key":"SteroidPotion"}],"is_trial":false,"path_per_floor":["M","M","M","?","?","R","E","M","T","$","E","M","R","?","R","B"],"character_chosen":"IRONCLAD","items_purchased":["Apotheosis"],"campfire_rested":0,"item_purchase_floors":[10],"current_hp_per_floor":[74,75,75,75,68,68,55,60,60,60,34,32,32,25,25,0],"gold":80,"neow_bonus":"THREE_ENEMY_KILL","is_prod":false,"is_daily":false,"chose_seed":false,"campfire_upgraded":3,"win_rate":0,"timestamp":1545229363,"path_taken":["M","?","M","?","?","R","E","M","T","$","E","M","R","?","R","BOSS"],"build_version":"2018-12-13","purchased_purges":0,"victory":false,"max_hp_per_floor":[75,75,75,75,68,68,68,68,68,68,68,68,68,68,68,68],"card_choices":[{"not_picked":["Fire Breathing","Body Slam"],"picked":"Dual Wield","floor":1.0},{"not_picked":["Shockwave","Thunderclap","Warcry"],"picked":"SKIP","floor":2.0},{"not_picked":["Anger","Twin Strike"],"picked":"Armaments","floor":3.0},{"not_picked":["Warcry","Headbutt","Body Slam"],"picked":"SKIP","floor":7},{"not_picked":["Sword Boomerang","Clothesline"],"picked":"Immolate","floor":8},{"not_picked":["Combust","Headbutt"],"picked":"Second Wind","floor":11},{"not_picked":["Rampage","Cleave"],"picked":"Searing Blow","floor":12}],"player_experience":1391494,"relics_obtained":[{"floor":7,"key":"Whetstone"},{"floor":9,"key":"Bronze Scales"},{"floor":11,"key":"Anchor"}],"event_choices":[{"damage_healed":0.0,"max_hp_gain":0.0,"max_hp_loss":0.0,"gold_gain":0.0,"event_name":"Liars Game","player_choice":"Ignored","floor":4.0,"gold_loss":0.0,"damage_taken":0.0},{"damage_healed":0.0,"max_hp_gain":0.0,"max_hp_loss":7.0,"gold_gain":0.0,"event_name":"Golden Idol","player_choice":"Lose Max HP","floor":5.0,"gold_loss":0.0,"damage_taken":0.0,"relics_obtained":["Golden Idol"]},{"cards_removed":["Strike_R"],"damage_healed":0,"gold_gain":0,"player_choice":"Card Removal","damage_taken":7,"max_hp_gain":0,"max_hp_loss":0,"event_name":"Golden Wing","floor":14,"gold_loss":0}],"is_beta":false,"boss_relics":[],"items_purged_floors":[],"is_endless":false,"potions_floor_spawned":[1,3,7,12],"killed_by":"Slime Boss","ascension_level":20}