{"gold_per_floor":[112,126,126,46,56,56,89,89,134,168,168,93,93,93,93,170,170,186,186,14,29,29,29,54,54,54,84,84,84,28,47,47,120,120,135,135,40,89,99,99,124,136,148,160,189,0,12,44,56,68,80],"floor_reached":51,"playtime":1410,"items_purged":["Strike_R"],"score":1405,"play_id":"b0c817a1-e6af-44f5-befc-45e797423209","local_time":"20181022011538","is_ascension_mode":true,"campfire_choices":[{"data":"Flex","floor":6.0,"key":"SMITH"},{"data":"Heavy Blade","floor":11,"key":"SMITH"},{"data":"Pummel","floor":13,"key":"SMITH"},{"data":"Sword Boomerang","floor":15,"key":"SMITH"},{"data":"Inflame","floor":23,"key":"SMITH"},{"data":"Feed","floor":25,"key":"SMITH"},{"data":"Double Tap","floor":29,"key":"SMITH"},{"data":"Warcry","floor":32,"key":"SMITH"},{"data":"Fire Breathing","floor":40,"key":"SMITH"},{"data":"Reflect","floor":42,"key":"SMITH"},{"floor":44,"key":"REST"},{"floor":49,"key":"REST"}],"neow_cost":"NONE","seed_source_timestamp":143787445125864,"circlet_count":0,"master_deck":["Strike_R","Defend_R","Defend_R","Defend_R","Defend_R","Bash","AscendersBane","Flex+1","Warcry+1","Feed+1","Pummel+1","Thunderclap","Heavy Blade+1","Sword Boomerang+1","Double Tap+1","Combust+1","Inflame+1","Dropkick","Hologram","Reflect+1","Provocation"],"special_seed":0,"relics":["Burning Blood","SaigiyounoYou","NeowsBlessing","Strawberry","Lantern","Paper Frog","Runic Dome","Bag of Marbles","HeartOfDaVinci","Meat on the Bone","Turnip","Nuclear Battery","CrystalShield","MawBank","Pen Nib","Red Mask"],"potions_floor_usage":[10,21,24,27,33,38,39,50,50],"damage_taken":[{"damage":2.0,"enemies":"2 Louse","floor":1.0,"turns":2.0},{"damage":0.0,"enemies":"Jaw Worm","floor":2.0,"turns":1.0},{"damage":0.0,"enemies":"Cultist","floor":5.0,"turns":1.0},{"damage":60.0,"enemies":"3 Sentries","floor":7.0,"turns":13.0},{"damage":8,"enemies":"Gremlin Nob","floor":10,"turns":3},{"damage":54,"enemies":"Hexaghost","floor":16,"turns":6},{"damage":34,"enemies":"3 Byrds","floor":18,"turns":4},{"damage":8,"enemies":"Spheric Guardian","floor":21,"turns":3},{"damage":42,"enemies":"Slavers","floor":24,"turns":4},{"damage":34,"enemies":"Book of Stabbing","floor":27,"turns":3},{"damage":0,"enemies":"Snake Plant","floor":31,"turns":1},{"damage":62,"enemies":"Champ","floor":33,"turns":6},{"damage":48,"enemies":"3 Shapes","floor":35,"turns":2},{"damage":53,"enemies":"2 Orb Walkers","floor":38,"turns":4},{"damage":35,"enemies":"3 Darklings","floor":39,"turns":4},{"damage":50,"enemies":"Giant Head","floor":41,"turns":5},{"damage":67,"enemies":"Spire Growth","floor":45,"turns":4},{"damage":12,"enemies":"4 Shapes","floor":48,"turns":2},{"damage":74,"enemies":"Donu and Deca","floor":50,"turns":7},{"damage":66,"enemies":"Awakened One","floor":51,"turns":4}],"seed_played":"5482028398105742242","potions_obtained":[{"floor":2.0,"key":"Poison Potion"},{"floor":7.0,"key":"Fire Potion"},{"floor":10,"key":"SteroidPotion"},{"floor":21,"key":"SkillPotion"},{"floor":24,"key":"GamblersBrew"},{"floor":33,"key":"Explosive Potion"},{"floor":35,"key":"Ancient Potion"},{"floor":38,"key":"BloodPotion"},{"floor":48,"key":"Ancient Potion"}],"is_trial":false,"path_per_floor":["M","M","?","$","M","R","E","?","T","E","R","$","R","?","R","B",null,"M","?","$","M","?","R","E","R","T","E","$","R","$","M","R","B",null,"M","?","$","?","M","R","E","R","T","R","M","?","?","M","R","B"],"character_chosen":"IRONCLAD","items_purchased":["Feed","Bag of Marbles","SkillPotion","Provocation"],"campfire_rested":2,"item_purchase_floors":[4,20,30,37],"current_hp_per_floor":[74,75,80,80,80,80,54,54,54,62,62,62,62,62,62,36,77,75,75,75,78,78,78,66,66,66,64,64,64,64,72,72,54,88,58,58,58,40,48,48,39,39,39,69,26,26,26,42,72,39,0],"gold":80,"neow_bonus":"THREE_ENEMY_KILL","is_prod":false,"is_daily":false,"chose_seed":false,"campfire_upgraded":10,"win_rate":0,"timestamp":1540142138,"path_taken":["M","M","?","$","?","R","E","?","T","E","R","$","R","?","R","BOSS","M","?","$","?","?","R","E","R","T","E","?","R","?","M","R","BOSS","M","?","$","?","?","R","E","R","T","R","M","?","?","M","R","BOSS","BOSS"],"build_version":"2018-10-18","purchased_purges":1,"victory":false,"max_hp_per_floor":[75,75,80,80,80,80,90,90,90,90,90,90,90,90,90,90,90,93,93,93,96,96,96,99,99,99,99,99,99,99,99,99,99,99,99,99,99,99,103,103,103,103,103,103,103,103,103,103,103,103,107],"card_choices":[{"not_picked":["Clash","Twin Strike"],"picked":"Flex","floor":1.0},{"not_picked":["True Grit","Shockwave"],"picked":"Warcry","floor":2.0},{"not_picked":["Havoc","Pommel Strike","Entrench"],"picked":"SKIP","floor":5.0},{"not_picked":["Dark Embrace","Iron Wave"],"picked":"Pummel","floor":7.0},{"not_picked":["True Grit","Clothesline"],"picked":"Heavy Blade","floor":10},{"not_picked":["Demon Form","Barricade"],"picked":"Double Tap","floor":16},{"not_picked":["Twin Strike","Carnage"],"picked":"Combust+1","floor":18},{"not_picked":["Clash","True Grit"],"picked":"Inflame","floor":21},{"not_picked":["True Grit","Feed"],"picked":"Dropkick","floor":24},{"not_picked":["Wild Strike","Infernal Blade","Carnage+1"],"picked":"SKIP","floor":27},{"not_picked":["Clash","Flame Barrier","Anger"],"picked":"SKIP","floor":31},{"not_picked":["Searing Blow","Pommel Strike"],"picked":"Fire Breathing","floor":35},{"not_picked":["Sadistic Nature","Forethought"],"picked":"Reflect","floor":36},{"not_picked":["Shockwave","Combust+1","Carnage"],"picked":"SKIP","floor":39},{"not_picked":["Disarm","Corruption","Ghostly Armor"],"picked":"SKIP","floor":41},{"not_picked":["Combust+1","Sever Soul","Pommel Strike"],"picked":"SKIP","floor":45},{"not_picked":["Second Wind","Warcry+1","Anger"],"picked":"SKIP","floor":48}],"player_experience":357750,"relics_obtained":[{"floor":7.0,"key":"Strawberry"},{"floor":9,"key":"Lantern"},{"floor":10,"key":"Paper Frog"},{"floor":24,"key":"HeartOfDaVinci"},{"floor":26,"key":"Meat on the Bone"},{"floor":27,"key":"Turnip"},{"floor":38,"key":"CrystalShield"},{"floor":41,"key":"MawBank"},{"floor":43,"key":"Pen Nib"}],"event_choices":[{"damage_healed":0.0,"max_hp_gain":5.0,"max_hp_loss":0.0,"gold_gain":0.0,"event_name":"Big Fish","player_choice":"Donut","floor":3.0,"gold_loss":0.0,"damage_taken":0.0},{"damage_healed":0,"gold_gain":0,"cards_transformed":["Strike_R"],"player_choice":"Transformed","damage_taken":0,"max_hp_gain":0,"max_hp_loss":0,"event_name":"Transmorgrifier","floor":8,"gold_loss":0,"cards_obtained":["Thunderclap"]},{"damage_healed":0,"gold_gain":0,"cards_transformed":["Strike_R"],"player_choice":"Change","damage_taken":0,"max_hp_gain":0,"max_hp_loss":0,"event_name":"Living Wall","floor":14,"gold_loss":0,"cards_obtained":["Sword Boomerang"]},{"cards_removed":["Strike_R"],"damage_healed":0,"gold_gain":0,"player_choice":"Elegance","damage_taken":0,"max_hp_gain":0,"max_hp_loss":0,"event_name":"Back to Basics","floor":19,"gold_loss":0},{"damage_healed":0,"gold_gain":0,"player_choice":"Ignored","damage_taken":0,"max_hp_gain":0,"max_hp_loss":0,"event_name":"Beggar","floor":22,"gold_loss":0},{"damage_healed":0,"gold_gain":0,"player_choice":"Memory 1","damage_taken":0,"max_hp_gain":0,"max_hp_loss":0,"event_name":"SensoryStone","floor":36,"gold_loss":0},{"damage_healed":0,"gold_gain":0,"player_choice":"Fight","damage_taken":0,"max_hp_gain":0,"max_hp_loss":0,"event_name":"Mysterious Sphere","floor":38,"gold_loss":0},{"damage_healed":0,"gold_gain":0,"player_choice":"Paid","damage_taken":0,"relics_obtained":["Red Mask"],"max_hp_gain":0,"max_hp_loss":0,"event_name":"Tomb of Lord Red Mask","floor":46,"gold_loss":201},{"cards_removed":["Fire Breathing"],"damage_healed":0,"gold_gain":0,"player_choice":"Removed Power","damage_taken":0,"max_hp_gain":0,"max_hp_loss":0,"event_name":"Falling","floor":47,"gold_loss":0}],"is_beta":false,"boss_relics":[{"not_picked":["PortableAltar","Velvet Choker"],"picked":"Runic Dome"},{"not_picked":["Lizard Tail","NegativeEmotionEnhancer"],"picked":"Nuclear Battery"}],"items_purged_floors":[12],"is_endless":false,"potions_floor_spawned":[2,7,10,21,24,33,35,38,48],"killed_by":"Awakened One","ascension_level":20}