{"gold_per_floor":[109,122,100,119,119,152,152,117,197,213,213,229,229,257,257,257],"floor_reached":16,"playtime":385,"items_purged":[],"score":187,"play_id":"589e89a2-839a-49b9-877b-a73528bbbeba","local_time":"20181012202334","is_ascension_mode":true,"campfire_choices":[{"data":"Perfected Strike","floor":7,"key":"SMITH"},{"data":"Perfected Strike","floor":11,"key":"SMITH"},{"data":"Perfected Strike","floor":15,"key":"SMITH"}],"neow_cost":"NONE","seed_source_timestamp":2993952795806,"circlet_count":0,"master_deck":["Strike_R","Strike_R","Strike_R","Strike_R","Strike_R","Defend_R","Defend_R","Defend_R","Defend_R","Bash","AscendersBane","Fiend Fire","Perfected Strike+1","Perfected Strike+1","Uppercut","Inflame","Disarm","Perfected Strike+1"],"relics":["Burning Blood","Omamori","Tiny Chest","Gambling Chip","Anchor"],"potions_floor_usage":[14,16],"damage_taken":[{"damage":1,"enemies":"Cultist","floor":1,"turns":3},{"damage":7,"enemies":"2 Louse","floor":2,"turns":3},{"damage":7,"enemies":"Jaw Worm","floor":4,"turns":2},{"damage":40,"enemies":"3 Sentries","floor":6,"turns":7},{"damage":13,"enemies":"Blue Slaver","floor":10,"turns":2},{"damage":1,"enemies":"Exordium Wildlife","floor":12,"turns":2},{"damage":35,"enemies":"Lagavulin","floor":14,"turns":5},{"damage":26,"enemies":"Hexaghost","floor":16,"turns":11}],"seed_played":"8255668023839817210","potions_obtained":[{"floor":2,"key":"Weak Potion"},{"floor":6,"key":"SteroidPotion"}],"is_trial":false,"path_per_floor":["M","M","$","M","?","E","R","?","T","M","R","M","T","E","R"],"character_chosen":"IRONCLAD","items_purchased":["Perfected Strike"],"campfire_rested":0,"item_purchase_floors":[3],"current_hp_per_floor":[73,72,72,71,71,37,37,55,55,48,48,53,53,24,24,0],"gold":257,"neow_bonus":"ONE_RANDOM_RARE_CARD","is_prod":false,"is_daily":false,"chose_seed":false,"campfire_upgraded":3,"win_rate":0,"timestamp":1539347014,"path_taken":["M","M","$","?","?","E","R","?","T","M","R","?","?","E","R","BOSS"],"build_version":"2018-10-11","purchased_purges":0,"victory":false,"max_hp_per_floor":[75,75,75,75,75,75,75,75,75,75,75,75,75,75,75,75],"card_choices":[{"not_picked":["Body Slam","Pommel Strike","Pummel"],"picked":"SKIP","floor":1},{"not_picked":["Hemokinesis","Perfected Strike","Thunderclap"],"picked":"SKIP","floor":2},{"not_picked":["Hemokinesis","Thunderclap"],"picked":"Perfected Strike","floor":2},{"not_picked":["Power Through","Thunderclap"],"picked":"Uppercut","floor":4},{"not_picked":["Headbutt","Havoc"],"picked":"Inflame","floor":6},{"not_picked":["Seeing Red","Heavy Blade","Iron Wave"],"picked":"SKIP","floor":10},{"not_picked":["Impervious","Headbutt"],"picked":"Disarm","floor":12},{"not_picked":["Heavy Blade","Cleave"],"picked":"Perfected Strike","floor":14}],"player_experience":128062,"relics_obtained":[{"floor":6,"key":"Omamori"},{"floor":9,"key":"Tiny Chest"},{"floor":13,"key":"Gambling Chip"},{"floor":14,"key":"Anchor"}],"event_choices":[{"event_name":"Liars Game","player_choice":"disagreed","floor":5,"damage_taken":0},{"event_name":"The Cleric","player_choice":"Healed","floor":8,"damage_taken":0}],"is_beta":false,"boss_relics":[],"items_purged_floors":[],"is_endless":false,"potions_floor_spawned":[2,6],"killed_by":"Hexaghost","ascension_level":14}