{"gold_per_floor":[107,124,24,24,24,50,70,70,70,70,101,101,122,138,138,138],"floor_reached":16,"playtime":605,"items_purged":["Shame"],"score":290,"play_id":"e87330bf-b683-4770-b684-7eb1e5ed14bb","local_time":"20190129174835","is_ascension_mode":true,"campfire_choices":[{"data":"Corpse Explosion","floor":8,"key":"SMITH"},{"data":"Well Laid Plans","floor":10,"key":"SMITH"},{"data":"Neutralize","floor":12,"key":"SMITH"},{"data":"Calculated Gamble","floor":15,"key":"SMITH"}],"neow_cost":"CURSE","seed_source_timestamp":26066941678539,"circlet_count":0,"master_deck":["AscendersBane","Defend_G","Defend_G","Defend_G","Defend_G","Defend_G","Strike_G","Strike_G","Strike_G","Strike_G","Strike_G","Survivor","Neutralize+1","Corpse Explosion+1","Well Laid Plans+1","Calculated Gamble+1"],"special_seed":0,"relics":["Ring of the Snake","AscMod:CursedBank","AscMod:StarOfAscension","Golden Idol","Gremlin Horn","Matryoshka","Ancient Tea Set"],"potions_floor_usage":[6,11,16],"damage_taken":[{"damage":6.0,"enemies":"Cultist","floor":1.0,"turns":4.0},{"damage":15.0,"enemies":"Small Slimes","floor":2.0,"turns":4.0},{"damage":19,"enemies":"Gremlin Nob","floor":6,"turns":4},{"damage":0,"enemies":"2 Louse","floor":7,"turns":2},{"damage":15,"enemies":"3 Sentries","floor":11,"turns":5},{"damage":0,"enemies":"Lots of Slimes","floor":13,"turns":1},{"damage":2,"enemies":"Large Slime","floor":14,"turns":6},{"damage":8,"enemies":"Hexaghost","floor":16,"turns":9}],"seed_played":"-2991602400246918585","potions_obtained":[{"floor":1.0,"key":"Strength Potion"},{"floor":6,"key":"GamblersBrew"},{"floor":11,"key":"FearPotion"},{"floor":14,"key":"SpeedPotion"}],"is_trial":false,"path_per_floor":["M","M","$","?","?","E","M","R","T","R","E","R","M","M","R","B"],"character_chosen":"THE_SILENT","items_purchased":[],"campfire_rested":0,"item_purchase_floors":[],"current_hp_per_floor":[53,38,38,42,42,23,23,23,23,23,8,8,8,6,6,0],"gold":138,"neow_bonus":"THREE_RARE_CARDS","is_prod":false,"is_daily":false,"chose_seed":false,"campfire_upgraded":4,"win_rate":0,"timestamp":1548755315,"path_taken":["M","M","$","?","?","E","M","R","T","R","E","R","M","M","R","BOSS"],"build_version":"2019-01-23","purchased_purges":1,"victory":false,"max_hp_per_floor":[66,66,66,71,64,64,64,64,64,64,64,64,64,64,64,64],"card_choices":[{"not_picked":["Phantasmal Killer","A Thousand Cuts"],"picked":"Corpse Explosion","floor":0.0},{"not_picked":["Crippling Poison","Outmaneuver","Dodge and Roll"],"picked":"SKIP","floor":1.0},{"not_picked":["Dagger Spray","Prepared"],"picked":"Well Laid Plans","floor":2.0},{"not_picked":["Prepared","Deflect"],"picked":"Calculated Gamble","floor":6},{"not_picked":["Backflip","Heel Hook","Backstab"],"picked":"SKIP","floor":7},{"not_picked":["Storm of Steel","Skewer","Flying Knee"],"picked":"SKIP","floor":11},{"not_picked":["Quick Slash","Flying Knee","Distraction"],"picked":"SKIP","floor":13},{"not_picked":["Quick Slash","Flying Knee","Distraction"],"picked":"SKIP","floor":13},{"not_picked":["Sucker Punch","Dodge and Roll","Cloak And Dagger"],"picked":"SKIP","floor":14}],"player_experience":2379897,"relics_obtained":[{"floor":6,"key":"Gremlin Horn"},{"floor":9,"key":"Matryoshka"},{"floor":11,"key":"Ancient Tea Set"}],"event_choices":[{"damage_healed":0.0,"max_hp_gain":5.0,"max_hp_loss":0.0,"gold_gain":0.0,"event_name":"Big Fish","player_choice":"Donut","floor":4.0,"gold_loss":0.0,"damage_taken":0.0},{"damage_healed":0.0,"max_hp_gain":0.0,"max_hp_loss":7.0,"gold_gain":0.0,"event_name":"Golden Idol","player_choice":"Lose Max HP","floor":5.0,"gold_loss":0.0,"damage_taken":0.0,"relics_obtained":["Golden Idol"]}],"is_beta":false,"boss_relics":[],"items_purged_floors":[3],"is_endless":false,"potions_floor_spawned":[1,6,11,14],"killed_by":"Hexaghost","ascension_level":23}