{"gold_per_floor":[116,116,126,76,76,76,251,271,271,271,128,128,128,139,139,244,244,261,281,181,181,191,191,191,191,236,111,111,126,139,139,139,243,243,262,262,262,63,79,113,113,124,170,170,180,180,180,198,198,198],"floor_reached":51,"playtime":1823,"items_purged":["Doubt","Defend_G","Strike_G"],"score":763,"play_id":"22196b2f-cb13-4cd7-b8cc-36f0d08e092c","local_time":"20181023165356","is_ascension_mode":false,"campfire_choices":[{"data":"Neutralize","floor":6.0,"key":"SMITH"},{"data":"Noxious Fumes","floor":12.0,"key":"SMITH"},{"data":"Survivor","floor":15.0,"key":"SMITH"},{"data":"Footwork","floor":23.0,"key":"SMITH"},{"data":"Catalyst","floor":25.0,"key":"SMITH"},{"data":"Backflip","floor":32.0,"key":"SMITH"},{"data":"Night Terror","floor":41,"key":"SMITH"},{"data":"Well Laid Plans","floor":44,"key":"SMITH"},{"data":"Night Terror","floor":47,"key":"SMITH"},{"data":"Well Laid Plans","floor":49,"key":"SMITH"}],"neow_cost":"NONE","seed_source_timestamp":25675663412717,"circlet_count":0,"master_deck":["Defend_G","Defend_G","Defend_G","Strike_G","Survivor+1","Neutralize+1","Leg Sweep+1","Noxious Fumes+1","Tools of the Trade","Die Die Die+1","Calculated Gamble+1","Caltrops+1","Footwork+1","Cloak And Dagger+1","Catalyst+1","Backflip+1","Backflip+1","Night Terror+1","Night Terror+1","Noxious Fumes","Envenom","Well Laid Plans+1","Infinite Blades+1","Well Laid Plans+1"],"special_seed":0,"relics":["Ring of the Snake","Boot","Du-Vu Doll","Letter Opener","Astrolabe","Kunai","Art of War","Coffee Dripper","DollysMirror","Bird Faced Urn","Anchor"],"potions_floor_usage":[45,50],"damage_taken":[{"damage":0.0,"enemies":"2 Louse","floor":1.0,"turns":4.0},{"damage":0.0,"enemies":"Small Slimes","floor":3.0,"turns":3.0},{"damage":6.0,"enemies":"Cultist","floor":8.0,"turns":4.0},{"damage":12.0,"enemies":"Gremlin Gang","floor":14.0,"turns":4.0},{"damage":7.0,"enemies":"The Guardian","floor":16.0,"turns":13.0},{"damage":0.0,"enemies":"Shell Parasite","floor":18.0,"turns":7.0},{"damage":1.0,"enemies":"Chosen","floor":19.0,"turns":6.0},{"damage":10.0,"enemies":"Snake Plant","floor":22.0,"turns":4.0},{"damage":0.0,"enemies":"Snecko","floor":29.0,"turns":5.0},{"damage":7.0,"enemies":"Chosen and Byrds","floor":30.0,"turns":4.0},{"damage":0.0,"enemies":"Champ","floor":33.0,"turns":21.0},{"damage":0.0,"enemies":"3 Shapes","floor":35.0,"turns":8.0},{"damage":0,"enemies":"Orb Walker","floor":39,"turns":5},{"damage":0,"enemies":"Nemesis","floor":40,"turns":7},{"damage":0,"enemies":"Maw","floor":42,"turns":5},{"damage":0,"enemies":"Sphere and 2 Shapes","floor":45,"turns":5},{"damage":2,"enemies":"Spire Growth","floor":48,"turns":3},{"damage":10,"enemies":"Time Eater","floor":50,"turns":5}],"seed_played":"-7913061026283225138","potions_obtained":[{"floor":1.0,"key":"Weak Potion"},{"floor":16.0,"key":"GhostInAJar"},{"floor":19.0,"key":"AttackPotion"},{"floor":22.0,"key":"Explosive Potion"},{"floor":39,"key":"AttackPotion"},{"floor":45,"key":"FearPotion"}],"is_trial":false,"path_per_floor":["M","?","M","?","$","R","?","M","T","?","$","R","?","M","R","B",null,"M","M","$","?","M","R","?","R","T","$","?","M","M","$","R","B",null,"M","$","?","$","M","E","R","M","T","R","M","?","R","M","R","B"],"character_chosen":"THE_SILENT","items_purchased":["Noxious Fumes","DollysMirror"],"campfire_rested":0,"item_purchase_floors":[11,38],"current_hp_per_floor":[70,75,75,75,75,75,75,69,69,69,69,69,69,57,57,50,75,75,74,74,74,64,64,64,64,64,64,64,64,57,57,57,57,75,75,75,71,71,71,71,71,71,71,71,71,71,71,71,71,65],"gold":198,"neow_bonus":"RANDOM_COMMON_RELIC","is_prod":false,"is_daily":false,"chose_seed":false,"campfire_upgraded":10,"win_rate":0,"timestamp":1540284836,"path_taken":["M","?","M","?","$","R","?","M","T","?","$","R","?","?","R","BOSS","M","M","$","?","?","R","?","R","T","?","?","M","M","$","R","BOSS","M","$","?","$","M","E","R","M","T","R","M","?","R","M","R","BOSS"],"build_version":"2018-10-18","purchased_purges":3,"victory":true,"max_hp_per_floor":[70,75,75,75,75,75,75,75,75,75,75,75,75,75,75,75,75,75,75,75,75,75,75,75,75,75,75,75,75,75,75,75,75,75,75,75,71,71,71,71,71,71,71,71,71,71,71,71,71,71],"card_choices":[{"not_picked":["Dash","Heel Hook","Bane"],"picked":"SKIP","floor":1.0},{"not_picked":["Slice","Outmaneuver","Acrobatics"],"picked":"SKIP","floor":3.0},{"not_picked":["Concentrate","Dagger Throw"],"picked":"Leg Sweep","floor":8.0},{"not_picked":["Cloak And Dagger","Calculated Gamble","Underhanded Strike"],"picked":"SKIP","floor":14.0},{"not_picked":["A Thousand Cuts","Phantasmal Killer"],"picked":"Tools of the Trade","floor":16.0},{"not_picked":["Acrobatics","Sucker Punch","PiercingWail"],"picked":"SKIP","floor":18.0},{"not_picked":["Calculated Gamble","Blur"],"picked":"Footwork","floor":19.0},{"not_picked":["Bane","Sucker Punch"],"picked":"Cloak And Dagger+1","floor":22.0},{"not_picked":["Dodge and Roll","Poisoned Stab"],"picked":"Backflip+1","floor":29.0},{"not_picked":["Slice","Choke"],"picked":"Backflip","floor":30.0},{"not_picked":["Venomology","Doppelganger"],"picked":"Night Terror","floor":33.0},{"not_picked":["Poisoned Stab+1","Predator+1","Dagger Spray"],"picked":"SKIP","floor":35.0},{"not_picked":["Flying Knee","Choke+1"],"picked":"Noxious Fumes","floor":39},{"not_picked":["Expertise","Deadly Poison+1"],"picked":"Envenom","floor":40},{"not_picked":["Backflip+1","Blade Dance+1"],"picked":"Well Laid Plans","floor":42},{"not_picked":["Backflip+1","Acrobatics"],"picked":"Infinite Blades+1","floor":45},{"not_picked":["Blade Dance+1","Distraction+1"],"picked":"Well Laid Plans","floor":48}],"player_experience":565059,"relics_obtained":[{"floor":9.0,"key":"Du-Vu Doll"},{"floor":26.0,"key":"Art of War"},{"floor":40,"key":"Bird Faced Urn"},{"floor":43,"key":"Anchor"}],"event_choices":[{"damage_healed":0.0,"max_hp_gain":5.0,"max_hp_loss":0.0,"gold_gain":0.0,"event_name":"Big Fish","player_choice":"Donut","floor":2.0,"gold_loss":0.0,"damage_taken":0.0},{"cards_removed":["Strike_G"],"damage_healed":0.0,"max_hp_gain":0.0,"max_hp_loss":0.0,"gold_gain":0.0,"event_name":"The Cleric","player_choice":"Card Removal","floor":4.0,"gold_loss":50.0,"damage_taken":0.0},{"damage_healed":0.0,"max_hp_gain":0.0,"max_hp_loss":0.0,"gold_gain":175.0,"event_name":"Liars Game","player_choice":"AGREE","floor":7.0,"gold_loss":0.0,"damage_taken":0.0,"cards_obtained":["Doubt"]},{"damage_healed":0.0,"max_hp_gain":0.0,"max_hp_loss":0.0,"gold_gain":0.0,"event_name":"Upgrade Shrine","player_choice":"Upgraded","floor":10.0,"gold_loss":0.0,"damage_taken":0.0,"cards_upgraded":["Leg Sweep"]},{"damage_healed":0.0,"max_hp_gain":0.0,"max_hp_loss":0.0,"gold_gain":0.0,"event_name":"WeMeetAgain","player_choice":"Gave Potion","floor":13.0,"gold_loss":0.0,"damage_taken":0.0,"relics_obtained":["Letter Opener"]},{"damage_healed":0.0,"max_hp_gain":0.0,"max_hp_loss":0.0,"gold_gain":0.0,"event_name":"The Mausoleum","player_choice":"Opened","floor":21.0,"gold_loss":0.0,"damage_taken":0.0,"relics_obtained":["Kunai"]},{"damage_healed":0.0,"max_hp_gain":0.0,"max_hp_loss":0.0,"gold_gain":0.0,"event_name":"The Library","player_choice":"Read","floor":24.0,"gold_loss":0.0,"damage_taken":0.0,"cards_obtained":["Catalyst"]},{"damage_healed":0.0,"max_hp_gain":0.0,"max_hp_loss":0.0,"gold_gain":0.0,"event_name":"Vampires","player_choice":"Ignored","floor":28.0,"gold_loss":0.0,"damage_taken":0.0},{"damage_healed":0.0,"max_hp_gain":0.0,"max_hp_loss":4.0,"gold_gain":0.0,"event_name":"Winding Halls","player_choice":"Max HP","floor":37.0,"gold_loss":0.0,"damage_taken":0.0},{"damage_healed":0,"gold_gain":0,"player_choice":"Ignored","damage_taken":0,"max_hp_gain":0,"max_hp_loss":0,"event_name":"Mysterious Sphere","floor":46,"gold_loss":0}],"is_beta":false,"boss_relics":[{"not_picked":["Snecko Eye","Fusion Hammer"],"picked":"Astrolabe"},{"not_picked":["Pandora\u0027s Box","Runic Dome"],"picked":"Coffee Dripper"}],"items_purged_floors":[11,20,27],"is_endless":false,"potions_floor_spawned":[1,16,19,22,33,39,42,45,48],"ascension_level":0}