{"gold_per_floor":[216,216,20,20,43,43,55,55,55,84,84,84],"floor_reached":12,"playtime":187,"items_purged":["Strike_B"],"score":148,"play_id":"d71fdca9-ec22-4628-ac02-441b9aa2e3de","local_time":"20190122144750","is_ascension_mode":true,"campfire_choices":[{"data":"Sunder","floor":6,"key":"SMITH"},{"data":"Recycle","floor":8,"key":"SMITH"},{"data":"Recycle","floor":11,"key":"SMITH"}],"neow_cost":"NONE","seed_source_timestamp":16302026101522,"circlet_count":0,"master_deck":["AscendersBane","Strike_B","Strike_B","Defend_B","Defend_B","Defend_B","Defend_B","Zap","Dualcast","Recycle+1","Recycle+1","Sunder+1","Auto Shields","Ball Lightning"],"special_seed":0,"relics":["Cracked Core","Omamori","Letter Opener"],"potions_floor_usage":[],"damage_taken":[{"damage":1.0,"enemies":"2 Louse","floor":1.0,"turns":2.0},{"damage":2,"enemies":"Jaw Worm","floor":7,"turns":3},{"damage":35,"enemies":"Lagavulin","floor":10,"turns":5},{"damage":0,"enemies":"3 Sentries","floor":12,"turns":1}],"seed_played":"4223839939119796540","potions_obtained":[{"floor":10,"key":"FearPotion"}],"is_trial":false,"path_per_floor":["M","?","$","?","T","R","M","R","T","E","R","E"],"character_chosen":"DEFECT","items_purchased":["Recycle","Sunder"],"campfire_rested":0,"item_purchase_floors":[3,3],"current_hp_per_floor":[63,56,56,56,56,56,54,54,54,19,19,19],"gold":84,"neow_bonus":"HUNDRED_GOLD","is_prod":false,"is_daily":false,"chose_seed":false,"campfire_upgraded":3,"win_rate":0,"timestamp":1548139670,"path_taken":["M","?","$","?","?","R","?","R","T","E","R","E"],"build_version":"2019-01-17v2","purchased_purges":1,"victory":false,"max_hp_per_floor":[71,71,71,71,71,71,71,71,71,71,71,71],"card_choices":[{"not_picked":["Hologram","Skim"],"picked":"Recycle","floor":1.0},{"not_picked":["Barrage","Leap"],"picked":"Auto Shields","floor":7},{"not_picked":["Heatsinks","Multi-Cast"],"picked":"Ball Lightning","floor":10}],"player_experience":2134846,"relics_obtained":[{"floor":5,"key":"Omamori"},{"floor":10,"key":"Letter Opener"}],"event_choices":[{"cards_removed":["Strike_B"],"damage_healed":0.0,"max_hp_gain":0.0,"max_hp_loss":0.0,"gold_gain":0.0,"event_name":"Golden Wing","player_choice":"Card Removal","floor":2.0,"gold_loss":0.0,"damage_taken":7.0},{"damage_healed":0,"gold_gain":0,"player_choice":"Fled","damage_taken":0,"max_hp_gain":0,"max_hp_loss":0,"event_name":"Scrap Ooze","floor":4,"gold_loss":0}],"is_beta":false,"boss_relics":[],"items_purged_floors":[3],"is_endless":false,"potions_floor_spawned":[10],"killed_by":"3 Sentries","ascension_level":20}