{"path_per_floor":["M","?","M","?","M","E","$","M","T","$","M","?","R","M","R","B",null,"M","M","?","$","M","R","?","R","T","E","M","?","M","M","R","B",null,"M","$","M","M","M","R","M","E","T","T","E","R","E","M","R"],"character_chosen":"THE_SILENT","items_purchased":["Predator","Art of War","Well Laid Plans","Letter Opener","Eviscerate"],"gold_per_floor":[114,114,129,129,144,174,92,107,187,37,52,75,75,90,90,190,190,205,220,220,145,160,160,160,160,235,265,280,195,210,225,225,325,325,340,51,66,81,96,96,111,141,141,141,171,171,201,216,216,216],"floor_reached":50,"campfire_rested":3,"playtime":2234,"current_hp_per_floor":[68,67,66,65,64,51,51,49,55,55,55,56,56,55,55,50,64,63,61,50,50,48,48,48,48,54,12,6,6,9,13,31,38,64,63,62,61,26,29,46,36,21,27,40,36,57,68,54,54,0],"items_purged":[],"gold":216,"score":681,"play_id":"326e6f50-1051-423b-a44f-1f575f9866cb","local_time":"20180404223725","daily_mods":["Allstar","Cursed Run","Terminal"],"is_prod":false,"is_daily":true,"is_ascension_mode":false,"campfire_upgraded":5,"timestamp":1522852645,"path_taken":["M","?","M","?","?","E","$","M","T","$","M","?","R","M","R","BOSS","M","M","?","$","M","R","?","R","T","E","M","?","M","?","R","BOSS","M","$","M","M","M","R","M","E","T","?","E","R","E","M","R","BOSS"],"build_version":"2018-03-29v2","purchased_purges":2,"victory":false,"master_deck":["Survivor","Neutralize+1","Bandage Up","Panache","Masterful Stab","Dagger Throw","Storm of Steel","Prepared+1","Escape Plan","Predator","Terror+1","Injury","Backflip","Accuracy","Pain","Tools of the Trade","Reflex+1","Well Laid Plans","Endless Agony","Parasite","Underhanded Strike+1","Finisher+1","Clumsy","Tactician+1","Eviscerate","All Out Attack+1","Prepared+1","Injury","Decay","Reflex+1"],"max_hp_per_floor":[68,67,66,65,64,63,62,61,66,65,64,63,62,61,60,65,64,63,62,66,65,64,63,62,61,66,65,64,63,62,61,60,65,64,63,62,61,60,59,58,57,56,61,73,72,71,70,69,68,68],"relics":["Cursed Key","Darkstone Periapt","Du-Vu Doll","Bottled Lightning","Tiny Chest","Art of War","Odd Mushroom","Pandora\u0027s Box","Paper Crane","Anchor","Tough Bandages","Lizard Tail","Letter Opener","Toxic Egg 2","Bird Faced Urn","Strawberry","Gremlin Horn","Orichalcum"],"card_choices":[{"not_picked":["Slice","Deadly Poison"],"picked":"Masterful Stab","floor":1},{"not_picked":["PiercingWail","Backflip"],"picked":"Dagger Throw","floor":3},{"not_picked":["Crippling Poison","Slice"],"picked":"Prepared","floor":5},{"not_picked":["Poisoned Stab","Dash"],"picked":"Escape Plan","floor":6},{"not_picked":["Caltrops","Night Terror"],"picked":"Terror","floor":8},{"not_picked":["Acrobatics","Poisoned Stab"],"picked":"Backflip","floor":11},{"not_picked":["Acrobatics","Backflip"],"picked":"Accuracy","floor":14},{"not_picked":["Phantasmal Killer","Night Terror"],"picked":"Tools of the Trade","floor":16},{"not_picked":["Slice","Crippling Poison"],"picked":"Reflex","floor":19},{"not_picked":["Quick Slash","Riddle With Holes"],"picked":"Endless Agony","floor":22},{"not_picked":["Choke","Backflip"],"picked":"Underhanded Strike","floor":30},{"not_picked":["PiercingWail","Expertise"],"picked":"Finisher","floor":31},{"not_picked":["Venomology","Phantasmal Killer"],"picked":"Tactician","floor":33},{"not_picked":["Prepared","Slice"],"picked":"All Out Attack","floor":37},{"not_picked":["Sucker Punch","Malaise"],"picked":"Prepared","floor":38},{"not_picked":["Dagger Throw","Bane"],"picked":"Reflex","floor":48}],"player_experience":372820,"potions_floor_usage":[6,8,18,22,27,33,33,39,39,47,50,50,50],"damage_taken":[{"damage":0,"enemies":"Small Slimes","floor":1,"turns":4},{"damage":0,"enemies":"Cultist","floor":3,"turns":4},{"damage":0,"enemies":"2 Louse","floor":5,"turns":2},{"damage":13,"enemies":"Gremlin Nob","floor":6,"turns":4},{"damage":2,"enemies":"Exordium Thugs","floor":8,"turns":4},{"damage":4,"enemies":"Red Slaver","floor":11,"turns":4},{"damage":3,"enemies":"The Mushroom Lair","floor":12,"turns":3},{"damage":5,"enemies":"Looter","floor":14,"turns":2},{"damage":15,"enemies":"Hexaghost","floor":16,"turns":7},{"damage":1,"enemies":"Chosen","floor":18,"turns":3},{"damage":3,"enemies":"Shell Parasite","floor":19,"turns":3},{"damage":6,"enemies":"Cultist and Chosen","floor":22,"turns":5},{"damage":58,"enemies":"Slavers","floor":27,"turns":6},{"damage":10,"enemies":"Slaver and Parasite","floor":28,"turns":4},{"damage":1,"enemies":"Centurion and Healer","floor":30,"turns":3},{"damage":0,"enemies":"Cultist and Chosen","floor":31,"turns":3},{"damage":3,"enemies":"Collector","floor":33,"turns":4},{"damage":1,"enemies":"Orb Walker","floor":35,"turns":2},{"damage":2,"enemies":"3 Darklings","floor":37,"turns":4},{"damage":39,"enemies":"4 Shapes","floor":38,"turns":7},{"damage":1,"enemies":"Sphere and 2 Shapes","floor":39,"turns":5},{"damage":14,"enemies":"Maw","floor":41,"turns":7},{"damage":19,"enemies":"Nemesis","floor":42,"turns":5},{"damage":16,"enemies":"Giant Head","floor":45,"turns":6},{"damage":1,"enemies":"2 Orb Walkers","floor":47,"turns":3},{"damage":20,"enemies":"4 Shapes","floor":48,"turns":3},{"damage":128,"enemies":"Awakened One","floor":50,"turns":8}],"event_choices":[{"event_name":"The Lab","player_choice":"Got Potions","floor":2,"damage_taken":0},{"event_name":"Transmorgrifier","player_choice":"Transform","floor":4,"damage_taken":0},{"event_name":"Mushrooms","player_choice":"Fought Mushrooms","floor":12,"damage_taken":0},{"event_name":"Forgotten Altar","player_choice":"Shed Blood","floor":20,"damage_taken":0},{"event_name":"Vampires","player_choice":"Ignored","floor":24,"damage_taken":0},{"event_name":"Addict","player_choice":"Obtained Relic","floor":29,"damage_taken":0}],"boss_relics":[{"not_picked":["Sozu","Velvet Choker"],"picked":"Pandora\u0027s Box"},{"not_picked":["The Specimen","Runic Pyramid"],"picked":"Lizard Tail"}],"potions_floor_spawned":[6,11,12,19,22,27,30,35,38,39,45,47,48],"seed_played":"770442836024540376","killed_by":"Awakened One","ascension_level":0,"is_trial":false}