{"gold_per_floor":[15,15,15,29,42,42,71,71,71,100,100,114,129,159,159,238,238,251,251,251,265,105,105,134,134,159,59,69,88,88,104,104,104],"floor_reached":33,"playtime":1043,"items_purged":["Strike_G","Strike_G"],"score":670,"play_id":"73f194d4-11a1-4512-abb8-4887040fc19d","local_time":"20181026004309","is_ascension_mode":true,"campfire_choices":[{"data":"Neutralize","floor":6.0,"key":"SMITH"},{"data":"Skewer","floor":8.0,"key":"SMITH"},{"data":"Leg Sweep","floor":11.0,"key":"SMITH"},{"data":"Cloak And Dagger","floor":15,"key":"SMITH"},{"floor":23,"key":"REST"},{"data":"Envenom","floor":25,"key":"SMITH"},{"data":"Cloak And Dagger","floor":30,"key":"SMITH"},{"data":"Accuracy","floor":32,"key":"SMITH"}],"neow_cost":"NO_GOLD","seed_source_timestamp":32992920226390,"circlet_count":0,"master_deck":["Defend_G","Defend_G","Defend_G","Defend_G","Defend_G","Strike_G","Survivor","Neutralize+1","AscendersBane","Backstab","Skewer+1","Acrobatics","Slice","Leg Sweep+1","All Out Attack","Cloak And Dagger+1","Envenom+1","Cloak And Dagger+1","Backflip","Accuracy+1","PiercingWail+1"],"special_seed":0,"relics":["Ring of the Snake","Meat on the Bone","Mercury Hourglass","Calipers","Bag of Marbles","Philosopher\u0027s Stone","Gremlin Horn","Boot"],"potions_floor_usage":[14,16,16,29,33,33],"damage_taken":[{"damage":0.0,"enemies":"2 Louse","floor":1.0,"turns":2.0},{"damage":2.0,"enemies":"Jaw Worm","floor":4.0,"turns":4.0},{"damage":0.0,"enemies":"Cultist","floor":5.0,"turns":3.0},{"damage":24.0,"enemies":"Gremlin Nob","floor":7.0,"turns":4.0},{"damage":19.0,"enemies":"Lagavulin","floor":10.0,"turns":7.0},{"damage":1.0,"enemies":"Blue Slaver","floor":12.0,"turns":4.0},{"damage":0.0,"enemies":"3 Louse","floor":13.0,"turns":2.0},{"damage":23,"enemies":"Gremlin Nob","floor":14,"turns":4},{"damage":0,"enemies":"Slime Boss","floor":16,"turns":6},{"damage":19,"enemies":"3 Byrds","floor":18,"turns":4},{"damage":10,"enemies":"2 Thieves","floor":21,"turns":3},{"damage":23,"enemies":"Gremlin Leader","floor":24,"turns":6},{"damage":0,"enemies":"Chosen and Byrds","floor":28,"turns":5},{"damage":35,"enemies":"Sentry and Sphere","floor":29,"turns":6},{"damage":1,"enemies":"Snake Plant","floor":31,"turns":3},{"damage":50,"enemies":"Collector","floor":33,"turns":7}],"seed_played":"9146100736361189210","potions_obtained":[{"floor":4.0,"key":"Fire Potion"},{"floor":12.0,"key":"LiquidBronze"},{"floor":13.0,"key":"Regen Potion"},{"floor":14,"key":"FearPotion"},{"floor":24,"key":"Regen Potion"},{"floor":29,"key":"GamblersBrew"},{"floor":31,"key":"PowerPotion"}],"is_trial":false,"path_per_floor":["M","?","$","M","M","R","E","R","T","E","R","M","M","E","R","B",null,"M","?","?","M","$","R","E","R","T","$","M","M","R","M","R"],"character_chosen":"THE_SILENT","items_purchased":["Accuracy"],"campfire_rested":1,"item_purchase_floors":[22],"current_hp_per_floor":[59,59,59,57,57,57,33,33,33,26,26,37,37,38,38,38,59,40,22,22,24,24,45,34,34,34,34,46,35,35,46,46,0],"gold":104,"neow_bonus":"TRANSFORM_TWO_CARDS","is_prod":false,"is_daily":false,"chose_seed":false,"campfire_upgraded":7,"win_rate":0,"timestamp":1540485789,"path_taken":["M","?","$","M","M","R","E","R","T","E","R","M","M","E","R","BOSS","M","?","?","M","?","R","E","R","T","$","M","?","R","?","R","BOSS"],"build_version":"2018-10-18","purchased_purges":2,"victory":false,"max_hp_per_floor":[66,66,66,66,66,66,66,66,66,66,66,66,66,66,66,66,66,66,71,71,71,71,71,71,71,71,71,71,71,71,71,71,71],"card_choices":[{"not_picked":["Expertise","Dodge and Roll"],"picked":"Acrobatics","floor":1.0},{"not_picked":["Sucker Punch","Outmaneuver","Calculated Gamble"],"picked":"SKIP","floor":4.0},{"not_picked":["Endless Agony","Prepared"],"picked":"Slice","floor":5.0},{"not_picked":["All Out Attack","Outmaneuver"],"picked":"Leg Sweep","floor":7.0},{"not_picked":["Catalyst","Phantasmal Killer","Doppelganger"],"picked":"SKIP","floor":10.0},{"not_picked":["Poisoned Stab","Prepared"],"picked":"All Out Attack","floor":12.0},{"not_picked":["Outmaneuver","Dodge and Roll"],"picked":"Cloak And Dagger","floor":13.0},{"not_picked":["Deadly Poison","Calculated Gamble","Heel Hook"],"picked":"SKIP","floor":14},{"not_picked":["Grand Finale","Glass Knife"],"picked":"Envenom","floor":16},{"not_picked":["Sucker Punch","Slice"],"picked":"Cloak And Dagger","floor":18},{"not_picked":["Deadly Poison","Poisoned Stab+1"],"picked":"Backflip","floor":21},{"not_picked":["Expertise","Unload"],"picked":"PiercingWail+1","floor":24},{"not_picked":["Acrobatics","Backstab","Noxious Fumes+1"],"picked":"SKIP","floor":28},{"not_picked":["Flying Knee+1","Dodge and Roll","PiercingWail+1"],"picked":"SKIP","floor":29},{"not_picked":["PiercingWail","Dodge and Roll","Slice"],"picked":"SKIP","floor":31}],"player_experience":389478,"relics_obtained":[{"floor":7.0,"key":"Meat on the Bone"},{"floor":9.0,"key":"Mercury Hourglass"},{"floor":10.0,"key":"Calipers"},{"floor":14,"key":"Bag of Marbles"},{"floor":24,"key":"Gremlin Horn"},{"floor":26,"key":"Boot"}],"event_choices":[{"damage_healed":0.0,"max_hp_gain":0.0,"max_hp_loss":0.0,"gold_gain":0.0,"event_name":"Liars Game","player_choice":"Ignored","floor":2.0,"gold_loss":0.0,"damage_taken":0.0},{"damage_healed":0,"gold_gain":0,"player_choice":"Shed Blood","damage_taken":23,"max_hp_gain":5,"max_hp_loss":0,"event_name":"Forgotten Altar","floor":19,"gold_loss":0},{"damage_healed":0,"gold_gain":0,"player_choice":"Ignored","damage_taken":0,"max_hp_gain":0,"max_hp_loss":0,"event_name":"Vampires","floor":20,"gold_loss":0}],"is_beta":false,"boss_relics":[{"not_picked":["Runic Pyramid","Velvet Choker"],"picked":"Philosopher\u0027s Stone"}],"items_purged_floors":[22,27],"is_endless":false,"potions_floor_spawned":[4,12,13,14,24,29,31],"killed_by":"Collector","ascension_level":20}