{"gold_per_floor":[118,133,145,159,123,154,174,174,174,200,170,170,170,188,188,262,262,281,264,280,280],"floor_reached":21,"playtime":835,"items_purged":[],"score":338,"play_id":"80b84469-f6b1-42f9-af44-fe3c3c41c098","local_time":"20180722182743","is_ascension_mode":true,"campfire_choices":[{"floor":8,"key":"REST"},{"data":"Catalyst","floor":13,"key":"SMITH"},{"floor":15,"key":"REST"}],"neow_cost":"NONE","seed_source_timestamp":4817032747433,"circlet_count":0,"master_deck":["Defend_G","Defend_G","Defend_G","Defend_G","Defend_G","Strike_G","Strike_G","Strike_G","Strike_G","Strike_G","Survivor","Neutralize","AscendersBane","Crippling Poison","Dodge and Roll","Deadly Poison","Dagger Spray","Bane","Footwork","Poisoned Stab","Calculated Gamble","Catalyst+1","Deadly Poison","Footwork","Deflect","Leg Sweep+1"],"relics":["Ring of the Snake","Pear","Happy Flower","Boot","Eternal Feather"],"potions_floor_usage":[6,16,16,20,21],"damage_taken":[{"damage":2,"enemies":"Cultist","floor":1,"turns":5},{"damage":0,"enemies":"Jaw Worm","floor":2,"turns":5},{"damage":7,"enemies":"Small Slimes","floor":3,"turns":4},{"damage":20,"enemies":"Exordium Wildlife","floor":4,"turns":8},{"damage":18,"enemies":"Lagavulin","floor":6,"turns":9},{"damage":10,"enemies":"Red Slaver","floor":7,"turns":5},{"damage":19,"enemies":"3 Sentries","floor":10,"turns":8},{"damage":0,"enemies":"Looter","floor":11,"turns":4},{"damage":0,"enemies":"Large Slime","floor":14,"turns":3},{"damage":21,"enemies":"Hexaghost","floor":16,"turns":9},{"damage":27,"enemies":"Chosen","floor":18,"turns":5},{"damage":19,"enemies":"2 Thieves","floor":19,"turns":4},{"damage":14,"enemies":"Cultist and Chosen","floor":20,"turns":7},{"damage":5,"enemies":"Snake Plant","floor":21,"turns":1}],"seed_played":"7604352948147824280","potions_obtained":[{"floor":2,"key":"Block Potion"},{"floor":6,"key":"Dexterity Potion"},{"floor":14,"key":"Strength Potion"},{"floor":16,"key":"AttackPotion"},{"floor":20,"key":"Block Potion"}],"is_trial":false,"path_per_floor":["M","M","M","M","$","E","M","R","T","E","M","?","R","M","R","B",null,"M","M","M"],"character_chosen":"THE_SILENT","items_purchased":["Footwork"],"campfire_rested":2,"item_purchase_floors":[5],"current_hp_per_floor":[57,57,50,30,30,22,12,34,34,15,15,15,15,15,37,16,61,34,15,1,0],"gold":280,"neow_bonus":"THREE_CARDS","is_prod":false,"is_daily":false,"chose_seed":false,"campfire_upgraded":1,"win_rate":0,"timestamp":1532255263,"path_taken":["M","M","M","M","$","E","M","R","T","E","?","?","R","?","R","BOSS","M","M","M","M"],"build_version":"2018-07-19","purchased_purges":0,"victory":false,"max_hp_per_floor":[66,66,66,66,66,76,76,76,76,76,76,76,76,76,76,76,76,76,76,76,76],"card_choices":[{"not_picked":["Bane","Setup"],"picked":"Crippling Poison","floor":0},{"not_picked":["Acrobatics","Calculated Gamble"],"picked":"Dodge and Roll","floor":1},{"not_picked":["Deflect","Backstab"],"picked":"Deadly Poison","floor":2},{"not_picked":["Malaise","Outmaneuver"],"picked":"Dagger Spray","floor":3},{"not_picked":["Riddle With Holes","PiercingWail"],"picked":"Bane","floor":4},{"not_picked":["Flying Knee","Quick Slash"],"picked":"Poisoned Stab","floor":6},{"not_picked":["Bouncing Flask","Bane"],"picked":"Calculated Gamble","floor":7},{"not_picked":["Flechettes","Bane"],"picked":"Catalyst","floor":10},{"not_picked":["Escape Plan","Dagger Throw"],"picked":"Deadly Poison","floor":11},{"not_picked":["Setup","Eviscerate"],"picked":"Footwork","floor":14},{"not_picked":["Dodge and Roll","Tactician"],"picked":"Deflect","floor":18},{"not_picked":["Cloak And Dagger+1","Prepared","Dagger Throw"],"picked":"SKIP","floor":19},{"not_picked":["Setup","Dash"],"picked":"Leg Sweep+1","floor":20}],"player_experience":769678,"relics_obtained":[{"floor":6,"key":"Pear"},{"floor":9,"key":"Happy Flower"},{"floor":10,"key":"Boot"}],"event_choices":[{"event_name":"Golden Wing","player_choice":"Ignored","floor":12,"damage_taken":0}],"is_beta":true,"boss_relics":[{"not_picked":["Calling Bell","Cursed Key"],"picked":"Eternal Feather"}],"items_purged_floors":[],"is_endless":false,"potions_floor_spawned":[2,6,14,16,20],"killed_by":"Snake Plant","ascension_level":15}