{"gold_per_floor":[111,127,19,34,44,44,70,70,70,5,17,48,48,110,122,205,217,244,274,336,81,101,101,113,124,147,147,158,158,158,58,58,132,132,148,148,163,175,175,175,205,215,215,240,46,46,56,56,56,56,56,56,6,36,36],"floor_reached":56,"playtime":2667,"items_purged":["Strike_B","Strike_B","Defend_B+1"],"score":2036,"play_id":"d33c996e-4ddc-44c1-8672-5a93b4813619","local_time":"20190406204921","is_ascension_mode":true,"campfire_choices":[{"data":"Defragment","floor":6,"key":"SMITH"},{"data":"Blizzard","floor":8,"key":"SMITH"},{"floor":15,"key":"REST"},{"data":"Fusion","floor":23,"key":"SMITH"},{"data":"Coolheaded","floor":27,"key":"SMITH"},{"data":"Zap","floor":32,"key":"SMITH"},{"data":"Turbo","floor":40,"key":"SMITH"},{"floor":46,"key":"RECALL"},{"floor":49,"key":"REST"},{"floor":52,"key":"REST"}],"neow_cost":"NONE","seed_source_timestamp":0,"circlet_count":0,"master_deck":["AscendersBane","Dualcast+1","Glacier+1","Defragment+1","Blizzard+1","BootSequence+1","Hologram+1","Reinforced Body+1","Coolheaded+1","Cold Snap+1","Core Surge+1","Turbo+1","Hologram+1","Fusion+1","Heatsinks+1","Ball Lightning+1","Go for the Eyes+1","Core Surge+1","Thunder Strike+1","Echo Form+1","Hologram+1","Recycle+1","FTL+1","Skim+1","Consume+1","Turbo+1","Recycle+1","Defragment+1","Double Energy+1","Skim+1","Multi-Cast"],"relics":["Cracked Core","Bag of Preparation","Matryoshka","Blood Vial","Molten Egg 2","Regal Pillow","MawBank","Runic Pyramid","ClockworkSouvenir","Omamori","Pen Nib","PreservedInsect","Astrolabe","Potion Belt","Smiling Mask","OrangePellets","Mark of the Bloom","DataDisk"],"potions_floor_usage":[12,37,55,55,55],"damage_taken":[{"damage":7,"enemies":"Small Slimes","floor":1,"turns":3},{"damage":2,"enemies":"Jaw Worm","floor":2,"turns":3},{"damage":1,"enemies":"Cultist","floor":4,"turns":3},{"damage":11,"enemies":"Lots of Slimes","floor":5,"turns":4},{"damage":16,"enemies":"Lagavulin","floor":7,"turns":9},{"damage":6,"enemies":"Large Slime","floor":11,"turns":6},{"damage":0,"enemies":"3 Sentries","floor":12,"turns":8},{"damage":20,"enemies":"Slime Boss","floor":16,"turns":13},{"damage":9,"enemies":"3 Byrds","floor":18,"turns":7},{"damage":0,"enemies":"Chosen","floor":19,"turns":5},{"damage":9,"enemies":"Snake Plant","floor":22,"turns":6},{"damage":2,"enemies":"Shelled Parasite and Fungi","floor":24,"turns":6},{"damage":0,"enemies":"Snecko","floor":25,"turns":4},{"damage":2,"enemies":"3 Cultists","floor":28,"turns":5},{"damage":21,"enemies":"Champ","floor":33,"turns":13},{"damage":2,"enemies":"Orb Walker","floor":35,"turns":3},{"damage":3,"enemies":"3 Darklings","floor":37,"turns":5},{"damage":3,"enemies":"4 Shapes","floor":38,"turns":6},{"damage":0,"enemies":"Giant Head","floor":41,"turns":8},{"damage":0,"enemies":"Maw","floor":42,"turns":6},{"damage":11,"enemies":"Nemesis","floor":44,"turns":7},{"damage":18,"enemies":"Spire Growth","floor":47,"turns":7},{"damage":1,"enemies":"Awakened One","floor":50,"turns":11},{"damage":1,"enemies":"Shield and Spear","floor":54,"turns":7},{"damage":17,"enemies":"The Heart","floor":55,"turns":9}],"seed_played":"-556442993193887474","potions_obtained":[{"floor":4,"key":"PowerPotion"},{"floor":5,"key":"Explosive Potion"},{"floor":16,"key":"Swift Potion"},{"floor":38,"key":"SpeedPotion"},{"floor":47,"key":"SteroidPotion"}],"is_trial":false,"path_per_floor":["M","M","$","M","M","R","E","R","T","?","M","E","?","?","R","B",null,"M","M","?","$","M","R","M","M","T","R","M","?","?","$","R","B",null,"M","?","M","M","?","R","E","M","T","E","$","R","M","?","R","B",null,"R","$","E","B",null],"character_chosen":"DEFECT","items_purchased":["Defragment","Blizzard","ClockworkSouvenir","OrangePellets"],"campfire_rested":3,"item_purchase_floors":[3,3,21,45],"current_hp_per_floor":[57,55,55,54,43,43,27,27,27,27,23,25,20,13,49,31,61,54,56,56,56,49,49,49,51,51,51,51,51,51,51,51,32,61,61,61,60,59,59,59,61,63,63,54,54,54,38,38,38,37,37,37,37,36,19],"gold":36,"neow_bonus":"RANDOM_COMMON_RELIC","is_prod":false,"is_daily":false,"chose_seed":true,"campfire_upgraded":6,"win_rate":0,"timestamp":1554554961,"path_taken":["M","M","$","M","M","R","E","R","T","?","M","E","?","?","R","BOSS","M","M","?","$","?","R","M","M","T","R","M","?","?","$","R","BOSS","M","?","M","?","?","R","E","M","T","E","?","R","M","?","R","BOSS","R","$","E","BOSS"],"build_version":"2019-01-23","purchased_purges":3,"victory":true,"max_hp_per_floor":[71,71,71,71,71,71,71,71,71,71,71,71,71,71,71,71,71,71,71,71,71,71,71,71,71,71,71,71,71,71,71,71,71,71,71,71,71,71,71,71,71,71,71,71,71,71,71,71,71,71,71,71,71,71,71],"card_choices":[{"not_picked":["Stack","Beam Cell"],"picked":"Streamline","floor":1},{"not_picked":["Self Repair","Compile Driver"],"picked":"Glacier","floor":2},{"not_picked":["Streamline","Go for the Eyes"],"picked":"BootSequence","floor":4},{"not_picked":["Beam Cell","Rebound"],"picked":"Hologram","floor":5},{"not_picked":["Scrape","Gash"],"picked":"Reinforced Body","floor":7},{"not_picked":["Seek","Leap"],"picked":"Coolheaded","floor":11},{"not_picked":["Hologram","Steam"],"picked":"Cold Snap+1","floor":12},{"not_picked":["All For One+1","Rainbow"],"picked":"Core Surge+1","floor":16},{"not_picked":["Darkness","Conserve Battery"],"picked":"Turbo+1","floor":18},{"not_picked":["Cold Snap+1","Rebound+1"],"picked":"Hologram","floor":19},{"not_picked":["Redo","Reprogram"],"picked":"Fusion","floor":22},{"not_picked":["Force Field","Rainbow"],"picked":"Heatsinks","floor":24},{"not_picked":["Conserve Battery","Rip and Tear+1"],"picked":"Ball Lightning+1","floor":25},{"not_picked":["Genetic Algorithm","BootSequence"],"picked":"Go for the Eyes+1","floor":28},{"not_picked":["Seek","Buffer"],"picked":"Echo Form","floor":33},{"not_picked":["Leap+1","Hello World"],"picked":"Skim","floor":35},{"not_picked":["Cold Snap+1","Ball Lightning+1","Stack"],"picked":"SKIP","floor":37},{"not_picked":["Aggregate","Reprogram+1"],"picked":"Turbo","floor":38},{"not_picked":["Static Discharge","Leap+1"],"picked":"Recycle","floor":41},{"not_picked":["Double Energy","Redo"],"picked":"Defragment+1","floor":42},{"not_picked":["Cold Snap+1","Electrodynamics"],"picked":"Double Energy","floor":44},{"not_picked":["Go for the Eyes+1","Leap"],"picked":"Skim","floor":47},{"not_picked":["Ball Lightning+1","Aggregate+1"],"picked":"Multi-Cast","floor":54}],"player_experience":1341916,"relics_obtained":[{"floor":7,"key":"Matryoshka"},{"floor":9,"key":"Blood Vial"},{"floor":9,"key":"Molten Egg 2"},{"floor":12,"key":"Regal Pillow"},{"floor":26,"key":"Omamori"},{"floor":26,"key":"Pen Nib"},{"floor":41,"key":"Potion Belt"},{"floor":44,"key":"Smiling Mask"},{"floor":54,"key":"DataDisk"}],"event_choices":[{"damage_healed":0,"gold_gain":0,"player_choice":"Left Gold","damage_taken":0,"max_hp_gain":0,"max_hp_loss":0,"event_name":"World of Goop","floor":10,"gold_loss":65},{"damage_healed":0,"gold_gain":0,"player_choice":"Success","damage_taken":5,"relics_obtained":["MawBank"],"max_hp_gain":0,"max_hp_loss":0,"event_name":"Scrap Ooze","floor":13,"gold_loss":0},{"damage_healed":0,"gold_gain":50,"player_choice":"Touch","damage_taken":7,"max_hp_gain":0,"max_hp_loss":0,"event_name":"FaceTrader","floor":14,"gold_loss":0},{"damage_healed":0,"gold_gain":100,"player_choice":"Bet on Murderer","damage_taken":0,"max_hp_gain":0,"max_hp_loss":0,"event_name":"The Joust","floor":20,"gold_loss":50},{"damage_healed":0,"gold_gain":0,"cards_transformed":["Strike_B","Strike_B"],"player_choice":"Became Test Subject","damage_taken":0,"max_hp_gain":0,"max_hp_loss":0,"event_name":"Drug Dealer","floor":29,"gold_loss":0,"cards_obtained":["Core Surge","Thunder Strike"]},{"damage_healed":0,"gold_gain":0,"player_choice":"Stole Relic","damage_taken":0,"relics_obtained":["PreservedInsect"],"max_hp_gain":0,"max_hp_loss":0,"event_name":"Addict","floor":30,"gold_loss":0,"cards_obtained":["Shame"]},{"damage_healed":0,"gold_gain":0,"cards_transformed":["Streamline"],"player_choice":"Transformed","damage_taken":0,"max_hp_gain":0,"max_hp_loss":0,"event_name":"Transmorgrifier","floor":36,"gold_loss":0,"cards_obtained":["Consume"]},{"cards_removed":["Zap"],"damage_healed":0,"gold_gain":0,"player_choice":"Removed Skill","damage_taken":0,"max_hp_gain":0,"max_hp_loss":0,"event_name":"Falling","floor":39,"gold_loss":0},{"damage_healed":0,"gold_gain":0,"player_choice":"Upgrade","damage_taken":0,"relics_obtained":["Mark of the Bloom"],"max_hp_gain":0,"max_hp_loss":0,"event_name":"MindBloom","floor":48,"gold_loss":0,"cards_upgraded":["Defend_B","Dualcast","Glacier","BootSequence","Hologram","Reinforced Body","Hologram","Heatsinks","Echo Form","Skim","Consume","Recycle","Double Energy","Skim"]}],"is_beta":false,"boss_relics":[{"not_picked":["Velvet Choker","Tiny House"],"picked":"Runic Pyramid"},{"not_picked":["Sozu","Cursed Key"],"picked":"Astrolabe"}],"items_purged_floors":[21,31,53],"is_endless":false,"potions_floor_spawned":[4,5,7,11,16,25,28,33,38,47],"ascension_level":15}