{"gold_per_floor":[119,194,209,209,227,227,258,258,258,258,269,269,2,21,21,118,118,137,59,75,75,85,85,103,103,149,149,149,167,167,96,96,197,197,211,211,311,330,330,330,108,133,133,163,183,199,199,123,123,123],"floor_reached":51,"playtime":2305,"items_purged":["Strike_G","Parasite"],"score":853,"play_id":"c435f116-8425-48bd-a391-ed2dfff7f5a6","local_time":"20181016184752","is_ascension_mode":false,"campfire_choices":[{"data":"Predator","floor":6.0,"key":"SMITH"},{"data":"Leg Sweep","floor":8.0,"key":"SMITH"},{"data":"Malaise","floor":15.0,"key":"SMITH"},{"data":"Malaise","floor":23.0,"key":"SMITH"},{"data":"Reflex","floor":27.0,"key":"SMITH"},{"data":"Ghostly","floor":30.0,"key":"SMITH"},{"data":"Reflex","floor":32.0,"key":"SMITH"},{"data":"Well Laid Plans","floor":47,"key":"SMITH"},{"data":"Reflex","floor":49,"key":"SMITH"}],"neow_cost":"NONE","seed_source_timestamp":37618522778124,"circlet_count":0,"master_deck":["Defend_G+1","Defend_G+1","Defend_G+1","Defend_G+1","Defend_G+1","Strike_G+1","Strike_G+1","Strike_G+1","Strike_G+1","Survivor+1","Neutralize+1","Poisoned Stab+1","Leg Sweep+1","Predator+1","Backstab+1","Malaise+1","Malaise+1","Infinite Blades+1","Reflex+1","Ghostly+1","Ghostly+1","Ghostly+1","Ghostly+1","Ghostly+1","Cloak And Dagger+1","Reflex+1","Wraith Form v2+1","Well Laid Plans+1","Cloak And Dagger+1","Reflex+1","Blade Dance+1","Noxious Fumes","Infinite Blades"],"special_seed":0,"relics":["Ring of the Snake","NeowsBlessing","Dead Branch","Singing Bowl","Paper Crane","ClockworkSouvenir","HoveringKite","MutagenicStrength","Dream Catcher","Coffee Dripper","Mark of the Bloom","Bag of Marbles","Art of War","Potion Belt"],"potions_floor_usage":[50],"damage_taken":[{"damage":0.0,"enemies":"Cultist","floor":1.0,"turns":1.0},{"damage":0.0,"enemies":"2 Louse","floor":3.0,"turns":1.0},{"damage":0.0,"enemies":"Jaw Worm","floor":5.0,"turns":1.0},{"damage":11.0,"enemies":"3 Sentries","floor":7.0,"turns":7.0},{"damage":0.0,"enemies":"Blue Slaver","floor":11.0,"turns":3.0},{"damage":0.0,"enemies":"3 Louse","floor":14.0,"turns":2.0},{"damage":14.0,"enemies":"Slime Boss","floor":16.0,"turns":14.0},{"damage":2.0,"enemies":"Spheric Guardian","floor":18.0,"turns":5.0},{"damage":6.0,"enemies":"3 Byrds","floor":20.0,"turns":7.0},{"damage":3.0,"enemies":"3 Cultists","floor":22.0,"turns":5.0},{"damage":0.0,"enemies":"Centurion and Healer","floor":24.0,"turns":6.0},{"damage":1.0,"enemies":"Shelled Parasite and Fungi","floor":29.0,"turns":7.0},{"damage":12.0,"enemies":"Champ","floor":33.0,"turns":14.0},{"damage":0.0,"enemies":"3 Shapes","floor":35.0,"turns":4.0},{"damage":3.0,"enemies":"3 Darklings","floor":38.0,"turns":6.0},{"damage":0.0,"enemies":"Giant Head","floor":42.0,"turns":12.0},{"damage":0.0,"enemies":"2 Orb Walkers","floor":44.0,"turns":5.0},{"damage":0.0,"enemies":"Maw","floor":45.0,"turns":6.0},{"damage":0.0,"enemies":"Reptomancer","floor":46.0,"turns":3.0},{"damage":0,"enemies":"Time Eater","floor":50,"turns":16}],"seed_played":"729557467216140298","potions_obtained":[{"floor":1.0,"key":"PowerPotion"},{"floor":3.0,"key":"SteroidPotion"},{"floor":20.0,"key":"FearPotion"},{"floor":22.0,"key":"LiquidBronze"},{"floor":38.0,"key":"Energy Potion"},{"floor":44.0,"key":"Fire Potion"}],"is_trial":false,"path_per_floor":["M","?","M","?","M","R","E","R","T","?","M","?","$","M","R","B",null,"M","$","M","?","M","R","M","?","T","R","?","M","R","$","R","B",null,"M","?","?","M","?","R","$","E","T","E","M","M","R","$","R","B"],"character_chosen":"THE_SILENT","items_purchased":["ClockworkSouvenir","Infinite Blades","Reflex","Well Laid Plans","Swift Potion","Infinite Blades"],"campfire_rested":0,"item_purchase_floors":[13,19,31,41,41,48],"current_hp_per_floor":[70,59,59,45,45,45,34,34,34,51,53,53,53,53,53,39,72,72,72,68,68,65,65,67,67,67,67,39,38,38,38,38,26,39,41,39,39,38,38,38,38,38,38,38,38,38,38,38,38,38],"gold":123,"neow_bonus":"THREE_ENEMY_KILL","is_prod":false,"is_daily":false,"chose_seed":false,"campfire_upgraded":9,"win_rate":0,"timestamp":1539686872,"path_taken":["M","?","?","?","?","R","E","R","T","?","M","?","$","?","R","BOSS","M","$","M","?","M","R","M","?","T","R","?","M","R","?","R","BOSS","M","?","?","?","?","R","$","E","T","E","M","M","R","?","R","BOSS"],"build_version":"2018-10-11","purchased_purges":2,"victory":true,"max_hp_per_floor":[70,70,70,70,70,70,70,70,70,70,72,72,72,72,72,72,72,74,74,76,76,76,76,78,78,78,78,39,39,39,39,39,39,39,41,39,39,41,41,41,38,38,38,38,38,38,38,38,38,38],"card_choices":[{"not_picked":["Masterful Stab","Accuracy"],"picked":"Poisoned Stab","floor":1.0},{"not_picked":["Dash","Acrobatics"],"picked":"Leg Sweep","floor":3.0},{"not_picked":["Blade Dance","Slice"],"picked":"Predator","floor":5.0},{"not_picked":["Backflip","Accuracy"],"picked":"Backstab","floor":7.0},{"not_picked":["Blur","Poisoned Stab","Blade Dance"],"picked":"Singing Bowl","floor":11.0},{"not_picked":["Underhanded Strike","Concentrate"],"picked":"Malaise","floor":14.0},{"not_picked":["Storm of Steel","Bullet Time"],"picked":"Malaise","floor":16.0},{"not_picked":["Dodge and Roll","Dagger Throw","Acrobatics"],"picked":"Singing Bowl","floor":18.0},{"not_picked":["Outmaneuver","Heel Hook","Flying Knee"],"picked":"Singing Bowl","floor":20.0},{"not_picked":["PiercingWail+1","Poisoned Stab+1"],"picked":"Reflex","floor":22.0},{"not_picked":["Prepared","Dagger Spray","Bane"],"picked":"Singing Bowl","floor":24.0},{"not_picked":["Sucker Punch","Leg Sweep"],"picked":"Cloak And Dagger+1","floor":29.0},{"not_picked":["Envenom","Grand Finale"],"picked":"Wraith Form v2","floor":33.0},{"not_picked":["Poisoned Stab+1","Blade Dance","Dodge and Roll+1"],"picked":"Singing Bowl","floor":35.0},{"not_picked":["Deflect","Deadly Poison","PiercingWail+1"],"picked":"Singing Bowl","floor":38.0},{"not_picked":["All Out Attack+1","Flechettes"],"picked":"Cloak And Dagger+1","floor":42.0},{"not_picked":["Blade Dance","Bullet Time"],"picked":"Reflex","floor":44.0},{"not_picked":["Quick Slash+1","Deflect+1"],"picked":"Blade Dance+1","floor":45.0},{"not_picked":["Outmaneuver+1","Sucker Punch"],"picked":"Noxious Fumes","floor":46}],"player_experience":257040,"relics_obtained":[{"floor":7.0,"key":"Dead Branch"},{"floor":9.0,"key":"Singing Bowl"},{"floor":26.0,"key":"Dream Catcher"},{"floor":42.0,"key":"Bag of Marbles"},{"floor":43.0,"key":"Art of War"},{"floor":44.0,"key":"Potion Belt"}],"event_choices":[{"event_name":"World of Goop","player_choice":"Gather Gold","floor":2.0,"damage_taken":0.0},{"event_name":"Shining Light","player_choice":"Entered Light","floor":4.0,"damage_taken":0.0},{"event_name":"Mushrooms","player_choice":"Healed and dodged fight","floor":10.0,"damage_taken":0.0},{"event_name":"WeMeetAgain","player_choice":"Potion","floor":12.0,"damage_taken":0.0},{"event_name":"Vampires","player_choice":"Ignored","floor":21.0,"damage_taken":0.0},{"event_name":"Drug Dealer","player_choice":"Inject Mutagens","floor":25.0,"damage_taken":0.0},{"event_name":"Ghosts","player_choice":"Became a Ghost","floor":28.0,"damage_taken":0.0},{"event_name":"Winding Halls","player_choice":"Max HP","floor":36.0,"damage_taken":0.0},{"event_name":"Golden Shrine","player_choice":"Pray","floor":37.0,"damage_taken":0.0},{"event_name":"MindBloom","player_choice":"Upgrade","floor":39.0,"damage_taken":0.0}],"is_beta":false,"boss_relics":[{"not_picked":["Fusion Hammer","Orrery"],"picked":"HoveringKite"},{"not_picked":["Snecko Eye","Busted Crown"],"picked":"Coffee Dripper"}],"items_purged_floors":[13,41],"is_endless":false,"potions_floor_spawned":[1,3,20,22,38,42,44],"ascension_level":0}