{"gold_per_floor":[111,36,36,55,55,55,55,70,70,84,84,119,129,160,160,259,259,275,290,307,317,77,93,103,115,115,115,131,131,162,189,201,213],"floor_reached":33,"playtime":1280,"items_purged":["Strike_B","Strike_B"],"score":283,"play_id":"ce411eac-209a-44df-a987-3a082da1b925","local_time":"20190619205404","is_ascension_mode":false,"campfire_choices":[{"data":"Darkness","floor":6.0,"key":"SMITH"},{"data":"Dualcast","floor":11.0,"key":"SMITH"},{"data":"Reboot","floor":15.0,"key":"SMITH"},{"data":"Darkness","floor":27.0,"key":"SMITH"},{"data":"Reinforced Body","floor":29.0,"key":"SMITH"},{"data":"Auto Shields","floor":32.0,"key":"SMITH"}],"neow_cost":"NONE","seed_source_timestamp":38619656171964,"circlet_count":0,"master_deck":["Strike_B","Strike_B","Defend_B","Defend_B","Defend_B","Defend_B","Zap","Dualcast+1","Darkness+1","Reboot+1","Glacier","Auto Shields+1","Darkness+1","Reinforced Body+1"],"special_seed":0,"relics":["Cracked Core","Symbiotic Virus","Torii","Dodecahedron","Runic Dome","Membership Card","Kunai","MawBank"],"potions_floor_usage":[33,33,33,33,33],"damage_taken":[{"damage":0.0,"enemies":"2 Louse","floor":1.0,"turns":2.0},{"damage":1.0,"enemies":"Cultist","floor":4.0,"turns":3.0},{"damage":6.0,"enemies":"Jaw Worm","floor":8.0,"turns":3.0},{"damage":1.0,"enemies":"2 Fungi Beasts","floor":10.0,"turns":4.0},{"damage":12.0,"enemies":"Gremlin Nob","floor":12.0,"turns":3.0},{"damage":1.0,"enemies":"Blue Slaver","floor":13.0,"turns":3.0},{"damage":10.0,"enemies":"Lagavulin","floor":14.0,"turns":5.0},{"damage":8.0,"enemies":"The Guardian","floor":16.0,"turns":8.0},{"damage":2.0,"enemies":"2 Thieves","floor":18.0,"turns":4.0},{"damage":6.0,"enemies":"Shell Parasite","floor":19.0,"turns":6.0},{"damage":16.0,"enemies":"Centurion and Healer","floor":20.0,"turns":5.0},{"damage":0.0,"enemies":"Sentry and Sphere","floor":21.0,"turns":7.0},{"damage":0.0,"enemies":"Shelled Parasite and Fungi","floor":23.0,"turns":8.0},{"damage":1.0,"enemies":"Snecko","floor":24.0,"turns":5.0},{"damage":0.0,"enemies":"Snake Plant","floor":25.0,"turns":4.0},{"damage":0.0,"enemies":"Cultist and Chosen","floor":28.0,"turns":4.0},{"damage":23.0,"enemies":"Gremlin Leader","floor":30.0,"turns":7.0},{"damage":0.0,"enemies":"Centurion and Healer","floor":31.0,"turns":4.0},{"damage":43,"enemies":"Champ","floor":33,"turns":9}],"seed_played":"-4570593162191836373","potions_obtained":[{"floor":12.0,"key":"Swift Potion"},{"floor":13.0,"key":"Strength Potion"},{"floor":14.0,"key":"AttackPotion"},{"floor":18.0,"key":"Energy Potion"},{"floor":24.0,"key":"EntropicBrew"},{"floor":30.0,"key":"LiquidBronze"}],"is_trial":false,"path_per_floor":["M","$","?","M","?","R","$","M","T","M","R","E","M","E","R","B",null,"M","M","M","M","$","M","M","M","T","R","M","R","E","M","R","B"],"character_chosen":"DEFECT","items_purchased":["Membership Card"],"campfire_rested":0,"item_purchase_floors":[22],"current_hp_per_floor":[82,82,82,81,81,81,81,75,75,74,74,62,61,51,51,43,82,80,74,58,58,58,58,57,57,57,57,57,57,34,34,34,0],"gold":213,"neow_bonus":"TEN_PERCENT_HP_BONUS","is_prod":false,"is_daily":false,"chose_seed":false,"campfire_upgraded":6,"win_rate":0,"timestamp":1560948844,"path_taken":["M","$","?","M","?","R","$","M","T","M","R","E","M","E","R","BOSS","M","?","M","M","$","?","M","M","T","R","M","R","E","M","R","BOSS"],"build_version":"2019-01-23","purchased_purges":2,"victory":false,"max_hp_per_floor":[82,82,82,82,82,82,82,82,82,82,82,82,82,82,82,82,82,82,82,82,82,82,82,82,82,82,82,82,82,82,82,82,82],"card_choices":[{"not_picked":["Go for the Eyes","Conserve Battery"],"picked":"Darkness","floor":1.0},{"not_picked":["Rebound","Gash","Force Field"],"picked":"SKIP","floor":4.0},{"not_picked":["Aggregate","Go for the Eyes","Chill"],"picked":"SKIP","floor":8.0},{"not_picked":["Barrage","Defragment","Force Field"],"picked":"SKIP","floor":10.0},{"not_picked":["Rebound","Stack","Barrage"],"picked":"SKIP","floor":12.0},{"not_picked":["Capacitor","Streamline","Barrage"],"picked":"SKIP","floor":13.0},{"not_picked":["Amplify","Seek"],"picked":"Reboot","floor":14.0},{"not_picked":["Defragment","Stack"],"picked":"Glacier","floor":18.0},{"not_picked":["Steam+1","Sweeping Beam","Gash"],"picked":"SKIP","floor":19.0},{"not_picked":["Storm+1","Genetic Algorithm"],"picked":"Auto Shields","floor":20.0},{"not_picked":["Beam Cell","Ball Lightning","Aggregate"],"picked":"SKIP","floor":21.0},{"not_picked":["Aggregate","Leap","Compile Driver"],"picked":"SKIP","floor":23.0},{"not_picked":["Stack","FTL"],"picked":"Darkness","floor":24.0},{"not_picked":["Rebound+1","Ball Lightning"],"picked":"Reinforced Body","floor":25.0},{"not_picked":["Leap","Electrodynamics","Hologram+1"],"picked":"SKIP","floor":28.0},{"not_picked":["Compile Driver+1","Leap","Consume"],"picked":"SKIP","floor":30.0},{"not_picked":["Conserve Battery","Sweeping Beam","Sunder"],"picked":"SKIP","floor":31.0}],"player_experience":5473373,"relics_obtained":[{"floor":9.0,"key":"Symbiotic Virus"},{"floor":12.0,"key":"Torii"},{"floor":14.0,"key":"Dodecahedron"},{"floor":26.0,"key":"Kunai"},{"floor":30.0,"key":"MawBank"}],"event_choices":[{"damage_healed":0.0,"max_hp_gain":0.0,"max_hp_loss":0.0,"gold_gain":0.0,"event_name":"Liars Game","player_choice":"Ignored","floor":3.0,"gold_loss":0.0,"damage_taken":0.0},{"damage_healed":0.0,"max_hp_gain":0.0,"max_hp_loss":0.0,"gold_gain":0.0,"event_name":"Match and Keep!","player_choice":"0 cards matched","floor":5.0,"gold_loss":0.0,"damage_taken":0.0,"cards_obtained":[]}],"is_beta":false,"boss_relics":[{"not_picked":["Tiny House","Eternal Feather"],"picked":"Runic Dome"}],"items_purged_floors":[2,22],"is_endless":false,"potions_floor_spawned":[12,13,14,18,20,24,30,31],"killed_by":"Champ","ascension_level":0}