{"gold_per_floor":[116,116,116,116,127,127,52,111,135,135,59,59,9,30,30,155,155,168,182,6,26,39,79,79,55,55,55,154,181,56,80,80,201,201,214,214,238,9,30,30,44,58,58,83,83,416,430,441,441,441],"floor_reached":51,"playtime":884,"items_purged":["Strike_G","Masterful Stab","Deadly Poison+1","Escape Plan"],"score":844,"play_id":"67bbd8ca-24c1-40d1-8348-1e796a53d5be","local_time":"20190723132347","is_ascension_mode":false,"campfire_choices":[{"data":"Deadly Poison","floor":6.0,"key":"SMITH"},{"data":"Deadly Poison","floor":15.0,"key":"SMITH"},{"data":"Acrobatics","floor":24.0,"key":"SMITH"},{"data":"Acrobatics","floor":32,"key":"SMITH"},{"data":"Grand Finale","floor":40,"key":"SMITH"},{"data":"Well Laid Plans","floor":45,"key":"SMITH"},{"data":"Tactician","floor":49,"key":"SMITH"}],"neow_cost":"TEN_PERCENT_HP_LOSS","seed_source_timestamp":384268706932800,"circlet_count":0,"master_deck":["Survivor","Neutralize+1","Well Laid Plans+1","Grand Finale+1","Tactician+1","Wraith Form v2","Acrobatics+1","Backflip","Acrobatics+1"],"special_seed":0,"relics":["Ring of the Snake","Tiny Chest","Regal Pillow","Pandora\u0027s Box","Prayer Wheel","Singing Bowl","Snake Skull","Empty Cage","Mummified Hand"],"potions_floor_usage":[50,50],"damage_taken":[{"damage":0.0,"enemies":"2 Louse","floor":1.0,"turns":2.0},{"damage":0.0,"enemies":"Jaw Worm","floor":5.0,"turns":4.0},{"damage":5.0,"enemies":"Lagavulin","floor":8.0,"turns":5.0},{"damage":0.0,"enemies":"Small Slimes","floor":14.0,"turns":3.0},{"damage":6.0,"enemies":"Hexaghost","floor":16.0,"turns":7.0},{"damage":17.0,"enemies":"3 Byrds","floor":18.0,"turns":3.0},{"damage":2.0,"enemies":"Chosen","floor":19.0,"turns":3.0},{"damage":1.0,"enemies":"Centurion and Healer","floor":21.0,"turns":2.0},{"damage":0.0,"enemies":"Snecko","floor":22.0,"turns":2.0},{"damage":5.0,"enemies":"Gremlin Leader","floor":23.0,"turns":3.0},{"damage":0.0,"enemies":"Snake Plant","floor":27.0,"turns":1.0},{"damage":0,"enemies":"Centurion and Healer","floor":31,"turns":1},{"damage":0,"enemies":"Collector","floor":33,"turns":1},{"damage":0,"enemies":"3 Darklings","floor":35,"turns":1},{"damage":0,"enemies":"Orb Walker","floor":37,"turns":1},{"damage":0,"enemies":"Transient","floor":39,"turns":5},{"damage":0,"enemies":"Writhing Mass","floor":41,"turns":1},{"damage":1,"enemies":"4 Shapes","floor":42,"turns":1},{"damage":0,"enemies":"Jaw Worm Horde","floor":44,"turns":1},{"damage":0,"enemies":"Spire Growth","floor":47,"turns":1},{"damage":0,"enemies":"Transient","floor":48,"turns":5},{"damage":0,"enemies":"Time Eater","floor":50,"turns":2}],"seed_played":"-180298839055429108","potions_obtained":[{"floor":1.0,"key":"AttackPotion"},{"floor":8.0,"key":"Poison Potion"},{"floor":16.0,"key":"SneckoOil"},{"floor":19.0,"key":"SkillPotion"}],"is_trial":false,"path_per_floor":["M","?","?","?","M","R","$","E","T","?","$","?","?","M","R","B",null,"M","M","$","M","M","E","R","$","T","M","?","T","$","M","R","B",null,"M","?","M","$","M","R","M","M","T","M","R","?","M","M","R","B",null],"character_chosen":"THE_SILENT","items_purchased":["Well Laid Plans","GhostInAJar","Backflip","GhostInAJar"],"campfire_rested":0,"item_purchase_floors":[11,20,25,38],"current_hp_per_floor":[63,50,50,43,43,43,43,38,38,38,38,57,57,57,57,51,58,41,39,39,38,38,33,33,33,33,35,35,35,35,39,39,41,66,70,70,74,74,78,78,82,85,85,89,89,89,93,97,97,97],"gold":441,"neow_bonus":"REMOVE_TWO","is_prod":false,"is_daily":false,"chose_seed":false,"campfire_upgraded":7,"win_rate":0,"timestamp":1563859427,"path_taken":["M","?","?","?","?","R","$","E","T","?","?","?","?","?","R","BOSS","M","M","?","M","?","E","R","$","T","M","?","?","$","M","R","BOSS","M","?","M","$","M","R","M","?","T","M","R","?","M","M","R","BOSS"],"build_version":"2019-07-17","purchased_purges":4,"victory":true,"max_hp_per_floor":[63,63,63,63,63,63,63,63,63,58,58,58,58,58,58,58,58,58,58,58,58,58,58,58,58,58,60,60,60,60,64,64,66,66,70,70,74,74,78,78,82,86,86,90,90,90,94,98,98,98],"card_choices":[{"not_picked":["Underhanded Strike","Backstab"],"picked":"Deadly Poison","floor":1.0},{"not_picked":["Dagger Spray","Blur"],"picked":"Deadly Poison","floor":5.0},{"not_picked":["Finisher","Flechettes","Expertise"],"picked":"SKIP","floor":8.0},{"not_picked":["Dagger Spray","Riddle With Holes"],"picked":"Escape Plan","floor":14.0},{"not_picked":["Storm of Steel","Die Die Die"],"picked":"Grand Finale","floor":16.0},{"not_picked":["Poisoned Stab","PiercingWail"],"picked":"Acrobatics","floor":18.0},{"not_picked":["Quick Slash+1","Concentrate","Dagger Spray+1"],"picked":"SKIP","floor":19.0},{"not_picked":["Bane","Prepared","Heel Hook"],"picked":"SKIP","floor":21.0},{"not_picked":["Malaise","Footwork+1","Riddle With Holes+1"],"picked":"SKIP","floor":22.0},{"not_picked":["Bane","Riddle With Holes","PiercingWail"],"picked":"SKIP","floor":23.0},{"not_picked":["Slice","Leg Sweep"],"picked":"Acrobatics","floor":27},{"not_picked":["Cloak And Dagger","Masterful Stab","Sucker Punch+1"],"picked":"Singing Bowl","floor":27},{"not_picked":["Crippling Poison","Dagger Spray","PiercingWail"],"picked":"Singing Bowl","floor":31},{"not_picked":["Outmaneuver","Deadly Poison","Endless Agony"],"picked":"Singing Bowl","floor":31},{"not_picked":["Bullet Time","Night Terror","Venomology"],"picked":"Singing Bowl","floor":33},{"not_picked":["PiercingWail+1","Calculated Gamble+1","Deadly Poison+1"],"picked":"Singing Bowl","floor":35},{"not_picked":["Acrobatics+1","PiercingWail+1","Bane+1"],"picked":"Singing Bowl","floor":35},{"not_picked":["Dagger Spray","Terror+1","Cloak And Dagger+1"],"picked":"Singing Bowl","floor":37},{"not_picked":["Concentrate","Eviscerate","Quick Slash+1"],"picked":"Singing Bowl","floor":37},{"not_picked":["A Thousand Cuts","Choke","Acrobatics+1"],"picked":"Singing Bowl","floor":39},{"not_picked":["Quick Slash+1","Bouncing Flask+1","Dodge and Roll"],"picked":"Singing Bowl","floor":39},{"not_picked":["Heel Hook+1","Accuracy","Blade Dance"],"picked":"Singing Bowl","floor":41},{"not_picked":["Predator","Blade Dance+1","Concentrate+1"],"picked":"Singing Bowl","floor":41},{"not_picked":["Eviscerate","Dagger Throw","Quick Slash"],"picked":"Singing Bowl","floor":42},{"not_picked":["Underhanded Strike","Tactician","Well Laid Plans"],"picked":"Singing Bowl","floor":42},{"not_picked":["Cloak And Dagger","Prepared","Eviscerate"],"picked":"Singing Bowl","floor":44},{"not_picked":["Concentrate+1","Infinite Blades","Crippling Poison"],"picked":"Singing Bowl","floor":44},{"not_picked":["Accuracy+1","PiercingWail","Dodge and Roll+1"],"picked":"Singing Bowl","floor":47},{"not_picked":["Dagger Spray","Bullet Time","Flying Knee"],"picked":"Singing Bowl","floor":47},{"not_picked":["Poisoned Stab+1","Flying Knee+1","Blur+1"],"picked":"Singing Bowl","floor":48},{"not_picked":["PiercingWail","Dash+1","Noxious Fumes"],"picked":"Singing Bowl","floor":48}],"player_experience":673090,"relics_obtained":[{"floor":8.0,"key":"Tiny Chest"},{"floor":9.0,"key":"Regal Pillow"},{"floor":23.0,"key":"Prayer Wheel"},{"floor":26.0,"key":"Singing Bowl"},{"floor":29,"key":"Snake Skull"},{"floor":43,"key":"Mummified Hand"}],"event_choices":[{"damage_healed":0.0,"max_hp_gain":0.0,"max_hp_loss":0.0,"gold_gain":0.0,"event_name":"Shining Light","player_choice":"Entered Light","floor":2.0,"gold_loss":0.0,"damage_taken":13.0,"cards_upgraded":["Neutralize","Strike_G"]},{"cards_removed":["Strike_G"],"damage_healed":0.0,"max_hp_gain":0.0,"max_hp_loss":0.0,"gold_gain":0.0,"event_name":"Living Wall","player_choice":"Forget","floor":3.0,"gold_loss":0.0,"damage_taken":0.0},{"cards_removed":["Strike_G"],"damage_healed":0.0,"max_hp_gain":0.0,"max_hp_loss":0.0,"gold_gain":0.0,"event_name":"Golden Wing","player_choice":"Card Removal","floor":4.0,"gold_loss":0.0,"damage_taken":7.0},{"damage_healed":0.0,"max_hp_gain":0.0,"max_hp_loss":5.0,"gold_gain":0.0,"event_name":"Golden Idol","player_choice":"Lose Max HP","floor":10.0,"gold_loss":0.0,"damage_taken":0.0,"relics_obtained":["Golden Idol"]},{"damage_healed":19.0,"max_hp_gain":0.0,"max_hp_loss":0.0,"gold_gain":0.0,"event_name":"Big Fish","player_choice":"Banana","floor":12.0,"gold_loss":0.0,"damage_taken":0.0},{"cards_removed":["Strike_G"],"damage_healed":0.0,"max_hp_gain":0.0,"max_hp_loss":0.0,"gold_gain":0.0,"event_name":"The Cleric","player_choice":"Card Removal","floor":13.0,"gold_loss":50.0,"damage_taken":0.0},{"damage_healed":0,"gold_gain":99,"player_choice":"Stole From Cult","damage_taken":0,"max_hp_gain":0,"max_hp_loss":0,"event_name":"Nest","floor":28,"gold_loss":0},{"damage_healed":0,"gold_gain":0,"player_choice":"0 cards matched","damage_taken":0,"max_hp_gain":0,"max_hp_loss":0,"event_name":"Match and Keep!","floor":36,"gold_loss":0,"cards_obtained":[]},{"damage_healed":0,"gold_gain":333,"player_choice":"Gave Idol","damage_taken":0,"max_hp_gain":0,"max_hp_loss":0,"event_name":"The Moai Head","floor":46,"relics_lost":["Golden Idol"],"gold_loss":0}],"is_beta":false,"boss_relics":[{"not_picked":["Calling Bell","Coffee Dripper"],"picked":"Pandora\u0027s Box"},{"not_picked":["WristBlade","Fusion Hammer"],"picked":"Empty Cage"}],"items_purged_floors":[7,20,30,38],"is_endless":false,"potions_floor_spawned":[1,8,16,19,22,27,33,39,41,42],"ascension_level":0}