{"gold_per_floor":[118,138,288,11,24,24,56,56,56,131,131,25,25,44,44,123,123,137,154,79,79,79,79,79],"floor_reached":24,"playtime":958,"items_purged":["Strike_G"],"score":384,"play_id":"051064e8-09d9-46da-a79a-321ca57e557c","local_time":"20190101192500","is_ascension_mode":true,"campfire_choices":[{"data":"Neutralize","floor":6.0,"key":"SMITH"},{"data":"Footwork","floor":8.0,"key":"SMITH"},{"data":"Noxious Fumes","floor":15.0,"key":"SMITH"},{"floor":23,"key":"REST"}],"neow_cost":"NONE","seed_source_timestamp":26921606322056,"circlet_count":0,"master_deck":["AscendersBane","Defend_G","Defend_G","Defend_G","Defend_G","Defend_G","Strike_G","Strike_G","Strike_G","Survivor","Neutralize+1","Footwork+1","Purity","Grand Finale","All Out Attack","Backflip","Noxious Fumes+1","Doppelganger","Burst"],"special_seed":0,"relics":["Ring of the Serpent","Singing Bowl","Ancient Tea Set"],"potions_floor_usage":[],"damage_taken":[{"damage":1.0,"enemies":"Jaw Worm","floor":1.0,"turns":6.0},{"damage":6.0,"enemies":"Small Slimes","floor":2.0,"turns":5.0},{"damage":0.0,"enemies":"2 Louse","floor":5.0,"turns":6.0},{"damage":25.0,"enemies":"3 Sentries","floor":7.0,"turns":9.0},{"damage":0.0,"enemies":"Exordium Wildlife","floor":14.0,"turns":2.0},{"damage":13.0,"enemies":"Hexaghost","floor":16.0,"turns":11.0},{"damage":12,"enemies":"Shell Parasite","floor":18,"turns":11},{"damage":12,"enemies":"3 Byrds","floor":19,"turns":6},{"damage":19,"enemies":"Slavers","floor":24,"turns":2}],"seed_played":"8832643302736682204","potions_obtained":[{"floor":1.0,"key":"SkillPotion"},{"floor":2.0,"key":"Energy Potion"},{"floor":5.0,"key":"GhostInAJar"}],"is_trial":false,"path_per_floor":["M","M","?","$","M","R","E","R","T","?","?","$","?","M","R","B",null,"M","M","$","?","$","R","E"],"character_chosen":"THE_SILENT","items_purchased":["Purity","Grand Finale","Backflip","Noxious Fumes"],"campfire_rested":1,"item_purchase_floors":[4,4,12,12],"current_hp_per_floor":[58,52,52,52,52,52,29,29,29,18,18,18,18,18,18,5,52,42,32,32,12,12,35,16],"gold":79,"neow_bonus":"REMOVE_CARD","is_prod":false,"is_daily":false,"chose_seed":false,"campfire_upgraded":3,"win_rate":0,"timestamp":1546341900,"path_taken":["M","M","?","$","M","R","E","R","T","?","?","$","?","M","R","BOSS","M","M","$","?","$","R","E"],"build_version":"2018-12-20","purchased_purges":1,"victory":false,"max_hp_per_floor":[66,66,66,66,66,66,68,68,68,68,68,68,68,68,68,68,68,70,72,72,77,77,77,77],"card_choices":[{"not_picked":["Acrobatics","Blur"],"picked":"Footwork","floor":1.0},{"not_picked":["Deflect","Infinite Blades","Outmaneuver"],"picked":"SKIP","floor":2.0},{"not_picked":["Bane","Underhanded Strike"],"picked":"All Out Attack","floor":5.0},{"not_picked":["Predator","Cloak And Dagger","Slice"],"picked":"Singing Bowl","floor":7.0},{"not_picked":["Flying Knee","Blade Dance"],"picked":"Doppelganger","floor":14.0},{"not_picked":["Die Die Die","Bullet Time"],"picked":"Burst","floor":16.0},{"not_picked":["Bane","Flying Knee","Outmaneuver"],"picked":"Singing Bowl","floor":18},{"not_picked":["Predator","Dash","Deadly Poison"],"picked":"Singing Bowl","floor":19}],"player_experience":1653562,"relics_obtained":[{"floor":7.0,"key":"Singing Bowl"},{"floor":9.0,"key":"Ancient Tea Set"}],"event_choices":[{"damage_healed":0.0,"max_hp_gain":0.0,"max_hp_loss":0.0,"gold_gain":150.0,"event_name":"Liars Game","player_choice":"AGREE","floor":3.0,"gold_loss":0.0,"damage_taken":0.0,"cards_obtained":["Doubt"]},{"damage_healed":0.0,"max_hp_gain":0.0,"max_hp_loss":0.0,"gold_gain":75.0,"event_name":"World of Goop","player_choice":"Gather Gold","floor":10.0,"gold_loss":0.0,"damage_taken":11.0},{"cards_removed":["Doubt"],"damage_healed":0.0,"max_hp_gain":0.0,"max_hp_loss":0.0,"gold_gain":0.0,"event_name":"Living Wall","player_choice":"Forget","floor":11.0,"gold_loss":0.0,"damage_taken":0.0},{"damage_healed":0.0,"max_hp_gain":0.0,"max_hp_loss":0.0,"gold_gain":0.0,"event_name":"The Cleric","player_choice":"Leave","floor":13.0,"gold_loss":0.0,"damage_taken":0.0},{"damage_healed":0,"gold_gain":0,"player_choice":"Shed Blood","damage_taken":25,"max_hp_gain":5,"max_hp_loss":0,"event_name":"Forgotten Altar","floor":21,"gold_loss":0}],"is_beta":false,"boss_relics":[{"not_picked":["Tiny House","Runic Dome"],"picked":"Ring of the Serpent"}],"items_purged_floors":[20],"is_endless":false,"potions_floor_spawned":[1,2,5],"killed_by":"Slavers","ascension_level":20}