{"gold_per_floor":[218,48,48,65,84,84,116,116,116,131,148,48,64,81,81,81],"floor_reached":16,"playtime":1013,"items_purged":["Strike_G","Strike_G"],"score":208,"play_id":"2642508a-6c47-4ccb-a6a2-8e511734981e","local_time":"20190411002739","is_ascension_mode":true,"campfire_choices":[{"data":"Discovery","floor":6,"key":"SMITH"},{"data":"Neutralize","floor":8,"key":"SMITH"},{"floor":15,"key":"RECALL"}],"neow_cost":"NONE","seed_source_timestamp":71804351848108,"circlet_count":0,"master_deck":["AscendersBane","Defend_G","Defend_G","Defend_G","Defend_G","Defend_G","Strike_G","Strike_G","Strike_G","Survivor","Neutralize+1","Footwork","Discovery+1","Infinite Blades","Escape Plan"],"relics":["Ring of the Snake","Gremlin Horn","Oddly Smooth Stone"],"potions_floor_usage":[10],"damage_taken":[{"damage":0,"enemies":"Jaw Worm","floor":1,"turns":5},{"damage":4,"enemies":"Cultist","floor":4,"turns":4},{"damage":0,"enemies":"Small Slimes","floor":5,"turns":4},{"damage":19,"enemies":"Lagavulin","floor":7,"turns":10},{"damage":0,"enemies":"Gremlin Gang","floor":10,"turns":3},{"damage":8,"enemies":"Exordium Wildlife","floor":11,"turns":6},{"damage":3,"enemies":"Looter","floor":13,"turns":4},{"damage":0,"enemies":"Red Slaver","floor":14,"turns":8},{"damage":0,"enemies":"Slime Boss","floor":16,"turns":1}],"seed_played":"3070888956885449564","potions_obtained":[{"floor":1,"key":"Dexterity Potion"},{"floor":3,"key":"GhostInAJar"},{"floor":3,"key":"Explosive Potion"},{"floor":11,"key":"LiquidBronze"}],"is_trial":false,"path_per_floor":["M","$","?","M","M","R","E","R","T","M","M","$","M","M","R","B"],"character_chosen":"THE_SILENT","items_purchased":["Discovery"],"campfire_rested":0,"item_purchase_floors":[2],"current_hp_per_floor":[59,59,59,55,55,55,36,36,36,36,28,28,25,25,25,25],"gold":81,"neow_bonus":"HUNDRED_GOLD","is_prod":false,"is_daily":false,"chose_seed":false,"campfire_upgraded":2,"win_rate":0,"timestamp":1554913659,"path_taken":["M","$","?","M","M","R","E","R","T","?","M","$","M","M","R","BOSS"],"build_version":"2019-01-23","purchased_purges":2,"victory":false,"max_hp_per_floor":[66,66,66,66,66,66,66,66,66,66,66,66,66,66,66,66],"card_choices":[{"not_picked":["Accuracy","Outmaneuver"],"picked":"Footwork","floor":1},{"not_picked":["Terror","Predator"],"picked":"Infinite Blades","floor":4},{"not_picked":["Expertise","Slice","Setup"],"picked":"SKIP","floor":5},{"not_picked":["Predator","Sucker Punch","Riddle With Holes"],"picked":"SKIP","floor":7},{"not_picked":["Deflect","PiercingWail","Dagger Spray"],"picked":"SKIP","floor":10},{"not_picked":["Deflect","Underhanded Strike","Dagger Spray"],"picked":"SKIP","floor":11},{"not_picked":["Underhanded Strike","Acrobatics"],"picked":"Escape Plan","floor":13},{"not_picked":["Bane","Quick Slash","Dagger Spray"],"picked":"SKIP","floor":14}],"player_experience":4224588,"relics_obtained":[{"floor":7,"key":"Gremlin Horn"},{"floor":9,"key":"Oddly Smooth Stone"}],"event_choices":[{"damage_healed":0,"gold_gain":0,"player_choice":"Got Potions","damage_taken":0,"max_hp_gain":0,"max_hp_loss":0,"event_name":"Lab","floor":3,"gold_loss":0}],"is_beta":false,"boss_relics":[],"items_purged_floors":[2,12],"is_endless":false,"potions_floor_spawned":[1,4,7,11],"killed_by":"Slime Boss","ascension_level":20}