{"gold_per_floor":[118,118,134,6,25,53,53,83,107,107],"floor_reached":10,"playtime":350,"items_purged":["Strike_B"],"score":152,"play_id":"415e5b71-9640-4c07-baff-f06a24200781","local_time":"20190212223208","is_ascension_mode":true,"campfire_choices":[{"data":"Sunder","floor":7.0,"key":"SMITH"}],"neow_cost":"NONE","seed_source_timestamp":45775048495566,"circlet_count":0,"master_deck":["AscendersBane","Strike_B","Strike_B","Strike_B","Defend_B","Defend_B","Defend_B","Defend_B","Zap","Dualcast+1","Rainbow","Skim","Sunder+1","Loop","Self Repair"],"special_seed":0,"relics":["Cracked Core","Bag of Preparation","Lantern","Centennial Puzzle"],"potions_floor_usage":[],"damage_taken":[{"damage":7.0,"enemies":"Jaw Worm","floor":1.0,"turns":3.0},{"damage":0.0,"enemies":"2 Louse","floor":3.0,"turns":2.0},{"damage":0.0,"enemies":"Cultist","floor":5.0,"turns":3.0},{"damage":10.0,"enemies":"3 Sentries","floor":6.0,"turns":5.0},{"damage":45.0,"enemies":"Gremlin Nob","floor":8.0,"turns":5.0},{"damage":10,"enemies":"Lagavulin","floor":10,"turns":3}],"seed_played":"5580383140465665472","potions_obtained":[{"floor":1.0,"key":"EssenceOfSteel"},{"floor":8.0,"key":"Ancient Potion"}],"is_trial":false,"path_per_floor":["M","?","M","$","M","E","R","E","T","E"],"character_chosen":"DEFECT","items_purchased":["AttackPotion"],"campfire_rested":0,"item_purchase_floors":[4],"current_hp_per_floor":[57,57,57,57,57,47,47,2,2,0],"gold":107,"neow_bonus":"ONE_RANDOM_RARE_CARD","is_prod":false,"is_daily":false,"chose_seed":false,"campfire_upgraded":1,"win_rate":0,"timestamp":1549981928,"path_taken":["M","?","M","$","M","E","R","E","T","E"],"build_version":"2019-01-23","purchased_purges":1,"victory":false,"max_hp_per_floor":[71,71,71,71,71,71,71,71,71,71],"card_choices":[{"not_picked":["Storm","Barrage"],"picked":"Skim","floor":1.0},{"not_picked":["Ball Lightning","Rebound"],"picked":"Sunder","floor":3.0},{"not_picked":["Coolheaded","Rebound"],"picked":"Loop","floor":5.0},{"not_picked":["Streamline","Blizzard","Gash"],"picked":"SKIP","floor":6.0},{"not_picked":["Steam Power","Aggregate"],"picked":"Self Repair","floor":8.0}],"player_experience":2665757,"relics_obtained":[{"floor":6.0,"key":"Bag of Preparation"},{"floor":8.0,"key":"Lantern"},{"floor":9.0,"key":"Centennial Puzzle"}],"event_choices":[{"damage_healed":0.0,"max_hp_gain":0.0,"max_hp_loss":0.0,"gold_gain":0.0,"event_name":"Living Wall","player_choice":"Grow","floor":2.0,"gold_loss":0.0,"damage_taken":0.0,"cards_upgraded":["Dualcast"]}],"is_beta":false,"boss_relics":[],"items_purged_floors":[4],"is_endless":false,"potions_floor_spawned":[1,8],"killed_by":"Lagavulin","ascension_level":20}