{"gold_per_floor":[117,192,205,36,36,69,69,88,88,88,99,117,117,129,129,206,206,219,24,34,34,34,34,45,45,45,45,45,45],"floor_reached":29,"playtime":2207,"items_purged":["Strike_B","Strike_B"],"score":496,"play_id":"efddd9f1-ae1a-414f-b626-478423a9ddaf","local_time":"20190203120733","is_ascension_mode":true,"campfire_choices":[{"data":"Hologram","floor":7.0,"key":"SMITH"},{"data":"Dualcast","floor":10.0,"key":"SMITH"},{"data":"Defragment","floor":15.0,"key":"SMITH"},{"data":"Buffer","floor":23.0,"key":"SMITH"},{"floor":27.0,"key":"REST"}],"neow_cost":"NONE","seed_source_timestamp":2389166023685,"circlet_count":0,"master_deck":["AscendersBane","Strike_B","Defend_B","Defend_B","Defend_B","Defend_B","Zap","Dualcast+1","Hologram+1","Finesse","Gash","Buffer+1","Defragment+1","Hologram","Rainbow","Go for the Eyes","Flash of Steel","Defragment","Recycle"],"special_seed":0,"relics":["Cracked Core","NeowsBlessing","Cables","Mercury Hourglass","Runic Pyramid"],"potions_floor_usage":[29],"damage_taken":[{"damage":0.0,"enemies":"Small Slimes","floor":1.0,"turns":1.0},{"damage":0.0,"enemies":"Cultist","floor":3.0,"turns":1.0},{"damage":0.0,"enemies":"3 Sentries","floor":6.0,"turns":1.0},{"damage":1.0,"enemies":"2 Louse","floor":8.0,"turns":4.0},{"damage":1.0,"enemies":"2 Fungi Beasts","floor":11.0,"turns":3.0},{"damage":0.0,"enemies":"Looter","floor":12.0,"turns":3.0},{"damage":3.0,"enemies":"3 Louse","floor":14.0,"turns":3.0},{"damage":32.0,"enemies":"Slime Boss","floor":16.0,"turns":10.0},{"damage":7.0,"enemies":"Shell Parasite","floor":18.0,"turns":7.0},{"damage":21.0,"enemies":"2 Thieves","floor":20.0,"turns":4.0},{"damage":4.0,"enemies":"Centurion and Healer","floor":24.0,"turns":6.0},{"damage":32,"enemies":"Slavers","floor":29,"turns":3}],"seed_played":"1957913099975799547","potions_obtained":[{"floor":3.0,"key":"Energy Potion"},{"floor":8.0,"key":"Weak Potion"},{"floor":20.0,"key":"Strength Potion"}],"is_trial":false,"path_per_floor":["M","?","M","$","?","E","R","M","T","R","M","M","?","M","R","B",null,"M","$","M","$","?","R","M","?","T","R","$","E"],"character_chosen":"DEFECT","items_purchased":["Finesse","Flash of Steel"],"campfire_rested":1,"item_purchase_floors":[4,19],"current_hp_per_floor":[64,53,53,53,46,46,46,45,45,45,44,44,40,37,37,5,55,48,48,27,27,27,27,23,23,23,44,44,12],"gold":45,"neow_bonus":"THREE_ENEMY_KILL","is_prod":false,"is_daily":false,"chose_seed":false,"campfire_upgraded":4,"win_rate":0,"timestamp":1549166853,"path_taken":["M","?","M","$","?","E","R","M","T","R","M","M","?","M","R","BOSS","M","?","?","$","?","R","M","?","T","R","$","E"],"build_version":"2019-01-23","purchased_purges":2,"victory":false,"max_hp_per_floor":[71,71,71,71,71,71,71,71,71,71,71,71,71,71,71,71,71,71,71,71,71,71,71,71,71,71,71,71,71],"card_choices":[{"not_picked":["Steam","Coolheaded"],"picked":"Hologram","floor":1.0},{"not_picked":["Leap","Compile Driver","Storm"],"picked":"SKIP","floor":3.0},{"not_picked":["Steam","Glacier"],"picked":"Gash","floor":6.0},{"not_picked":["Genetic Algorithm","Self Repair"],"picked":"Buffer","floor":8.0},{"not_picked":["Consume","Redo"],"picked":"Defragment","floor":11.0},{"not_picked":["Conserve Battery","Turbo"],"picked":"Hologram","floor":12.0},{"not_picked":["Doom and Gloom","Barrage","Sweeping Beam"],"picked":"SKIP","floor":14.0},{"not_picked":["Buffer","Fission"],"picked":"Rainbow","floor":16.0},{"not_picked":["Compile Driver","Rebound"],"picked":"Go for the Eyes","floor":18.0},{"not_picked":["Scrape","Coolheaded","Stack"],"picked":"SKIP","floor":20.0},{"not_picked":["Reboot","Steam"],"picked":"Defragment","floor":24.0}],"player_experience":2471947,"relics_obtained":[{"floor":6.0,"key":"Cables"},{"floor":9.0,"key":"Mercury Hourglass"}],"event_choices":[{"damage_healed":0.0,"max_hp_gain":0.0,"max_hp_loss":0.0,"gold_gain":75.0,"event_name":"World of Goop","player_choice":"Gather Gold","floor":2.0,"gold_loss":0.0,"damage_taken":11.0},{"cards_removed":["Strike_B"],"damage_healed":0.0,"max_hp_gain":0.0,"max_hp_loss":0.0,"gold_gain":0.0,"event_name":"Golden Wing","player_choice":"Card Removal","floor":5.0,"gold_loss":0.0,"damage_taken":7.0},{"damage_healed":0.0,"max_hp_gain":0.0,"max_hp_loss":0.0,"gold_gain":0.0,"event_name":"The Woman in Blue","player_choice":"Bought 0 Potions","floor":13.0,"gold_loss":0.0,"damage_taken":0.0},{"damage_healed":0.0,"max_hp_gain":0.0,"max_hp_loss":0.0,"gold_gain":0.0,"event_name":"Vampires","player_choice":"Ignored","floor":22.0,"gold_loss":0.0,"damage_taken":0.0},{"damage_healed":0.0,"max_hp_gain":0.0,"max_hp_loss":0.0,"gold_gain":0.0,"event_name":"The Library","player_choice":"Read","floor":25.0,"gold_loss":0.0,"damage_taken":0.0,"cards_obtained":["Recycle"]}],"is_beta":false,"boss_relics":[{"not_picked":["White Beast Statue","Fusion Hammer"],"picked":"Runic Pyramid"}],"items_purged_floors":[4,19],"is_endless":false,"potions_floor_spawned":[3,8,11,20],"killed_by":"Slavers","ascension_level":20}