{"gold_per_floor":[112,127,54,70,82,82,110,110,110,285,304,70,99,125,125,223,223,240,257,257,157,173,173,206,206,276,191,191,207,227,240,240,338,338,351,123,133,133,149,149,149,149,149,167,180,196,196,37,37,37],"floor_reached":51,"playtime":1896,"items_purged":["Doubt","Strike_G","Decay"],"score":829,"play_id":"33963dfa-271c-42ec-821a-99c840c6de3e","local_time":"20181020202245","is_ascension_mode":false,"campfire_choices":[{"data":"Noxious Fumes","floor":6.0,"key":"SMITH"},{"data":"Neutralize","floor":8.0,"key":"SMITH"},{"data":"Deadly Poison","floor":15.0,"key":"SMITH"},{"data":"After Image","floor":23.0,"key":"SMITH"},{"data":"Corpse Explosion","floor":25.0,"key":"SMITH"},{"data":"Ghostly","floor":28.0,"key":"SMITH"},{"data":"Ghostly","floor":32.0,"key":"SMITH"},{"data":"Ghostly","floor":40,"key":"SMITH"},{"data":"Ghostly","floor":42,"key":"SMITH"},{"data":"Ghostly","floor":47,"key":"SMITH"},{"data":"Apotheosis","floor":49,"key":"SMITH"}],"neow_cost":"NONE","seed_source_timestamp":34805573798554,"circlet_count":0,"master_deck":["Defend_G","Defend_G","Defend_G","Defend_G","Defend_G","Strike_G","Strike_G","Strike_G","Strike_G","Survivor","Neutralize+1","Dramatic Entrance","Infinite Blades","Noxious Fumes+1","After Image+1","Deadly Poison+1","Footwork+1","Purity","Well Laid Plans+1","Corpse Explosion+1","Infinite Blades+1","Ghostly+1","Ghostly+1","Ghostly+1","Ghostly+1","Ghostly+1","Escape Plan+1","Footwork+1","Deadly Poison+1","After Image+1","Apotheosis+1","Well Laid Plans+1","Expertise","Impatience","Purity","Finesse","Clumsy","Well Laid Plans+1"],"special_seed":0,"relics":["Ring of the Snake","Singing Bowl","Frozen Egg 2","Odd Mushroom","Dodecahedron","Cursed Key","PreservedInsect","Pear","Art of War","Coffee Dripper","Letter Opener"],"potions_floor_usage":[44],"damage_taken":[{"damage":0.0,"enemies":"2 Louse","floor":1.0,"turns":2.0},{"damage":0.0,"enemies":"Cultist","floor":2.0,"turns":4.0},{"damage":0.0,"enemies":"Jaw Worm","floor":4.0,"turns":3.0},{"damage":0.0,"enemies":"Looter","floor":5.0,"turns":5.0},{"damage":15.0,"enemies":"Lagavulin","floor":7.0,"turns":8.0},{"damage":6.0,"enemies":"Lots of Slimes","floor":11.0,"turns":2.0},{"damage":15.0,"enemies":"The Mushroom Lair","floor":13.0,"turns":5.0},{"damage":4.0,"enemies":"3 Sentries","floor":14.0,"turns":7.0},{"damage":12.0,"enemies":"Hexaghost","floor":16.0,"turns":9.0},{"damage":0.0,"enemies":"Chosen","floor":18.0,"turns":5.0},{"damage":0.0,"enemies":"Shell Parasite","floor":19.0,"turns":6.0},{"damage":0.0,"enemies":"Snecko","floor":22.0,"turns":7.0},{"damage":0.0,"enemies":"Book of Stabbing","floor":24.0,"turns":7.0},{"damage":0.0,"enemies":"Snake Plant","floor":29.0,"turns":5.0},{"damage":0.0,"enemies":"Sentry and Sphere","floor":30.0,"turns":5.0},{"damage":0.0,"enemies":"Snecko","floor":31.0,"turns":5.0},{"damage":0.0,"enemies":"Champ","floor":33.0,"turns":12.0},{"damage":0.0,"enemies":"Orb Walker","floor":35.0,"turns":5.0},{"damage":0.0,"enemies":"3 Darklings","floor":37.0,"turns":5.0},{"damage":18,"enemies":"Jaw Worm Horde","floor":39,"turns":4},{"damage":0,"enemies":"4 Shapes","floor":44,"turns":1},{"damage":6,"enemies":"Transient","floor":45,"turns":5},{"damage":0,"enemies":"Jaw Worm Horde","floor":46,"turns":3},{"damage":2,"enemies":"Awakened One","floor":50,"turns":13}],"seed_played":"5096132818319485436","potions_obtained":[{"floor":1.0,"key":"Fire Potion"},{"floor":7.0,"key":"SpeedPotion"},{"floor":11.0,"key":"SteroidPotion"},{"floor":22.0,"key":"Explosive Potion"},{"floor":30.0,"key":"Block Potion"},{"floor":33.0,"key":"Ancient Potion"},{"floor":45,"key":"Fire Potion"}],"is_trial":false,"path_per_floor":["M","M","$","M","M","R","E","R","T","?","M","$","?","E","R","B",null,"M","M","?","$","M","R","E","R","T","?","R","M","M","M","R","B",null,"M","$","M","?","M","R","?","R","T","M","M","M","R","$","R","B"],"character_chosen":"THE_SILENT","items_purchased":["Noxious Fumes","Footwork+1","Purity","Apotheosis","Well Laid Plans+1","Well Laid Plans+1"],"campfire_rested":0,"item_purchase_floors":[3,12,12,36,36,48],"current_hp_per_floor":[70,70,70,70,70,70,55,55,55,55,49,49,34,32,32,20,72,74,74,37,37,39,39,39,39,49,49,49,49,49,51,51,51,51,53,53,53,53,37,37,27,27,27,29,25,27,27,27,27,25],"gold":37,"neow_bonus":"RANDOM_COLORLESS","is_prod":false,"is_daily":false,"chose_seed":false,"campfire_upgraded":11,"win_rate":0,"timestamp":1540038165,"path_taken":["M","M","$","M","M","R","E","R","T","?","M","$","?","E","R","BOSS","M","M","?","$","M","R","E","R","T","?","R","M","?","?","R","BOSS","M","$","M","?","M","R","?","R","T","M","M","M","R","$","R","BOSS"],"build_version":"2018-10-18","purchased_purges":3,"victory":true,"max_hp_per_floor":[70,70,70,70,70,70,70,70,70,70,70,70,70,72,72,72,72,74,74,37,37,39,39,39,39,49,49,49,49,49,51,51,51,51,53,53,53,53,55,55,55,55,55,57,59,61,61,61,61,61],"card_choices":[{"not_picked":["Prepared","Cloak And Dagger","Sucker Punch"],"picked":"SKIP","floor":1.0},{"not_picked":["Sucker Punch","Slice"],"picked":"Infinite Blades","floor":2.0},{"not_picked":["Cloak And Dagger","Slice","Bane"],"picked":"SKIP","floor":4.0},{"not_picked":["Dodge and Roll","Finisher","Underhanded Strike"],"picked":"SKIP","floor":5.0},{"not_picked":["Cloak And Dagger","Infinite Blades"],"picked":"After Image","floor":7.0},{"not_picked":["Dagger Spray","All Out Attack"],"picked":"Deadly Poison","floor":11.0},{"not_picked":["Crippling Poison","Calculated Gamble"],"picked":"Well Laid Plans+1","floor":13.0},{"not_picked":["Slice","Poisoned Stab","Underhanded Strike"],"picked":"Singing Bowl","floor":14.0},{"not_picked":["A Thousand Cuts+1","Burst"],"picked":"Corpse Explosion","floor":16.0},{"not_picked":["Expertise","Accuracy+1","Deadly Poison"],"picked":"Singing Bowl","floor":18.0},{"not_picked":["All Out Attack","Outmaneuver"],"picked":"Infinite Blades+1","floor":19.0},{"not_picked":["Blade Dance","Dodge and Roll","Outmaneuver+1"],"picked":"Singing Bowl","floor":22.0},{"not_picked":["Sucker Punch","Quick Slash"],"picked":"Escape Plan+1","floor":24.0},{"not_picked":["Noxious Fumes+1","Dagger Throw"],"picked":"Footwork+1","floor":29.0},{"not_picked":["Poisoned Stab+1","Expertise"],"picked":"Deadly Poison+1","floor":30.0},{"not_picked":["Dagger Spray+1","Bane","Reflex"],"picked":"Singing Bowl","floor":31.0},{"not_picked":["Doppelganger","Unload"],"picked":"After Image+1","floor":33.0},{"not_picked":["Tactician+1","Deadly Poison+1","Finisher"],"picked":"Singing Bowl","floor":35.0},{"not_picked":["Sucker Punch+1","Deflect"],"picked":"Expertise","floor":37.0},{"not_picked":["Prepared","Endless Agony","Heel Hook"],"picked":"Singing Bowl","floor":39},{"not_picked":["Purity","Panache+1"],"picked":"Impatience","floor":41},{"not_picked":["PanicButton","Deep Breath"],"picked":"Purity","floor":41},{"not_picked":["Master of Strategy","Sadistic Nature+1"],"picked":"Finesse","floor":41},{"not_picked":["Underhanded Strike","Calculated Gamble+1","Deadly Poison"],"picked":"Singing Bowl","floor":44},{"not_picked":["Tactician","Dodge and Roll","Dagger Throw"],"picked":"Singing Bowl","floor":45},{"not_picked":["Prepared+1","Outmaneuver","Dagger Spray+1"],"picked":"Singing Bowl","floor":46}],"player_experience":417226,"relics_obtained":[{"floor":7.0,"key":"Singing Bowl"},{"floor":9.0,"key":"Frozen Egg 2"},{"floor":13.0,"key":"Odd Mushroom"},{"floor":14.0,"key":"Dodecahedron"},{"floor":24.0,"key":"PreservedInsect"},{"floor":26.0,"key":"Pear"},{"floor":43,"key":"Letter Opener"}],"event_choices":[{"damage_healed":0.0,"max_hp_gain":0.0,"max_hp_loss":0.0,"gold_gain":175.0,"event_name":"Liars Game","player_choice":"AGREE","floor":10.0,"gold_loss":0.0,"damage_taken":0.0,"cards_obtained":["Doubt"]},{"damage_healed":0.0,"max_hp_gain":0.0,"max_hp_loss":0.0,"gold_gain":0.0,"event_name":"Mushrooms","player_choice":"Fought Mushrooms","floor":13.0,"gold_loss":0.0,"damage_taken":0.0},{"damage_healed":0.0,"max_hp_gain":0.0,"max_hp_loss":37.0,"gold_gain":0.0,"event_name":"Ghosts","player_choice":"Became a Ghost","floor":20.0,"gold_loss":0.0,"damage_taken":0.0,"cards_obtained":["Ghostly","Ghostly","Ghostly","Ghostly","Ghostly"]},{"damage_healed":0.0,"max_hp_gain":0.0,"max_hp_loss":0.0,"gold_gain":0.0,"event_name":"Addict","player_choice":"Obtained Relic","floor":27.0,"gold_loss":85.0,"damage_taken":0.0,"relics_obtained":["Art of War"]},{"damage_healed":0,"gold_gain":0,"player_choice":"Leave","damage_taken":0,"max_hp_gain":0,"max_hp_loss":0,"event_name":"FaceTrader","floor":38,"gold_loss":0},{"damage_healed":0,"gold_gain":0,"player_choice":"Memory 3","damage_taken":10,"max_hp_gain":0,"max_hp_loss":0,"event_name":"SensoryStone","floor":41,"gold_loss":0}],"is_beta":false,"boss_relics":[{"not_picked":["Fusion Hammer","Velvet Choker"],"picked":"Cursed Key"},{"not_picked":["White Beast Statue","Lizard Tail"],"picked":"Coffee Dripper"}],"items_purged_floors":[12,21,48],"is_endless":false,"potions_floor_spawned":[1,7,11,14,22,30,33,37,45,46],"ascension_level":0}