{"gold_per_floor":[119,119,43,59,75,75,94,109,155,155,167,167,186,205,205,305,305,322,322,337,262,276,276],"floor_reached":23,"playtime":877,"items_purged":[],"score":290,"play_id":"9f11fac9-7bda-489a-ba0e-67d46bb727dc","local_time":"20181011125355","is_ascension_mode":true,"campfire_choices":[{"data":"Defragment","floor":6,"key":"SMITH"},{"floor":10,"key":"REST"},{"floor":15,"key":"REST"}],"neow_cost":"NONE","seed_source_timestamp":4810460641245,"circlet_count":0,"master_deck":["Strike_B+1","Strike_B+1","Strike_B","Defend_B","Defend_B","Defend_B","Zap","Dualcast","AscendersBane","Core Surge","Ball Lightning","Defragment+1","Coolheaded","Coolheaded","Glacier","Fission","Undo","Coolheaded","Gash","Core Surge","Auto Shields","Aggregate","Glacier","Tempest"],"relics":["Cracked Core","Dream Catcher","Fusion Hammer"],"potions_floor_usage":[8,14,16,23],"damage_taken":[{"damage":7,"enemies":"Jaw Worm","floor":1,"turns":3},{"damage":9,"enemies":"Small Slimes","floor":4,"turns":2},{"damage":0,"enemies":"Cultist","floor":5,"turns":2},{"damage":0,"enemies":"Large Slime","floor":7,"turns":4},{"damage":16,"enemies":"Lots of Slimes","floor":8,"turns":4},{"damage":5,"enemies":"Gremlin Gang","floor":11,"turns":4},{"damage":11,"enemies":"Exordium Thugs","floor":13,"turns":5},{"damage":15,"enemies":"Lots of Slimes","floor":14,"turns":7},{"damage":1,"enemies":"The Guardian","floor":16,"turns":13},{"damage":2,"enemies":"Spheric Guardian","floor":18,"turns":4},{"damage":13,"enemies":"2 Thieves","floor":20,"turns":5},{"damage":13,"enemies":"Snake Plant","floor":22,"turns":5},{"damage":50,"enemies":"Gremlin Leader","floor":23,"turns":12}],"seed_played":"-1267484456371820108","potions_obtained":[{"floor":4,"key":"FearPotion"},{"floor":5,"key":"Swift Potion"},{"floor":7,"key":"SkillPotion"},{"floor":12,"key":"Regen Potion"},{"floor":12,"key":"Strength Potion"},{"floor":14,"key":"Weak Potion"}],"is_trial":false,"path_per_floor":["M","?","$","M","M","R","M","M","T","R","M","?","M","M","R","B",null,"M","?","M","?","M"],"character_chosen":"DEFECT","items_purchased":["Defragment"],"campfire_rested":2,"item_purchase_floors":[3],"current_hp_per_floor":[61,46,46,37,37,37,37,21,21,43,38,38,27,27,49,48,68,66,66,53,53,40,0],"gold":276,"neow_bonus":"ONE_RANDOM_RARE_CARD","is_prod":false,"is_daily":false,"chose_seed":false,"campfire_upgraded":1,"win_rate":0,"timestamp":1539233635,"path_taken":["M","?","$","M","M","R","M","M","T","R","?","?","?","M","R","BOSS","M","?","M","?","?","E"],"build_version":"2018-10-04v2","purchased_purges":0,"victory":false,"max_hp_per_floor":[75,75,75,75,75,75,75,75,75,75,75,75,75,75,75,75,75,75,75,75,75,75,75],"card_choices":[{"not_picked":["Rebound","Redo"],"picked":"Ball Lightning","floor":1},{"not_picked":["Leap","Beam Cell"],"picked":"Coolheaded","floor":4},{"not_picked":["Streamline","Heatsinks"],"picked":"Coolheaded","floor":5},{"not_picked":["Streamline","Sweeping Beam","Redo"],"picked":"SKIP","floor":7},{"not_picked":["Compile Driver","Cold Snap"],"picked":"Glacier","floor":8},{"not_picked":["Steam","Barrage"],"picked":"Fission","floor":10},{"not_picked":["Darkness","Sweeping Beam","Hello World"],"picked":"SKIP","floor":11},{"not_picked":["Steam","Darkness"],"picked":"Undo","floor":13},{"not_picked":["Stack","Compile Driver"],"picked":"Coolheaded","floor":14},{"not_picked":["Conserve Battery","Chaos"],"picked":"Gash","floor":15},{"not_picked":["Machine Learning","Hyperbeam"],"picked":"Core Surge","floor":16},{"not_picked":["Chill","Rebound"],"picked":"Auto Shields","floor":18},{"not_picked":["Coolheaded+1","Beam Cell"],"picked":"Glacier","floor":20},{"not_picked":["Darkness","Steam"],"picked":"Tempest","floor":22}],"player_experience":100749,"relics_obtained":[{"floor":9,"key":"Dream Catcher"}],"event_choices":[{"event_name":"Shining Light","player_choice":"Entered Light","floor":2,"damage_taken":0},{"event_name":"The Lab","player_choice":"Got Potions","floor":12,"damage_taken":0},{"event_name":"Transmorgrifier","player_choice":"Transform","floor":19,"damage_taken":0},{"event_name":"Beggar","player_choice":"Gave Gold","floor":21,"damage_taken":0}],"is_beta":false,"boss_relics":[{"not_picked":["Coffee Dripper","Snecko Eye"],"picked":"Fusion Hammer"}],"items_purged_floors":[],"is_endless":false,"potions_floor_spawned":[4,5,7,13,14],"killed_by":"Gremlin Leader","ascension_level":11}