{"path_per_floor":["M","M","$","?","M","E","R","M","T","R","M","M","E","M","R","B",null,"M","$","M","M","$","E","R","$","T","E","M","R","?","M","R","B",null,"M","?","$","M","M","R","E","M","T","M","R","E","M","M","R","B"],"character_chosen":"IRONCLAD","items_purchased":["Perfected Strike","Twin Strike","Bottled Flame","Pommel Strike","Lantern","Offering"],"gold_per_floor":[114,129,84,84,99,129,129,144,144,144,159,174,204,219,219,319,319,334,282,297,312,17,47,47,47,72,102,117,117,117,132,132,232,232,247,247,20,35,50,50,80,95,95,110,110,140,155,170,170,170],"floor_reached":51,"campfire_rested":0,"playtime":1584,"item_purchase_floors":[3,19,22,22,37,37],"current_hp_per_floor":[78,77,76,75,74,73,72,71,70,69,68,67,66,65,64,63,62,61,60,60,53,53,54,54,54,54,59,58,57,56,55,54,51,52,51,45,45,52,51,50,48,52,51,57,56,55,54,53,52,40],"items_purged":[],"gold":170,"score":1113,"play_id":"6d8a1d39-9eec-48ae-9da4-a39e56d574e1","local_time":"20180524193412","daily_mods":["Allstar","Terminal","Hoarder"],"is_prod":false,"is_daily":true,"chose_seed":false,"is_ascension_mode":false,"campfire_upgraded":9,"win_rate":0,"timestamp":1527161652,"campfire_choices":[{"data":"Perfected Strike","floor":7,"key":"SMITH"},{"data":"Apotheosis","floor":10,"key":"SMITH"},{"data":"Secret Technique","floor":15,"key":"SMITH"},{"data":"Secret Weapon","floor":24,"key":"SMITH"},{"data":"Feed","floor":29,"key":"SMITH"},{"data":"Apotheosis","floor":32,"key":"SMITH"},{"data":"Apotheosis","floor":40,"key":"SMITH"},{"data":"Secret Technique","floor":45,"key":"SMITH"},{"data":"Secret Technique","floor":49,"key":"SMITH"}],"path_taken":["M","?","$","?","M","E","R","M","T","R","M","M","E","M","R","BOSS","M","$","M","M","$","E","R","?","T","E","M","R","?","M","R","BOSS","M","?","$","M","M","R","E","M","T","M","R","E","M","M","R","BOSS"],"build_version":"2018-05-23v2","seed_source_timestamp":0,"purchased_purges":0,"victory":true,"master_deck":["Strike_R","Strike_R","Strike_R","Strike_R","Strike_R","Defend_R","Defend_R","Defend_R","Defend_R","Bash","Panache","Panache","Panache","Secret Technique+1","Secret Technique+1","Secret Technique+1","Apotheosis+1","Apotheosis+1","Apotheosis+1","Thinking Ahead","Thinking Ahead","Thinking Ahead","Secret Weapon+1","Secret Weapon","Secret Weapon","Clash","Clash","Clash","Twin Strike","Twin Strike","Twin Strike","Perfected Strike+1","Perfected Strike","Perfected Strike","Wild Strike","Wild Strike","Wild Strike","Twin Strike","Twin Strike","Twin Strike","Perfected Strike","Perfected Strike","Perfected Strike","Feed+1","Feed","Feed","Warcry+1","Warcry+1","Warcry+1","Twin Strike","Twin Strike","Twin Strike","Pommel Strike","Pommel Strike","Pommel Strike","Twin Strike","Twin Strike","Twin Strike","Twin Strike","Twin Strike","Twin Strike","Perfected Strike","Perfected Strike","Perfected Strike","Pommel Strike","Pommel Strike","Pommel Strike","Havoc+1","Havoc+1","Havoc+1","Madness","Madness","Madness","Madness","Madness","Madness","Offering","Offering","Offering","Havoc+1","Havoc+1","Havoc+1","Perfected Strike+1","Perfected Strike+1","Perfected Strike+1","Twin Strike","Twin Strike","Twin Strike","Dual Wield+1","Dual Wield+1","Dual Wield+1"],"max_hp_per_floor":[78,77,76,75,74,73,72,71,70,69,68,67,66,65,64,63,62,61,60,63,65,64,63,62,61,60,59,58,57,56,55,54,53,52,51,50,49,52,51,50,49,52,51,57,56,55,54,53,52,51],"relics":["Burning Blood","Gambling Chip","Vajra","Mercury Hourglass","Black Star","Bottled Flame","Bronze Scales","Omamori","Potion Belt","Matryoshka","Frozen Egg 2","Sozu","Lantern","Ginger","Dead Branch","Oddly Smooth Stone","Red Skull","Shuriken","Question Card"],"card_choices":[{"not_picked":["Wild Strike","Metallicize"],"picked":"Clash","floor":1},{"not_picked":["Anger","Shrug It Off"],"picked":"Twin Strike","floor":2},{"not_picked":["Rupture","Whirlwind"],"picked":"Wild Strike","floor":5},{"not_picked":["Shrug It Off","Clash"],"picked":"Twin Strike","floor":6},{"not_picked":["Clothesline","Warcry","Entrench"],"picked":"SKIP","floor":8},{"not_picked":["Berserk","Armaments","Clothesline"],"picked":"SKIP","floor":11},{"not_picked":["Twin Strike","Heavy Blade"],"picked":"Perfected Strike","floor":12},{"not_picked":["Dark Embrace","Shockwave","Barricade"],"picked":"SKIP","floor":13},{"not_picked":["Heavy Blade","Body Slam","Feel No Pain"],"picked":"SKIP","floor":14},{"not_picked":["Exhume","Immolate"],"picked":"Feed","floor":16},{"not_picked":["Heavy Blade","Armaments+1"],"picked":"Warcry+1","floor":18},{"not_picked":["Flex+1","Headbutt","Bloodletting"],"picked":"SKIP","floor":20},{"not_picked":["Sever Soul","Cleave+1","Thunderclap"],"picked":"SKIP","floor":21},{"not_picked":["Impervious","Thunderclap"],"picked":"Twin Strike","floor":23},{"not_picked":["Hemokinesis+1","Anger"],"picked":"Twin Strike","floor":27},{"not_picked":["Pommel Strike","True Grit+1"],"picked":"Perfected Strike","floor":28},{"not_picked":["Infernal Blade","True Grit"],"picked":"Pommel Strike","floor":31},{"not_picked":["Flex","Clothesline"],"picked":"Havoc+1","floor":35},{"not_picked":["Power Through+1","Armaments"],"picked":"Havoc+1","floor":38},{"not_picked":["Clothesline","Blood for Blood+1"],"picked":"Perfected Strike+1","floor":39},{"not_picked":["Brutality+1","Sword Boomerang","True Grit+1"],"picked":"SKIP","floor":41},{"not_picked":["Seeing Red+1","Shrug It Off+1"],"picked":"Twin Strike","floor":42},{"not_picked":["Entrench","Warcry","Rupture+1"],"picked":"SKIP","floor":44},{"not_picked":["Flex+1","Brutality+1","Armaments+1"],"picked":"SKIP","floor":46},{"not_picked":["Bloodletting","Thunderclap+1","True Grit+1","Juggernaut+1"],"picked":"SKIP","floor":47},{"not_picked":["Seeing Red+1","Pummel+1","Dropkick+1"],"picked":"Dual Wield+1","floor":48}],"player_experience":490955,"potions_floor_usage":[6,6,16,23,50,50,50],"damage_taken":[{"damage":1,"enemies":"Cultist","floor":1,"turns":3},{"damage":0,"enemies":"Jaw Worm","floor":2,"turns":2},{"damage":0,"enemies":"Small Slimes","floor":5,"turns":1},{"damage":0,"enemies":"Gremlin Nob","floor":6,"turns":2},{"damage":0,"enemies":"Blue Slaver","floor":8,"turns":1},{"damage":0,"enemies":"Exordium Thugs","floor":11,"turns":2},{"damage":0,"enemies":"2 Fungi Beasts","floor":12,"turns":1},{"damage":0,"enemies":"3 Sentries","floor":13,"turns":2},{"damage":0,"enemies":"Gremlin Gang","floor":14,"turns":2},{"damage":0,"enemies":"The Guardian","floor":16,"turns":4},{"damage":0,"enemies":"Spheric Guardian","floor":18,"turns":1},{"damage":10,"enemies":"3 Byrds","floor":20,"turns":3},{"damage":16,"enemies":"Snake Plant","floor":21,"turns":2},{"damage":5,"enemies":"Book of Stabbing","floor":23,"turns":3},{"damage":0,"enemies":"Gremlin Leader","floor":27,"turns":2},{"damage":2,"enemies":"Slaver and Parasite","floor":28,"turns":2},{"damage":3,"enemies":"Centurion and Healer","floor":31,"turns":2},{"damage":9,"enemies":"Automaton","floor":33,"turns":3},{"damage":0,"enemies":"Flame Bruiser 1 Orb","floor":35,"turns":1},{"damage":0,"enemies":"3 Darklings","floor":38,"turns":2},{"damage":4,"enemies":"Maw","floor":39,"turns":1},{"damage":8,"enemies":"Giant Head","floor":41,"turns":2},{"damage":0,"enemies":"Spire Growth","floor":42,"turns":2},{"damage":0,"enemies":"4 Shapes","floor":44,"turns":3},{"damage":0,"enemies":"2 Orb Walkers","floor":46,"turns":1},{"damage":0,"enemies":"3 Darklings","floor":47,"turns":1},{"damage":4,"enemies":"Transient","floor":48,"turns":5},{"damage":18,"enemies":"Awakened One","floor":50,"turns":3}],"relics_obtained":[{"floor":6,"key":"Gambling Chip"},{"floor":9,"key":"Vajra"},{"floor":13,"key":"Mercury Hourglass"},{"floor":23,"key":"Bronze Scales"},{"floor":23,"key":"Omamori"},{"floor":26,"key":"Potion Belt"},{"floor":27,"key":"Matryoshka"},{"floor":27,"key":"Frozen Egg 2"},{"floor":41,"key":"Ginger"},{"floor":41,"key":"Dead Branch"},{"floor":43,"key":"Oddly Smooth Stone"},{"floor":43,"key":"Red Skull"},{"floor":46,"key":"Shuriken"},{"floor":46,"key":"Question Card"}],"event_choices":[{"event_name":"The Lab","player_choice":"Got Potions","floor":4,"damage_taken":0},{"event_name":"Beggar","player_choice":"Ignored","floor":30,"damage_taken":0},{"event_name":"Winding Halls","player_choice":"Embrace Madness","floor":36,"damage_taken":0}],"boss_relics":[{"not_picked":["Eternal Feather","Cursed Key"],"picked":"Black Star"},{"not_picked":["Tiny House","Black Blood"],"picked":"Sozu"}],"items_purged_floors":[],"potions_floor_spawned":[1,5,13,14,18,27,31,33,38,39,44,47,48],"seed_played":"-3551877995311688955","ascension_level":0,"potions_obtained":[{"floor":1,"key":"FearPotion"},{"floor":4,"key":"GamblersBrew"},{"floor":4,"key":"Regen Potion"},{"floor":5,"key":"AttackPotion"},{"floor":13,"key":"GamblersBrew"},{"floor":14,"key":"Strength Potion"},{"floor":18,"key":"Block Potion"},{"floor":27,"key":"SpeedPotion"},{"floor":31,"key":"SteroidPotion"},{"floor":33,"key":"BloodPotion"}],"is_trial":false}