{"gold_per_floor":[117,117,117,137,62,62,97,121,146,173,185,38,38,13,13,106,106,121,165,165,150,174,18,18,58,58,85,85,119,32,32,32,128,128,152,170,503,186,156,188,206,232,257,267,284,506,516,526,526,526,526,526,526,41,71,71],"floor_reached":57,"playtime":2881,"items_purged":["Strike_B","Defend_B","Defend_B"],"score":3171,"play_id":"40ce0481-3d4c-4900-a8b6-8ef171f19852","local_time":"20190605232350","is_ascension_mode":true,"campfire_choices":[{"data":"Electrodynamics","floor":6.0,"key":"SMITH"},{"data":"Dualcast","floor":11.0,"key":"SMITH"},{"data":"Heatsinks","floor":15.0,"key":"SMITH"},{"data":"Reboot","floor":28.0,"key":"SMITH"},{"data":"Defragment","floor":32.0,"key":"SMITH"},{"floor":49.0,"key":"RECALL"},{"data":"Evolve","floor":53.0,"key":"SMITH"}],"neow_cost":"TEN_PERCENT_HP_LOSS","seed_source_timestamp":0,"circlet_count":0,"master_deck":["AscendersBane","Defend_B","Zap","Dualcast+1","Electrodynamics+1","Auto Shields","Turbo+1","Self Repair","Heatsinks+1","Conserve Battery","Reboot+1","BootSequence+1","Glacier+1","Turbo","Creative AI","Chill","Recycle","Defragment+1","Echo Form","Impatience+1","Dark Embrace","Evolve+1","Skim+1","Storm","Coolheaded"],"special_seed":0,"relics":["Cracked Core","Dream Catcher","MawBank","Mummified Hand","Snecko Eye","Red Mask","Bag of Preparation","Regal Pillow","Blood Vial","Philosopher\u0027s Stone","PrismaticShard","Symbiotic Virus","Cables","Oddly Smooth Stone","War Paint","Pen Nib"],"potions_floor_usage":[],"damage_taken":[{"damage":4.0,"enemies":"Small Slimes","floor":1.0,"turns":5.0},{"damage":7.0,"enemies":"2 Louse","floor":4.0,"turns":3.0},{"damage":30.0,"enemies":"Gremlin Nob","floor":7.0,"turns":4.0},{"damage":1.0,"enemies":"Jaw Worm","floor":8.0,"turns":3.0},{"damage":1.0,"enemies":"Looter","floor":10.0,"turns":3.0},{"damage":20.0,"enemies":"Hexaghost","floor":16.0,"turns":8.0},{"damage":0.0,"enemies":"3 Byrds","floor":18.0,"turns":1.0},{"damage":0.0,"enemies":"Masked Bandits","floor":19.0,"turns":2.0},{"damage":4.0,"enemies":"2 Thieves","floor":21.0,"turns":4.0},{"damage":11.0,"enemies":"Shelled Parasite and Fungi","floor":22.0,"turns":12.0},{"damage":33.0,"enemies":"Gremlin Leader","floor":25.0,"turns":7.0},{"damage":12.0,"enemies":"Slavers","floor":29.0,"turns":3.0},{"damage":0.0,"enemies":"Champ","floor":33.0,"turns":17.0},{"damage":0.0,"enemies":"3 Darklings","floor":35.0,"turns":3.0},{"damage":0.0,"enemies":"Orb Walker","floor":36.0,"turns":4.0},{"damage":9.0,"enemies":"Reptomancer","floor":40.0,"turns":5.0},{"damage":0.0,"enemies":"4 Shapes","floor":41.0,"turns":3.0},{"damage":0.0,"enemies":"Nemesis","floor":42.0,"turns":7.0},{"damage":0.0,"enemies":"3 Darklings","floor":44.0,"turns":4.0},{"damage":0.0,"enemies":"Sphere and 2 Shapes","floor":45.0,"turns":2.0},{"damage":0.0,"enemies":"Jaw Worm Horde","floor":47.0,"turns":3.0},{"damage":14.0,"enemies":"Spire Growth","floor":48.0,"turns":8.0},{"damage":0.0,"enemies":"Time Eater","floor":50.0,"turns":13.0},{"damage":0.0,"enemies":"Donu and Deca","floor":51.0,"turns":7.0},{"damage":0.0,"enemies":"Shield and Spear","floor":55.0,"turns":7.0},{"damage":57,"enemies":"The Heart","floor":56,"turns":11}],"seed_played":"-757241656181343911","potions_obtained":[{"floor":1.0,"key":"Explosive Potion"},{"floor":7.0,"key":"PowerPotion"},{"floor":8.0,"key":"FocusPotion"},{"floor":18.0,"key":"Block Potion"},{"floor":21.0,"key":"SkillPotion"},{"floor":22.0,"key":"Regen Potion"},{"floor":39.0,"key":"SmokeBomb"},{"floor":39.0,"key":"PowerPotion"},{"floor":40.0,"key":"LiquidBronze"}],"is_trial":false,"path_per_floor":["M","?","?","M","?","R","E","M","T","M","R","$","T","$","R","B",null,"M","?","?","M","M","$","?","E","T","T","R","E","$","?","R","B",null,"M","M","?","$","?","E","M","E","T","M","M","?","M","M","R","B","B",null,"R","$","E","B",null],"character_chosen":"DEFECT","items_purchased":["Heatsinks","Conserve Battery","Creative AI","Defragment","PrismaticShard","Storm","Coolheaded","War Paint","AttackPotion"],"campfire_rested":0,"item_purchase_floors":[12,14,23,30,38,54,54,54,54],"current_hp_per_floor":[60,53,53,46,46,46,16,15,15,21,21,21,21,21,21,8,46,46,53,53,56,52,52,52,40,40,40,40,35,35,35,35,44,55,58,58,58,58,58,56,58,58,58,58,58,58,58,51,51,53,58,58,58,58,58,8],"gold":71,"neow_bonus":"THREE_RARE_CARDS","is_prod":false,"is_daily":false,"chose_seed":false,"campfire_upgraded":6,"win_rate":0,"timestamp":1559744630,"path_taken":["M","?","?","M","?","R","E","M","T","M","R","$","?","?","R","BOSS","M","?","?","M","M","$","?","E","T","?","R","E","?","?","R","BOSS","M","M","?","$","?","E","M","E","T","?","M","?","M","M","R","BOSS","BOSS","R","$","E","BOSS"],"build_version":"2019-01-23","purchased_purges":3,"victory":true,"max_hp_per_floor":[64,64,58,58,58,58,58,58,58,58,58,58,58,58,58,58,58,58,58,58,58,58,58,58,58,58,58,58,58,58,58,58,58,58,58,58,58,58,58,58,58,58,58,58,58,58,58,58,58,58,58,58,58,58,58,58],"card_choices":[{"not_picked":["Thunder Strike","Amplify"],"picked":"Electrodynamics","floor":0.0},{"not_picked":["Conserve Battery","Gash"],"picked":"Auto Shields","floor":1.0},{"not_picked":["Gash","Compile Driver","Beam Cell"],"picked":"SKIP","floor":4.0},{"not_picked":["Doom and Gloom","Chill"],"picked":"Turbo","floor":7.0},{"not_picked":["Beam Cell","Compile Driver"],"picked":"Self Repair","floor":8.0},{"not_picked":["Rebound","Gash","Force Field"],"picked":"SKIP","floor":10.0},{"not_picked":["Thunder Strike","Hyperbeam"],"picked":"Reboot","floor":16.0},{"not_picked":["Rebound","Beam Cell"],"picked":"BootSequence+1","floor":18.0},{"not_picked":["Turbo","Redo"],"picked":"Glacier","floor":19.0},{"not_picked":["Undo","Fusion+1","Redo"],"picked":"SKIP","floor":21.0},{"not_picked":["Hologram","Lockon","Stack+1"],"picked":"SKIP","floor":22.0},{"not_picked":["Compile Driver+1","Streamline","Cold Snap"],"picked":"SKIP","floor":25.0},{"not_picked":["Leap+1","Sweeping Beam","Lockon"],"picked":"SKIP","floor":29.0},{"not_picked":["Buffer","Thunder Strike"],"picked":"Echo Form","floor":33.0},{"not_picked":["Beam Cell","Capacitor","Sweeping Beam"],"picked":"SKIP","floor":35.0},{"not_picked":["Barrage","Turbo+1","Lockon"],"picked":"SKIP","floor":36.0},{"not_picked":["Finisher","Turbo+1"],"picked":"Impatience+1","floor":40.0},{"not_picked":["Bane","Combust","Twin Strike"],"picked":"SKIP","floor":41.0},{"not_picked":["Bane","Combust","Twin Strike"],"picked":"SKIP","floor":41.0},{"not_picked":["Clash","Scrape"],"picked":"Dark Embrace","floor":42.0},{"not_picked":["Stack+1","Seeing Red"],"picked":"Evolve","floor":44.0},{"not_picked":["Melter","Heavy Blade","Havoc"],"picked":"SKIP","floor":45.0},{"not_picked":["Rupture+1","Cloak And Dagger"],"picked":"Skim+1","floor":47.0},{"not_picked":["Sword Boomerang","Lockon","Gash"],"picked":"SKIP","floor":48.0},{"not_picked":["Blade Dance","Beam Cell","Stack+1"],"picked":"SKIP","floor":55.0}],"player_experience":555710,"relics_obtained":[{"floor":7.0,"key":"Dream Catcher"},{"floor":9.0,"key":"MawBank"},{"floor":13.0,"key":"Mummified Hand"},{"floor":19.0,"key":"Red Mask"},{"floor":25.0,"key":"Bag of Preparation"},{"floor":27.0,"key":"Regal Pillow"},{"floor":29.0,"key":"Blood Vial"},{"floor":40.0,"key":"Symbiotic Virus"},{"floor":42.0,"key":"Cables"},{"floor":43.0,"key":"Oddly Smooth Stone"},{"floor":55.0,"key":"Pen Nib"}],"event_choices":[{"cards_removed":["Strike_B"],"damage_healed":0.0,"max_hp_gain":0.0,"max_hp_loss":0.0,"gold_gain":0.0,"event_name":"Golden Wing","player_choice":"Card Removal","floor":2.0,"gold_loss":0.0,"damage_taken":7.0},{"damage_healed":0.0,"max_hp_gain":0.0,"max_hp_loss":6.0,"gold_gain":0.0,"event_name":"Golden Idol","player_choice":"Lose Max HP","floor":3.0,"gold_loss":0.0,"damage_taken":0.0,"relics_obtained":["Golden Idol"]},{"cards_removed":["Defend_B"],"damage_healed":0.0,"max_hp_gain":0.0,"max_hp_loss":0.0,"gold_gain":0.0,"event_name":"The Cleric","player_choice":"Card Removal","floor":5.0,"gold_loss":75.0,"damage_taken":0.0},{"damage_healed":0.0,"max_hp_gain":0.0,"max_hp_loss":0.0,"gold_gain":0.0,"event_name":"Masked Bandits","player_choice":"Fought Bandits","floor":19.0,"gold_loss":0.0,"damage_taken":0.0},{"damage_healed":0.0,"max_hp_gain":0.0,"max_hp_loss":0.0,"gold_gain":0.0,"event_name":"The Library","player_choice":"Read","floor":20.0,"gold_loss":0.0,"damage_taken":0.0,"cards_obtained":["Turbo"]},{"damage_healed":0.0,"max_hp_gain":0.0,"max_hp_loss":0.0,"gold_gain":0.0,"cards_transformed":["Strike_B","Strike_B"],"event_name":"Drug Dealer","player_choice":"Became Test Subject","floor":24.0,"gold_loss":0.0,"damage_taken":0.0,"cards_obtained":["Chill","Recycle"]},{"damage_healed":0.0,"max_hp_gain":0.0,"max_hp_loss":0.0,"gold_gain":333.0,"event_name":"The Moai Head","player_choice":"Gave Idol","floor":37.0,"relics_lost":["Golden Idol"],"gold_loss":0.0,"damage_taken":0.0},{"damage_healed":0.0,"max_hp_gain":0.0,"max_hp_loss":0.0,"gold_gain":0.0,"event_name":"The Woman in Blue","player_choice":"Bought 2 Potions","floor":39.0,"gold_loss":0.0,"damage_taken":0.0},{"damage_healed":0.0,"max_hp_gain":0.0,"max_hp_loss":0.0,"gold_gain":222.0,"event_name":"Tomb of Lord Red Mask","player_choice":"Wore Mask","floor":46.0,"gold_loss":0.0,"damage_taken":0.0}],"is_beta":false,"boss_relics":[{"not_picked":["Lizard Tail","Runic Pyramid"],"picked":"Snecko Eye"},{"not_picked":["Orrery","Inserter"],"picked":"Philosopher\u0027s Stone"}],"items_purged_floors":[12,38,54],"is_endless":false,"potions_floor_spawned":[1,7,8,18,21,22,40,44,45],"ascension_level":20}