{"gold_per_floor":[112,112,34,45,71,71,103,123,149,160,110,137,149,174,186,296,308,332,344,102,102,112,112,140,160,207,235,86,86,111,11,11,108,108,120,44,44,57,111,111,144,144,167,167,178,178,191,202,202,202,202,202,3,38,38],"floor_reached":56,"playtime":1636,"items_purged":["Strike_G","Defend_G","Defend_G"],"score":1421,"play_id":"cc61208b-2085-49d6-a60c-59be622b6b29","local_time":"20181106232709","is_ascension_mode":false,"campfire_choices":[{"data":"Noxious Fumes","floor":6.0,"key":"SMITH"},{"data":"Footwork","floor":13.0,"key":"SMITH"},{"data":"Catalyst","floor":15.0,"key":"SMITH"},{"data":"Corpse Explosion","floor":23.0,"key":"SMITH"},{"data":"Crippling Poison","floor":32.0,"key":"SMITH"},{"data":"Burst","floor":40.0,"key":"SMITH"},{"data":"Neutralize","floor":42.0,"key":"SMITH"},{"data":"After Image","floor":44,"key":"SMITH"},{"floor":49,"key":"RECALL"},{"data":"Blur","floor":52,"key":"SMITH"}],"neow_cost":"NONE","seed_source_timestamp":562037589475863,"circlet_count":0,"master_deck":["Defend_G","Defend_G","Defend_G","Survivor","Neutralize+1","Backflip","Noxious Fumes+1","Corpse Explosion+1","Footwork+1","Catalyst+1","Crippling Poison+1","Escape Plan","After Image+1","Burst+1","Blur+1","Leg Sweep+1","Acrobatics+1","Deadly Poison+1","Catalyst","Blur+1"],"special_seed":0,"relics":["Ring of the Snake","NeowsBlessing","Strawberry","Art of War","Snake Skull","MawBank","Empty Cage","Juzu Bracelet","Ancient Tea Set","Ice Cream","Anchor","Du-Vu Doll","Ninja Scroll","Gremlin Horn","Sozu","Torii","Darkstone Periapt","Bag of Preparation","Shovel"],"potions_floor_usage":[50],"damage_taken":[{"damage":0.0,"enemies":"Small Slimes","floor":1.0,"turns":1.0},{"damage":0.0,"enemies":"Jaw Worm","floor":4.0,"turns":1.0},{"damage":0.0,"enemies":"3 Sentries","floor":7.0,"turns":2.0},{"damage":0.0,"enemies":"Cultist","floor":8.0,"turns":4.0},{"damage":6.0,"enemies":"Exordium Wildlife","floor":10.0,"turns":3.0},{"damage":21.0,"enemies":"Gremlin Nob","floor":12.0,"turns":5.0},{"damage":0.0,"enemies":"Large Slime","floor":14.0,"turns":6.0},{"damage":35.0,"enemies":"Slime Boss","floor":16.0,"turns":7.0},{"damage":0.0,"enemies":"Spheric Guardian","floor":18.0,"turns":4.0},{"damage":0.0,"enemies":"Shell Parasite","floor":22.0,"turns":5.0},{"damage":12.0,"enemies":"Gremlin Leader","floor":24.0,"turns":4.0},{"damage":7.0,"enemies":"Shelled Parasite and Fungi","floor":25.0,"turns":5.0},{"damage":18.0,"enemies":"Slavers","floor":27.0,"turns":4.0},{"damage":0.0,"enemies":"Book of Stabbing","floor":30.0,"turns":6.0},{"damage":19.0,"enemies":"Collector","floor":33.0,"turns":6.0},{"damage":0.0,"enemies":"3 Shapes","floor":35.0,"turns":2.0},{"damage":0.0,"enemies":"3 Darklings","floor":38.0,"turns":4.0},{"damage":41.0,"enemies":"2 Orb Walkers","floor":39.0,"turns":6.0},{"damage":0.0,"enemies":"Reptomancer","floor":41.0,"turns":5.0},{"damage":0,"enemies":"Sphere and 2 Shapes","floor":45,"turns":4},{"damage":0,"enemies":"Maw","floor":47,"turns":3},{"damage":0,"enemies":"Transient","floor":48,"turns":5},{"damage":0,"enemies":"Awakened One","floor":50,"turns":10},{"damage":0,"enemies":"Shield and Spear","floor":54,"turns":3},{"damage":32,"enemies":"The Heart","floor":55,"turns":9}],"seed_played":"-406023962082058315","potions_obtained":[{"floor":4.0,"key":"Poison Potion"},{"floor":18.0,"key":"EssenceOfSteel"},{"floor":25.0,"key":"Swift Potion"},{"floor":27.0,"key":"Regen Potion"},{"floor":30.0,"key":"SpeedPotion"}],"is_trial":false,"path_per_floor":["M","?","$","M","T","R","E","M","T","M","?","E","R","M","R","B",null,"M","?","$","T","M","R","E","M","T","E","$","T","E","$","R","B",null,"M","$","?","M","?","R","E","R","T","R","M","?","M","M","R","B",null,"R","$","E","B",null],"character_chosen":"THE_SILENT","items_purchased":["Noxious Fumes","Crippling Poison","Ancient Tea Set","After Image","Blur","Catalyst"],"campfire_rested":0,"item_purchase_floors":[3,20,20,28,36,53],"current_hp_per_floor":[70,63,63,63,70,70,70,70,70,64,64,43,43,43,43,8,77,77,77,77,77,77,77,65,58,58,40,40,40,52,52,52,33,77,77,77,77,77,36,36,36,36,36,36,36,67,67,67,67,67,67,67,67,67,35],"gold":38,"neow_bonus":"THREE_ENEMY_KILL","is_prod":false,"is_daily":false,"chose_seed":false,"campfire_upgraded":9,"win_rate":0,"timestamp":1541518029,"path_taken":["M","?","$","M","?","R","E","M","T","?","?","E","R","M","R","BOSS","M","?","$","?","M","R","E","M","T","E","$","?","E","?","R","BOSS","M","$","?","M","?","R","E","R","T","R","M","?","M","M","R","BOSS","R","$","E","BOSS"],"build_version":"2018-11-05","purchased_purges":3,"victory":true,"max_hp_per_floor":[70,70,70,70,77,77,77,77,77,77,77,77,77,77,77,77,77,77,77,77,77,77,77,77,77,77,77,77,77,77,77,77,77,77,77,77,77,77,77,77,77,77,77,77,77,67,67,67,67,67,67,67,67,67,67],"card_choices":[{"not_picked":["Dagger Spray","Choke"],"picked":"Backflip","floor":1.0},{"not_picked":["Underhanded Strike","Dagger Spray","Dagger Throw"],"picked":"SKIP","floor":4.0},{"not_picked":["Caltrops","Riddle With Holes"],"picked":"Concentrate","floor":7.0},{"not_picked":["Underhanded Strike","Dash"],"picked":"Corpse Explosion","floor":8.0},{"not_picked":["Eviscerate","Riddle With Holes"],"picked":"Footwork","floor":10.0},{"not_picked":["Sucker Punch","Accuracy","Blade Dance"],"picked":"SKIP","floor":12.0},{"not_picked":["Riddle With Holes","Underhanded Strike"],"picked":"Catalyst","floor":14.0},{"not_picked":["Blur","Underhanded Strike+1","Dagger Throw+1"],"picked":"SKIP","floor":18.0},{"not_picked":["Flying Knee","Cloak And Dagger","Dagger Throw"],"picked":"SKIP","floor":22.0},{"not_picked":["Leg Sweep","Predator"],"picked":"Bane+1","floor":24.0},{"not_picked":["Dagger Throw","Poisoned Stab"],"picked":"Escape Plan","floor":25.0},{"not_picked":["Backstab","Quick Slash","Sucker Punch"],"picked":"SKIP","floor":27.0},{"not_picked":["Choke","Prepared","Quick Slash"],"picked":"SKIP","floor":30.0},{"not_picked":["Doppelganger","Envenom"],"picked":"Burst","floor":33.0},{"not_picked":["All Out Attack","Poisoned Stab","Bane+1"],"picked":"SKIP","floor":35.0},{"not_picked":["Blade Dance","Predator"],"picked":"Leg Sweep+1","floor":38.0},{"not_picked":["Dash","Backstab"],"picked":"Acrobatics+1","floor":39.0},{"not_picked":["Acrobatics","Slice+1","Reflex"],"picked":"SKIP","floor":41.0},{"not_picked":["Sucker Punch","Bane+1"],"picked":"Deadly Poison+1","floor":45},{"not_picked":["Quick Slash","Deflect","Backstab"],"picked":"SKIP","floor":47},{"not_picked":["Prepared","Backflip+1","Sucker Punch"],"picked":"SKIP","floor":48},{"not_picked":["Distraction","Phantasmal Killer"],"picked":"Blur+1","floor":54}],"player_experience":460255,"relics_obtained":[{"floor":5.0,"key":"Strawberry"},{"floor":7.0,"key":"Art of War"},{"floor":9.0,"key":"Snake Skull"},{"floor":12.0,"key":"MawBank"},{"floor":21.0,"key":"Ice Cream"},{"floor":24.0,"key":"Anchor"},{"floor":27.0,"key":"Du-Vu Doll"},{"floor":29.0,"key":"Ninja Scroll"},{"floor":30.0,"key":"Gremlin Horn"},{"floor":39.0,"key":"Torii"},{"floor":41.0,"key":"Darkstone Periapt"},{"floor":43.0,"key":"Bag of Preparation"},{"floor":54,"key":"Shovel"}],"event_choices":[{"cards_removed":["Strike_G"],"damage_healed":0.0,"max_hp_gain":0.0,"max_hp_loss":0.0,"gold_gain":0.0,"event_name":"Golden Wing","player_choice":"Card Removal","floor":2.0,"gold_loss":0.0,"damage_taken":7.0},{"cards_removed":["Strike_G"],"damage_healed":0.0,"max_hp_gain":0.0,"max_hp_loss":0.0,"gold_gain":0.0,"event_name":"The Cleric","player_choice":"Card Removal","floor":11.0,"gold_loss":50.0,"damage_taken":0.0},{"cards_removed":["Concentrate"],"damage_healed":0.0,"max_hp_gain":0.0,"max_hp_loss":0.0,"gold_gain":0.0,"event_name":"WeMeetAgain","player_choice":"Gave Card","floor":19.0,"gold_loss":0.0,"damage_taken":0.0,"relics_obtained":["Juzu Bracelet"]},{"cards_removed":["Bane"],"damage_healed":0.0,"max_hp_gain":0.0,"max_hp_loss":0.0,"gold_gain":0.0,"event_name":"Falling","player_choice":"Removed Attack","floor":37.0,"gold_loss":0.0,"damage_taken":0.0},{"damage_healed":0.0,"max_hp_gain":0.0,"max_hp_loss":0.0,"gold_gain":0.0,"event_name":"Mysterious Sphere","player_choice":"Fight","floor":39.0,"gold_loss":0.0,"damage_taken":0.0},{"damage_healed":67,"gold_gain":0,"player_choice":"Heal","damage_taken":0,"max_hp_gain":0,"max_hp_loss":10,"event_name":"The Moai Head","floor":46,"gold_loss":0}],"is_beta":true,"boss_relics":[{"not_picked":["WristBlade","Orrery"],"picked":"Empty Cage"},{"not_picked":["Snecko Eye","White Beast Statue"],"picked":"Sozu"}],"items_purged_floors":[20,31,53],"is_endless":false,"potions_floor_spawned":[4,18,25,27,30,38,39,45],"ascension_level":0}