{"gold_per_floor":[113,133,133,3,3,3,38,62,87,111,111,127,127,152,152,152],"floor_reached":16,"playtime":370,"items_purged":["Strike_G"],"score":204,"play_id":"794bde5e-076c-4634-b399-9ffa11bd83a6","local_time":"20190305122657","is_ascension_mode":true,"campfire_choices":[{"data":"Predator","floor":6.0,"key":"SMITH"},{"data":"Catalyst","floor":11,"key":"SMITH"},{"data":"Neutralize","floor":13,"key":"SMITH"},{"data":"Distraction","floor":15,"key":"SMITH"}],"neow_cost":"NONE","seed_source_timestamp":4263760336883,"circlet_count":0,"master_deck":["AscendersBane","Defend_G","Defend_G","Defend_G","Defend_G","Defend_G","Strike_G","Strike_G","Strike_G","Strike_G","Survivor","Neutralize+1","Predator+1","Catalyst+1","Leg Sweep","Distraction+1"],"special_seed":0,"relics":["Coffee Dripper","Golden Idol","Orichalcum","Oddly Smooth Stone"],"potions_floor_usage":[16,16],"damage_taken":[{"damage":2.0,"enemies":"Cultist","floor":1.0,"turns":5.0},{"damage":7.0,"enemies":"Jaw Worm","floor":2.0,"turns":4.0},{"damage":42.0,"enemies":"Gremlin Nob","floor":7.0,"turns":5.0},{"damage":0.0,"enemies":"2 Louse","floor":8.0,"turns":3.0},{"damage":0,"enemies":"Blue Slaver","floor":10,"turns":5},{"damage":6,"enemies":"Large Slime","floor":12,"turns":7},{"damage":0,"enemies":"Looter","floor":14,"turns":4},{"damage":0,"enemies":"Slime Boss","floor":16,"turns":5}],"seed_played":"-6010376601915305702","potions_obtained":[{"floor":8.0,"key":"SteroidPotion"},{"floor":10,"key":"Ancient Potion"}],"is_trial":false,"path_per_floor":["M","M","?","$","?","R","E","M","T","M","R","M","R","M","R","B"],"character_chosen":"THE_SILENT","items_purchased":["AttackPotion"],"campfire_rested":0,"item_purchase_floors":[4],"current_hp_per_floor":[57,50,50,50,55,55,13,13,13,13,13,7,7,7,7,7],"gold":152,"neow_bonus":"BOSS_RELIC","is_prod":false,"is_daily":false,"chose_seed":false,"campfire_upgraded":4,"win_rate":0,"timestamp":1551760017,"path_taken":["M","M","?","$","?","R","E","M","T","M","R","M","R","M","R","BOSS"],"build_version":"2019-01-23","purchased_purges":1,"victory":false,"max_hp_per_floor":[66,66,60,60,65,65,65,65,65,65,65,65,65,65,65,65],"card_choices":[{"not_picked":["Sucker Punch","Reflex"],"picked":"Predator","floor":1.0},{"not_picked":["Sucker Punch","Acrobatics"],"picked":"Catalyst","floor":2.0},{"not_picked":["Skewer","Dagger Spray","Outmaneuver"],"picked":"SKIP","floor":7.0},{"not_picked":["Dagger Spray","Acrobatics"],"picked":"Leg Sweep","floor":8.0},{"not_picked":["Leg Sweep","Setup","Prepared"],"picked":"SKIP","floor":10},{"not_picked":["Quick Slash","Bane","Doppelganger"],"picked":"SKIP","floor":12},{"not_picked":["Sucker Punch","Eviscerate"],"picked":"Distraction","floor":14}],"player_experience":3322778,"relics_obtained":[{"floor":7.0,"key":"Orichalcum"},{"floor":9.0,"key":"Oddly Smooth Stone"}],"event_choices":[{"damage_healed":0.0,"max_hp_gain":0.0,"max_hp_loss":6.0,"gold_gain":0.0,"event_name":"Golden Idol","player_choice":"Lose Max HP","floor":3.0,"gold_loss":0.0,"damage_taken":0.0,"relics_obtained":["Golden Idol"]},{"damage_healed":0.0,"max_hp_gain":5.0,"max_hp_loss":0.0,"gold_gain":0.0,"event_name":"Big Fish","player_choice":"Donut","floor":5.0,"gold_loss":0.0,"damage_taken":0.0}],"is_beta":false,"boss_relics":[],"items_purged_floors":[4],"is_endless":false,"potions_floor_spawned":[8,10],"killed_by":"Slime Boss","ascension_level":20}