{"gold_per_floor":[109,109,109,34,34,34,50,50,50,69,95,95,109,34,34,112,112,130,130,30,30,30,30,43,43,69,89,107,119,131,158,158,229,229,249,266,266,87,101,126,481,481,481,516,516,516,172,203,203,203,203,203,121,148,148],"floor_reached":56,"playtime":1878,"items_purged":["Strike_G","Strike_G","Defend_G","Acrobatics+1"],"score":2458,"play_id":"dd778f5f-aac7-4a0f-a901-15ce6e57bd5d","local_time":"20190220191243","is_ascension_mode":true,"campfire_choices":[{"data":"A Thousand Cuts","floor":6,"key":"SMITH"},{"data":"Noxious Fumes","floor":8,"key":"SMITH"},{"data":"Neutralize","floor":12,"key":"SMITH"},{"data":"Acrobatics","floor":15,"key":"SMITH"},{"data":"Reflex","floor":23,"key":"SMITH"},{"data":"Grand Finale","floor":25,"key":"SMITH"},{"data":"Prepared","floor":32,"key":"SMITH"},{"data":"Concentrate","floor":42,"key":"SMITH"},{"floor":49,"key":"RECALL"},{"floor":52,"key":"REST"}],"neow_cost":"PERCENT_DAMAGE","seed_source_timestamp":255162694909074,"circlet_count":0,"master_deck":["AscendersBane","Defend_G+1","Survivor+1","Neutralize+1","A Thousand Cuts+1","Deflect+1","Noxious Fumes+1","Grand Finale+1","Adrenaline+1","Reflex+1","Prepared+1","Acrobatics+1","Backflip+1","Concentrate+1","Escape Plan+1","Footwork+1","Panacea"],"relics":["Ring of the Snake","Shuriken","Question Card","Sozu","Snake Skull","Paper Crane","Empty Cage","Frozen Egg 2","Old Coin","Ancient Tea Set","Mark of the Bloom","OrangePellets","Orichalcum","Anchor"],"potions_floor_usage":[24],"damage_taken":[{"damage":4,"enemies":"Small Slimes","floor":1,"turns":4},{"damage":4,"enemies":"2 Louse","floor":7,"turns":4},{"damage":0,"enemies":"Jaw Worm","floor":10,"turns":6},{"damage":6,"enemies":"Lagavulin","floor":11,"turns":7},{"damage":4,"enemies":"Exordium Wildlife","floor":13,"turns":5},{"damage":13,"enemies":"The Guardian","floor":16,"turns":13},{"damage":0,"enemies":"3 Byrds","floor":18,"turns":3},{"damage":12,"enemies":"Colosseum Slavers","floor":19,"turns":6},{"damage":2,"enemies":"Chosen","floor":24,"turns":6},{"damage":0,"enemies":"3 Cultists","floor":27,"turns":1},{"damage":5,"enemies":"Snake Plant","floor":28,"turns":4},{"damage":0,"enemies":"Centurion and Healer","floor":29,"turns":1},{"damage":0,"enemies":"Snecko","floor":30,"turns":2},{"damage":2,"enemies":"Gremlin Leader","floor":31,"turns":4},{"damage":0,"enemies":"Automaton","floor":33,"turns":4},{"damage":1,"enemies":"Orb Walker","floor":35,"turns":2},{"damage":7,"enemies":"3 Darklings","floor":36,"turns":2},{"damage":0,"enemies":"4 Shapes","floor":39,"turns":1},{"damage":0,"enemies":"Reptomancer","floor":40,"turns":1},{"damage":0,"enemies":"2 Orb Walkers","floor":41,"turns":1},{"damage":0,"enemies":"Nemesis","floor":44,"turns":1},{"damage":0,"enemies":"Giant Head","floor":48,"turns":1},{"damage":0,"enemies":"Awakened One","floor":50,"turns":2},{"damage":0,"enemies":"Shield and Spear","floor":54,"turns":2},{"damage":11,"enemies":"The Heart","floor":55,"turns":5}],"seed_played":"3695954182681090722","potions_obtained":[{"floor":10,"key":"Fire Potion"},{"floor":16,"key":"Weak Potion"}],"is_trial":false,"path_per_floor":["M","?","?","?","$","R","M","R","T","M","E","R","M","$","R","B",null,"M","?","$","?","$","R","M","R","T","M","M","M","M","E","R","B",null,"M","M","?","$","M","E","?","R","T","E","?","?","$","E","R","B",null,"R","$","E","B",null],"character_chosen":"THE_SILENT","items_purchased":["Backflip","OrangePellets","Panacea"],"campfire_rested":1,"item_purchase_floors":[38,47,53],"current_hp_per_floor":[40,40,33,33,33,33,29,29,29,29,23,23,19,19,19,6,51,51,39,39,39,39,39,37,37,37,37,32,32,32,30,30,30,57,56,49,49,49,49,49,49,49,49,49,49,49,49,49,49,49,49,49,49,49,38],"gold":148,"neow_bonus":"THREE_RARE_CARDS","is_prod":false,"is_daily":false,"chose_seed":false,"campfire_upgraded":8,"win_rate":0,"timestamp":1550661163,"path_taken":["M","?","?","?","$","R","M","R","T","M","E","R","M","?","R","BOSS","M","?","$","?","$","R","?","R","T","M","M","M","M","E","R","BOSS","M","M","?","$","M","E","?","R","T","E","?","?","?","E","R","BOSS","R","$","E","BOSS"],"build_version":"2019-01-23","purchased_purges":4,"victory":true,"max_hp_per_floor":[66,66,66,66,66,66,66,66,66,66,66,66,66,66,66,66,66,66,66,66,66,66,66,66,66,66,66,66,66,66,66,66,66,66,66,66,66,66,66,66,66,66,66,66,66,66,66,66,66,66,66,66,66,66,66],"card_choices":[{"not_picked":["Bullet Time","After Image"],"picked":"A Thousand Cuts","floor":0},{"not_picked":["Sucker Punch","Bane","Underhanded Strike"],"picked":"SKIP","floor":1},{"not_picked":["Distraction","Accuracy"],"picked":"Noxious Fumes","floor":7},{"not_picked":["Deadly Poison","Flying Knee"],"picked":"Acrobatics","floor":10},{"not_picked":["Outmaneuver","Prepared"],"picked":"Grand Finale","floor":11},{"not_picked":["Flying Knee","Dagger Spray","Dodge and Roll","Cloak And Dagger"],"picked":"SKIP","floor":13},{"not_picked":["Malaise","A Thousand Cuts","Burst"],"picked":"Adrenaline","floor":16},{"not_picked":["Terror","Backflip","Outmaneuver"],"picked":"Reflex","floor":18},{"not_picked":["Outmaneuver+1","Deadly Poison","Cloak And Dagger"],"picked":"Prepared","floor":24},{"not_picked":["Backflip","Dagger Throw","Skewer+1","Bouncing Flask"],"picked":"SKIP","floor":27},{"not_picked":["Bane+1","Prepared","PiercingWail"],"picked":"Acrobatics","floor":28},{"not_picked":["Quick Slash","Night Terror","Predator","Deflect+1"],"picked":"SKIP","floor":29},{"not_picked":["Deadly Poison","Prepared","Setup+1","Sucker Punch+1"],"picked":"SKIP","floor":30},{"not_picked":["Blade Dance","Predator","Eviscerate","Skewer"],"picked":"SKIP","floor":31},{"not_picked":["Slice","Masterful Stab+1","Finisher","Backflip"],"picked":"SKIP","floor":35},{"not_picked":["Bane","Setup","Blur","Underhanded Strike"],"picked":"SKIP","floor":36},{"not_picked":["Bane","Setup","Blur","Underhanded Strike"],"picked":"SKIP","floor":36},{"not_picked":["Flying Knee","Backflip","PiercingWail+1"],"picked":"Concentrate","floor":39},{"not_picked":["Expertise","Leg Sweep","Deadly Poison","Backflip"],"picked":"SKIP","floor":40},{"not_picked":["Underhanded Strike+1","Deflect","Dagger Spray"],"picked":"Escape Plan","floor":41},{"not_picked":["Corpse Explosion","Masterful Stab+1","Endless Agony"],"picked":"Footwork+1","floor":44},{"not_picked":["Bouncing Flask+1","Skewer","Tools of the Trade+1","Eviscerate"],"picked":"SKIP","floor":48},{"not_picked":["Blade Dance","Cloak And Dagger","Terror","Flying Knee"],"picked":"SKIP","floor":54}],"player_experience":866378,"relics_obtained":[{"floor":9,"key":"Shuriken"},{"floor":11,"key":"Question Card"},{"floor":26,"key":"Snake Skull"},{"floor":31,"key":"Paper Crane"},{"floor":40,"key":"Frozen Egg 2"},{"floor":41,"key":"Old Coin"},{"floor":44,"key":"Ancient Tea Set"},{"floor":48,"key":"Orichalcum"},{"floor":54,"key":"Anchor"}],"event_choices":[{"damage_healed":0,"gold_gain":0,"cards_transformed":["Strike_G"],"player_choice":"Change","damage_taken":0,"max_hp_gain":0,"max_hp_loss":0,"event_name":"Living Wall","floor":2,"gold_loss":0,"cards_obtained":["Deflect"]},{"cards_removed":["Strike_G"],"damage_healed":0,"gold_gain":0,"player_choice":"Card Removal","damage_taken":7,"max_hp_gain":0,"max_hp_loss":0,"event_name":"Golden Wing","floor":3,"gold_loss":0},{"cards_removed":["Strike_G"],"damage_healed":0,"gold_gain":0,"player_choice":"Card Removal","damage_taken":0,"max_hp_gain":0,"max_hp_loss":0,"event_name":"The Cleric","floor":4,"gold_loss":75},{"damage_healed":0,"gold_gain":0,"player_choice":"Fight","damage_taken":0,"max_hp_gain":0,"max_hp_loss":0,"event_name":"Colosseum","floor":19,"gold_loss":0},{"damage_healed":0,"gold_gain":0,"player_choice":"Fled From Nobs","damage_taken":0,"max_hp_gain":0,"max_hp_loss":0,"event_name":"Colosseum","floor":19,"gold_loss":0},{"damage_healed":0,"gold_gain":0,"player_choice":"Ignored","damage_taken":0,"max_hp_gain":0,"max_hp_loss":0,"event_name":"N\u0027loth","floor":21,"gold_loss":0},{"cards_removed":["Defend_G"],"damage_healed":0,"gold_gain":0,"player_choice":"Removed Skill","damage_taken":0,"max_hp_gain":0,"max_hp_loss":0,"event_name":"Falling","floor":37,"gold_loss":0},{"damage_healed":0,"gold_gain":0,"player_choice":"Fight","damage_taken":0,"max_hp_gain":0,"max_hp_loss":0,"event_name":"Mysterious Sphere","floor":41,"gold_loss":0},{"damage_healed":0,"gold_gain":0,"player_choice":"Upgrade","damage_taken":0,"relics_obtained":["Mark of the Bloom"],"max_hp_gain":0,"max_hp_loss":0,"event_name":"MindBloom","floor":45,"gold_loss":0,"cards_upgraded":["Defend_G","Survivor","Deflect","Adrenaline","Acrobatics","Backflip","Escape Plan"]},{"damage_healed":0,"gold_gain":0,"player_choice":"Memory 1","damage_taken":0,"max_hp_gain":0,"max_hp_loss":0,"event_name":"SensoryStone","floor":46,"gold_loss":0}],"is_beta":false,"boss_relics":[{"not_picked":["Lizard Tail","Tiny House"],"picked":"Sozu"},{"not_picked":["Fusion Hammer","Snecko Eye"],"picked":"Empty Cage"}],"items_purged_floors":[14,20,38,47],"is_endless":false,"potions_floor_spawned":[10,16,18,19,29,39,44,48,54],"ascension_level":15}