{"gold_per_floor":[16,16,28,43,54,54,26,45,70,88,88,88,88,88,88,162,162,181,181,181,194,69,69,79,79,130,148,148,148,148,148,148,224,224,235,193,193,245,245,274,274,300,300,316,316,327,42,56,56,56,56],"floor_reached":52,"playtime":2683,"items_purged":["Strike_B"],"score":2221,"play_id":"f7e43aba-af8a-4bfa-b75b-8b10b2865105","local_time":"20190309150623","is_ascension_mode":true,"campfire_choices":[{"data":"Chaos","floor":6.0,"key":"SMITH"},{"data":"Zap","floor":11.0,"key":"SMITH"},{"data":"Dualcast","floor":13.0,"key":"SMITH"},{"data":"Hologram","floor":15.0,"key":"SMITH"},{"data":"Coolheaded","floor":23.0,"key":"SMITH"},{"data":"Turbo","floor":30.0,"key":"SMITH"},{"data":"Coolheaded","floor":32.0,"key":"SMITH"},{"data":"Seek","floor":49.0,"key":"SMITH"}],"neow_cost":"NO_GOLD","seed_source_timestamp":588494713531045,"circlet_count":0,"master_deck":["AscendersBane","Defend_B","Zap+1","Dualcast+1","White Noise","Leap","Steam","Chaos+1","Hologram+1","Turbo+1","Stack","Electrodynamics","Coolheaded+1","Seek+1","Coolheaded+1","Skim","Rainbow","Glacier","Echo Form","Parasite","Defragment+1","Tempest+1","Chill+1","Master of Strategy"],"special_seed":0,"relics":["Cracked Core","Omamori","Juzu Bracelet","Runic Pyramid","Ancient Tea Set","Calling Bell","Regal Pillow","Symbiotic Virus","Incense Burner","Torii","Orichalcum","Mercury Hourglass","Cables","Bottled Lightning"],"potions_floor_usage":[],"damage_taken":[{"damage":14.0,"enemies":"Jaw Worm","floor":1.0,"turns":6.0},{"damage":0.0,"enemies":"Cultist","floor":3.0,"turns":4.0},{"damage":2.0,"enemies":"2 Louse","floor":4.0,"turns":3.0},{"damage":5.0,"enemies":"Blue Slaver","floor":5.0,"turns":4.0},{"damage":22.0,"enemies":"Gremlin Gang","floor":8.0,"turns":4.0},{"damage":8.0,"enemies":"2 Fungi Beasts","floor":10.0,"turns":4.0},{"damage":0.0,"enemies":"Hexaghost","floor":16.0,"turns":8.0},{"damage":13.0,"enemies":"Chosen","floor":18.0,"turns":5.0},{"damage":5.0,"enemies":"Shell Parasite","floor":21.0,"turns":8.0},{"damage":0.0,"enemies":"Centurion and Healer","floor":24.0,"turns":5.0},{"damage":0.0,"enemies":"Sentry and Sphere","floor":27.0,"turns":4.0},{"damage":0.0,"enemies":"Collector","floor":33.0,"turns":9.0},{"damage":8.0,"enemies":"3 Shapes","floor":35.0,"turns":4.0},{"damage":10.0,"enemies":"2 Orb Walkers","floor":38.0,"turns":4.0},{"damage":15.0,"enemies":"Nemesis","floor":40.0,"turns":8.0},{"damage":25.0,"enemies":"Giant Head","floor":42.0,"turns":13.0},{"damage":0.0,"enemies":"Orb Walker","floor":44.0,"turns":3.0},{"damage":0.0,"enemies":"3 Darklings","floor":46.0,"turns":2.0},{"damage":0.0,"enemies":"Spire Growth","floor":48.0,"turns":3.0},{"damage":1.0,"enemies":"Time Eater","floor":50.0,"turns":14.0},{"damage":0,"enemies":"Donu and Deca","floor":51,"turns":9}],"seed_played":"207189606946867720","potions_obtained":[{"floor":1.0,"key":"Weak Potion"},{"floor":3.0,"key":"PowerPotion"},{"floor":16.0,"key":"Strength Potion"},{"floor":18.0,"key":"Fire Potion"},{"floor":35.0,"key":"Explosive Potion"},{"floor":44.0,"key":"GamblersBrew"},{"floor":48.0,"key":"Block Potion"}],"is_trial":false,"path_per_floor":["M","?","M","M","M","R","$","M","T","M","R","?","R","?","R","B",null,"M","?","?","M","$","R","M","?","T","M","?","?","R","?","R","B",null,"M","$","?","?","?","E","?","E","T","M","?","M","$","M","R","B","B",null],"character_chosen":"DEFECT","items_purchased":["Hologram","Coolheaded","Defragment","Bottled Lightning"],"campfire_rested":0,"item_purchase_floors":[7,22,36,47],"current_hp_per_floor":[50,50,50,48,43,43,43,21,21,13,13,8,8,8,8,8,55,42,22,22,17,17,17,17,17,17,17,17,32,32,32,32,32,65,57,57,57,47,47,32,32,7,7,7,62,62,62,62,62,61,61],"gold":56,"neow_bonus":"TRANSFORM_TWO_CARDS","is_prod":false,"is_daily":false,"chose_seed":false,"campfire_upgraded":8,"win_rate":0,"timestamp":1552115183,"path_taken":["M","?","M","?","M","R","$","M","T","M","R","?","R","?","R","BOSS","M","?","?","M","$","R","M","?","T","M","?","?","R","?","R","BOSS","M","$","?","?","?","E","?","E","T","M","?","M","$","M","R","BOSS","BOSS"],"build_version":"2019-01-23","purchased_purges":1,"victory":true,"max_hp_per_floor":[71,71,71,71,71,71,71,71,71,71,71,71,71,71,71,71,71,71,76,76,76,76,76,76,76,76,76,76,76,76,76,76,76,76,76,76,76,76,76,76,76,76,76,76,62,62,62,62,62,62,62],"card_choices":[{"not_picked":["Hello World","Lockon","Reprogram"],"picked":"SKIP","floor":1.0},{"not_picked":["Compile Driver","Fusion"],"picked":"Ball Lightning","floor":3.0},{"not_picked":["Redo","Reinforced Body"],"picked":"Steam","floor":4.0},{"not_picked":["Rebound","Go for the Eyes"],"picked":"Chaos","floor":5.0},{"not_picked":["Steam","Lockon"],"picked":"Turbo","floor":8.0},{"not_picked":["Beam Cell","Sweeping Beam"],"picked":"Stack","floor":10.0},{"not_picked":["Buffer","Meteor Strike"],"picked":"Electrodynamics","floor":16.0},{"not_picked":["Redo","Reinforced Body"],"picked":"Coolheaded","floor":18.0},{"not_picked":["Leap","Darkness","Turbo"],"picked":"SKIP","floor":21.0},{"not_picked":["Gash","Beam Cell+1","Lockon"],"picked":"SKIP","floor":24.0},{"not_picked":["Turbo","Go for the Eyes"],"picked":"Glacier","floor":27.0},{"not_picked":["Biased Cognition","Rainbow"],"picked":"Echo Form","floor":33.0},{"not_picked":["Redo","Barrage","Gash"],"picked":"SKIP","floor":35.0},{"not_picked":["Rip and Tear","Aggregate"],"picked":"Tempest+1","floor":38.0},{"not_picked":["Gash","Stack"],"picked":"Chill+1","floor":40.0},{"not_picked":["PanicButton","Swift Strike"],"picked":"Master of Strategy","floor":41.0},{"not_picked":["Conserve Battery","Barrage+1","Rebound"],"picked":"SKIP","floor":42.0},{"not_picked":["Streamline","Auto Shields","Sweeping Beam"],"picked":"SKIP","floor":44.0},{"not_picked":["Chaos","Redo","Streamline+1"],"picked":"SKIP","floor":46.0},{"not_picked":["Fusion","Gash","Auto Shields"],"picked":"SKIP","floor":48.0}],"player_experience":1164808,"relics_obtained":[{"floor":9.0,"key":"Omamori"},{"floor":26.0,"key":"Ancient Tea Set"},{"floor":34.0,"key":"Regal Pillow"},{"floor":34.0,"key":"Symbiotic Virus"},{"floor":34.0,"key":"Incense Burner"},{"floor":38.0,"key":"Torii"},{"floor":40.0,"key":"Orichalcum"},{"floor":42.0,"key":"Mercury Hourglass"},{"floor":43.0,"key":"Cables"}],"event_choices":[{"damage_healed":0.0,"max_hp_gain":0.0,"max_hp_loss":0.0,"gold_gain":0.0,"event_name":"Wheel of Change","player_choice":"Cursed","floor":2.0,"gold_loss":0.0,"damage_taken":0.0,"cards_obtained":["Decay"]},{"damage_healed":0.0,"max_hp_gain":0.0,"max_hp_loss":0.0,"gold_gain":0.0,"event_name":"Scrap Ooze","player_choice":"Success","floor":12.0,"gold_loss":0.0,"damage_taken":5.0,"relics_obtained":["Juzu Bracelet"]},{"cards_removed":["Decay"],"damage_healed":0.0,"max_hp_gain":0.0,"max_hp_loss":0.0,"gold_gain":0.0,"event_name":"Purifier","player_choice":"Purged","floor":14.0,"gold_loss":0.0,"damage_taken":0.0},{"damage_healed":0.0,"max_hp_gain":5.0,"max_hp_loss":0.0,"gold_gain":0.0,"event_name":"Forgotten Altar","player_choice":"Shed Blood","floor":19.0,"gold_loss":0.0,"damage_taken":25.0},{"damage_healed":0.0,"max_hp_gain":0.0,"max_hp_loss":0.0,"gold_gain":0.0,"cards_transformed":["Strike_B"],"event_name":"Transmorgrifier","player_choice":"Transformed","floor":20.0,"gold_loss":0.0,"damage_taken":0.0,"cards_obtained":["Seek"]},{"damage_healed":0.0,"max_hp_gain":0.0,"max_hp_loss":0.0,"gold_gain":0.0,"cards_transformed":["Defend_B","Defend_B"],"event_name":"Drug Dealer","player_choice":"Became Test Subject","floor":25.0,"gold_loss":0.0,"damage_taken":0.0,"cards_obtained":["Skim","Rainbow"]},{"damage_healed":0.0,"max_hp_gain":0.0,"max_hp_loss":0.0,"gold_gain":0.0,"event_name":"The Mausoleum","player_choice":"Ignored","floor":28.0,"gold_loss":0.0,"damage_taken":0.0},{"damage_healed":15.0,"max_hp_gain":0.0,"max_hp_loss":0.0,"gold_gain":0.0,"event_name":"The Library","player_choice":"Heal","floor":29.0,"gold_loss":0.0,"damage_taken":0.0},{"cards_removed":["Defend_B"],"damage_healed":0.0,"max_hp_gain":0.0,"max_hp_loss":0.0,"gold_gain":0.0,"event_name":"Back to Basics","player_choice":"Elegance","floor":31.0,"gold_loss":0.0,"damage_taken":0.0},{"damage_healed":0.0,"max_hp_gain":0.0,"max_hp_loss":0.0,"gold_gain":0.0,"event_name":"Upgrade Shrine","player_choice":"Upgraded","floor":37.0,"gold_loss":0.0,"damage_taken":0.0,"cards_upgraded":["Defragment"]},{"damage_healed":0.0,"max_hp_gain":0.0,"max_hp_loss":0.0,"gold_gain":0.0,"event_name":"Mysterious Sphere","player_choice":"Fight","floor":38.0,"gold_loss":0.0,"damage_taken":0.0},{"cards_removed":["Ball Lightning"],"damage_healed":0.0,"max_hp_gain":0.0,"max_hp_loss":0.0,"gold_gain":0.0,"event_name":"Falling","player_choice":"Removed Attack","floor":39.0,"gold_loss":0.0,"damage_taken":0.0},{"damage_healed":0.0,"max_hp_gain":0.0,"max_hp_loss":0.0,"gold_gain":0.0,"event_name":"SensoryStone","player_choice":"Memory 1","floor":41.0,"gold_loss":0.0,"damage_taken":0.0},{"damage_healed":62.0,"max_hp_gain":0.0,"max_hp_loss":14.0,"gold_gain":0.0,"event_name":"The Moai Head","player_choice":"Heal","floor":45.0,"gold_loss":0.0,"damage_taken":0.0}],"is_beta":false,"boss_relics":[{"not_picked":["Tiny House","Eternal Feather"],"picked":"Runic Pyramid"},{"not_picked":["FrozenCore","Velvet Choker"],"picked":"Calling Bell"}],"items_purged_floors":[22],"is_endless":false,"potions_floor_spawned":[1,3,4,16,18,35,44,48],"ascension_level":20}