{"gold_per_floor":[360,372,372,85,99,99,130,30,76,76,109,109,123,152,152,229,229,248,98,98,98,98,124,124,155,155,180,199,199,212,229,229,307,307,342,373,77,92,103,103],"floor_reached":40,"playtime":1779,"items_purged":["Strike_G","Strike_G"],"score":1028,"play_id":"ca5b2ec7-faec-49b6-b4ae-72dcb70a5900","local_time":"20190214153748","is_ascension_mode":true,"campfire_choices":[{"data":"Bouncing Flask","floor":6.0,"key":"SMITH"},{"data":"Neutralize","floor":10.0,"key":"SMITH"},{"data":"Immolate","floor":12.0,"key":"SMITH"},{"floor":15.0,"key":"REST"},{"floor":24,"key":"REST"},{"floor":29,"key":"REST"},{"data":"Catalyst","floor":32,"key":"SMITH"}],"neow_cost":"TEN_PERCENT_HP_LOSS","seed_source_timestamp":22775662637550,"circlet_count":0,"master_deck":["AscendersBane","Defend_G","Defend_G","Defend_G","Defend_G","Defend_G","Strike_G","Survivor","Neutralize+1","Bouncing Flask+1","Night Terror","Corruption","Metallicize","Immolate+1","Deadly Poison","Master of Strategy","Conserve Battery","Well Laid Plans","Catalyst+1","Discovery","Purity","Backflip","Power Through","Glacier","Leap+1","HandOfGreed","Force Field","Apotheosis","Catalyst"],"special_seed":0,"relics":["Ring of the Snake","PrismaticShard","Art of War","Boot","Ninja Scroll","Lantern","Philosopher\u0027s Stone","Regal Pillow","Ancient Tea Set","Frozen Egg 2","Bottled Flame","Snecko Eye"],"potions_floor_usage":[27,35,40],"damage_taken":[{"damage":4.0,"enemies":"Jaw Worm","floor":1.0,"turns":7.0},{"damage":1.0,"enemies":"Cultist","floor":2.0,"turns":4.0},{"damage":0.0,"enemies":"2 Louse","floor":5.0,"turns":2.0},{"damage":2.0,"enemies":"Lagavulin","floor":7.0,"turns":5.0},{"damage":36.0,"enemies":"Gremlin Nob","floor":11.0,"turns":5.0},{"damage":0.0,"enemies":"Looter","floor":13.0,"turns":2.0},{"damage":0.0,"enemies":"3 Sentries","floor":14.0,"turns":2.0},{"damage":10.0,"enemies":"Slime Boss","floor":16.0,"turns":8.0},{"damage":0.0,"enemies":"Spheric Guardian","floor":18.0,"turns":3.0},{"damage":19,"enemies":"Slavers","floor":23,"turns":3},{"damage":14,"enemies":"Book of Stabbing","floor":25,"turns":4},{"damage":41,"enemies":"Slavers","floor":27,"turns":6},{"damage":0,"enemies":"Chosen","floor":28,"turns":3},{"damage":0,"enemies":"Snake Plant","floor":30,"turns":2},{"damage":0,"enemies":"Chosen and Byrds","floor":31,"turns":3},{"damage":14,"enemies":"Champ","floor":33,"turns":4},{"damage":12,"enemies":"3 Darklings","floor":35,"turns":4},{"damage":4,"enemies":"3 Shapes","floor":36,"turns":4},{"damage":0,"enemies":"Sphere and 2 Shapes","floor":38,"turns":3},{"damage":0,"enemies":"3 Darklings","floor":39,"turns":2},{"damage":39,"enemies":"Reptomancer","floor":40,"turns":2}],"seed_played":"-1663403272274318326","potions_obtained":[{"floor":1.0,"key":"Poison Potion"},{"floor":2.0,"key":"EssenceOfSteel"},{"floor":16.0,"key":"FairyPotion"},{"floor":27,"key":"Dexterity Potion"},{"floor":28,"key":"FearPotion"},{"floor":33,"key":"Block Potion"},{"floor":35,"key":"LiquidBronze"}],"is_trial":false,"path_per_floor":["M","M","?","$","M","R","E","$","T","R","E","R","M","E","R","B",null,"M","$","?","?","?","E","R","E","T","E","M","R","M","M","R","B",null,"M","M","$","M","M","E"],"character_chosen":"THE_SILENT","items_purchased":["PrismaticShard","Well Laid Plans","Catalyst","Apotheosis","Catalyst"],"campfire_rested":3,"item_purchase_floors":[4,19,19,37,37],"current_hp_per_floor":[55,54,54,54,54,54,52,52,52,52,16,16,16,16,34,24,51,51,51,51,35,35,16,50,36,36,6,6,40,40,40,40,26,55,43,39,39,39,39,0],"gold":103,"neow_bonus":"TWO_FIFTY_GOLD","is_prod":false,"is_daily":false,"chose_seed":false,"campfire_upgraded":4,"win_rate":0,"timestamp":1550129868,"path_taken":["M","M","?","?","M","R","E","$","T","R","E","R","M","E","R","BOSS","M","$","?","?","?","E","R","E","T","E","M","R","?","M","R","BOSS","M","M","$","?","M","E"],"build_version":"2019-01-23","purchased_purges":2,"victory":false,"max_hp_per_floor":[60,60,60,60,60,60,60,60,60,60,60,60,60,60,60,60,60,60,60,60,65,65,65,65,65,65,65,65,65,65,65,65,65,65,65,65,65,65,65,65],"card_choices":[{"not_picked":["Accuracy","Slice"],"picked":"Bouncing Flask","floor":1.0},{"not_picked":["All Out Attack","Heel Hook","Sucker Punch"],"picked":"SKIP","floor":2.0},{"not_picked":["Warcry","Havoc"],"picked":"Corruption","floor":5.0},{"not_picked":["Flechettes","Rebound"],"picked":"Metallicize","floor":7.0},{"not_picked":["FTL","Chaos"],"picked":"Immolate","floor":11.0},{"not_picked":["Stack","Twin Strike"],"picked":"Deadly Poison","floor":13.0},{"not_picked":["Compile Driver","Pommel Strike","Terror"],"picked":"SKIP","floor":14.0},{"not_picked":["Multi-Cast","A Thousand Cuts"],"picked":"Master of Strategy","floor":16.0},{"not_picked":["Static Discharge+1","Warcry"],"picked":"Conserve Battery","floor":18.0},{"not_picked":["Heavy Blade","Leap"],"picked":"Discovery","floor":23},{"not_picked":["Clothesline","Sunder"],"picked":"Purity","floor":25},{"not_picked":["Deflect","Bullet Time"],"picked":"Backflip","floor":27},{"not_picked":["Combust+1","Slice"],"picked":"Power Through","floor":28},{"not_picked":["Steam","Headbutt"],"picked":"Glacier","floor":30},{"not_picked":["Hemokinesis","Armaments"],"picked":"Leap+1","floor":31},{"not_picked":["A Thousand Cuts+1","Phantasmal Killer"],"picked":"HandOfGreed","floor":33},{"not_picked":["Iron Wave+1","Armaments"],"picked":"Force Field","floor":35},{"not_picked":["Slice","Madness+1","Rupture+1"],"picked":"SKIP","floor":36},{"not_picked":["Flex+1","Havoc","Outmaneuver+1"],"picked":"SKIP","floor":38},{"not_picked":["Beam Cell","Turbo","Carnage+1"],"picked":"SKIP","floor":39}],"player_experience":2725852,"relics_obtained":[{"floor":7.0,"key":"Art of War"},{"floor":9.0,"key":"Boot"},{"floor":11.0,"key":"Ninja Scroll"},{"floor":14.0,"key":"Lantern"},{"floor":23,"key":"Regal Pillow"},{"floor":25,"key":"Ancient Tea Set"},{"floor":26,"key":"Frozen Egg 2"},{"floor":27,"key":"Bottled Flame"}],"event_choices":[{"damage_healed":0.0,"max_hp_gain":0.0,"max_hp_loss":0.0,"gold_gain":0.0,"event_name":"Match and Keep!","player_choice":"1 cards matched","floor":3.0,"gold_loss":0.0,"damage_taken":0.0,"cards_obtained":["Night Terror"]},{"cards_removed":["Strike_G"],"damage_healed":0.0,"max_hp_gain":0.0,"max_hp_loss":0.0,"gold_gain":0.0,"event_name":"Back to Basics","player_choice":"Elegance","floor":20.0,"gold_loss":0.0,"damage_taken":0.0},{"damage_healed":0.0,"max_hp_gain":5.0,"max_hp_loss":0.0,"gold_gain":0.0,"event_name":"Forgotten Altar","player_choice":"Shed Blood","floor":21.0,"gold_loss":0.0,"damage_taken":21.0},{"cards_removed":["Strike_G"],"damage_healed":0.0,"max_hp_gain":0.0,"max_hp_loss":0.0,"gold_gain":0.0,"event_name":"Purifier","player_choice":"Purged","floor":22.0,"gold_loss":0.0,"damage_taken":0.0}],"is_beta":false,"boss_relics":[{"not_picked":["Ectoplasm","Orrery"],"picked":"Philosopher\u0027s Stone"},{"not_picked":["WristBlade","Busted Crown"],"picked":"Snecko Eye"}],"items_purged_floors":[4,8],"is_endless":false,"potions_floor_spawned":[1,2,16,27,28,33,35,38],"killed_by":"Reptomancer","ascension_level":20}