{"gold_per_floor":[11,21,96,42,42,42,77,77,77,92,72,96,96,112,112,215,215,235,263,263,273,273,273,290,290,290,290],"floor_reached":27,"playtime":670,"items_purged":[],"score":293,"play_id":"5103fb4f-5bbf-4711-8488-e96f7b2dbec9","local_time":"20180921010456","is_ascension_mode":true,"campfire_choices":[{"data":"Armaments","floor":6.0,"key":"SMITH"},{"floor":8.0,"key":"DIG"},{"floor":15,"key":"DIG"},{"floor":23,"key":"REST"},{"floor":25,"key":"DIG"}],"neow_cost":"NO_GOLD","seed_source_timestamp":44156380276316,"circlet_count":0,"master_deck":["Strike_R","Strike_R","Strike_R","Strike_R","Defend_R","Defend_R","Defend_R","Defend_R","Bash","Sword Boomerang","Armaments+1","Pommel Strike"],"special_seed":0,"relics":["Burning Blood","Shovel","Bag of Preparation","Bag of Marbles","Mummified Hand","Pen Nib","Happy Flower","Runic Dome","Red Mask","Juzu Bracelet","Pantograph"],"potions_floor_usage":[14,14,16,27],"damage_taken":[{"damage":9.0,"enemies":"Jaw Worm","floor":1.0,"turns":5.0},{"damage":6.0,"enemies":"2 Louse","floor":2.0,"turns":3.0},{"damage":38.0,"enemies":"Lagavulin","floor":7.0,"turns":9.0},{"damage":0.0,"enemies":"Cultist","floor":10.0,"turns":3.0},{"damage":2,"enemies":"2 Fungi Beasts","floor":14,"turns":4},{"damage":22,"enemies":"Hexaghost","floor":16,"turns":7},{"damage":2,"enemies":"3 Byrds","floor":18,"turns":6},{"damage":49,"enemies":"Masked Bandits","floor":19,"turns":6},{"damage":0,"enemies":"Chosen","floor":21,"turns":4},{"damage":32,"enemies":"Snecko","floor":24,"turns":5},{"damage":19,"enemies":"Book of Stabbing","floor":27,"turns":3}],"seed_played":"-2416537206718811829","potions_obtained":[{"floor":7.0,"key":"Dexterity Potion"},{"floor":10.0,"key":"Energy Potion"},{"floor":11.0,"key":"Regen Potion"},{"floor":14,"key":"AttackPotion"},{"floor":21,"key":"Strength Potion"},{"floor":24,"key":"Energy Potion"}],"is_trial":false,"path_per_floor":["M","M","?","$","?","R","E","R","T","M","?","T","?","M","R","B",null,"M","?","?","M","?","R","M","R","T"],"character_chosen":"IRONCLAD","items_purchased":["Armaments"],"campfire_rested":1,"item_purchase_floors":[4],"current_hp_per_floor":[69,69,58,58,50,50,18,18,18,24,24,24,24,40,40,24,66,70,27,27,33,18,43,17,17,17,0],"gold":290,"neow_bonus":"ONE_RARE_RELIC","is_prod":false,"is_daily":false,"chose_seed":false,"campfire_upgraded":1,"win_rate":0,"timestamp":1537463096,"path_taken":["M","M","?","$","?","R","E","R","T","M","?","?","?","?","R","BOSS","M","?","?","M","?","R","M","R","T","E"],"build_version":"2018-09-06","purchased_purges":0,"victory":false,"max_hp_per_floor":[80,80,80,80,80,80,80,80,80,80,80,80,80,80,80,80,80,80,80,80,80,85,85,85,85,85,85],"card_choices":[{"not_picked":["Armaments","Cleave"],"picked":"Sword Boomerang","floor":1.0},{"not_picked":["Whirlwind","Infernal Blade","Iron Wave"],"picked":"SKIP","floor":2.0},{"not_picked":["Whirlwind","Twin Strike","True Grit"],"picked":"SKIP","floor":7.0},{"not_picked":["Sword Boomerang","Iron Wave","Searing Blow"],"picked":"SKIP","floor":10.0},{"not_picked":["Blood for Blood","Combust"],"picked":"Pommel Strike","floor":14},{"not_picked":["Anger","Warcry","Evolve"],"picked":"SKIP","floor":18},{"not_picked":["Burning Pact","Wild Strike","Armaments"],"picked":"SKIP","floor":21},{"not_picked":["Twin Strike","Combust","Pommel Strike"],"picked":"SKIP","floor":24}],"player_experience":56878,"relics_obtained":[{"floor":7.0,"key":"Bag of Preparation"},{"floor":8.0,"key":"Bag of Marbles"},{"floor":9.0,"key":"Mummified Hand"},{"floor":12.0,"key":"Pen Nib"},{"floor":15,"key":"Happy Flower"},{"floor":19,"key":"Red Mask"},{"floor":25,"key":"Juzu Bracelet"},{"floor":26,"key":"Pantograph"}],"event_choices":[{"event_name":"World of Goop","player_choice":"Gather Gold","floor":3.0,"damage_taken":0.0},{"event_name":"Wheel of Change","player_choice":"Damage","floor":5.0,"damage_taken":0.0},{"event_name":"The Woman in Blue","player_choice":"Bought 1 Potion","floor":11.0,"damage_taken":0.0},{"event_name":"Living Wall","player_choice":"Forget","floor":13,"damage_taken":0},{"event_name":"Masked Bandits","player_choice":"Fought Bandits","floor":19,"damage_taken":0},{"event_name":"Cursed Tome","player_choice":"Ignored","floor":20,"damage_taken":0},{"event_name":"Forgotten Altar","player_choice":"Shed Blood","floor":22,"damage_taken":0}],"is_beta":false,"boss_relics":[{"not_picked":["Astrolabe","Philosopher\u0027s Stone"],"picked":"Runic Dome"}],"items_purged_floors":[],"is_endless":false,"potions_floor_spawned":[7,10,14,21,24],"killed_by":"Book of Stabbing","ascension_level":8}