{"gold_per_floor":[169,180,16,30,50,50,50,50,75,75,89,105,105,134,134,208,208,223,223,44,44,56,56,56,67,67,67,67,83,83,83],"floor_reached":31,"playtime":1251,"items_purged":["Strike_G","Strike_G"],"score":470,"play_id":"c90fbdcf-b211-4a5a-aad0-b8468abe0b3d","local_time":"20190104111507","is_ascension_mode":true,"campfire_choices":[{"data":"Catalyst","floor":6.0,"key":"SMITH"},{"data":"Bouncing Flask","floor":8.0,"key":"SMITH"},{"data":"Noxious Fumes","floor":13.0,"key":"SMITH"},{"data":"Neutralize","floor":15,"key":"SMITH"},{"data":"Footwork","floor":23,"key":"SMITH"},{"data":"Footwork","floor":28,"key":"SMITH"},{"data":"A Thousand Cuts","floor":30,"key":"SMITH"}],"neow_cost":"NONE","seed_source_timestamp":6432671424479,"circlet_count":0,"master_deck":["AscendersBane","Defend_G","Defend_G","Defend_G","Defend_G+1","Defend_G+1","Survivor+1","Neutralize+1","Noxious Fumes+1","Bouncing Flask+1","Footwork+1","Catalyst+1","After Image","Dodge and Roll+1","Footwork+1","Backflip","A Thousand Cuts+1","Sucker Punch"],"special_seed":0,"relics":["Tiny House","War Paint","Orichalcum","Sozu"],"potions_floor_usage":[],"damage_taken":[{"damage":0.0,"enemies":"Cultist","floor":1.0,"turns":5.0},{"damage":10.0,"enemies":"Small Slimes","floor":2.0,"turns":5.0},{"damage":0.0,"enemies":"2 Louse","floor":4.0,"turns":3.0},{"damage":3.0,"enemies":"2 Fungi Beasts","floor":5.0,"turns":6.0},{"damage":1.0,"enemies":"Looter","floor":11.0,"turns":3.0},{"damage":0.0,"enemies":"Blue Slaver","floor":12.0,"turns":5.0},{"damage":15.0,"enemies":"Lagavulin","floor":14.0,"turns":4.0},{"damage":31,"enemies":"Slime Boss","floor":16,"turns":10},{"damage":16,"enemies":"Spheric Guardian","floor":18,"turns":4},{"damage":17,"enemies":"3 Byrds","floor":22,"turns":5},{"damage":0,"enemies":"Snake Plant","floor":25,"turns":5},{"damage":13,"enemies":"3 Cultists","floor":29,"turns":7},{"damage":9,"enemies":"Chosen and Byrds","floor":31,"turns":4}],"seed_played":"3124951274857336259","potions_obtained":[{"floor":0.0,"key":"Dexterity Potion"},{"floor":1.0,"key":"Dexterity Potion"},{"floor":2.0,"key":"AttackPotion"}],"is_trial":false,"path_per_floor":["M","M","$","M","M","R","?","R","T","$","M","M","R","E","R","B",null,"M","?","$","?","M","R","?","M","T","$","R","M","R","M"],"character_chosen":"THE_SILENT","items_purchased":["Footwork","Footwork"],"campfire_rested":0,"item_purchase_floors":[3,20],"current_hp_per_floor":[64,54,54,54,51,51,51,51,51,51,50,50,50,35,35,4,54,38,38,38,38,21,21,21,21,21,21,21,8,8,0],"gold":83,"neow_bonus":"BOSS_RELIC","is_prod":false,"is_daily":false,"chose_seed":false,"campfire_upgraded":7,"win_rate":0,"timestamp":1546571707,"path_taken":["M","?","?","M","M","R","?","R","T","$","M","M","R","E","R","BOSS","M","?","$","?","M","R","?","M","T","?","R","?","R","M"],"build_version":"2019-01-03","purchased_purges":2,"victory":false,"max_hp_per_floor":[71,71,71,71,71,71,71,71,71,71,71,71,71,71,71,71,71,71,71,71,71,71,71,71,71,71,71,71,71,71,71],"card_choices":[{"not_picked":["Backstab","Eviscerate"],"picked":"Noxious Fumes","floor":0.0},{"not_picked":["Deflect","Dagger Throw","Quick Slash"],"picked":"SKIP","floor":1.0},{"not_picked":["Blur","Prepared"],"picked":"Bouncing Flask","floor":2.0},{"not_picked":["Quick Slash","Tactician"],"picked":"Catalyst","floor":4.0},{"not_picked":["Backstab","Endless Agony","Flying Knee"],"picked":"SKIP","floor":5.0},{"not_picked":["PiercingWail","All Out Attack","Dodge and Roll"],"picked":"SKIP","floor":11.0},{"not_picked":["Crippling Poison","Sucker Punch","Cloak And Dagger"],"picked":"SKIP","floor":12.0},{"not_picked":["Poisoned Stab","Calculated Gamble","Bane"],"picked":"SKIP","floor":14.0},{"not_picked":["Phantasmal Killer","A Thousand Cuts"],"picked":"After Image","floor":16},{"not_picked":["Deadly Poison","Prepared+1"],"picked":"Dodge and Roll+1","floor":18},{"not_picked":["Prepared","Dodge and Roll"],"picked":"Backflip","floor":22},{"not_picked":["Bane","Slice","Grand Finale"],"picked":"SKIP","floor":25},{"not_picked":["Caltrops+1","Blade Dance+1","Cloak And Dagger"],"picked":"SKIP","floor":29}],"player_experience":1718878,"relics_obtained":[{"floor":9.0,"key":"War Paint"},{"floor":14.0,"key":"Orichalcum"}],"event_choices":[{"cards_removed":["Strike_G"],"damage_healed":0.0,"max_hp_gain":0.0,"max_hp_loss":0.0,"gold_gain":0.0,"event_name":"Living Wall","player_choice":"Forget","floor":7.0,"gold_loss":0.0,"damage_taken":0.0},{"damage_healed":0,"gold_gain":0,"player_choice":"Ignored","damage_taken":0,"max_hp_gain":0,"max_hp_loss":0,"event_name":"Vampires","floor":19,"gold_loss":0},{"damage_healed":0,"gold_gain":0,"player_choice":"Ignored","damage_taken":0,"max_hp_gain":0,"max_hp_loss":0,"event_name":"Beggar","floor":21,"gold_loss":0},{"damage_healed":0,"gold_gain":0,"cards_transformed":["Strike_G","Strike_G"],"player_choice":"Became Test Subject","damage_taken":0,"max_hp_gain":0,"max_hp_loss":0,"event_name":"Drug Dealer","floor":24,"gold_loss":0,"cards_obtained":["A Thousand Cuts","Sucker Punch"]}],"is_beta":false,"boss_relics":[{"not_picked":["Philosopher\u0027s Stone","Ectoplasm"],"picked":"Sozu"}],"items_purged_floors":[3,20],"is_endless":false,"potions_floor_spawned":[1,2,25,29],"killed_by":"Chosen and Byrds","ascension_level":20}