{"gold_per_floor":[111,111,111,186,26,26,61,61,138,201,221,254,282,296,296,389,389,404,224,247,122,122,122,143,143,167,167,167,167,181,222,222,316,316,331,331,331,397,28,71,89,123,123,123,123,456,456,456,456,456,456,456,456,19,50,50],"floor_reached":57,"playtime":3471,"items_purged":["Strike_G","Strike_G","Strike_G","Shame","Defend_G"],"score":3416,"play_id":"6239ee1f-ff83-4686-8b64-a1d84842c89a","local_time":"20190124231905","is_ascension_mode":true,"campfire_choices":[{"data":"Well Laid Plans","floor":6.0,"key":"SMITH"},{"data":"Neutralize","floor":8.0,"key":"SMITH"},{"data":"Predator","floor":15.0,"key":"SMITH"},{"data":"Calculated Gamble","floor":23,"key":"SMITH"},{"data":"Acrobatics","floor":25,"key":"SMITH"},{"data":"Adrenaline","floor":29,"key":"SMITH"},{"data":"Eviscerate","floor":32,"key":"SMITH"},{"data":"Defend_G","floor":45,"key":"PURGE"},{"data":"Defend_G","floor":47,"key":"PURGE"},{"floor":49,"key":"RECALL"},{"data":"Defend_G","floor":53,"key":"PURGE"}],"neow_cost":"NONE","seed_source_timestamp":35486583472591,"circlet_count":0,"master_deck":["AscendersBane","Survivor","Neutralize+1","Well Laid Plans+1","Adrenaline+1","Infinite Blades","Predator+1","Acrobatics+1","Adrenaline","Calculated Gamble+1","Eviscerate+1","Escape Plan","Grand Finale","Acrobatics","Tactician"],"special_seed":0,"relics":["Ring of the Snake","NeowsBlessing","Tough Bandages","Lantern","Gremlin Horn","Tiny Chest","Incense Burner","Odd Mushroom","Empty Cage","theJungle:PaperFaux","Anchor","Juzu Bracelet","Sozu","Prayer Wheel","Peace Pipe","Medical Kit","Pocketwatch","Bronze Scales","Bottled Tornado","Art of War"],"potions_floor_usage":[27],"damage_taken":[{"damage":0.0,"enemies":"Small Slimes","floor":1.0,"turns":1.0},{"damage":0.0,"enemies":"Lagavulin","floor":7.0,"turns":1.0},{"damage":0.0,"enemies":"3 Sentries","floor":10.0,"turns":2.0},{"damage":0.0,"enemies":"2 Louse","floor":11.0,"turns":3.0},{"damage":5.0,"enemies":"Lagavulin","floor":12.0,"turns":8.0},{"damage":2.0,"enemies":"The Mushroom Lair","floor":13.0,"turns":4.0},{"damage":0.0,"enemies":"Cultist","floor":14.0,"turns":5.0},{"damage":7.0,"enemies":"The Guardian","floor":16.0,"turns":14.0},{"damage":0.0,"enemies":"theJungle:5_Spyders","floor":18.0,"turns":3.0},{"damage":11.0,"enemies":"theJungle:Flameango_and_Byrd","floor":20.0,"turns":8.0},{"damage":0,"enemies":"Snake Plant","floor":24,"turns":3},{"damage":0,"enemies":"theJungle:2_Phrogs","floor":27,"turns":4},{"damage":0,"enemies":"theJungle:Snecko_Cultist_And_Trap","floor":30,"turns":6},{"damage":0,"enemies":"theJungle:Cassacara","floor":31,"turns":6},{"damage":0,"enemies":"theJungle:QueenSpyder","floor":33,"turns":5},{"damage":0,"enemies":"3 Darklings","floor":35,"turns":1},{"damage":0,"enemies":"2 Orb Walkers","floor":38,"turns":1},{"damage":0,"enemies":"Nemesis","floor":40,"turns":3},{"damage":0,"enemies":"Orb Walker","floor":41,"turns":1},{"damage":0,"enemies":"Reptomancer","floor":42,"turns":3},{"damage":0,"enemies":"Time Eater","floor":50,"turns":6},{"damage":0,"enemies":"Donu and Deca","floor":51,"turns":1},{"damage":0,"enemies":"Shield and Spear","floor":55,"turns":1},{"damage":0,"enemies":"The Heart","floor":56,"turns":4}],"seed_played":"276212972163185945","potions_obtained":[{"floor":7.0,"key":"Swift Potion"},{"floor":11.0,"key":"Block Potion"},{"floor":14.0,"key":"SmokeBomb"},{"floor":20.0,"key":"SpeedPotion"},{"floor":31,"key":"EssenceOfSteel"}],"is_trial":false,"path_per_floor":["M","?","?","?","$","R","E","R","T","E","M","E","?","M","R","B",null,"M","$","M","$","?","R","M","R","T","E","?","R","M","E","R","B",null,"M","?","T","?","$","E","M","E","T","$","R","?","R","?","R","B","B",null,"R","$","E","B",null],"character_chosen":"THE_SILENT","items_purchased":["Well Laid Plans","Calculated Gamble","Medical Kit","Bottled Tornado"],"campfire_rested":0,"item_purchase_floors":[5,19,39,54],"current_hp_per_floor":[59,41,41,30,30,30,30,30,30,30,30,25,23,23,23,16,49,49,49,38,38,38,38,38,38,38,38,60,60,60,60,60,60,60,60,60,60,60,60,60,60,60,60,60,60,60,60,60,60,60,60,60,60,60,60,60],"gold":50,"neow_bonus":"THREE_ENEMY_KILL","is_prod":false,"is_daily":false,"chose_seed":false,"campfire_upgraded":7,"win_rate":0,"timestamp":1548343145,"path_taken":["M","?","?","?","$","R","E","R","T","E","M","E","?","M","R","BOSS","M","$","M","$","?","R","M","R","T","E","?","R","?","E","R","BOSS","M","?","?","?","$","E","M","E","T","$","R","?","R","?","R","BOSS","BOSS","R","$","E","BOSS"],"build_version":"2019-01-23","purchased_purges":5,"victory":true,"max_hp_per_floor":[66,66,60,60,60,60,60,60,60,60,60,60,60,60,60,60,60,60,60,60,60,60,60,60,60,60,60,60,60,60,60,60,60,60,60,60,60,60,60,60,60,60,60,60,60,60,60,60,60,60,60,60,60,60,60,60],"card_choices":[{"not_picked":["Prepared","Dagger Spray","Blade Dance"],"picked":"SKIP","floor":1.0},{"not_picked":["Flying Knee","Underhanded Strike"],"picked":"Adrenaline","floor":7.0},{"not_picked":["Doppelganger","Finisher"],"picked":"Infinite Blades","floor":10.0},{"not_picked":["Crippling Poison","Distraction"],"picked":"Predator","floor":11.0},{"not_picked":["Cloak And Dagger","Expertise","Prepared"],"picked":"SKIP","floor":12.0},{"not_picked":["Underhanded Strike","Blade Dance"],"picked":"Acrobatics","floor":14.0},{"not_picked":["Burst","Night Terror"],"picked":"Adrenaline","floor":16.0},{"not_picked":["Riddle With Holes","Bane","Setup"],"picked":"SKIP","floor":18.0},{"not_picked":["Poisoned Stab","Eviscerate","Backstab"],"picked":"SKIP","floor":20.0},{"not_picked":["Acrobatics","Slice","Catalyst"],"picked":"SKIP","floor":24},{"not_picked":["Catalyst","Caltrops"],"picked":"Eviscerate","floor":30},{"not_picked":["PiercingWail","Accuracy"],"picked":"Escape Plan","floor":31},{"not_picked":["After Image","Wraith Form v2"],"picked":"Grand Finale","floor":33},{"not_picked":["Dash+1","Outmaneuver"],"picked":"Acrobatics","floor":35},{"not_picked":["Prepared","Bouncing Flask"],"picked":"Tactician","floor":38},{"not_picked":["Bouncing Flask+1","Outmaneuver+1","Backflip"],"picked":"SKIP","floor":40},{"not_picked":["Heel Hook","Predator","Bane"],"picked":"SKIP","floor":41},{"not_picked":["Masterful Stab","Bane","PiercingWail"],"picked":"SKIP","floor":41},{"not_picked":["Distraction","Poisoned Stab","Concentrate+1"],"picked":"SKIP","floor":42},{"not_picked":["Backflip","All Out Attack","Footwork"],"picked":"SKIP","floor":55}],"player_experience":2217363,"relics_obtained":[{"floor":7.0,"key":"Lantern"},{"floor":9.0,"key":"Gremlin Horn"},{"floor":10.0,"key":"Tiny Chest"},{"floor":12.0,"key":"Incense Burner"},{"floor":13.0,"key":"Odd Mushroom"},{"floor":26,"key":"Anchor"},{"floor":31,"key":"Juzu Bracelet"},{"floor":37,"key":"Prayer Wheel"},{"floor":38,"key":"Peace Pipe"},{"floor":40,"key":"Pocketwatch"},{"floor":42,"key":"Bronze Scales"},{"floor":55,"key":"Art of War"}],"event_choices":[{"damage_healed":0.0,"max_hp_gain":0.0,"max_hp_loss":0.0,"gold_gain":0.0,"event_name":"Scrap Ooze","player_choice":"Success","floor":2.0,"gold_loss":0.0,"damage_taken":18.0,"relics_obtained":["Tough Bandages"]},{"damage_healed":0.0,"max_hp_gain":0.0,"max_hp_loss":6.0,"gold_gain":0.0,"event_name":"Golden Idol","player_choice":"Lose Max HP","floor":3.0,"gold_loss":0.0,"damage_taken":0.0,"relics_obtained":["Golden Idol"]},{"damage_healed":0.0,"max_hp_gain":0.0,"max_hp_loss":0.0,"gold_gain":75.0,"event_name":"World of Goop","player_choice":"Gather Gold","floor":4.0,"gold_loss":0.0,"damage_taken":11.0},{"damage_healed":0.0,"max_hp_gain":0.0,"max_hp_loss":0.0,"gold_gain":0.0,"event_name":"Mushrooms","player_choice":"Fought Mushrooms","floor":13.0,"gold_loss":0.0,"damage_taken":0.0},{"damage_healed":22,"gold_gain":0,"player_choice":"Full Heal","damage_taken":0,"max_hp_gain":0,"max_hp_loss":0,"event_name":"Wheel of Change","floor":28,"gold_loss":0},{"cards_removed":["Defend_G"],"damage_healed":0,"gold_gain":0,"player_choice":"Removed Skill","damage_taken":0,"max_hp_gain":0,"max_hp_loss":0,"event_name":"Falling","floor":36,"gold_loss":0},{"damage_healed":0,"gold_gain":0,"player_choice":"Fight","damage_taken":0,"max_hp_gain":0,"max_hp_loss":0,"event_name":"Mysterious Sphere","floor":38,"gold_loss":0},{"damage_healed":0,"gold_gain":333,"player_choice":"Gave Idol","damage_taken":0,"max_hp_gain":0,"max_hp_loss":0,"event_name":"The Moai Head","floor":46,"relics_lost":["Golden Idol"],"gold_loss":0},{"damage_healed":0,"gold_gain":0,"player_choice":"Ignored","damage_taken":0,"max_hp_gain":0,"max_hp_loss":0,"event_name":"Tomb of Lord Red Mask","floor":48,"gold_loss":0}],"is_beta":false,"boss_relics":[{"not_picked":["Black Star","Eternal Feather"],"picked":"Empty Cage"},{"not_picked":["Philosopher\u0027s Stone","Ring of the Serpent"],"picked":"Sozu"}],"items_purged_floors":[5,19,21,39,54],"is_endless":false,"potions_floor_spawned":[7,11,14,20,31,33,42],"ascension_level":20}