{"path_per_floor":["M","M","?","?","M","E","M","M","T","R","M","M","M","E","R","B",null,"M","?","?","M","M"],"character_chosen":"IRONCLAD","items_purchased":[],"gold_per_floor":[15,26,26,26,36,65,78,98,175,175,194,204,222,247,247,347,347,360,360,285,299,309,309],"floor_reached":23,"campfire_rested":1,"playtime":880,"current_hp_per_floor":[76,76,76,76,78,54,42,39,39,39,31,33,26,22,46,11,80,65,65,65,65,38,0],"items_purged":[],"gold":309,"score":207,"play_id":"474daf82-345d-42d0-ae4c-832d4d3c1901","local_time":"20180328205712","is_prod":false,"is_daily":false,"is_ascension_mode":false,"campfire_upgraded":1,"timestamp":1522263432,"path_taken":["M","M","?","?","M","E","M","M","T","R","?","M","M","E","R","BOSS","M","?","?","?","M","E"],"build_version":"2018-03-22v2","purchased_purges":0,"victory":false,"master_deck":["Strike_R","Strike_R","Strike_R","Strike_R","Strike_R","Defend_R","Bash","Flex","Rage","Regret","Feel No Pain","Double Tap+1","Heavy Blade","Cleave","Metallicize","Disarm","Reaper","Bloodletting","Entrench","Perfected Strike","Twin Strike","Metallicize","Double Tap+1"],"max_hp_per_floor":[80,80,80,80,80,80,80,80,80,80,80,80,80,80,80,80,80,80,80,80,80,80,80],"relics":["Burning Blood","Ginger","Mummified Hand","Tiny Chest","Girya","Orrery"],"card_choices":[{"not_picked":["Perfected Strike","Wild Strike"],"picked":"Flex","floor":1.0},{"not_picked":["Thunderclap","Havoc"],"picked":"Rage","floor":2.0},{"not_picked":["Sever Soul","Heavy Blade"],"picked":"Feel No Pain","floor":6.0},{"not_picked":["Inflame","Battle Trance"],"picked":"Double Tap","floor":7.0},{"not_picked":["Second Wind","Cleave"],"picked":"Heavy Blade","floor":8.0},{"not_picked":["Sword Boomerang","Pommel Strike"],"picked":"Cleave","floor":11.0},{"not_picked":["Heavy Blade","Shrug It Off"],"picked":"Metallicize","floor":12.0},{"not_picked":["Wild Strike","True Grit"],"picked":"Disarm","floor":14.0},{"not_picked":["Exhume","Fiend Fire"],"picked":"Reaper","floor":16.0},{"not_picked":["Headbutt","Flex"],"picked":"Bloodletting","floor":17.0},{"not_picked":["Havoc","Disarm"],"picked":"Entrench","floor":17.0},{"not_picked":["Juggernaut","Feel No Pain"],"picked":"Perfected Strike","floor":17.0},{"not_picked":["Shrug It Off","Blood for Blood"],"picked":"Twin Strike","floor":17.0},{"not_picked":["Anger","Iron Wave"],"picked":"Metallicize","floor":17.0}],"player_experience":205313,"potions_floor_usage":[],"damage_taken":[{"damage":10.0,"enemies":"Small Slimes","floor":1.0,"turns":3.0},{"damage":6.0,"enemies":"Cultist","floor":2.0,"turns":3.0},{"damage":4.0,"enemies":"Jaw Worm","floor":5.0,"turns":3.0},{"damage":30.0,"enemies":"3 Sentries","floor":6.0,"turns":8.0},{"damage":18.0,"enemies":"Looter","floor":7.0,"turns":3.0},{"damage":9.0,"enemies":"2 Fungi Beasts","floor":8.0,"turns":3.0},{"damage":14.0,"enemies":"Gremlin Gang","floor":11.0,"turns":6.0},{"damage":4.0,"enemies":"Looter","floor":12.0,"turns":3.0},{"damage":13.0,"enemies":"Blue Slaver","floor":13.0,"turns":3.0},{"damage":22.0,"enemies":"Lagavulin","floor":14.0,"turns":6.0},{"damage":41.0,"enemies":"Hexaghost","floor":16.0,"turns":11.0},{"damage":21.0,"enemies":"Shell Parasite","floor":18.0,"turns":6.0},{"damage":6.0,"enemies":"Chosen","floor":21.0,"turns":5.0},{"damage":33,"enemies":"Snake Plant","floor":22,"turns":4},{"damage":58,"enemies":"Gremlin Leader","floor":23,"turns":2}],"event_choices":[{"event_name":"The Lab","player_choice":"Got Potions","floor":3.0,"damage_taken":0.0},{"event_name":"Big Fish","player_choice":"Box","floor":4.0,"damage_taken":0.0},{"event_name":"Duplicator","player_choice":"One dupe","floor":19.0,"damage_taken":0.0},{"event_name":"Beggar","player_choice":"Gave Gold","floor":20.0,"damage_taken":0.0}],"boss_relics":[],"potions_floor_spawned":[2,11,12,13,14,22],"seed_played":"-6219146880247527865","killed_by":"Gremlin Leader","ascension_level":0,"is_trial":false}