{"gold_per_floor":[117,132,144,160,172,172,172,206,258,258,34,46,46,81,81,154,154,165,65,65,65,65,65,83,110,137,137,170,170,183,198,198,277,277,288,163,163,182,195,195,212,212,212,62,337,364,383,410,410,410,410,410,410,9,40,40],"floor_reached":57,"playtime":2875,"items_purged":["Strike_R","Strike_R","Defend_R","Defend_R","Defend_R"],"score":2699,"play_id":"a0e388bb-7740-48a5-a1dd-ba74a17d7288","local_time":"20190309154003","is_ascension_mode":true,"campfire_choices":[{"data":"Inflame","floor":6,"key":"SMITH"},{"data":"Flex","floor":10,"key":"SMITH"},{"data":"Demon Form","floor":13,"key":"SMITH"},{"floor":15,"key":"REST"},{"data":"Sword Boomerang","floor":23,"key":"SMITH"},{"data":"True Grit","floor":27,"key":"SMITH"},{"data":"Feed","floor":29,"key":"SMITH"},{"data":"Demon Form","floor":32,"key":"SMITH"},{"floor":40,"key":"RECALL"},{"data":"Exhume","floor":42,"key":"SMITH"},{"data":"True Grit","floor":49,"key":"SMITH"},{"data":"Dual Wield","floor":53,"key":"SMITH"}],"neow_cost":"TEN_PERCENT_HP_LOSS","seed_source_timestamp":10448022775325,"circlet_count":0,"master_deck":["AscendersBane","Strike_R+1","Defend_R","Bash+1","Reaper","Power Through","Flex+1","Inflame+1","Demon Form+1","Inflame","Feed+1","Offering","Sword Boomerang+1","Battle Trance","Demon Form+1","Impervious","True Grit+1","Impervious","Seeing Red","Exhume+1","Flex+1","Dark Embrace","Dual Wield+1","True Grit+1","Demon Form+1","Double Tap"],"relics":["Burning Blood","Letter Opener","Bronze Scales","Mercury Hourglass","Runic Pyramid","Omamori","Whetstone","Blue Candle","Sozu","Bottled Tornado","Blood Vial","DollysMirror","Happy Flower"],"potions_floor_usage":[5,14,14,22,25,30,56],"damage_taken":[{"damage":4,"enemies":"Small Slimes","floor":1,"turns":4},{"damage":7,"enemies":"Cultist","floor":2,"turns":4},{"damage":1,"enemies":"2 Louse","floor":3,"turns":3},{"damage":17,"enemies":"Gremlin Gang","floor":4,"turns":6},{"damage":10,"enemies":"Large Slime","floor":5,"turns":5},{"damage":27,"enemies":"Lagavulin","floor":8,"turns":8},{"damage":22,"enemies":"Looter","floor":12,"turns":3},{"damage":56,"enemies":"Gremlin Nob","floor":14,"turns":5},{"damage":49,"enemies":"The Guardian","floor":16,"turns":10},{"damage":23,"enemies":"Spheric Guardian","floor":18,"turns":4},{"damage":0,"enemies":"2 Thieves","floor":22,"turns":1},{"damage":53,"enemies":"Shelled Parasite and Fungi","floor":24,"turns":3},{"damage":27,"enemies":"Gremlin Leader","floor":25,"turns":5},{"damage":71,"enemies":"Slavers","floor":28,"turns":3},{"damage":58,"enemies":"Cultist and Chosen","floor":30,"turns":4},{"damage":18,"enemies":"Snecko","floor":31,"turns":6},{"damage":44,"enemies":"Automaton","floor":33,"turns":9},{"damage":8,"enemies":"3 Shapes","floor":35,"turns":6},{"damage":29,"enemies":"3 Darklings","floor":38,"turns":5},{"damage":10,"enemies":"Jaw Worm Horde","floor":39,"turns":5},{"damage":59,"enemies":"Transient","floor":41,"turns":6},{"damage":37,"enemies":"Nemesis","floor":46,"turns":5},{"damage":6,"enemies":"Maw","floor":47,"turns":5},{"damage":19,"enemies":"Reptomancer","floor":48,"turns":5},{"damage":109,"enemies":"Donu and Deca","floor":50,"turns":9},{"damage":246,"enemies":"Awakened One","floor":51,"turns":12},{"damage":128,"enemies":"Shield and Spear","floor":55,"turns":6},{"damage":305,"enemies":"The Heart","floor":56,"turns":10}],"seed_played":"6453915031396227966","potions_obtained":[{"floor":1,"key":"Fire Potion"},{"floor":3,"key":"Explosive Potion"},{"floor":8,"key":"SteroidPotion"},{"floor":12,"key":"SteroidPotion"},{"floor":18,"key":"SteroidPotion"},{"floor":21,"key":"SmokeBomb"},{"floor":25,"key":"BloodPotion"},{"floor":28,"key":"Poison Potion"},{"floor":30,"key":"SpeedPotion"}],"is_trial":false,"path_per_floor":["M","M","M","M","M","R","?","E","T","R","$","M","R","E","R","B",null,"M","$","?","?","M","R","M","E","T","R","E","R","M","M","R","B",null,"M","$","?","M","M","R","M","R","T","$","?","E","M","E","R","B","B",null,"R","$","E","B",null],"character_chosen":"IRONCLAD","items_purchased":["Demon Form","DollysMirror"],"campfire_rested":1,"item_purchase_floors":[11,54],"current_hp_per_floor":[68,67,68,63,64,64,64,50,50,50,50,50,50,19,39,11,54,54,54,54,54,60,60,54,77,77,77,64,64,84,88,88,92,92,100,100,100,104,108,108,102,102,102,102,102,116,120,122,122,132,144,144,144,144,130,8],"gold":40,"neow_bonus":"THREE_RARE_CARDS","is_prod":false,"is_daily":false,"chose_seed":false,"campfire_upgraded":10,"win_rate":0,"timestamp":1552117203,"path_taken":["M","M","M","M","M","R","?","E","T","R","$","M","R","E","R","BOSS","M","$","?","?","M","R","M","E","T","R","E","R","?","?","R","BOSS","M","$","?","M","M","R","M","R","T","$","?","E","?","E","R","BOSS","BOSS","R","$","E","BOSS"],"build_version":"2019-01-23","purchased_purges":5,"victory":true,"max_hp_per_floor":[68,68,68,68,68,68,68,68,68,68,68,68,68,68,68,68,68,71,71,71,71,71,71,74,77,77,77,80,80,84,88,88,92,92,100,100,100,104,108,108,112,112,112,112,112,116,120,124,124,132,144,144,144,144,148,148],"card_choices":[{"not_picked":["Double Tap","Feed"],"picked":"Reaper","floor":0},{"not_picked":["Body Slam","Sever Soul"],"picked":"Power Through","floor":1},{"not_picked":["Shrug It Off","Havoc"],"picked":"Flex","floor":2},{"not_picked":["Clash","Iron Wave","Sword Boomerang"],"picked":"SKIP","floor":3},{"not_picked":["Clash","Iron Wave","Sword Boomerang"],"picked":"SKIP","floor":3},{"not_picked":["Flex","Armaments"],"picked":"Inflame","floor":4},{"not_picked":["Iron Wave","Wild Strike"],"picked":"Flex","floor":5},{"not_picked":["Infernal Blade","Twin Strike","Thunderclap"],"picked":"SKIP","floor":8},{"not_picked":["Spot Weakness","Blood for Blood"],"picked":"Inflame","floor":12},{"not_picked":["Twin Strike","Flex"],"picked":"Feed","floor":14},{"not_picked":["Demon Form","Bludgeon"],"picked":"Offering","floor":16},{"not_picked":["Clothesline","Battle Trance"],"picked":"Sword Boomerang","floor":18},{"not_picked":["Body Slam","Fire Breathing"],"picked":"Impervious","floor":24},{"not_picked":["Evolve","Perfected Strike"],"picked":"True Grit","floor":25},{"not_picked":["Heavy Blade","Thunderclap"],"picked":"Impervious","floor":28},{"not_picked":["Feel No Pain","Twin Strike","Warcry"],"picked":"SKIP","floor":30},{"not_picked":["Body Slam","Warcry"],"picked":"Seeing Red","floor":31},{"not_picked":["Feed","Immolate"],"picked":"Exhume","floor":33},{"not_picked":["Infernal Blade","Armaments","Thunderclap"],"picked":"SKIP","floor":35},{"not_picked":["Thunderclap","Intimidate"],"picked":"Flex+1","floor":38},{"not_picked":["Wild Strike","Iron Wave"],"picked":"Dark Embrace","floor":39},{"not_picked":["Headbutt","Body Slam","Thunderclap"],"picked":"SKIP","floor":41},{"not_picked":["Perfected Strike","Rampage+1"],"picked":"Dual Wield","floor":46},{"not_picked":["Uppercut","Anger"],"picked":"True Grit","floor":47},{"not_picked":["Thunderclap","Perfected Strike","Body Slam+1"],"picked":"SKIP","floor":48},{"not_picked":["Cleave","Rage+1"],"picked":"Double Tap","floor":55}],"player_experience":3429687,"relics_obtained":[{"floor":8,"key":"Letter Opener"},{"floor":9,"key":"Bronze Scales"},{"floor":14,"key":"Mercury Hourglass"},{"floor":25,"key":"Omamori"},{"floor":26,"key":"Whetstone"},{"floor":28,"key":"Blue Candle"},{"floor":46,"key":"Bottled Tornado"},{"floor":48,"key":"Blood Vial"},{"floor":55,"key":"Happy Flower"}],"event_choices":[{"damage_healed":0,"gold_gain":0,"player_choice":"Upgraded","damage_taken":0,"max_hp_gain":0,"max_hp_loss":0,"event_name":"Upgrade Shrine","floor":7,"gold_loss":0,"cards_upgraded":["Flex"]},{"damage_healed":0,"gold_gain":0,"cards_transformed":["Strike_R","Strike_R"],"player_choice":"Became Test Subject","damage_taken":0,"max_hp_gain":0,"max_hp_loss":0,"event_name":"Drug Dealer","floor":20,"gold_loss":0,"cards_obtained":["Battle Trance","Demon Form"]},{"damage_healed":0,"gold_gain":0,"player_choice":"Got Potions","damage_taken":0,"max_hp_gain":0,"max_hp_loss":0,"event_name":"Lab","floor":21,"gold_loss":0},{"cards_removed":["Flex"],"damage_healed":0,"gold_gain":0,"player_choice":"Removed Skill","damage_taken":0,"max_hp_gain":0,"max_hp_loss":0,"event_name":"Falling","floor":37,"gold_loss":0},{"damage_healed":0,"gold_gain":275,"player_choice":"Desecrate","damage_taken":0,"max_hp_gain":0,"max_hp_loss":0,"event_name":"Golden Shrine","floor":45,"gold_loss":0,"cards_obtained":["Regret"]}],"is_beta":false,"boss_relics":[{"not_picked":["Orrery","Empty Cage"],"picked":"Runic Pyramid"},{"not_picked":["Cursed Key","Busted Crown"],"picked":"Sozu"}],"items_purged_floors":[11,19,36,44,54],"is_endless":false,"potions_floor_spawned":[1,3,4,8,12,18,25,28,30,38,47,55],"ascension_level":20}