{"gold_per_floor":[110,129,279,101,115,115,147,161,161,184,184,195,222,233,233,233],"floor_reached":16,"playtime":623,"items_purged":[],"score":224,"play_id":"7f000759-2ee8-4ce4-afe9-9589d98fd6c0","local_time":"20190705234813","is_ascension_mode":true,"campfire_choices":[{"data":"Bouncing Flask","floor":6.0,"key":"SMITH"},{"data":"Discovery","floor":11.0,"key":"SMITH"},{"data":"Acrobatics","floor":15.0,"key":"SMITH"}],"neow_cost":"NONE","seed_source_timestamp":263295013418459,"circlet_count":0,"master_deck":["AscendersBane","Strike_G","Strike_G","Strike_G","Strike_G","Strike_G","Defend_G","Defend_G","Defend_G","Defend_G","Defend_G","Survivor","Neutralize+1","Bouncing Flask+1","Doubt","Discovery+1","Footwork","Acrobatics+1"],"special_seed":0,"relics":["Ring of the Snake","Bronze Scales","Bag of Preparation","Odd Mushroom","Mummified Hand"],"potions_floor_usage":[16,16],"damage_taken":[{"damage":7.0,"enemies":"Small Slimes","floor":1.0,"turns":5.0},{"damage":0.0,"enemies":"2 Louse","floor":2.0,"turns":3.0},{"damage":0.0,"enemies":"Cultist","floor":5.0,"turns":4.0},{"damage":12.0,"enemies":"3 Sentries","floor":7.0,"turns":4.0},{"damage":0.0,"enemies":"Looter","floor":8.0,"turns":4.0},{"damage":16.0,"enemies":"The Mushroom Lair","floor":10.0,"turns":5.0},{"damage":3.0,"enemies":"Exordium Wildlife","floor":12.0,"turns":4.0},{"damage":8.0,"enemies":"Lagavulin","floor":13.0,"turns":6.0},{"damage":2.0,"enemies":"2 Fungi Beasts","floor":14.0,"turns":4.0},{"damage":16,"enemies":"Slime Boss","floor":16,"turns":5}],"seed_played":"-4002209625992489055","potions_obtained":[{"floor":5.0,"key":"Energy Potion"},{"floor":7.0,"key":"Weak Potion"},{"floor":12.0,"key":"Strength Potion"},{"floor":13.0,"key":"PowerPotion"}],"is_trial":false,"path_per_floor":["M","M","?","$","M","R","E","M","T","?","R","M","E","M","R","B"],"character_chosen":"THE_SILENT","items_purchased":["Discovery","Footwork"],"campfire_rested":0,"item_purchase_floors":[4,4],"current_hp_per_floor":[52,52,52,52,52,52,40,40,40,24,24,21,13,11,11,0],"gold":233,"neow_bonus":"UPGRADE_CARD","is_prod":false,"is_daily":false,"chose_seed":false,"campfire_upgraded":3,"win_rate":0,"timestamp":1562341693,"path_taken":["M","M","?","$","M","R","E","M","T","?","R","M","E","M","R","BOSS"],"build_version":"2019-07-01","purchased_purges":0,"victory":false,"max_hp_per_floor":[66,66,66,66,66,66,66,66,66,66,66,66,66,66,66,66],"card_choices":[{"not_picked":["Dagger Spray","Backflip"],"picked":"Bouncing Flask","floor":1.0},{"not_picked":["Slice","Underhanded Strike","Bouncing Flask"],"picked":"SKIP","floor":2.0},{"not_picked":["Slice","Deadly Poison","Accuracy"],"picked":"SKIP","floor":5.0},{"not_picked":["Prepared","Deflect"],"picked":"Acrobatics","floor":7.0},{"not_picked":["Sucker Punch","Poisoned Stab","Grand Finale"],"picked":"SKIP","floor":8.0},{"not_picked":["Dodge and Roll","Setup","Blade Dance"],"picked":"SKIP","floor":12.0},{"not_picked":["Dodge and Roll","Dagger Spray","Flying Knee"],"picked":"SKIP","floor":13.0},{"not_picked":["Heel Hook","Cloak And Dagger","Footwork"],"picked":"SKIP","floor":14.0}],"player_experience":1555125,"relics_obtained":[{"floor":7.0,"key":"Bronze Scales"},{"floor":9.0,"key":"Bag of Preparation"},{"floor":10.0,"key":"Odd Mushroom"},{"floor":13.0,"key":"Mummified Hand"}],"event_choices":[{"damage_healed":0.0,"max_hp_gain":0.0,"max_hp_loss":0.0,"gold_gain":150.0,"event_name":"Liars Game","player_choice":"AGREE","floor":3.0,"gold_loss":0.0,"damage_taken":0.0,"cards_obtained":["Doubt"]},{"damage_healed":0.0,"max_hp_gain":0.0,"max_hp_loss":0.0,"gold_gain":0.0,"event_name":"Mushrooms","player_choice":"Fought Mushrooms","floor":10.0,"gold_loss":0.0,"damage_taken":0.0}],"is_beta":false,"boss_relics":[],"items_purged_floors":[],"is_endless":false,"potions_floor_spawned":[5,7,12,13],"killed_by":"Slime Boss","ascension_level":20}