{"gold_per_floor":[109,123,136,411,60,93,93,110,110,127,138,171,182,192,192,270,270,281,281,297,297,312,312,341,375,375,62,93,93,111,122,122,193,193,204,426,426,25,45,45,60,60,60,93,18,18,31,81,81,81,81,81,81,37,70,70],"floor_reached":57,"playtime":3296,"items_purged":["Regret","Strike_G","Strike_G"],"score":2868,"play_id":"201a5dd4-32c6-4956-bff6-b149c6bd3182","local_time":"20190211143629","is_ascension_mode":true,"campfire_choices":[{"data":"Apotheosis","floor":7.0,"key":"SMITH"},{"data":"Infinite Blades","floor":15.0,"key":"SMITH"},{"data":"After Image","floor":23.0,"key":"SMITH"},{"data":"Infinite Blades","floor":29.0,"key":"SMITH"},{"data":"Ghostly","floor":32.0,"key":"SMITH"},{"data":"After Image","floor":40.0,"key":"SMITH"},{"floor":42.0,"key":"RECALL"},{"floor":46.0,"key":"REST"},{"data":"Infinite Blades","floor":49.0,"key":"SMITH"},{"data":"Neutralize","floor":53.0,"key":"SMITH"}],"neow_cost":"NONE","seed_source_timestamp":4065681393714,"circlet_count":0,"master_deck":["AscendersBane","Defend_G","Defend_G+1","Defend_G","Defend_G","Defend_G","Strike_G","Strike_G","Survivor","Neutralize+1","Backstab","Backstab","Infinite Blades+1","Apotheosis+1","Infinite Blades+1","Dash","Infinite Blades+1","Backstab","Backflip","After Image+1","Leg Sweep","Ghostly+1","Ghostly","Ghostly+1","After Image+1","After Image+1","Backflip+1","Cloak And Dagger","Deflect","Caltrops"],"special_seed":0,"relics":["Ring of the Snake","NeowsBlessing","Vajra","Lantern","Ornamental Fan","Busted Crown","Red Mask","Bottled Tornado","DollysMirror","Ice Cream","Runic Pyramid","Bottled Lightning","Mercury Hourglass","Boot","War Paint"],"potions_floor_usage":[56,56],"damage_taken":[{"damage":0.0,"enemies":"Cultist","floor":1.0,"turns":1.0},{"damage":0.0,"enemies":"2 Louse","floor":2.0,"turns":1.0},{"damage":0.0,"enemies":"Small Slimes","floor":3.0,"turns":1.0},{"damage":22.0,"enemies":"3 Sentries","floor":6.0,"turns":6.0},{"damage":0.0,"enemies":"2 Fungi Beasts","floor":8.0,"turns":2.0},{"damage":0.0,"enemies":"Exordium Wildlife","floor":10.0,"turns":3.0},{"damage":0.0,"enemies":"Large Slime","floor":11.0,"turns":4.0},{"damage":5.0,"enemies":"Lagavulin","floor":12.0,"turns":3.0},{"damage":0.0,"enemies":"Exordium Thugs","floor":13.0,"turns":4.0},{"damage":0.0,"enemies":"2 Fungi Beasts","floor":14.0,"turns":2.0},{"damage":2.0,"enemies":"The Guardian","floor":16.0,"turns":11.0},{"damage":7.0,"enemies":"3 Byrds","floor":18.0,"turns":6.0},{"damage":7.0,"enemies":"2 Thieves","floor":20.0,"turns":4.0},{"damage":0.0,"enemies":"Centurion and Healer","floor":22.0,"turns":7.0},{"damage":2.0,"enemies":"Masked Bandits","floor":24.0,"turns":6.0},{"damage":5.0,"enemies":"Gremlin Leader","floor":25.0,"turns":9.0},{"damage":4.0,"enemies":"Slavers","floor":28.0,"turns":6.0},{"damage":0.0,"enemies":"Shelled Parasite and Fungi","floor":30.0,"turns":7.0},{"damage":1.0,"enemies":"Snake Plant","floor":31.0,"turns":6.0},{"damage":0.0,"enemies":"Collector","floor":33.0,"turns":23.0},{"damage":0.0,"enemies":"Orb Walker","floor":35.0,"turns":3.0},{"damage":0.0,"enemies":"3 Shapes","floor":39.0,"turns":6.0},{"damage":0.0,"enemies":"Transient","floor":41.0,"turns":6.0},{"damage":0.0,"enemies":"Giant Head","floor":44.0,"turns":13.0},{"damage":0.0,"enemies":"Spire Growth","floor":47.0,"turns":7.0},{"damage":0.0,"enemies":"Awakened One","floor":50.0,"turns":41.0},{"damage":2.0,"enemies":"Donu and Deca","floor":51.0,"turns":22.0},{"damage":13.0,"enemies":"Shield and Spear","floor":55.0,"turns":20.0},{"damage":16,"enemies":"The Heart","floor":56,"turns":17}],"seed_played":"2173553030926467323","potions_obtained":[{"floor":2.0,"key":"EssenceOfSteel"},{"floor":3.0,"key":"Explosive Potion"},{"floor":6.0,"key":"Poison Potion"},{"floor":10.0,"key":"SkillPotion"},{"floor":18.0,"key":"Poison Potion"},{"floor":20.0,"key":"GhostInAJar"},{"floor":28.0,"key":"Fire Potion"},{"floor":44.0,"key":"Dexterity Potion"}],"is_trial":false,"path_per_floor":["M","M","M","?","$","E","R","M","T","M","M","E","M","M","R","B",null,"M","?","M","?","M","R","?","E","T","$","E","R","M","M","R","B",null,"M","?","?","$","M","R","M","R","T","E","?","R","M","?","R","B","B",null,"R","$","E","B",null],"character_chosen":"THE_SILENT","items_purchased":["Apotheosis","Infinite Blades","DollysMirror","Bottled Lightning","Caltrops"],"campfire_rested":1,"item_purchase_floors":[5,5,27,38,54],"current_hp_per_floor":[59,59,59,59,59,37,37,37,37,37,37,32,32,32,32,30,57,50,63,56,33,33,33,31,26,26,26,22,22,22,21,21,21,30,30,30,30,30,30,30,30,30,30,30,30,31,31,31,31,31,29,31,31,31,18,2],"gold":70,"neow_bonus":"THREE_ENEMY_KILL","is_prod":false,"is_daily":false,"chose_seed":false,"campfire_upgraded":8,"win_rate":0,"timestamp":1549866989,"path_taken":["M","M","?","?","$","E","R","M","T","M","M","E","M","?","R","BOSS","M","?","M","?","M","R","?","E","T","$","E","R","M","M","R","BOSS","M","?","?","$","M","R","M","R","T","E","?","R","?","?","R","BOSS","BOSS","R","$","E","BOSS"],"build_version":"2019-01-23","purchased_purges":3,"victory":true,"max_hp_per_floor":[66,66,66,66,66,66,66,66,66,66,66,66,66,66,66,66,66,66,66,66,33,33,33,33,33,33,33,33,33,33,33,33,33,33,33,33,31,31,31,31,31,31,31,31,31,31,31,31,31,31,31,31,31,31,31,31],"card_choices":[{"not_picked":["Slice","Dagger Throw"],"picked":"Backstab","floor":1.0},{"not_picked":["Bane","Masterful Stab"],"picked":"Backstab","floor":2.0},{"not_picked":["Calculated Gamble","Quick Slash"],"picked":"Infinite Blades","floor":3.0},{"not_picked":["Setup","Flying Knee","Deadly Poison"],"picked":"SKIP","floor":6.0},{"not_picked":["Dagger Spray","Dodge and Roll"],"picked":"Dash","floor":8.0},{"not_picked":["Deadly Poison","Tools of the Trade"],"picked":"Infinite Blades","floor":10.0},{"not_picked":["Dagger Throw","Bane"],"picked":"Backstab","floor":11.0},{"not_picked":["Deflect","Bane","Outmaneuver"],"picked":"SKIP","floor":12.0},{"not_picked":["All Out Attack","Deadly Poison"],"picked":"Backflip","floor":13.0},{"not_picked":["Dash","Prepared","Underhanded Strike"],"picked":"SKIP","floor":14.0},{"not_picked":["Corpse Explosion","Die Die Die"],"picked":"After Image","floor":16.0},{"not_picked":["Quick Slash"],"picked":"SKIP","floor":18.0},{"not_picked":[],"picked":"Leg Sweep","floor":20.0},{"not_picked":["Eviscerate"],"picked":"SKIP","floor":22.0},{"not_picked":["Dodge and Roll"],"picked":"SKIP","floor":25.0},{"not_picked":["Noxious Fumes"],"picked":"SKIP","floor":28.0},{"not_picked":["Deadly Poison"],"picked":"SKIP","floor":30.0},{"not_picked":["Tactician"],"picked":"SKIP","floor":31.0},{"not_picked":[],"picked":"After Image","floor":33.0},{"not_picked":["Quick Slash"],"picked":"SKIP","floor":35.0},{"not_picked":[],"picked":"Backflip+1","floor":39.0},{"not_picked":["Underhanded Strike"],"picked":"SKIP","floor":41.0},{"not_picked":[],"picked":"Cloak And Dagger","floor":44.0},{"not_picked":["Deflect"],"picked":"SKIP","floor":47.0},{"not_picked":[],"picked":"Deflect","floor":47.0},{"not_picked":["Slice+1"],"picked":"SKIP","floor":55.0}],"player_experience":2600326,"relics_obtained":[{"floor":6.0,"key":"Vajra"},{"floor":9.0,"key":"Lantern"},{"floor":12.0,"key":"Ornamental Fan"},{"floor":24.0,"key":"Red Mask"},{"floor":25.0,"key":"Bottled Tornado"},{"floor":28.0,"key":"Ice Cream"},{"floor":43.0,"key":"Mercury Hourglass"},{"floor":44.0,"key":"Boot"},{"floor":55.0,"key":"War Paint"}],"event_choices":[{"damage_healed":0.0,"max_hp_gain":0.0,"max_hp_loss":0.0,"gold_gain":275.0,"event_name":"Golden Shrine","player_choice":"Desecrate","floor":4.0,"gold_loss":0.0,"damage_taken":0.0,"cards_obtained":["Regret"]},{"damage_healed":13.0,"max_hp_gain":0.0,"max_hp_loss":0.0,"gold_gain":0.0,"event_name":"The Library","player_choice":"Heal","floor":19.0,"gold_loss":0.0,"damage_taken":0.0},{"damage_healed":0.0,"max_hp_gain":0.0,"max_hp_loss":33.0,"gold_gain":0.0,"event_name":"Ghosts","player_choice":"Became a Ghost","floor":21.0,"gold_loss":0.0,"damage_taken":0.0,"cards_obtained":["Ghostly","Ghostly","Ghostly"]},{"damage_healed":0.0,"max_hp_gain":0.0,"max_hp_loss":0.0,"gold_gain":0.0,"event_name":"Masked Bandits","player_choice":"Fought Bandits","floor":24.0,"gold_loss":0.0,"damage_taken":0.0},{"damage_healed":0.0,"max_hp_gain":0.0,"max_hp_loss":0.0,"gold_gain":222.0,"event_name":"Tomb of Lord Red Mask","player_choice":"Wore Mask","floor":36.0,"gold_loss":0.0,"damage_taken":0.0},{"damage_healed":0.0,"max_hp_gain":0.0,"max_hp_loss":2.0,"gold_gain":0.0,"event_name":"Winding Halls","player_choice":"Max HP","floor":37.0,"gold_loss":0.0,"damage_taken":0.0},{"cards_removed":["Strike_G"],"damage_healed":0.0,"max_hp_gain":0.0,"max_hp_loss":0.0,"gold_gain":0.0,"event_name":"Designer","player_choice":"Single Remove","floor":45.0,"gold_loss":75.0,"damage_taken":0.0},{"damage_healed":0.0,"max_hp_gain":0.0,"max_hp_loss":0.0,"gold_gain":50.0,"event_name":"Golden Shrine","player_choice":"Pray","floor":48.0,"gold_loss":0.0,"damage_taken":0.0}],"is_beta":false,"boss_relics":[{"not_picked":["Tiny House","Cursed Key"],"picked":"Busted Crown"},{"not_picked":["Velvet Choker","Pandora\u0027s Box"],"picked":"Runic Pyramid"}],"items_purged_floors":[5,27,38],"is_endless":false,"potions_floor_spawned":[2,3,6,10,18,20,28,31,39,41,44,47],"ascension_level":20}