{"gold_per_floor":[10,25,25,35,35,35,65,65,91,152,32,47,65,78,78,174,174,174,174,27,27,27,27,27,27,27,27,27,27,27,27,27,27,27,27,27,27,27,27,27,27,27,27,27,27,27,27,27,27,27],"floor_reached":51,"playtime":2202,"items_purged":["Strike_G","Strike_G"],"score":1104,"play_id":"2683ec47-7a74-4ab6-b77a-34903a534477","local_time":"20190312140233","is_ascension_mode":true,"campfire_choices":[{"data":"Predator","floor":6,"key":"SMITH"},{"data":"Neutralize","floor":8,"key":"SMITH"},{"data":"Acrobatics","floor":15,"key":"SMITH"},{"data":"Calculated Gamble","floor":23,"key":"SMITH"},{"data":"Prepared","floor":25,"key":"SMITH"},{"data":"Concentrate","floor":30,"key":"SMITH"},{"data":"Wraith Form v2","floor":32,"key":"SMITH"},{"data":"Adrenaline","floor":40,"key":"SMITH"},{"data":"Malaise","floor":44,"key":"SMITH"},{"data":"Tactician","floor":46,"key":"SMITH"},{"data":"PiercingWail","floor":49,"key":"SMITH"}],"neow_cost":"NO_GOLD","seed_source_timestamp":61209806756281,"circlet_count":0,"master_deck":["Defend_G+1","Defend_G","Defend_G+1","Defend_G","Defend_G","Neutralize+1","Terror+1","Predator+1","PiercingWail+1","Malaise+1","Acrobatics+1","Wraith Form v2+1","Calculated Gamble+1","Prepared+1","Acrobatics+1","Calculated Gamble+1","Concentrate+1","Adrenaline+1","Tactician+1","Tactician+1"],"relics":["Ring of the Snake","Tingsha","Oddly Smooth Stone","Centennial Puzzle","Tiny Chest","Ectoplasm","Shuriken","War Paint","Blue Candle","Empty Cage","Ginger","Singing Bowl"],"potions_floor_usage":[16,33],"damage_taken":[{"damage":0,"enemies":"2 Louse","floor":1,"turns":2},{"damage":1,"enemies":"Jaw Worm","floor":2,"turns":4},{"damage":0,"enemies":"Cultist","floor":4,"turns":3},{"damage":10,"enemies":"Gremlin Nob","floor":7,"turns":3},{"damage":6,"enemies":"Lagavulin","floor":10,"turns":4},{"damage":0,"enemies":"Red Slaver","floor":12,"turns":6},{"damage":0,"enemies":"Large Slime","floor":13,"turns":4},{"damage":0,"enemies":"Looter","floor":14,"turns":2},{"damage":0,"enemies":"The Guardian","floor":16,"turns":11},{"damage":1,"enemies":"Spheric Guardian","floor":18,"turns":5},{"damage":7,"enemies":"Shell Parasite","floor":19,"turns":5},{"damage":7,"enemies":"3 Cultists","floor":21,"turns":6},{"damage":0,"enemies":"Snecko","floor":22,"turns":2},{"damage":7,"enemies":"Cultist and Chosen","floor":24,"turns":5},{"damage":0,"enemies":"Gremlin Leader","floor":29,"turns":6},{"damage":3,"enemies":"Automaton","floor":33,"turns":6},{"damage":0,"enemies":"Orb Walker","floor":35,"turns":2},{"damage":0,"enemies":"3 Shapes","floor":36,"turns":3},{"damage":8,"enemies":"3 Darklings","floor":37,"turns":3},{"damage":0,"enemies":"4 Shapes","floor":38,"turns":5},{"damage":0,"enemies":"Transient","floor":39,"turns":5},{"damage":0,"enemies":"Mind Bloom Boss Battle","floor":41,"turns":1},{"damage":0,"enemies":"Writhing Mass","floor":45,"turns":2},{"damage":0,"enemies":"Jaw Worm Horde","floor":48,"turns":1},{"damage":0,"enemies":"Awakened One","floor":50,"turns":4}],"seed_played":"-6947669405358456003","potions_obtained":[{"floor":1,"key":"GamblersBrew"},{"floor":2,"key":"Energy Potion"},{"floor":13,"key":"Poison Potion"},{"floor":19,"key":"Regen Potion"},{"floor":36,"key":"Weak Potion"},{"floor":48,"key":"Explosive Potion"}],"is_trial":false,"path_per_floor":["M","M","?","M","?","R","E","R","T","E","$","M","M","M","R","B",null,"M","M","$","M","M","R","M","R","T","T","?","E","R","?","R","B",null,"M","M","M","M","M","R","?","?","T","R","M","R","?","M","R","B",null],"character_chosen":"THE_SILENT","items_purchased":["PiercingWail","Prepared"],"campfire_rested":0,"item_purchase_floors":[11,20],"current_hp_per_floor":[63,62,48,48,48,48,38,38,38,32,32,32,32,32,32,32,61,60,53,53,46,46,46,39,39,39,39,39,39,39,39,39,36,62,62,62,54,54,54,54,54,54,54,54,54,54,54,56,56,56],"gold":27,"neow_bonus":"ONE_RARE_RELIC","is_prod":false,"is_daily":false,"chose_seed":false,"campfire_upgraded":11,"win_rate":0,"timestamp":1552366953,"path_taken":["M","M","?","M","?","R","E","R","T","E","$","?","M","M","R","BOSS","M","M","$","M","M","R","M","R","T","?","?","E","R","?","R","BOSS","M","M","M","M","M","R","?","?","T","R","M","R","?","M","R","BOSS"],"build_version":"2019-01-23","purchased_purges":2,"victory":true,"max_hp_per_floor":[70,70,70,70,70,70,70,70,70,70,70,70,70,70,70,70,70,70,70,70,70,70,70,70,70,70,70,70,70,70,70,70,70,70,70,70,70,70,70,70,70,70,70,70,70,70,70,72,72,72],"card_choices":[{"not_picked":["Flechettes","Underhanded Strike"],"picked":"Terror","floor":1},{"not_picked":["Blade Dance","Skewer"],"picked":"Predator","floor":2},{"not_picked":["Riddle With Holes","Terror","Accuracy"],"picked":"SKIP","floor":4},{"not_picked":["Deflect","Cloak And Dagger","All Out Attack"],"picked":"SKIP","floor":7},{"not_picked":["Skewer","Cloak And Dagger","Underhanded Strike"],"picked":"SKIP","floor":10},{"not_picked":["Dagger Throw","Flying Knee"],"picked":"Malaise","floor":12},{"not_picked":["Dagger Throw","Flying Knee","Eviscerate"],"picked":"SKIP","floor":13},{"not_picked":["Infinite Blades","Sucker Punch"],"picked":"Acrobatics","floor":14},{"not_picked":["Storm of Steel","Venomology"],"picked":"Wraith Form v2","floor":16},{"not_picked":["Slice","Quick Slash","Underhanded Strike+1"],"picked":"SKIP","floor":18},{"not_picked":["Riddle With Holes","Heel Hook"],"picked":"Calculated Gamble","floor":19},{"not_picked":["Poisoned Stab","Choke"],"picked":"Acrobatics+1","floor":21},{"not_picked":["Noxious Fumes","Flying Knee","Blade Dance"],"picked":"SKIP","floor":22},{"not_picked":["Acrobatics","Poisoned Stab"],"picked":"Calculated Gamble+1","floor":24},{"not_picked":["Cloak And Dagger","Blade Dance+1"],"picked":"Concentrate","floor":29},{"not_picked":["Doppelganger","Glass Knife"],"picked":"Adrenaline","floor":33},{"not_picked":["Slice","Cloak And Dagger+1","Skewer+1"],"picked":"SKIP","floor":35},{"not_picked":["Quick Slash+1","Dodge and Roll","Terror+1"],"picked":"SKIP","floor":36},{"not_picked":["Bane","Dagger Spray+1"],"picked":"Tactician+1","floor":37},{"not_picked":["Accuracy","Dagger Throw","Noxious Fumes+1"],"picked":"SKIP","floor":38},{"not_picked":["Backflip","Dodge and Roll+1","Heel Hook+1"],"picked":"SKIP","floor":39},{"not_picked":["Bouncing Flask","Acrobatics"],"picked":"Tactician","floor":45},{"not_picked":["Noxious Fumes","Poisoned Stab+1","Eviscerate"],"picked":"Singing Bowl","floor":48}],"player_experience":60410,"relics_obtained":[{"floor":7,"key":"Oddly Smooth Stone"},{"floor":9,"key":"Centennial Puzzle"},{"floor":10,"key":"Tiny Chest"},{"floor":26,"key":"Shuriken"},{"floor":27,"key":"War Paint"},{"floor":29,"key":"Blue Candle"},{"floor":41,"key":"Ginger"}],"event_choices":[{"damage_healed":0,"gold_gain":0,"player_choice":"Entered Light","damage_taken":14,"max_hp_gain":0,"max_hp_loss":0,"event_name":"Shining Light","floor":3,"gold_loss":0,"cards_upgraded":["Terror","Strike_G"]},{"cards_removed":["Strike_G"],"damage_healed":0,"gold_gain":0,"player_choice":"Card Removal","damage_taken":0,"max_hp_gain":0,"max_hp_loss":0,"event_name":"Wheel of Change","floor":5,"gold_loss":0},{"damage_healed":0,"gold_gain":0,"player_choice":"Ignored","damage_taken":0,"max_hp_gain":0,"max_hp_loss":0,"event_name":"Vampires","floor":28,"gold_loss":0},{"damage_healed":0,"gold_gain":0,"player_choice":"Ignored","damage_taken":0,"max_hp_gain":0,"max_hp_loss":0,"event_name":"Beggar","floor":31,"gold_loss":0},{"damage_healed":0,"gold_gain":0,"player_choice":"Fight","damage_taken":0,"max_hp_gain":0,"max_hp_loss":0,"event_name":"MindBloom","floor":41,"gold_loss":0},{"cards_removed":["Survivor"],"damage_healed":0,"gold_gain":0,"player_choice":"Removed Skill","damage_taken":0,"max_hp_gain":0,"max_hp_loss":0,"event_name":"Falling","floor":42,"gold_loss":0},{"damage_healed":0,"gold_gain":0,"player_choice":"Gave Potion","damage_taken":0,"relics_obtained":["Singing Bowl"],"max_hp_gain":0,"max_hp_loss":0,"event_name":"WeMeetAgain","floor":47,"gold_loss":0}],"is_beta":false,"boss_relics":[{"not_picked":["Runic Pyramid","Busted Crown"],"picked":"Ectoplasm"},{"not_picked":["White Beast Statue","Eternal Feather"],"picked":"Empty Cage"}],"items_purged_floors":[11,20],"is_endless":false,"potions_floor_spawned":[1,2,13,14,19,22,36,37,41,48],"ascension_level":7}