{"gold_per_floor":[116,135,135,3,16,16,43,43,43,62,62,62,93,18,18,92,92,110,110,124,135,148,148,163,163,188,238,18,32,60,60,60,137,137,149,149,162,181,12,12,43,43,69,69,101,101,101,136,136,136,136,136,136,28,63,63],"floor_reached":57,"playtime":6320,"items_purged":["Strike_B","Rebound","Defend_B+1"],"score":3182,"play_id":"ca960dcd-0579-4162-9cf3-90142179ff87","local_time":"20190503151318","is_ascension_mode":true,"campfire_choices":[{"data":"Consume","floor":6.0,"key":"SMITH"},{"data":"Turbo","floor":8.0,"key":"SMITH"},{"data":"Skim","floor":11.0,"key":"SMITH"},{"data":"Coolheaded","floor":15.0,"key":"SMITH"},{"data":"Coolheaded","floor":23.0,"key":"SMITH"},{"floor":25.0,"key":"REST"},{"data":"Zap","floor":32.0,"key":"SMITH"},{"data":"Coolheaded","floor":40.0,"key":"SMITH"},{"data":"Coolheaded","floor":44.0,"key":"SMITH"},{"data":"Blizzard","floor":46.0,"key":"SMITH"},{"floor":49.0,"key":"RECALL"},{"data":"Turbo","floor":53.0,"key":"SMITH"}],"neow_cost":"CURSE","seed_source_timestamp":0,"circlet_count":0,"master_deck":["AscendersBane","Dualcast+1","Blizzard+1","Consume+1","Skim+1","Turbo+1","Skim+1","Coolheaded+1","Turbo+1","Defragment+1","All For One","Reprogram+1","Machine Learning+1","Genetic Algorithm+1","Defragment+1","Coolheaded+1","Core Surge","Defragment+1","Turbo","Fission","Loop+1","Coolheaded+1","Coolheaded+1","Defragment+1","Core Surge","Master of Strategy","Creative AI+1","Heatsinks+1"],"special_seed":0,"relics":["Cracked Core","Emotion Chip","Frozen Egg 2","Oddly Smooth Stone","Astrolabe","Bronze Scales","Membership Card","War Paint","Nuclear Battery","DataDisk","Bag of Marbles","Happy Flower","Meat on the Bone","Blood Vial"],"potions_floor_usage":[56],"damage_taken":[{"damage":3.0,"enemies":"2 Louse","floor":1.0,"turns":2.0},{"damage":1.0,"enemies":"Cultist","floor":2.0,"turns":3.0},{"damage":14.0,"enemies":"Jaw Worm","floor":5.0,"turns":4.0},{"damage":25.0,"enemies":"Lagavulin","floor":7.0,"turns":6.0},{"damage":10.0,"enemies":"Large Slime","floor":10.0,"turns":8.0},{"damage":10.0,"enemies":"Gremlin Nob","floor":13.0,"turns":3.0},{"damage":1.0,"enemies":"Hexaghost","floor":16.0,"turns":9.0},{"damage":27.0,"enemies":"3 Byrds","floor":18.0,"turns":4.0},{"damage":0.0,"enemies":"Spheric Guardian","floor":20.0,"turns":3.0},{"damage":0.0,"enemies":"3 Cultists","floor":21.0,"turns":4.0},{"damage":13.0,"enemies":"Centurion and Healer","floor":22.0,"turns":4.0},{"damage":9.0,"enemies":"Snecko","floor":24.0,"turns":8.0},{"damage":0.0,"enemies":"3 Cultists","floor":29.0,"turns":4.0},{"damage":0.0,"enemies":"Gremlin Leader","floor":30.0,"turns":5.0},{"damage":0.0,"enemies":"Automaton","floor":33.0,"turns":7.0},{"damage":2.0,"enemies":"3 Darklings","floor":35.0,"turns":3.0},{"damage":0.0,"enemies":"3 Shapes","floor":37.0,"turns":3.0},{"damage":0.0,"enemies":"Spire Growth","floor":38.0,"turns":4.0},{"damage":0.0,"enemies":"Giant Head","floor":41.0,"turns":4.0},{"damage":0.0,"enemies":"Reptomancer","floor":45.0,"turns":5.0},{"damage":0.0,"enemies":"Nemesis","floor":48.0,"turns":27.0},{"damage":0.0,"enemies":"Donu and Deca","floor":50.0,"turns":8.0},{"damage":12.0,"enemies":"Time Eater","floor":51.0,"turns":17.0},{"damage":28.0,"enemies":"Shield and Spear","floor":55.0,"turns":6.0},{"damage":28,"enemies":"The Heart","floor":56,"turns":8}],"seed_played":"6548445776166641423","potions_obtained":[{"floor":1.0,"key":"FearPotion"},{"floor":2.0,"key":"Regen Potion"},{"floor":7.0,"key":"Swift Potion"},{"floor":16.0,"key":"Regen Potion"},{"floor":18.0,"key":"SpeedPotion"},{"floor":20.0,"key":"Block Potion"},{"floor":35.0,"key":"PowerPotion"}],"is_trial":false,"path_per_floor":["M","M","?","$","M","R","E","R","T","M","R","?","E","?","R","B",null,"M","?","M","M","M","R","M","R","T","?","$","M","E","?","R","B",null,"M","?","M","M","$","R","E","?","T","R","E","R","?","E","R","B","B",null,"R","$","E","B",null],"character_chosen":"DEFECT","items_purchased":["Turbo","Membership Card","DataDisk","Defragment+1","Heatsinks+1"],"campfire_rested":1,"item_purchase_floors":[4,28,39,39,54],"current_hp_per_floor":[61,60,50,50,48,48,23,23,23,13,13,13,3,3,3,2,54,39,39,39,39,26,26,17,38,38,38,38,38,38,18,18,18,62,60,60,60,60,60,60,60,60,60,60,60,60,60,60,60,60,48,69,69,69,41,27],"gold":63,"neow_bonus":"TRANSFORM_TWO_CARDS","is_prod":false,"is_daily":false,"chose_seed":false,"campfire_upgraded":10,"win_rate":0,"timestamp":1556867598,"path_taken":["M","M","?","$","?","R","E","R","T","M","R","?","E","?","R","BOSS","M","?","M","M","?","R","M","R","T","?","$","M","E","?","R","BOSS","M","?","?","M","$","R","E","?","T","R","E","R","?","E","R","BOSS","BOSS","R","$","E","BOSS"],"build_version":"2019-01-23","purchased_purges":3,"victory":true,"max_hp_per_floor":[71,71,71,71,71,71,71,71,71,71,71,71,71,71,71,71,71,71,71,71,71,71,71,71,71,71,71,71,71,71,76,76,76,76,76,76,76,76,76,76,76,76,76,76,76,76,76,76,76,76,76,76,76,76,76,76],"card_choices":[{"not_picked":["Compile Driver","Stack"],"picked":"Consume","floor":1.0},{"not_picked":["Ball Lightning","Darkness"],"picked":"Skim","floor":2.0},{"not_picked":["Stack","Hologram"],"picked":"Skim","floor":5.0},{"not_picked":["Fusion","Steam"],"picked":"Coolheaded","floor":7.0},{"not_picked":["Storm+1","Lockon"],"picked":"Turbo","floor":10.0},{"not_picked":["Sweeping Beam","Barrage"],"picked":"Defragment+1","floor":13.0},{"not_picked":["Meteor Strike","Buffer+1"],"picked":"All For One","floor":16.0},{"not_picked":["Tempest","Coolheaded"],"picked":"Defragment+1","floor":18.0},{"not_picked":["Leap+1","BootSequence","Stack"],"picked":"SKIP","floor":20.0},{"not_picked":["Steam","Barrage"],"picked":"Coolheaded","floor":21.0},{"not_picked":["Conserve Battery","White Noise"],"picked":"Core Surge","floor":22.0},{"not_picked":["Rebound","Gash+1"],"picked":"Defragment+1","floor":24.0},{"not_picked":["Stack","Sweeping Beam","Cold Snap"],"picked":"SKIP","floor":29.0},{"not_picked":["Barrage+1","Sweeping Beam"],"picked":"Turbo","floor":30.0},{"not_picked":["Rainbow","Electrodynamics+1"],"picked":"Fission","floor":33.0},{"not_picked":["Scrape","Force Field"],"picked":"Loop+1","floor":35.0},{"not_picked":["Steam Power+1","Conserve Battery+1"],"picked":"Coolheaded","floor":37.0},{"not_picked":["Redo","Storm+1"],"picked":"Coolheaded","floor":38.0},{"not_picked":["Leap","Gash"],"picked":"Core Surge","floor":41.0},{"not_picked":["Rebound+1","Conserve Battery","Beam Cell"],"picked":"SKIP","floor":45.0},{"not_picked":["Finesse","Thinking Ahead"],"picked":"Master of Strategy","floor":47.0},{"not_picked":["Sweeping Beam","Beam Cell"],"picked":"Creative AI+1","floor":48.0},{"not_picked":["Doom and Gloom+1","Sweeping Beam","Tempest"],"picked":"SKIP","floor":55.0}],"player_experience":4569017,"relics_obtained":[{"floor":7.0,"key":"Emotion Chip"},{"floor":9.0,"key":"Frozen Egg 2"},{"floor":13.0,"key":"Oddly Smooth Stone"},{"floor":26.0,"key":"Bronze Scales"},{"floor":30.0,"key":"War Paint"},{"floor":41.0,"key":"Bag of Marbles"},{"floor":45.0,"key":"Happy Flower"},{"floor":48.0,"key":"Meat on the Bone"},{"floor":55.0,"key":"Blood Vial"}],"event_choices":[{"damage_healed":0.0,"max_hp_gain":0.0,"max_hp_loss":0.0,"gold_gain":0.0,"event_name":"Wheel of Change","player_choice":"Damaged","floor":3.0,"gold_loss":0.0,"damage_taken":10.0},{"damage_healed":0.0,"max_hp_gain":0.0,"max_hp_loss":0.0,"gold_gain":0.0,"event_name":"Dead Adventurer","player_choice":"Searched \u00270\u0027 times","floor":12.0,"gold_loss":0.0,"damage_taken":0.0},{"cards_removed":["Strike_B"],"damage_healed":0.0,"max_hp_gain":0.0,"max_hp_loss":0.0,"gold_gain":0.0,"event_name":"The Cleric","player_choice":"Card Removal","floor":14.0,"gold_loss":75.0,"damage_taken":0.0},{"damage_healed":0.0,"max_hp_gain":0.0,"max_hp_loss":0.0,"gold_gain":0.0,"event_name":"Accursed Blacksmith","player_choice":"Forge","floor":19.0,"gold_loss":0.0,"damage_taken":0.0,"cards_upgraded":["Dualcast"]},{"damage_healed":0.0,"max_hp_gain":0.0,"max_hp_loss":0.0,"gold_gain":50.0,"event_name":"Nest","player_choice":"Stole From Cult","floor":27.0,"gold_loss":0.0,"damage_taken":0.0},{"damage_healed":0.0,"max_hp_gain":5.0,"max_hp_loss":0.0,"gold_gain":0.0,"event_name":"Forgotten Altar","player_choice":"Shed Blood","floor":31.0,"gold_loss":0.0,"damage_taken":25.0},{"cards_removed":["Clumsy"],"damage_healed":0.0,"max_hp_gain":0.0,"max_hp_loss":0.0,"gold_gain":0.0,"event_name":"Fountain of Cleansing","player_choice":"Removed Curses","floor":36.0,"gold_loss":0.0,"damage_taken":0.0},{"cards_removed":["Zap"],"damage_healed":0.0,"max_hp_gain":0.0,"max_hp_loss":0.0,"gold_gain":0.0,"event_name":"Falling","player_choice":"Removed Skill","floor":42.0,"gold_loss":0.0,"damage_taken":0.0},{"damage_healed":0.0,"max_hp_gain":0.0,"max_hp_loss":0.0,"gold_gain":0.0,"event_name":"SensoryStone","player_choice":"Memory 1","floor":47.0,"gold_loss":0.0,"damage_taken":0.0}],"is_beta":false,"boss_relics":[{"not_picked":["FrozenCore","Lizard Tail"],"picked":"Astrolabe"},{"not_picked":["Tiny House","Black Star"],"picked":"Nuclear Battery"}],"items_purged_floors":[4,39,54],"is_endless":false,"potions_floor_spawned":[1,2,7,16,18,20,35,45],"ascension_level":20}