{"gold_per_floor":[117,167,180,105,121,121,141,156,156,156,170,38,65,140,140,140],"floor_reached":16,"playtime":471,"items_purged":["Bash"],"score":204,"play_id":"5d5b93b9-46a3-44c4-bf29-c62c7f720600","local_time":"20190603151748","is_ascension_mode":true,"campfire_choices":[{"data":"Limit Break","floor":6.0,"key":"SMITH"},{"data":"Flex","floor":10.0,"key":"SMITH"},{"data":"True Grit","floor":15.0,"key":"SMITH"}],"neow_cost":"TEN_PERCENT_HP_LOSS","seed_source_timestamp":167382314066109,"circlet_count":0,"master_deck":["AscendersBane","Strike_R","Strike_R","Strike_R","Strike_R","Strike_R","Defend_R","Defend_R","Defend_R","Defend_R","Limit Break+1","True Grit+1","Flex+1","Shrug It Off","Evolve","Burning Pact"],"special_seed":0,"relics":["Burning Blood","StoneCalendar","Singing Bowl"],"potions_floor_usage":[],"damage_taken":[{"damage":9.0,"enemies":"2 Louse","floor":1.0,"turns":3.0},{"damage":11.0,"enemies":"Cultist","floor":3.0,"turns":5.0},{"damage":7.0,"enemies":"Small Slimes","floor":5.0,"turns":4.0},{"damage":7.0,"enemies":"Blue Slaver","floor":7.0,"turns":5.0},{"damage":12.0,"enemies":"Gremlin Gang","floor":8.0,"turns":6.0},{"damage":13.0,"enemies":"Lots of Slimes","floor":11.0,"turns":6.0},{"damage":13.0,"enemies":"3 Sentries","floor":13.0,"turns":7.0},{"damage":33,"enemies":"Slime Boss","floor":16,"turns":3}],"seed_played":"2291694245988429034","potions_obtained":[{"floor":5.0,"key":"Fire Potion"},{"floor":8.0,"key":"Block Potion"},{"floor":13.0,"key":"EssenceOfSteel"}],"is_trial":false,"path_per_floor":["M","?","M","$","M","R","M","M","T","R","M","$","E","?","R","B"],"character_chosen":"IRONCLAD","items_purchased":["Evolve","Burning Pact"],"campfire_rested":0,"item_purchase_floors":[12,12],"current_hp_per_floor":[65,59,54,54,53,53,52,46,46,46,39,39,34,23,23,0],"gold":140,"neow_bonus":"THREE_RARE_CARDS","is_prod":false,"is_daily":false,"chose_seed":false,"campfire_upgraded":3,"win_rate":0,"timestamp":1559546268,"path_taken":["M","?","M","$","M","R","M","?","T","R","M","$","E","?","R","BOSS"],"build_version":"2019-01-23","purchased_purges":1,"victory":false,"max_hp_per_floor":[68,68,68,68,68,68,68,68,68,68,68,68,70,70,70,70],"card_choices":[{"not_picked":["Brutality","Double Tap"],"picked":"Limit Break","floor":0.0},{"not_picked":["Headbutt","Rage"],"picked":"True Grit","floor":1.0},{"not_picked":["Disarm","Sword Boomerang"],"picked":"Flex","floor":3.0},{"not_picked":["Clothesline","Rage"],"picked":"Shrug It Off","floor":5.0},{"not_picked":["Body Slam","Clash","Entrench"],"picked":"SKIP","floor":7.0},{"not_picked":["Shrug It Off","Sever Soul","Warcry"],"picked":"SKIP","floor":8.0},{"not_picked":["Body Slam","Anger","Juggernaut"],"picked":"SKIP","floor":11.0},{"not_picked":["Pommel Strike","Armaments","Cleave"],"picked":"Singing Bowl","floor":13.0}],"player_experience":5021857,"relics_obtained":[{"floor":9.0,"key":"StoneCalendar"},{"floor":13.0,"key":"Singing Bowl"}],"event_choices":[{"damage_healed":0.0,"max_hp_gain":0.0,"max_hp_loss":0.0,"gold_gain":50.0,"event_name":"FaceTrader","player_choice":"Touch","floor":2.0,"gold_loss":0.0,"damage_taken":6.0},{"damage_healed":0.0,"max_hp_gain":0.0,"max_hp_loss":0.0,"gold_gain":75.0,"event_name":"World of Goop","player_choice":"Gather Gold","floor":14.0,"gold_loss":0.0,"damage_taken":11.0}],"is_beta":false,"boss_relics":[],"items_purged_floors":[4],"is_endless":false,"potions_floor_spawned":[5,8,13],"killed_by":"Slime Boss","ascension_level":20}