{"gold_per_floor":[218,235,250,261,261,261,116,116,116,134,34,134,134,153,153,276,339,355,46,46,46,61,61,61,61,84,107,107,107,107,126,126,256,256,256,256,589,604,623,623,635,653,702,702,119,119,119,119,119,119],"floor_reached":51,"playtime":2129,"items_purged":["Strike_G","Strike_G","Strike_G"],"score":712,"play_id":"abfefd5f-1ab7-4b2d-a954-dd365f8aed28","local_time":"20181016222257","is_ascension_mode":false,"campfire_choices":[{"data":"Malaise","floor":6.0,"key":"SMITH"},{"data":"Noxious Fumes","floor":8.0,"key":"SMITH"},{"data":"Blind","floor":15.0,"key":"SMITH"},{"data":"Burst","floor":23.0,"key":"SMITH"},{"data":"Backflip","floor":29.0,"key":"SMITH"},{"data":"Leg Sweep","floor":32.0,"key":"SMITH"},{"data":"Burst","floor":40.0,"key":"SMITH"},{"floor":44,"key":"REST"},{"floor":47,"key":"REST"},{"data":"Footwork","floor":49,"key":"SMITH"}],"neow_cost":"NONE","seed_source_timestamp":50568946977420,"circlet_count":0,"master_deck":["Defend_G","Defend_G","Defend_G","Defend_G","Defend_G+1","Strike_G","Strike_G","Survivor","Neutralize+1","Blur","Malaise+1","Blind+1","Noxious Fumes+1","Burst+1","Venomology","Backflip+1","Leg Sweep+1","Burst+1","Escape Plan+1","Noxious Fumes","PiercingWail+1","Footwork+1","Madness","Madness"],"special_seed":0,"relics":["Ring of the Snake","Mercury Hourglass","Tiny House","Ice Cream","Bronze Scales","Orrery","Snake Skull","TheAbacus","Vajra","Dodecahedron"],"potions_floor_usage":[41,50,50],"damage_taken":[{"damage":6.0,"enemies":"Small Slimes","floor":1.0,"turns":5.0},{"damage":1.0,"enemies":"Cultist","floor":2.0,"turns":4.0},{"damage":0.0,"enemies":"2 Louse","floor":3.0,"turns":4.0},{"damage":0.0,"enemies":"Looter","floor":4.0,"turns":4.0},{"damage":0.0,"enemies":"Exordium Wildlife","floor":10.0,"turns":4.0},{"damage":0.0,"enemies":"Red Slaver","floor":14.0,"turns":5.0},{"damage":13.0,"enemies":"Slime Boss","floor":16.0,"turns":13.0},{"damage":0.0,"enemies":"Spheric Guardian","floor":18.0,"turns":7.0},{"damage":0.0,"enemies":"2 Thieves","floor":21.0,"turns":1.0},{"damage":0.0,"enemies":"Snake Plant","floor":22.0,"turns":8.0},{"damage":17.0,"enemies":"Cultist and Chosen","floor":27.0,"turns":8.0},{"damage":0.0,"enemies":"Chosen and Byrds","floor":31.0,"turns":7.0},{"damage":14.0,"enemies":"Collector","floor":33.0,"turns":15.0},{"damage":0.0,"enemies":"Orb Walker","floor":35.0,"turns":3.0},{"damage":7.0,"enemies":"3 Darklings","floor":38.0,"turns":6.0},{"damage":25.0,"enemies":"Reptomancer","floor":39.0,"turns":10.0},{"damage":11,"enemies":"4 Shapes","floor":41,"turns":5},{"damage":0,"enemies":"3 Darklings","floor":42,"turns":5},{"damage":0,"enemies":"Awakened One","floor":50,"turns":25}],"seed_played":"-1173741629887438859","potions_obtained":[{"floor":1.0,"key":"Poison Potion"},{"floor":14.0,"key":"Weak Potion"},{"floor":16.0,"key":"SmokeBomb"},{"floor":17.0,"key":"SteroidPotion"},{"floor":41,"key":"GhostInAJar"}],"is_trial":false,"path_per_floor":["M","M","M","M","?","R","$","R","T","M","$","?","?","M","R","B",null,"M","$","?","M","M","R","?","$","T","M","$","R","?","M","R","B",null,"M","?","?","M","M","R","M","M","T","R","$","?","R","T","R","B"],"character_chosen":"THE_SILENT","items_purchased":["Noxious Fumes","Ice Cream","Footwork","TheAbacus","Fire Potion","Vajra"],"campfire_rested":2,"item_purchase_floors":[7,19,45,45,45,45],"current_hp_per_floor":[64,63,63,63,63,63,63,63,63,63,63,63,63,63,63,50,70,70,70,70,70,70,70,70,70,70,53,53,53,53,53,53,39,70,70,70,70,63,53,53,42,42,42,63,63,54,70,70,70,70],"gold":119,"neow_bonus":"HUNDRED_GOLD","is_prod":false,"is_daily":false,"chose_seed":false,"campfire_upgraded":8,"win_rate":0,"timestamp":1539699777,"path_taken":["M","M","M","M","?","R","$","R","T","M","$","?","?","M","R","BOSS","M","$","?","M","M","R","?","?","T","M","$","R","?","M","R","BOSS","M","?","?","M","M","R","M","M","T","R","$","?","R","?","R","BOSS"],"build_version":"2018-10-11","purchased_purges":3,"victory":true,"max_hp_per_floor":[70,70,70,70,70,70,70,70,70,70,70,70,65,65,65,65,70,70,70,70,70,70,70,70,70,70,70,70,70,70,70,70,70,70,70,70,70,70,70,70,70,70,70,70,70,70,70,70,70,70],"card_choices":[{"not_picked":["Bane","Dagger Spray"],"picked":"Blur","floor":1.0},{"not_picked":["Underhanded Strike","Concentrate","Deflect"],"picked":"SKIP","floor":2.0},{"not_picked":["Dagger Spray","Sucker Punch","Storm of Steel"],"picked":"SKIP","floor":3.0},{"not_picked":["Flying Knee","Acrobatics","Prepared"],"picked":"SKIP","floor":4.0},{"not_picked":["Masterful Stab","Dodge and Roll","Dagger Throw"],"picked":"SKIP","floor":10.0},{"not_picked":["Escape Plan","Expertise"],"picked":"Burst","floor":14.0},{"not_picked":["Phantasmal Killer","Bullet Time"],"picked":"Venomology","floor":16.0},{"not_picked":["Finisher","Skewer"],"picked":"Backflip","floor":17.0},{"not_picked":["Dagger Throw","Flying Knee","Slice"],"picked":"SKIP","floor":18.0},{"not_picked":["Blade Dance+1","Slice+1","Accuracy+1"],"picked":"SKIP","floor":22.0},{"not_picked":["Reflex+1","Accuracy","Flying Knee+1"],"picked":"SKIP","floor":27.0},{"not_picked":["Slice","Underhanded Strike+1"],"picked":"Leg Sweep","floor":31.0},{"not_picked":["Phantasmal Killer","Envenom"],"picked":"Burst","floor":33.0},{"not_picked":["Acrobatics","Expertise"],"picked":"Escape Plan+1","floor":34.0},{"not_picked":["Deadly Poison","Endless Agony"],"picked":"Noxious Fumes","floor":34.0},{"not_picked":["Blade Dance","Reflex","Bouncing Flask"],"picked":"SKIP","floor":38.0},{"not_picked":["Outmaneuver","All Out Attack+1"],"picked":"PiercingWail+1","floor":39.0},{"not_picked":["Prepared","Dash","Noxious Fumes"],"picked":"SKIP","floor":41},{"not_picked":["Dagger Throw","Bane","Flechettes"],"picked":"SKIP","floor":42}],"player_experience":268928,"relics_obtained":[{"floor":9.0,"key":"Mercury Hourglass"},{"floor":26.0,"key":"Bronze Scales"},{"floor":43,"key":"Snake Skull"},{"floor":48,"key":"Dodecahedron"}],"event_choices":[{"event_name":"Match and Keep!","player_choice":"2 cards matched","floor":5.0,"damage_taken":0.0},{"event_name":"Golden Shrine","player_choice":"Pray","floor":12.0,"damage_taken":0.0},{"event_name":"Golden Idol","player_choice":"Lose Max HP","floor":13.0,"damage_taken":0.0},{"event_name":"Upgrade Shrine","player_choice":"Upgraded","floor":24.0,"damage_taken":0.0},{"event_name":"Cursed Tome","player_choice":"Ignored","floor":30.0,"damage_taken":0.0},{"event_name":"Tomb of Lord Red Mask","player_choice":"Ignored","floor":36.0,"damage_taken":0.0},{"event_name":"The Moai Head","player_choice":"Gave Idol","floor":37.0,"damage_taken":0.0},{"event_name":"Winding Halls","player_choice":"Embrace Madness","floor":46,"damage_taken":0}],"is_beta":false,"boss_relics":[{"not_picked":["Pandora\u0027s Box","Snecko Eye"],"picked":"Tiny House"},{"not_picked":["Philosopher\u0027s Stone","Empty Cage"],"picked":"Orrery"}],"items_purged_floors":[7,11,45],"is_endless":false,"potions_floor_spawned":[1,14,16,21,22,27,35,41],"ascension_level":0}