{"gold_per_floor":[112,112,32,32,55,55,95,95,142,157,157,40,40,40,40,133,133,147,147,33,33,33,33,51,94,148,187,206,220,220,245,245,335,335,349,349,274,274,607,640,640,668,695,695,709,709,743,789,789,789],"floor_reached":51,"playtime":2163,"items_purged":["Strike_G"],"score":1597,"play_id":"e5349c43-f89e-497d-b43d-fbf891773456","local_time":"20190315215855","is_ascension_mode":true,"campfire_choices":[{"data":"Blade Dance","floor":6.0,"key":"SMITH"},{"data":"Finisher","floor":11.0,"key":"SMITH"},{"data":"Cloak And Dagger","floor":13.0,"key":"SMITH"},{"data":"Terror","floor":15.0,"key":"SMITH"},{"data":"After Image","floor":23.0,"key":"SMITH"},{"data":"Calculated Gamble","floor":32.0,"key":"SMITH"},{"data":"Night Terror","floor":41.0,"key":"SMITH"},{"data":"Well Laid Plans","floor":44.0,"key":"SMITH"},{"floor":49.0,"key":"REST"}],"neow_cost":"PERCENT_DAMAGE","seed_source_timestamp":157392406708616,"circlet_count":0,"master_deck":["AscendersBane","Defend_G","Defend_G","Defend_G","Defend_G","Survivor","Blade Dance+1","Finisher+1","Backflip","Burst+1","Well Laid Plans+1","Cloak And Dagger+1","Terror+1","After Image+1","Footwork","RitualDagger+1","Calculated Gamble+1","Accuracy+1","Night Terror+1","Choke","Backstab+1","Leg Sweep+1"],"special_seed":0,"relics":["Ring of the Snake","Blood Vial","Juzu Bracelet","Empty Cage","Whetstone","Happy Flower","Unceasing Top","Philosopher\u0027s Stone","Frozen Egg 2","Paper Crane","Centennial Puzzle","Singing Bowl","Nunchaku"],"potions_floor_usage":[50,50],"damage_taken":[{"damage":0.0,"enemies":"2 Louse","floor":1.0,"turns":3.0},{"damage":1.0,"enemies":"Jaw Worm","floor":5.0,"turns":4.0},{"damage":35.0,"enemies":"3 Sentries","floor":7.0,"turns":9.0},{"damage":0.0,"enemies":"Cultist","floor":10.0,"turns":3.0},{"damage":0.0,"enemies":"Hexaghost","floor":16.0,"turns":9.0},{"damage":0.0,"enemies":"Spheric Guardian","floor":18.0,"turns":1.0},{"damage":8.0,"enemies":"2 Thieves","floor":24.0,"turns":4.0},{"damage":4.0,"enemies":"Gremlin Leader","floor":25.0,"turns":7.0},{"damage":1.0,"enemies":"Book of Stabbing","floor":27.0,"turns":9.0},{"damage":2.0,"enemies":"Centurion and Healer","floor":28.0,"turns":4.0},{"damage":0.0,"enemies":"3 Cultists","floor":29.0,"turns":5.0},{"damage":13.0,"enemies":"Sentry and Sphere","floor":31.0,"turns":9.0},{"damage":2.0,"enemies":"Collector","floor":33.0,"turns":4.0},{"damage":15.0,"enemies":"3 Darklings","floor":35.0,"turns":8.0},{"damage":4.0,"enemies":"Nemesis","floor":40.0,"turns":5.0},{"damage":10.0,"enemies":"Reptomancer","floor":42.0,"turns":8.0},{"damage":0.0,"enemies":"Orb Walker","floor":45.0,"turns":2.0},{"damage":3.0,"enemies":"Giant Head","floor":47.0,"turns":5.0},{"damage":13.0,"enemies":"2 Orb Walkers","floor":48.0,"turns":4.0},{"damage":34,"enemies":"Awakened One","floor":50,"turns":15}],"seed_played":"-8993585678436831114","potions_obtained":[{"floor":1.0,"key":"SpeedPotion"},{"floor":10.0,"key":"GhostInAJar"},{"floor":25.0,"key":"FearPotion"},{"floor":28.0,"key":"SteroidPotion"},{"floor":47.0,"key":"FearPotion"}],"is_trial":false,"path_per_floor":["M","?","$","?","M","R","E","?","T","M","R","$","R","?","R","B",null,"M","?","$","?","?","R","M","E","T","E","M","M","?","M","R","B",null,"M","?","$","?","?","E","R","E","T","R","M","?","E","?","R","B",null],"character_chosen":"THE_SILENT","items_purchased":["Finisher","Cloak And Dagger","Terror","Footwork","Choke"],"campfire_rested":1,"item_purchase_floors":[3,12,12,20,37],"current_hp_per_floor":[44,44,44,44,43,43,8,8,8,10,10,10,10,10,10,12,48,50,50,50,50,44,44,38,36,36,37,37,39,39,28,28,28,52,39,39,39,39,39,37,37,29,29,29,31,31,30,21,39,7],"gold":789,"neow_bonus":"REMOVE_TWO","is_prod":false,"is_daily":false,"chose_seed":false,"campfire_upgraded":8,"win_rate":0,"timestamp":1552654735,"path_taken":["M","?","$","?","M","R","E","?","T","M","R","$","R","?","R","BOSS","M","?","?","?","?","R","M","E","T","E","M","M","?","M","R","BOSS","M","?","$","?","?","E","R","E","T","R","M","?","E","?","R","BOSS"],"build_version":"2019-01-23","purchased_purges":1,"victory":true,"max_hp_per_floor":[66,66,66,60,60,60,60,60,60,60,60,60,60,60,60,60,60,60,60,60,60,60,60,60,60,60,60,60,60,60,60,60,60,60,60,60,60,60,60,60,60,60,60,60,60,60,60,62,62,62],"card_choices":[{"not_picked":["Setup","Skewer"],"picked":"Blade Dance","floor":1.0},{"not_picked":["Dodge and Roll","Sucker Punch"],"picked":"Backflip","floor":5.0},{"not_picked":["Backflip","Night Terror"],"picked":"Burst","floor":7.0},{"not_picked":["Dodge and Roll","Underhanded Strike"],"picked":"Well Laid Plans","floor":10.0},{"not_picked":["Tools of the Trade","Adrenaline"],"picked":"After Image","floor":16.0},{"not_picked":["Quick Slash","Prepared+1","Catalyst"],"picked":"SKIP","floor":18.0},{"not_picked":["Dodge and Roll","Finisher","Dagger Spray"],"picked":"SKIP","floor":24.0},{"not_picked":["Skewer","Bane+1","Quick Slash"],"picked":"SKIP","floor":25.0},{"not_picked":["Masterful Stab","Crippling Poison","Eviscerate"],"picked":"SKIP","floor":27.0},{"not_picked":["Masterful Stab","Crippling Poison","Eviscerate"],"picked":"SKIP","floor":27.0},{"not_picked":["Acrobatics","PiercingWail","Predator+1"],"picked":"SKIP","floor":28.0},{"not_picked":["Underhanded Strike","Heel Hook"],"picked":"Calculated Gamble","floor":29.0},{"not_picked":["Setup","Acrobatics"],"picked":"Accuracy","floor":31.0},{"not_picked":["Doppelganger","Malaise"],"picked":"Night Terror","floor":33.0},{"not_picked":["Outmaneuver","Dodge and Roll","Dagger Throw"],"picked":"SKIP","floor":35.0},{"not_picked":["Expertise","Prepared"],"picked":"Backstab+1","floor":40.0},{"not_picked":["Endless Agony","Deflect","Underhanded Strike"],"picked":"SKIP","floor":42.0},{"not_picked":["Underhanded Strike","Deflect+1","Slice+1"],"picked":"SKIP","floor":45.0},{"not_picked":["Sucker Punch","Deflect"],"picked":"Leg Sweep+1","floor":47.0},{"not_picked":["Bane","Die Die Die","Noxious Fumes+1"],"picked":"Singing Bowl","floor":48.0}],"player_experience":105330,"relics_obtained":[{"floor":7.0,"key":"Blood Vial"},{"floor":9.0,"key":"Juzu Bracelet"},{"floor":25.0,"key":"Whetstone"},{"floor":26.0,"key":"Happy Flower"},{"floor":27.0,"key":"Unceasing Top"},{"floor":40.0,"key":"Frozen Egg 2"},{"floor":42.0,"key":"Paper Crane"},{"floor":43.0,"key":"Centennial Puzzle"},{"floor":47.0,"key":"Singing Bowl"},{"floor":48.0,"key":"Nunchaku"}],"event_choices":[{"damage_healed":0.0,"max_hp_gain":0.0,"max_hp_loss":0.0,"gold_gain":0.0,"event_name":"The Cleric","player_choice":"Leave","floor":2.0,"gold_loss":0.0,"damage_taken":0.0},{"damage_healed":0.0,"max_hp_gain":0.0,"max_hp_loss":6.0,"gold_gain":0.0,"event_name":"Golden Idol","player_choice":"Lose Max HP","floor":4.0,"gold_loss":0.0,"damage_taken":0.0,"relics_obtained":["Golden Idol"]},{"damage_healed":0.0,"max_hp_gain":0.0,"max_hp_loss":0.0,"gold_gain":0.0,"event_name":"Upgrade Shrine","player_choice":"Upgraded","floor":8.0,"gold_loss":0.0,"damage_taken":0.0,"cards_upgraded":["Burst"]},{"damage_healed":0.0,"max_hp_gain":0.0,"max_hp_loss":0.0,"gold_gain":0.0,"event_name":"Shining Light","player_choice":"Ignored","floor":14.0,"gold_loss":0.0,"damage_taken":0.0},{"cards_removed":["Strike_G"],"damage_healed":0.0,"max_hp_gain":0.0,"max_hp_loss":0.0,"gold_gain":0.0,"event_name":"Wheel of Change","player_choice":"Card Removal","floor":19.0,"gold_loss":0.0,"damage_taken":0.0},{"damage_healed":0.0,"max_hp_gain":0.0,"max_hp_loss":0.0,"gold_gain":0.0,"event_name":"The Mausoleum","player_choice":"Ignored","floor":21.0,"gold_loss":0.0,"damage_taken":0.0},{"damage_healed":0.0,"max_hp_gain":0.0,"max_hp_loss":0.0,"gold_gain":0.0,"event_name":"Nest","player_choice":"Joined the Cult","floor":22.0,"gold_loss":0.0,"damage_taken":6.0,"cards_obtained":["RitualDagger"]},{"damage_healed":0.0,"max_hp_gain":0.0,"max_hp_loss":0.0,"gold_gain":0.0,"event_name":"Vampires","player_choice":"Ignored","floor":30.0,"gold_loss":0.0,"damage_taken":0.0},{"damage_healed":0.0,"max_hp_gain":0.0,"max_hp_loss":0.0,"gold_gain":0.0,"event_name":"Accursed Blacksmith","player_choice":"Forge","floor":36.0,"gold_loss":0.0,"damage_taken":0.0,"cards_upgraded":["Accuracy"]},{"damage_healed":0.0,"max_hp_gain":0.0,"max_hp_loss":0.0,"gold_gain":0.0,"event_name":"SensoryStone","player_choice":"Memory 1","floor":38.0,"gold_loss":0.0,"damage_taken":0.0},{"damage_healed":0.0,"max_hp_gain":0.0,"max_hp_loss":0.0,"gold_gain":333.0,"event_name":"The Moai Head","player_choice":"Gave Idol","floor":39.0,"relics_lost":["Golden Idol"],"gold_loss":0.0,"damage_taken":0.0},{"cards_removed":["Neutralize"],"damage_healed":0.0,"max_hp_gain":0.0,"max_hp_loss":0.0,"gold_gain":0.0,"event_name":"Falling","player_choice":"Removed Attack","floor":46.0,"gold_loss":0.0,"damage_taken":0.0},{"damage_healed":0.0,"max_hp_gain":0.0,"max_hp_loss":0.0,"gold_gain":0.0,"event_name":"Mysterious Sphere","player_choice":"Fight","floor":48.0,"gold_loss":0.0,"damage_taken":0.0}],"is_beta":false,"boss_relics":[{"not_picked":["HoveringKite","Busted Crown"],"picked":"Empty Cage"},{"not_picked":["Astrolabe","Velvet Choker"],"picked":"Philosopher\u0027s Stone"}],"items_purged_floors":[20],"is_endless":false,"potions_floor_spawned":[1,10,18,25,28,31,40,47],"ascension_level":16}