{"gold_per_floor":[14,33,45,45,57,71,71,88,135,135,67,86,86,141,141,243,243,258,275,32,32,47,47,57,417,443,443,459,478,393,403,403,507,507,525,537,549,94,94,94,94,94,94,94,104,122,0,14,14,14],"floor_reached":51,"playtime":1769,"items_purged":["Strike_G"],"score":720,"play_id":"6c8d61b9-7f1f-4ede-b8c7-3f50a290db8c","local_time":"20181020142757","is_ascension_mode":false,"campfire_choices":[{"data":"Footwork","floor":7.0,"key":"SMITH"},{"data":"Deadly Poison","floor":10.0,"key":"SMITH"},{"data":"Noxious Fumes","floor":13.0,"key":"SMITH"},{"data":"Neutralize","floor":15.0,"key":"SMITH"},{"data":"Well Laid Plans","floor":23.0,"key":"SMITH"},{"data":"Catalyst","floor":27.0,"key":"SMITH"},{"data":"Wraith Form v2","floor":32.0,"key":"SMITH"},{"data":"Strike_G","floor":40.0,"key":"PURGE"},{"data":"Eviscerate+1","floor":42.0,"key":"PURGE"},{"data":"Riddle With Holes+1","floor":44.0,"key":"PURGE"},{"data":"Catalyst","floor":49.0,"key":"SMITH"}],"neow_cost":"NO_GOLD","seed_source_timestamp":13695623487336,"circlet_count":0,"master_deck":["Defend_G+1","Defend_G+1","Defend_G+1","Survivor+1","Neutralize+1","Footwork+1","Dodge and Roll+1","Deadly Poison+1","Noxious Fumes+1","Adrenaline+1","Bullet Time+1","Deadly Poison+1","Escape Plan+1","Well Laid Plans+1","Catalyst+1","Acrobatics+1","Wraith Form v2+1","Tools of the Trade+1","Backflip+1","Cloak And Dagger+1","Leg Sweep+1","Impatience+1","Catalyst+1"],"special_seed":0,"relics":["Ring of the Snake","Orichalcum","Oddly Smooth Stone","Astrolabe","Paper Crane","Regal Pillow","Mercury Hourglass","Cursed Key","Peace Pipe","Mark of the Bloom","Red Mask"],"potions_floor_usage":[50],"damage_taken":[{"damage":0.0,"enemies":"2 Louse","floor":1.0,"turns":4.0},{"damage":0.0,"enemies":"Cultist","floor":2.0,"turns":5.0},{"damage":0.0,"enemies":"Small Slimes","floor":3.0,"turns":4.0},{"damage":0.0,"enemies":"3 Louse","floor":5.0,"turns":7.0},{"damage":0.0,"enemies":"Red Slaver","floor":6.0,"turns":6.0},{"damage":0.0,"enemies":"Large Slime","floor":8.0,"turns":8.0},{"damage":0.0,"enemies":"Looter","floor":12.0,"turns":3.0},{"damage":5.0,"enemies":"3 Sentries","floor":14.0,"turns":7.0},{"damage":14.0,"enemies":"Slime Boss","floor":16.0,"turns":12.0},{"damage":0.0,"enemies":"Shell Parasite","floor":18.0,"turns":5.0},{"damage":0.0,"enemies":"Chosen","floor":19.0,"turns":4.0},{"damage":0.0,"enemies":"Snecko","floor":22.0,"turns":4.0},{"damage":0.0,"enemies":"3 Cultists","floor":24.0,"turns":6.0},{"damage":0.0,"enemies":"Chosen and Byrds","floor":28.0,"turns":4.0},{"damage":0.0,"enemies":"Cultist and Chosen","floor":29.0,"turns":5.0},{"damage":10.0,"enemies":"Snake Plant","floor":31.0,"turns":2.0},{"damage":17.0,"enemies":"Automaton","floor":33.0,"turns":8.0},{"damage":1.0,"enemies":"3 Shapes","floor":35.0,"turns":4.0},{"damage":0.0,"enemies":"Orb Walker","floor":36.0,"turns":3.0},{"damage":16.0,"enemies":"Jaw Worm Horde","floor":37.0,"turns":5.0},{"damage":0.0,"enemies":"Maw","floor":45.0,"turns":6.0},{"damage":0.0,"enemies":"Sphere and 2 Shapes","floor":46.0,"turns":5.0},{"damage":0.0,"enemies":"Jaw Worm Horde","floor":48.0,"turns":4.0},{"damage":0,"enemies":"Donu and Deca","floor":50,"turns":6}],"seed_played":"8445390243604732020","potions_obtained":[{"floor":2.0,"key":"FearPotion"},{"floor":3.0,"key":"SteroidPotion"},{"floor":8.0,"key":"Regen Potion"},{"floor":19.0,"key":"Ancient Potion"},{"floor":45.0,"key":"Strength Potion"},{"floor":46.0,"key":"GhostInAJar"}],"is_trial":false,"path_per_floor":["M","M","M","$","M","M","R","M","T","R","$","M","R","?","R","B",null,"M","M","$","?","M","R","M","?","T","R","M","M","?","M","R","B",null,"M","M","M","$","?","R","?","R","T","R","M","M","?","M","R","B"],"character_chosen":"THE_SILENT","items_purchased":["Noxious Fumes","Paper Crane","Leg Sweep","Peace Pipe"],"campfire_rested":0,"item_purchase_floors":[11,20,38,38],"current_hp_per_floor":[70,70,70,70,70,70,70,70,70,70,70,70,70,65,65,51,70,70,70,70,70,70,70,70,35,35,35,35,35,35,34,34,17,70,69,69,53,53,53,53,53,53,53,53,53,53,53,53,53,53],"gold":14,"neow_bonus":"REMOVE_TWO","is_prod":false,"is_daily":false,"chose_seed":false,"campfire_upgraded":8,"win_rate":0,"timestamp":1540016877,"path_taken":["M","M","M","$","M","M","R","M","T","R","$","M","R","?","R","BOSS","M","M","$","?","M","R","M","?","T","R","?","M","?","?","R","BOSS","M","M","M","$","?","R","?","R","T","R","M","?","?","M","R","BOSS"],"build_version":"2018-10-18","purchased_purges":1,"victory":true,"max_hp_per_floor":[70,70,70,70,70,70,70,70,70,70,70,70,70,70,70,70,70,70,70,70,70,70,70,70,70,70,70,70,70,70,70,70,70,70,70,70,70,70,70,70,70,70,70,70,70,70,70,70,70,70],"card_choices":[{"not_picked":["Deadly Poison","Bouncing Flask"],"picked":"Footwork","floor":1.0},{"not_picked":["Bane","Terror","Outmaneuver"],"picked":"SKIP","floor":2.0},{"not_picked":["Dash","Flying Knee","Quick Slash"],"picked":"SKIP","floor":3.0},{"not_picked":["Underhanded Strike","Deflect"],"picked":"Dodge and Roll","floor":5.0},{"not_picked":["Flying Knee","Dodge and Roll","Choke"],"picked":"SKIP","floor":6.0},{"not_picked":["Predator","Prepared"],"picked":"Deadly Poison","floor":8.0},{"not_picked":["Dagger Throw","Blade Dance","Expertise"],"picked":"SKIP","floor":12.0},{"not_picked":["A Thousand Cuts","Doppelganger"],"picked":"Adrenaline","floor":16.0},{"not_picked":["Slice","Finisher"],"picked":"Deadly Poison+1","floor":18.0},{"not_picked":["Cloak And Dagger","Deflect+1"],"picked":"Escape Plan","floor":19.0},{"not_picked":["Sucker Punch","Dagger Spray"],"picked":"Well Laid Plans","floor":22.0},{"not_picked":["Masterful Stab","PiercingWail"],"picked":"Catalyst","floor":24.0},{"not_picked":["Acrobatics+1","Deadly Poison","Blade Dance"],"picked":"SKIP","floor":28.0},{"not_picked":["Deadly Poison","Blade Dance"],"picked":"Acrobatics+1","floor":28.0},{"not_picked":["All Out Attack","Prepared","Dagger Throw"],"picked":"SKIP","floor":29.0},{"not_picked":["Slice","Dodge and Roll"],"picked":"Wraith Form v2","floor":31.0},{"not_picked":["Unload","A Thousand Cuts"],"picked":"Tools of the Trade","floor":33.0},{"not_picked":["Finisher+1","Bane","Slice+1"],"picked":"SKIP","floor":35.0},{"not_picked":["Dagger Spray","Flying Knee+1"],"picked":"Backflip+1","floor":36.0},{"not_picked":["Dodge and Roll","Bane+1"],"picked":"Cloak And Dagger+1","floor":37.0},{"not_picked":["Trip","PanicButton"],"picked":"Impatience","floor":39.0},{"not_picked":["Deflect","Dodge and Roll+1","Sucker Punch"],"picked":"SKIP","floor":45.0},{"not_picked":["Unload","Skewer"],"picked":"Catalyst","floor":46.0},{"not_picked":["Flying Knee","Poisoned Stab","Expertise"],"picked":"SKIP","floor":48.0}],"player_experience":399642,"relics_obtained":[{"floor":9.0,"key":"Orichalcum"},{"floor":14.0,"key":"Oddly Smooth Stone"},{"floor":26.0,"key":"Regal Pillow"}],"event_choices":[{"damage_healed":0.0,"max_hp_gain":0.0,"max_hp_loss":0.0,"gold_gain":0.0,"event_name":"Dead Adventurer","player_choice":"Searched \u00272\u0027 times","floor":14.0,"gold_loss":0.0,"damage_taken":0.0},{"damage_healed":0.0,"max_hp_gain":0.0,"max_hp_loss":0.0,"gold_gain":0.0,"event_name":"N\u0027loth","player_choice":"Ignored","floor":21.0,"gold_loss":0.0,"damage_taken":0.0},{"damage_healed":0.0,"max_hp_gain":0.0,"max_hp_loss":0.0,"gold_gain":360.0,"event_name":"Knowing Skull","player_choice":"GOLD GOLD GOLD GOLD ","floor":25.0,"potions_obtained":[],"gold_loss":0.0,"damage_taken":35.0,"cards_obtained":[]},{"damage_healed":0.0,"max_hp_gain":0.0,"max_hp_loss":0.0,"gold_gain":0.0,"event_name":"Addict","player_choice":"Obtained Relic","floor":30.0,"gold_loss":85.0,"damage_taken":0.0,"relics_obtained":["Mercury Hourglass"]},{"damage_healed":0.0,"max_hp_gain":0.0,"max_hp_loss":0.0,"gold_gain":0.0,"event_name":"SensoryStone","player_choice":"Memory 1","floor":39.0,"gold_loss":0.0,"damage_taken":0.0},{"damage_healed":0.0,"max_hp_gain":0.0,"max_hp_loss":0.0,"gold_gain":0.0,"event_name":"MindBloom","player_choice":"Upgrade","floor":41.0,"gold_loss":0.0,"damage_taken":0.0,"cards_upgraded":["Defend_G","Defend_G","Defend_G","Survivor","Dodge and Roll","Adrenaline","Escape Plan","Tools of the Trade","Leg Sweep","Impatience"],"relics_obtained":["Mark of the Bloom"]},{"damage_healed":0.0,"max_hp_gain":0.0,"max_hp_loss":0.0,"gold_gain":0.0,"event_name":"Tomb of Lord Red Mask","player_choice":"Paid","floor":47.0,"gold_loss":122.0,"damage_taken":0.0,"relics_obtained":["Red Mask"]}],"is_beta":false,"boss_relics":[{"not_picked":["Fusion Hammer","Eternal Feather"],"picked":"Astrolabe"},{"not_picked":["Orrery","Pandora\u0027s Box"],"picked":"Cursed Key"}],"items_purged_floors":[38],"is_endless":false,"potions_floor_spawned":[2,3,8,14,19,22,29,45,46],"ascension_level":0}