{"gold_per_floor":[114,39,54,69,84,84,159,59,84,130,130,180,180,195,195,295,295,310,325,9,24,39,39,54,69,69,84,34,49,49],"floor_reached":30,"playtime":2857,"items_purged":["Defend_R","Defend_R","Writhe"],"score":251,"play_id":"a234d9a6-46b8-4a56-82f9-f1a59dda5c9e","local_time":"20190805141202","daily_mods":["Specialized","Green Cards","Lethality"],"is_ascension_mode":false,"campfire_choices":[{"data":"Shrug It Off","floor":6,"key":"SMITH"},{"data":"1","floor":11,"key":"LIFT"},{"floor":15,"key":"REST"},{"data":"Barricade","floor":23,"key":"SMITH"}],"neow_cost":"","seed_source_timestamp":0,"circlet_count":0,"master_deck":["Strike_R","Strike_R","Strike_R","Strike_R","Strike_R","Defend_R+1","Bash","Metallicize","Metallicize","Metallicize","Metallicize","Metallicize","Shrug It Off+1","Acrobatics","Backflip+1","Backstab","Barricade+1","Injury","Clumsy","Headbutt","Ghostly Armor","Noxious Fumes+1","Deflect+1","Body Slam","Power Through","Body Slam","Deflect+1"],"special_seed":18113,"relics":["Burning Blood","Red Skull","Girya","War Paint","Calling Bell","Bag of Marbles","Frozen Egg 2","Peace Pipe","Strawberry","Thread and Needle"],"potions_floor_usage":[10,10,25,30],"damage_taken":[{"damage":1,"enemies":"Small Slimes","floor":1,"turns":5},{"damage":5,"enemies":"2 Louse","floor":3,"turns":5},{"damage":2,"enemies":"Jaw Worm","floor":4,"turns":4},{"damage":16,"enemies":"2 Fungi Beasts","floor":5,"turns":7},{"damage":6,"enemies":"Lagavulin Event","floor":10,"turns":7},{"damage":40,"enemies":"Gremlin Gang","floor":14,"turns":6},{"damage":30,"enemies":"The Guardian","floor":16,"turns":12},{"damage":13,"enemies":"Shell Parasite","floor":18,"turns":7},{"damage":22,"enemies":"Spheric Guardian","floor":19,"turns":8},{"damage":14,"enemies":"Snecko","floor":21,"turns":9},{"damage":15,"enemies":"Centurion and Healer","floor":22,"turns":8},{"damage":19,"enemies":"Sentry and Sphere","floor":24,"turns":10},{"damage":22,"enemies":"Shelled Parasite and Fungi","floor":25,"turns":7},{"damage":6,"enemies":"Snecko","floor":27,"turns":7},{"damage":9,"enemies":"Sentry and Sphere","floor":29,"turns":7},{"damage":15,"enemies":"Snake Plant","floor":30,"turns":1}],"seed_played":"4943417397018078465","potions_obtained":[{"floor":1,"key":"SkillPotion"},{"floor":4,"key":"Weak Potion"},{"floor":16,"key":"Poison Potion"},{"floor":19,"key":"Strength Potion"},{"floor":22,"key":"EssenceOfSteel"},{"floor":24,"key":"GamblersBrew"}],"is_trial":false,"path_per_floor":["M","$","M","M","M","R","?","$","T","?","R","T","?","M","R","B",null,"M","M","$","M","M","R","M","M","T","M","$","M","M"],"character_chosen":"IRONCLAD","items_purchased":["Strawberry","Noxious Fumes+1","Body Slam"],"campfire_rested":1,"item_purchase_floors":[20,20,28],"current_hp_per_floor":[80,80,80,80,70,70,59,59,59,59,59,59,59,25,49,25,80,73,57,64,56,47,47,34,18,18,18,18,15,0],"gold":49,"neow_bonus":"","is_prod":false,"is_daily":true,"chose_seed":false,"campfire_upgraded":2,"win_rate":0,"timestamp":1565007122,"path_taken":["M","$","M","M","M","R","?","$","T","?","R","?","?","M","R","BOSS","M","M","$","M","M","R","M","?","T","M","?","M","M"],"build_version":"2019-07-17","purchased_purges":3,"victory":false,"max_hp_per_floor":[80,80,80,80,80,80,80,80,80,80,80,80,80,80,80,80,80,80,80,87,87,87,87,87,87,87,87,87,87,87],"card_choices":[{"not_picked":["Masterful Stab","Outmaneuver"],"picked":"Shrug It Off","floor":1},{"not_picked":["Dodge and Roll","Carnage","True Grit"],"picked":"SKIP","floor":3},{"not_picked":["Predator","Anger"],"picked":"Acrobatics","floor":4},{"not_picked":["Clash","Clothesline","Dropkick"],"picked":"SKIP","floor":5},{"not_picked":["Expertise","Well Laid Plans"],"picked":"Backflip","floor":10},{"not_picked":["Cloak And Dagger","PiercingWail"],"picked":"Backstab","floor":14},{"not_picked":["Night Terror","Brutality"],"picked":"Barricade","floor":16},{"not_picked":["Perfected Strike","Uppercut"],"picked":"Headbutt","floor":18},{"not_picked":["Dagger Throw+1","Inflame+1"],"picked":"Ghostly Armor","floor":19},{"not_picked":["Dagger Spray","Clash"],"picked":"Deflect+1","floor":21},{"not_picked":["Dagger Throw","Clothesline+1"],"picked":"Body Slam","floor":22},{"not_picked":["Infinite Blades+1","Quick Slash+1"],"picked":"Power Through","floor":24},{"not_picked":["Infinite Blades+1","Hemokinesis+1","Rage"],"picked":"SKIP","floor":25},{"not_picked":["Twin Strike","Armaments","Skewer"],"picked":"SKIP","floor":27},{"not_picked":["Anger","Reckless Charge"],"picked":"Deflect+1","floor":29}],"player_experience":146440,"relics_obtained":[{"floor":9,"key":"Red Skull"},{"floor":12,"key":"War Paint"},{"floor":17,"key":"Bag of Marbles"},{"floor":17,"key":"Frozen Egg 2"},{"floor":17,"key":"Peace Pipe"},{"floor":26,"key":"Thread and Needle"}],"event_choices":[{"damage_healed":0,"gold_gain":75,"player_choice":"Gather Gold","damage_taken":11,"max_hp_gain":0,"max_hp_loss":0,"event_name":"World of Goop","floor":7,"gold_loss":0},{"damage_healed":0,"gold_gain":0,"player_choice":"Searched \u00272\u0027 times","damage_taken":0,"relics_obtained":["Girya"],"max_hp_gain":0,"max_hp_loss":0,"event_name":"Dead Adventurer","floor":10,"gold_loss":0},{"cards_removed":["Defend_R"],"damage_healed":0,"gold_gain":0,"player_choice":"Offered Basic","damage_taken":0,"max_hp_gain":0,"max_hp_loss":0,"event_name":"Bonfire Elementals","floor":13,"gold_loss":0}],"is_beta":false,"boss_relics":[{"not_picked":["Runic Cube","Black Blood"],"picked":"Calling Bell"}],"items_purged_floors":[2,8,20],"is_endless":false,"potions_floor_spawned":[1,4,16,19,22,24],"killed_by":"Snake Plant","ascension_level":0}