{"gold_per_floor":[144,195,195,23,23,122,164,239,239,332,365,365],"floor_reached":12,"playtime":413,"items_purged":["Strike_G"],"score":346,"play_id":"66b444a4-0024-4931-90f8-cc169cd7be20","local_time":"20190130190956","daily_mods":["DeadlyEvents","Binary","Cursed Run","Elite Swarm","Lethality","Midas","Night Terrors","Terminal","Uncertain Future","Binary"],"is_ascension_mode":true,"campfire_choices":[],"neow_cost":"","seed_source_timestamp":0,"circlet_count":0,"master_deck":["AscendersBane","Defend_G","Defend_G","Defend_G","Defend_G","Defend_G","Strike_G","Strike_G","Strike_G","Survivor","Neutralize","A Thousand Cuts","Noxious Fumes"],"special_seed":0,"relics":["Cursed Key","Darkstone Periapt","Du-Vu Doll","Busted Crown","Ornamental Fan","Bag of Preparation","The Specimen"],"potions_floor_usage":[10],"damage_taken":[{"damage":0.0,"enemies":"Small Slimes","floor":1.0,"turns":2.0},{"damage":0.0,"enemies":"Jaw Worm","floor":2.0,"turns":3.0},{"damage":0.0,"enemies":"Lagavulin","floor":6.0,"turns":8.0},{"damage":0.0,"enemies":"2 Louse","floor":7.0,"turns":3.0},{"damage":0.0,"enemies":"3 Sentries","floor":8.0,"turns":7.0},{"damage":0,"enemies":"Lagavulin","floor":10,"turns":6},{"damage":0,"enemies":"Red Slaver","floor":11,"turns":3},{"damage":7,"enemies":"Large Slime","floor":12,"turns":2}],"seed_played":"7651636280636184607","potions_obtained":[{"floor":1.0,"key":"EssenceOfSteel"},{"floor":7.0,"key":"EntropicBrew"},{"floor":8.0,"key":"AttackPotion"}],"is_trial":true,"path_per_floor":["M","M","?","$","?","E","M","E","T","E","M","M"],"character_chosen":"THE_SILENT","items_purchased":["Noxious Fumes","SkillPotion"],"campfire_rested":0,"item_purchase_floors":[4,4],"current_hp_per_floor":[1,1,1,1,1,1,1,1,1,1,1,0],"gold":365,"neow_bonus":"","is_prod":false,"is_daily":false,"chose_seed":false,"campfire_upgraded":0,"win_rate":0,"timestamp":1548846596,"path_taken":["M","M","?","$","?","E","M","E","T","E","M","?"],"build_version":"2019-01-23","purchased_purges":1,"victory":false,"max_hp_per_floor":[1,1,1,1,1,1,1,1,1,1,1,1],"card_choices":[],"player_experience":2414009,"relics_obtained":[{"floor":6.0,"key":"Ornamental Fan"},{"floor":8.0,"key":"Bag of Preparation"},{"floor":10,"key":"The Specimen"}],"event_choices":[{"damage_healed":0.0,"max_hp_gain":0.0,"max_hp_loss":0.0,"gold_gain":0.0,"cards_transformed":["Strike_G"],"event_name":"Living Wall","player_choice":"Change","floor":3.0,"gold_loss":0.0,"damage_taken":0.0,"cards_obtained":["A Thousand Cuts"]},{"damage_healed":0.0,"max_hp_gain":0.0,"max_hp_loss":0.0,"gold_gain":0.0,"event_name":"The Cleric","player_choice":"Leave","floor":5.0,"gold_loss":0.0,"damage_taken":0.0}],"is_beta":false,"boss_relics":[],"items_purged_floors":[4],"is_endless":false,"potions_floor_spawned":[1,7,8],"killed_by":"Large Slime","ascension_level":20}