{"gold_per_floor":[114,0,0,11,11,26,26,54,54,54,70,100,110,60,60,160,160,174,92,112,33,132,132,147,147,147,147,164,196,98,114,114,210,210,220,120,140,160,160,160,160,160,160,160,160,190,208,222,222,222],"floor_reached":51,"playtime":2603,"items_purged":["Strike_G","Defend_G"],"score":905,"play_id":"0f4a68af-2914-4d11-a510-23a964441f08","local_time":"20181018160552","is_ascension_mode":false,"campfire_choices":[{"data":"Catalyst","floor":7,"key":"SMITH"},{"data":"Noxious Fumes","floor":10,"key":"SMITH"},{"data":"Well Laid Plans","floor":15,"key":"SMITH"},{"data":"Well Laid Plans","floor":23,"key":"SMITH"},{"data":"Corpse Explosion","floor":25,"key":"SMITH"},{"data":"Neutralize","floor":27,"key":"SMITH"},{"data":"Survivor","floor":32,"key":"SMITH"},{"data":"Reflex","floor":40,"key":"SMITH"},{"data":"Flash of Steel","floor":44,"key":"SMITH"},{"data":"Well Laid Plans","floor":45,"key":"SMITH"},{"floor":49,"key":"REST"}],"neow_cost":"TEN_PERCENT_HP_LOSS","seed_source_timestamp":24832763967986,"circlet_count":0,"master_deck":["Defend_G","Defend_G","Defend_G","Strike_G","Strike_G","Survivor+1","Neutralize+1","Noxious Fumes+1","Well Laid Plans+1","Catalyst+1","Corpse Explosion+1","Well Laid Plans+1","Well Laid Plans+1","Flash of Steel+1","Reflex+1","Calculated Gamble+1"],"relics":["Ring of the Snake","Singing Bowl","Dodecahedron","Tough Bandages","Cursed Key","Torii","Orrery","WingedGreaves","Strawberry"],"potions_floor_usage":[24,24,46,50,50],"damage_taken":[{"damage":0,"enemies":"Small Slimes","floor":1,"turns":3},{"damage":0,"enemies":"2 Louse","floor":4,"turns":3},{"damage":0,"enemies":"Cultist","floor":6,"turns":6},{"damage":13,"enemies":"3 Sentries","floor":8,"turns":9},{"damage":0,"enemies":"2 Fungi Beasts","floor":11,"turns":3},{"damage":0,"enemies":"Lagavulin","floor":12,"turns":7},{"damage":5,"enemies":"3 Louse","floor":13,"turns":3},{"damage":16,"enemies":"The Guardian","floor":16,"turns":11},{"damage":0,"enemies":"Shell Parasite","floor":18,"turns":4},{"damage":0,"enemies":"Chosen","floor":20,"turns":4},{"damage":0,"enemies":"Shelled Parasite and Fungi","floor":24,"turns":3},{"damage":11,"enemies":"Snake Plant","floor":28,"turns":4},{"damage":15,"enemies":"Gremlin Leader","floor":29,"turns":6},{"damage":9,"enemies":"Centurion and Healer","floor":31,"turns":4},{"damage":26,"enemies":"Automaton","floor":33,"turns":12},{"damage":0,"enemies":"3 Shapes","floor":35,"turns":5},{"damage":8,"enemies":"3 Darklings","floor":37,"turns":3},{"damage":0,"enemies":"Spire Growth","floor":38,"turns":5},{"damage":0,"enemies":"Mind Bloom Boss Battle","floor":39,"turns":6},{"damage":0,"enemies":"Nemesis","floor":46,"turns":5},{"damage":0,"enemies":"Sphere and 2 Shapes","floor":47,"turns":4},{"damage":19,"enemies":"3 Darklings","floor":48,"turns":2},{"damage":0,"enemies":"Awakened One","floor":50,"turns":11}],"seed_played":"-4040818449649706030","potions_obtained":[{"floor":4,"key":"Swift Potion"},{"floor":6,"key":"LiquidBronze"},{"floor":11,"key":"FearPotion"},{"floor":12,"key":"PowerPotion"},{"floor":28,"key":"PowerPotion"},{"floor":33,"key":"Weak Potion"},{"floor":38,"key":"GamblersBrew"},{"floor":48,"key":"Ancient Potion"}],"is_trial":false,"path_per_floor":["M","$","?","M","?","M","R","E","T","R","M","E","M","?","R","B",null,"M","$","M","$","?","R","M","R","T","R","M","E","$","M","R","B",null,"M","$","M","M","?","R","?","?","T","R","R","E","M","M","R","B"],"character_chosen":"THE_SILENT","items_purchased":["Noxious Fumes","Well Laid Plans","Well Laid Plans","Flash of Steel"],"campfire_rested":1,"item_purchase_floors":[2,19,21,30],"current_hp_per_floor":[63,63,68,68,68,68,68,57,57,57,59,61,58,58,58,42,76,78,78,80,80,80,80,82,82,82,82,73,60,60,53,53,29,96,98,98,92,94,96,96,96,96,96,96,96,105,107,90,112,112],"gold":222,"neow_bonus":"REMOVE_TWO","is_prod":false,"is_daily":false,"chose_seed":false,"campfire_upgraded":10,"win_rate":0,"timestamp":1539849952,"path_taken":["M","$","?","M","?","?","R","E","T","R","M","E","M","?","R","BOSS","M","?","M","$","?","R","M","R","T","R","M","E","$","M","R","BOSS","M","$","M","M","?","R","?","?","T","R","R","E","M","M","R","BOSS"],"build_version":"2018-10-11","purchased_purges":2,"victory":true,"max_hp_per_floor":[63,63,68,68,68,68,68,70,70,70,72,74,76,76,76,76,76,78,78,80,80,80,80,82,82,82,82,84,86,86,88,88,90,96,98,98,100,102,104,104,104,99,99,99,99,108,110,112,112,112],"card_choices":[{"not_picked":["Slice","Cloak And Dagger","Bane"],"picked":"SKIP","floor":1},{"not_picked":["Choke","Quick Slash"],"picked":"Well Laid Plans","floor":4},{"not_picked":["Acrobatics","Predator"],"picked":"Catalyst","floor":6},{"not_picked":["Dash","Heel Hook","Crippling Poison"],"picked":"Singing Bowl","floor":8},{"not_picked":["Backflip","Finisher","After Image"],"picked":"Singing Bowl","floor":11},{"not_picked":["Dagger Throw","Acrobatics","Prepared"],"picked":"Singing Bowl","floor":12},{"not_picked":["Cloak And Dagger","Blade Dance","Underhanded Strike"],"picked":"Singing Bowl","floor":13},{"not_picked":["Phantasmal Killer","Bullet Time"],"picked":"Corpse Explosion","floor":16},{"not_picked":["Underhanded Strike","Dagger Spray","Acrobatics"],"picked":"Singing Bowl","floor":18},{"not_picked":["Outmaneuver","Prepared","After Image"],"picked":"Singing Bowl","floor":20},{"not_picked":["Deflect+1","Bouncing Flask","Outmaneuver"],"picked":"Singing Bowl","floor":24},{"not_picked":["Quick Slash","Choke","Concentrate"],"picked":"Singing Bowl","floor":28},{"not_picked":["Bane+1","Deadly Poison","Cloak And Dagger"],"picked":"Singing Bowl","floor":29},{"not_picked":["Dash+1","Well Laid Plans","Bane"],"picked":"Singing Bowl","floor":31},{"not_picked":["After Image","Glass Knife","Burst"],"picked":"Singing Bowl","floor":33},{"not_picked":["Well Laid Plans","Slice"],"picked":"Reflex","floor":34},{"not_picked":["Predator","Masterful Stab"],"picked":"Calculated Gamble+1","floor":34},{"not_picked":["Acrobatics","Sucker Punch","Dagger Spray+1"],"picked":"Singing Bowl","floor":34},{"not_picked":["Terror+1","Dodge and Roll","Eviscerate"],"picked":"Singing Bowl","floor":34},{"not_picked":["Deflect+1","Deadly Poison+1","Dagger Spray"],"picked":"Singing Bowl","floor":34},{"not_picked":["Deadly Poison","Poisoned Stab+1","Distraction+1"],"picked":"Singing Bowl","floor":35},{"not_picked":["Dodge and Roll","Bouncing Flask","Endless Agony"],"picked":"Singing Bowl","floor":37},{"not_picked":["Dodge and Roll+1","Footwork+1","Prepared+1"],"picked":"Singing Bowl","floor":38},{"not_picked":["Blur+1","Dagger Throw","Glass Knife"],"picked":"Singing Bowl","floor":39},{"not_picked":["Riddle With Holes","Footwork+1","Reflex+1"],"picked":"Singing Bowl","floor":46},{"not_picked":["Endless Agony","Bouncing Flask","Bane+1"],"picked":"Singing Bowl","floor":47},{"not_picked":["Blade Dance+1","Backflip+1","Bane+1"],"picked":"Singing Bowl","floor":48}],"player_experience":334170,"relics_obtained":[{"floor":8,"key":"Singing Bowl"},{"floor":9,"key":"Dodecahedron"},{"floor":12,"key":"Tough Bandages"},{"floor":29,"key":"Torii"},{"floor":39,"key":"WingedGreaves"},{"floor":46,"key":"Strawberry"}],"event_choices":[{"event_name":"Big Fish","player_choice":"Donut","floor":3,"damage_taken":0},{"event_name":"Liars Game","player_choice":"disagreed","floor":5,"damage_taken":0},{"event_name":"The Cleric","player_choice":"Card Removal","floor":14,"damage_taken":0},{"event_name":"Nest","player_choice":"Stole From Cult","floor":22,"damage_taken":0},{"event_name":"MindBloom","player_choice":"Fight","floor":39,"damage_taken":0},{"event_name":"Mysterious Sphere","player_choice":"Ignore","floor":41,"damage_taken":0},{"event_name":"Winding Halls","player_choice":"Max HP","floor":42,"damage_taken":0}],"is_beta":false,"boss_relics":[{"not_picked":["Calling Bell","Sozu"],"picked":"Cursed Key"},{"not_picked":["HoveringKite","Pandora\u0027s Box"],"picked":"Orrery"}],"items_purged_floors":[2,36],"is_endless":false,"potions_floor_spawned":[4,6,11,12,20,28,33,37,38,48],"ascension_level":0}