{"gold_per_floor":[109,29,29,47,66,66,85,10,10,28,28,55,55,83,83,83],"floor_reached":16,"playtime":346,"items_purged":["Strike_B"],"score":220,"play_id":"5f764b8d-2b1a-46c7-8efa-b4acaa45cced","local_time":"20190121210431","is_ascension_mode":true,"campfire_choices":[{"data":"Fission","floor":6,"key":"SMITH"},{"data":"Beam Cell","floor":11,"key":"SMITH"},{"data":"Zap","floor":13,"key":"SMITH"},{"data":"Dualcast","floor":15,"key":"SMITH"}],"neow_cost":"PERCENT_DAMAGE","seed_source_timestamp":36743105001348,"circlet_count":0,"master_deck":["AscendersBane","Strike_B","Strike_B","Strike_B","Defend_B","Defend_B","Defend_B","Defend_B","Zap+1","Dualcast+1","Fission+1","Gash","All For One","Self Repair","Ball Lightning","Beam Cell+1","FTL"],"special_seed":0,"relics":["Cracked Core","Singing Bowl","Du-Vu Doll","Ancient Tea Set"],"potions_floor_usage":[7,12,12,16],"damage_taken":[{"damage":2.0,"enemies":"Jaw Worm","floor":1.0,"turns":3.0},{"damage":2,"enemies":"Cultist","floor":4,"turns":4},{"damage":2,"enemies":"2 Louse","floor":5,"turns":3},{"damage":0,"enemies":"Large Slime","floor":7,"turns":2},{"damage":6,"enemies":"Exordium Thugs","floor":10,"turns":3},{"damage":8,"enemies":"Gremlin Nob","floor":12,"turns":3},{"damage":25,"enemies":"Lagavulin","floor":14,"turns":5},{"damage":41,"enemies":"The Guardian","floor":16,"turns":5}],"seed_played":"-4772725099965929444","potions_obtained":[{"floor":3,"key":"Strength Potion"},{"floor":3,"key":"EssenceOfSteel"},{"floor":5,"key":"Fire Potion"},{"floor":10,"key":"AttackPotion"},{"floor":12,"key":"Energy Potion"}],"is_trial":false,"path_per_floor":["M","$","?","M","M","R","M","$","T","M","R","E","R","E","R","B"],"character_chosen":"DEFECT","items_purchased":["All For One"],"campfire_rested":0,"item_purchase_floors":[2],"current_hp_per_floor":[44,44,44,42,47,47,54,54,54,57,57,58,58,40,40,0],"gold":83,"neow_bonus":"THREE_RARE_CARDS","is_prod":false,"is_daily":false,"chose_seed":false,"campfire_upgraded":4,"win_rate":0,"timestamp":1548075871,"path_taken":["M","$","?","?","M","R","?","$","T","M","R","E","R","E","R","BOSS"],"build_version":"2019-01-17v2","purchased_purges":1,"victory":false,"max_hp_per_floor":[71,71,71,71,71,71,71,71,71,73,73,75,75,75,75,75],"card_choices":[{"not_picked":["Buffer","Machine Learning"],"picked":"Fission","floor":0.0},{"not_picked":["Blizzard","Coolheaded"],"picked":"Gash","floor":1},{"not_picked":["Blizzard","Turbo"],"picked":"Self Repair","floor":4},{"not_picked":["Hello World","Steam"],"picked":"Ball Lightning","floor":5},{"not_picked":["Static Discharge","Turbo"],"picked":"Beam Cell","floor":7},{"not_picked":["Conserve Battery","Compile Driver","Turbo"],"picked":"Singing Bowl","floor":10},{"not_picked":["Stack","Creative AI","Beam Cell"],"picked":"Singing Bowl","floor":12},{"not_picked":["Rebound","Compile Driver"],"picked":"FTL","floor":14}],"player_experience":2114505,"relics_obtained":[{"floor":9,"key":"Singing Bowl"},{"floor":12,"key":"Du-Vu Doll"},{"floor":14,"key":"Ancient Tea Set"}],"event_choices":[{"damage_healed":0,"gold_gain":0,"player_choice":"Got Potions","damage_taken":0,"max_hp_gain":0,"max_hp_loss":0,"event_name":"Lab","floor":3,"gold_loss":0}],"is_beta":false,"boss_relics":[],"items_purged_floors":[8],"is_endless":false,"potions_floor_spawned":[5,10,12],"killed_by":"The Guardian","ascension_level":20}