{"gold_per_floor":[111,128,128,228,243,243,568,568,568,584,618,638,656,670,670,744,744,760,760,760,440,454,454,472,472,472,472,472,472,487,506,506,577,577,593,593,593,116,126,153,172,172,172,201,213,242,254,280,292,304,316,328,340,88,115,115],"floor_reached":57,"playtime":3609,"items_purged":["Strike_B","Defend_B","Strike_B"],"score":2573,"play_id":"e76abf83-3ff0-4211-a677-4b4284b450ed","local_time":"20190316130504","is_ascension_mode":true,"campfire_choices":[{"data":"Zap","floor":6.0,"key":"SMITH"},{"data":"White Noise","floor":8.0,"key":"SMITH"},{"data":"Sunder","floor":15.0,"key":"SMITH"},{"data":"Dualcast","floor":23.0,"key":"SMITH"},{"data":"Ghostly","floor":25.0,"key":"SMITH"},{"data":"Ghostly","floor":27.0,"key":"SMITH"},{"data":"Ghostly","floor":29.0,"key":"SMITH"},{"data":"Reinforced Body","floor":32.0,"key":"SMITH"},{"data":"Recycle","floor":42.0,"key":"SMITH"},{"floor":47.0,"key":"RECALL"},{"data":"Fission","floor":49.0,"key":"SMITH"},{"data":"White Noise","floor":53.0,"key":"SMITH"}],"neow_cost":"NONE","seed_source_timestamp":1641301663264,"circlet_count":0,"master_deck":["AscendersBane","Defend_B","Defend_B","Defend_B","Zap+1","Dualcast+1","Machine Learning","Double Energy","White Noise+1","Self Repair+1","Heatsinks+1","BootSequence","Sunder+1","Undo","Chill","Self Repair+1","Creative AI+1","Static Discharge+1","Ghostly+1","Ghostly+1","Ghostly+1","Chill","Reinforced Body+1","Core Surge","Go for the Eyes+1","Fission+1","White Noise+1","Recycle+1","Glacier","Glacier","Loop+1","Consume","Capacitor+1","Creative AI+1"],"special_seed":0,"relics":["Cracked Core","Frozen Egg 2","Old Coin","Mango","Runic Pyramid","Meat on the Bone","Omamori","Nunchaku","Empty Cage","ClockworkSouvenir","Turnip","Boot","MawBank","Smiling Mask","Mercury Hourglass"],"potions_floor_usage":[55,55],"damage_taken":[{"damage":1.0,"enemies":"Cultist","floor":1.0,"turns":3.0},{"damage":7.0,"enemies":"Small Slimes","floor":2.0,"turns":4.0},{"damage":7.0,"enemies":"Jaw Worm","floor":5.0,"turns":4.0},{"damage":25.0,"enemies":"3 Sentries","floor":7.0,"turns":5.0},{"damage":11.0,"enemies":"Blue Slaver","floor":10.0,"turns":4.0},{"damage":10.0,"enemies":"Lagavulin","floor":11.0,"turns":6.0},{"damage":7.0,"enemies":"Large Slime","floor":12.0,"turns":5.0},{"damage":16.0,"enemies":"Exordium Wildlife","floor":13.0,"turns":5.0},{"damage":4.0,"enemies":"Red Slaver","floor":14.0,"turns":3.0},{"damage":33.0,"enemies":"Slime Boss","floor":16.0,"turns":11.0},{"damage":25.0,"enemies":"Chosen","floor":18.0,"turns":7.0},{"damage":25.0,"enemies":"Shell Parasite","floor":22.0,"turns":7.0},{"damage":12.0,"enemies":"Centurion and Healer","floor":24.0,"turns":6.0},{"damage":17.0,"enemies":"Snecko","floor":30.0,"turns":6.0},{"damage":29.0,"enemies":"Cultist and Chosen","floor":31.0,"turns":10.0},{"damage":17.0,"enemies":"Collector","floor":33.0,"turns":12.0},{"damage":40.0,"enemies":"Orb Walker","floor":35.0,"turns":9.0},{"damage":5.0,"enemies":"3 Shapes","floor":39.0,"turns":6.0},{"damage":18.0,"enemies":"Nemesis","floor":40.0,"turns":10.0},{"damage":23.0,"enemies":"Jaw Worm Horde","floor":41.0,"turns":6.0},{"damage":49.0,"enemies":"Reptomancer","floor":44.0,"turns":10.0},{"damage":2.0,"enemies":"Sphere and 2 Shapes","floor":46.0,"turns":4.0},{"damage":13.0,"enemies":"4 Shapes","floor":48.0,"turns":7.0},{"damage":26.0,"enemies":"Awakened One","floor":50.0,"turns":11.0},{"damage":49.0,"enemies":"Time Eater","floor":51.0,"turns":17.0},{"damage":26,"enemies":"Shield and Spear","floor":55,"turns":7},{"damage":34,"enemies":"The Heart","floor":56,"turns":13}],"seed_played":"-6837777781879783864","potions_obtained":[{"floor":5.0,"key":"EssenceOfSteel"},{"floor":13.0,"key":"FearPotion"},{"floor":14.0,"key":"LiquidBronze"},{"floor":31.0,"key":"PowerPotion"},{"floor":33.0,"key":"Energy Potion"},{"floor":37.0,"key":"Fruit Juice"},{"floor":37.0,"key":"FocusPotion"}],"is_trial":false,"path_per_floor":["M","M","?","?","M","R","E","R","T","M","E","M","M","M","R","B",null,"M","?","T","$","M","R","M","R","T","R","?","R","M","M","R","B",null,"M","?","?","$","M","E","M","R","T","E","T","M","R","M","R","B","B",null,"R","$","E","B",null],"character_chosen":"DEFECT","items_purchased":["Capacitor+1","Omamori","ClockworkSouvenir","Fission","Consume","Capacitor+1","FocusPotion"],"campfire_rested":0,"item_purchase_floors":[21,21,38,38,54,54,54],"current_hp_per_floor":[63,56,45,45,38,38,23,23,23,22,36,39,33,39,39,26,70,65,42,42,42,42,42,40,40,40,40,30,30,45,47,47,47,47,39,39,44,44,52,52,52,52,52,35,35,52,52,52,52,52,35,48,48,48,52,50],"gold":115,"neow_bonus":"ONE_RANDOM_RARE_CARD","is_prod":false,"is_daily":false,"chose_seed":false,"campfire_upgraded":11,"win_rate":0,"timestamp":1552712704,"path_taken":["M","M","?","?","M","R","E","R","T","M","E","M","M","M","R","BOSS","M","?","?","$","M","R","M","R","T","R","?","R","M","M","R","BOSS","M","?","?","$","?","E","M","R","T","E","?","M","R","M","R","BOSS","BOSS","R","$","E","BOSS"],"build_version":"2019-01-23","purchased_purges":3,"victory":true,"max_hp_per_floor":[71,71,71,71,71,71,71,71,71,71,85,85,85,85,85,85,85,85,42,42,42,42,42,42,42,42,42,47,47,47,47,47,47,47,47,47,52,52,52,52,52,52,52,52,52,52,52,52,52,52,52,52,52,52,52,52],"card_choices":[{"not_picked":["Compile Driver","Scrape"],"picked":"Double Energy","floor":1.0},{"not_picked":["Redo","Turbo"],"picked":"White Noise","floor":2.0},{"not_picked":["Stack","Ball Lightning"],"picked":"Self Repair+1","floor":5.0},{"not_picked":["Loop+1","Streamline"],"picked":"Heatsinks+1","floor":7.0},{"not_picked":["Redo","Reprogram"],"picked":"BootSequence","floor":10.0},{"not_picked":["Hologram","Blizzard"],"picked":"Sunder","floor":11.0},{"not_picked":["Cold Snap","Streamline"],"picked":"Undo","floor":12.0},{"not_picked":["Tempest","Lockon"],"picked":"Chill","floor":13.0},{"not_picked":["Streamline","Sweeping Beam"],"picked":"Self Repair+1","floor":14.0},{"not_picked":["Core Surge","Hyperbeam"],"picked":"Creative AI+1","floor":16.0},{"not_picked":["Auto Shields","Hologram"],"picked":"Static Discharge+1","floor":18.0},{"not_picked":["Steam","Rebound","Sweeping Beam"],"picked":"SKIP","floor":22.0},{"not_picked":["Coolheaded","Aggregate"],"picked":"Chill","floor":24.0},{"not_picked":["Doom and Gloom","Redo","Stack"],"picked":"SKIP","floor":30.0},{"not_picked":["Rebound+1","Chaos"],"picked":"Reinforced Body","floor":31.0},{"not_picked":["Fission","All For One"],"picked":"Core Surge","floor":33.0},{"not_picked":["Static Discharge+1","Gash"],"picked":"Go for the Eyes+1","floor":35.0},{"not_picked":["Cold Snap","Sweeping Beam"],"picked":"White Noise","floor":39.0},{"not_picked":["Doom and Gloom+1","Blizzard+1"],"picked":"Recycle","floor":40.0},{"not_picked":["Rebound+1","Hologram"],"picked":"Glacier","floor":41.0},{"not_picked":["Beam Cell","Gash"],"picked":"Glacier","floor":44.0},{"not_picked":["Steam+1","Compile Driver+1","Sweeping Beam"],"picked":"SKIP","floor":46.0},{"not_picked":["Auto Shields+1","Steam+1"],"picked":"Loop+1","floor":48.0},{"not_picked":["FTL+1","Gash+1"],"picked":"Creative AI+1","floor":55}],"player_experience":3625221,"relics_obtained":[{"floor":7.0,"key":"Old Coin"},{"floor":11.0,"key":"Mango"},{"floor":20.0,"key":"Meat on the Bone"},{"floor":26.0,"key":"Nunchaku"},{"floor":40.0,"key":"Turnip"},{"floor":43.0,"key":"Boot"},{"floor":44.0,"key":"MawBank"},{"floor":45.0,"key":"Smiling Mask"},{"floor":55,"key":"Mercury Hourglass"}],"event_choices":[{"damage_healed":0.0,"max_hp_gain":0.0,"max_hp_loss":0.0,"gold_gain":0.0,"event_name":"Scrap Ooze","player_choice":"Success","floor":3.0,"gold_loss":0.0,"damage_taken":11.0,"relics_obtained":["Frozen Egg 2"]},{"damage_healed":0.0,"max_hp_gain":0.0,"max_hp_loss":0.0,"gold_gain":100.0,"event_name":"Wheel of Change","player_choice":"Gold","floor":4.0,"gold_loss":0.0,"damage_taken":0.0},{"damage_healed":0.0,"max_hp_gain":0.0,"max_hp_loss":43.0,"gold_gain":0.0,"event_name":"Ghosts","player_choice":"Became a Ghost","floor":19.0,"gold_loss":0.0,"damage_taken":0.0,"cards_obtained":["Ghostly","Ghostly","Ghostly"]},{"damage_healed":0.0,"max_hp_gain":5.0,"max_hp_loss":0.0,"gold_gain":0.0,"event_name":"Forgotten Altar","player_choice":"Shed Blood","floor":28.0,"gold_loss":0.0,"damage_taken":15.0},{"cards_removed":["Capacitor"],"damage_healed":0.0,"max_hp_gain":0.0,"max_hp_loss":0.0,"gold_gain":0.0,"event_name":"Falling","player_choice":"Removed Power","floor":36.0,"gold_loss":0.0,"damage_taken":0.0},{"damage_healed":0.0,"max_hp_gain":0.0,"max_hp_loss":0.0,"gold_gain":0.0,"event_name":"Lab","player_choice":"Got Potions","floor":37.0,"gold_loss":0.0,"damage_taken":0.0}],"is_beta":false,"boss_relics":[{"not_picked":["Inserter","Sozu"],"picked":"Runic Pyramid"},{"not_picked":["Snecko Eye","Calling Bell"],"picked":"Empty Cage"}],"items_purged_floors":[21,38,54],"is_endless":false,"potions_floor_spawned":[5,13,14,31,33,40,41,44],"ascension_level":20}