{"gold_per_floor":[215,215,226,66,80,80,98,125,125,138,138,191,191,191,191,263,263,281,331,16,16,30,30,30,48,48,60,84,110,132,144,156,245,257,279,304,329,352,1363,1375,1415,593,666,715,223,301,301,134,134,134,134,134,134,10,37,37],"floor_reached":57,"playtime":3574,"items_purged":["Strike_G","Parasite","Normality","Normality"],"score":2845,"play_id":"b60040cf-b008-4278-ba97-71a4791834db","local_time":"20181226235857","is_ascension_mode":true,"campfire_choices":[{"data":"Noxious Fumes","floor":6.0,"key":"SMITH"},{"data":"Well Laid Plans","floor":11.0,"key":"SMITH"},{"data":"Footwork","floor":15.0,"key":"SMITH"},{"data":"Wraith Form v2","floor":23.0,"key":"SMITH"},{"data":"Well Laid Plans","floor":27.0,"key":"SMITH"},{"data":"Catalyst","floor":32.0,"key":"SMITH"},{"data":"Footwork","floor":40,"key":"SMITH"},{"floor":47,"key":"RECALL"},{"floor":49,"key":"DIG"},{"floor":53,"key":"DIG"}],"neow_cost":"NONE","seed_source_timestamp":34561272312404,"circlet_count":0,"master_deck":["AscendersBane","Defend_G+1","Defend_G+1","Defend_G+1","Defend_G+1","Defend_G+1","Strike_G+1","Strike_G+1","Strike_G+1","Strike_G+1","Survivor","Neutralize","Backstab","Footwork+1","Noxious Fumes+1","Well Laid Plans+1","Footwork","Leg Sweep","Wraith Form v2+1","Crippling Poison","Well Laid Plans+1","Footwork+1","Dodge and Roll+1","Backflip","Catalyst+1","Burst","Apotheosis","Footwork","Footwork","Noxious Fumes"],"special_seed":0,"relics":["Ring of the Snake","Regal Pillow","The Courier","Art of War","Anchor","Velvet Choker","OrangePellets","MawBank","Sozu","Tough Bandages","ClockworkSouvenir","Pantograph","The Specimen","Lantern","Bottled Tornado","Shovel","Bottled Lightning","Pear","TwistedFunnel","Bottled Flame","Gremlin Horn","Bronze Scales"],"potions_floor_usage":[],"damage_taken":[{"damage":18.0,"enemies":"Cultist","floor":1.0,"turns":6.0},{"damage":4.0,"enemies":"2 Louse","floor":3.0,"turns":4.0},{"damage":5.0,"enemies":"Small Slimes","floor":5.0,"turns":5.0},{"damage":3.0,"enemies":"Blue Slaver","floor":7.0,"turns":5.0},{"damage":20.0,"enemies":"3 Sentries","floor":8.0,"turns":9.0},{"damage":6.0,"enemies":"Lots of Slimes","floor":10.0,"turns":7.0},{"damage":14.0,"enemies":"Slime Boss","floor":16.0,"turns":15.0},{"damage":1.0,"enemies":"Spheric Guardian","floor":18.0,"turns":8.0},{"damage":0.0,"enemies":"3 Byrds","floor":22.0,"turns":6.0},{"damage":0.0,"enemies":"Centurion and Healer","floor":25.0,"turns":11.0},{"damage":0.0,"enemies":"Snecko","floor":28.0,"turns":8.0},{"damage":0.0,"enemies":"Shelled Parasite and Fungi","floor":29.0,"turns":8.0},{"damage":0.0,"enemies":"Centurion and Healer","floor":30.0,"turns":8.0},{"damage":0.0,"enemies":"Automaton","floor":33.0,"turns":15.0},{"damage":0.0,"enemies":"Orb Walker","floor":35.0,"turns":4.0},{"damage":0.0,"enemies":"3 Shapes","floor":36.0,"turns":7.0},{"damage":0.0,"enemies":"Writhing Mass","floor":37.0,"turns":7.0},{"damage":0.0,"enemies":"Transient","floor":38.0,"turns":6.0},{"damage":9,"enemies":"Giant Head","floor":41,"turns":17},{"damage":28,"enemies":"2 Orb Walkers","floor":44,"turns":7},{"damage":5,"enemies":"Donu and Deca","floor":50,"turns":13},{"damage":3,"enemies":"Time Eater","floor":51,"turns":13},{"damage":0,"enemies":"Shield and Spear","floor":55,"turns":9},{"damage":38,"enemies":"The Heart","floor":56,"turns":10}],"seed_played":"5635255834714763218","potions_obtained":[{"floor":2.0,"key":"Poison Potion"},{"floor":2.0,"key":"SpeedPotion"},{"floor":5.0,"key":"Regen Potion"},{"floor":8.0,"key":"SkillPotion"},{"floor":16.0,"key":"SteroidPotion"},{"floor":28.0,"key":"Swift Potion"}],"is_trial":false,"path_per_floor":["M","?","M","$","M","R","M","E","T","M","R","T","?","T","R","B",null,"M","?","$","?","M","R","T","M","T","R","M","M","M","?","R","B",null,"M","M","M","M","?","R","E","$","T","?","$","T","R","$","R","B","B",null,"R","$","E","B",null],"character_chosen":"THE_SILENT","items_purchased":["Footwork","OrangePellets","Well Laid Plans","ClockworkSouvenir","Pantograph","The Specimen","Lantern","Apotheosis","Bottled Lightning","TwistedFunnel","Footwork","Footwork"],"campfire_rested":0,"item_purchase_floors":[4,20,20,42,42,42,42,45,45,48,54,54],"current_hp_per_floor":[41,41,37,37,32,32,44,24,24,18,18,18,34,34,34,20,55,54,54,54,54,54,54,54,54,54,54,54,54,54,54,54,54,61,61,61,61,61,61,61,52,52,52,24,24,34,34,34,34,54,70,72,72,72,72,35],"gold":37,"neow_bonus":"HUNDRED_GOLD","is_prod":false,"is_daily":false,"chose_seed":true,"campfire_upgraded":7,"win_rate":0,"timestamp":1545839937,"path_taken":["M","?","?","$","M","R","?","E","T","M","R","?","?","?","R","BOSS","M","?","$","?","M","R","?","M","T","R","M","M","?","?","R","BOSS","M","M","M","M","?","R","E","$","T","?","?","?","R","$","R","BOSS","BOSS","R","$","E","BOSS"],"build_version":"2018-12-20","purchased_purges":4,"victory":true,"max_hp_per_floor":[66,66,66,66,66,66,66,66,66,66,66,66,66,66,66,66,66,66,66,63,63,63,63,63,63,63,63,63,63,63,63,63,63,63,63,63,63,63,63,63,63,63,63,63,63,73,73,73,73,73,73,73,73,73,73,73],"card_choices":[{"not_picked":["Sucker Punch","PiercingWail","Setup"],"picked":"SKIP","floor":1.0},{"not_picked":["Cloak And Dagger","Expertise"],"picked":"Backstab","floor":3.0},{"not_picked":["Poisoned Stab","Flying Knee"],"picked":"Noxious Fumes","floor":5.0},{"not_picked":["Bane","Footwork"],"picked":"Well Laid Plans","floor":7.0},{"not_picked":["Outmaneuver","Caltrops"],"picked":"Footwork","floor":8.0},{"not_picked":["Flechettes","Dagger Throw"],"picked":"Leg Sweep","floor":10.0},{"not_picked":["Envenom","Phantasmal Killer"],"picked":"Wraith Form v2","floor":16.0},{"not_picked":["Outmaneuver","Deadly Poison"],"picked":"Crippling Poison","floor":18.0},{"not_picked":["Slice+1","Prepared","Bane"],"picked":"SKIP","floor":22.0},{"not_picked":["Crippling Poison","Distraction"],"picked":"Footwork","floor":25.0},{"not_picked":["Flying Knee","Underhanded Strike"],"picked":"Dodge and Roll+1","floor":28.0},{"not_picked":["Bane","Dash"],"picked":"Backflip","floor":29.0},{"not_picked":["Quick Slash","Flying Knee"],"picked":"Catalyst","floor":30.0},{"not_picked":["Venomology","Malaise"],"picked":"Burst","floor":33.0},{"not_picked":["Flying Knee","Deflect","Flechettes"],"picked":"SKIP","floor":35.0},{"not_picked":["Prepared","Dodge and Roll","Choke"],"picked":"SKIP","floor":36.0},{"not_picked":["Masterful Stab","Deadly Poison","Well Laid Plans"],"picked":"SKIP","floor":37.0},{"not_picked":["Masterful Stab","Deadly Poison","Well Laid Plans"],"picked":"SKIP","floor":37.0},{"not_picked":["Sucker Punch","Escape Plan","Masterful Stab"],"picked":"SKIP","floor":38.0},{"not_picked":["Unload","Crippling Poison","Eviscerate"],"picked":"SKIP","floor":41},{"not_picked":["Accuracy+1","Deadly Poison"],"picked":"Noxious Fumes","floor":55}],"player_experience":1506129,"relics_obtained":[{"floor":8.0,"key":"Regal Pillow"},{"floor":9.0,"key":"The Courier"},{"floor":12.0,"key":"Art of War"},{"floor":14.0,"key":"Anchor"},{"floor":26.0,"key":"MawBank"},{"floor":41,"key":"Tough Bandages"},{"floor":43,"key":"Bottled Tornado"},{"floor":44,"key":"Shovel"},{"floor":46,"key":"Pear"},{"floor":49,"key":"Bottled Flame"},{"floor":53,"key":"Gremlin Horn"},{"floor":55,"key":"Bronze Scales"}],"event_choices":[{"damage_healed":0.0,"max_hp_gain":0.0,"max_hp_loss":0.0,"gold_gain":0.0,"event_name":"Lab","player_choice":"Got Potions","floor":2.0,"gold_loss":0.0,"damage_taken":0.0},{"damage_healed":16.0,"max_hp_gain":0.0,"max_hp_loss":0.0,"gold_gain":0.0,"event_name":"Mushrooms","player_choice":"Healed and dodged fight","floor":13.0,"gold_loss":0.0,"damage_taken":0.0,"cards_obtained":["Parasite"]},{"damage_healed":0.0,"max_hp_gain":0.0,"max_hp_loss":0.0,"gold_gain":50.0,"event_name":"Nest","player_choice":"Stole From Cult","floor":19.0,"gold_loss":0.0,"damage_taken":0.0},{"damage_healed":0.0,"max_hp_gain":0.0,"max_hp_loss":0.0,"gold_gain":0.0,"event_name":"Back to Basics","player_choice":"Simplicity","floor":21.0,"gold_loss":0.0,"damage_taken":0.0,"cards_upgraded":["Defend_G","Defend_G","Defend_G","Defend_G","Defend_G","Strike_G","Strike_G","Strike_G","Strike_G"]},{"damage_healed":0.0,"max_hp_gain":0.0,"max_hp_loss":0.0,"gold_gain":0.0,"event_name":"Cursed Tome","player_choice":"Ignored","floor":31.0,"gold_loss":0.0,"damage_taken":0.0},{"damage_healed":0,"gold_gain":999,"player_choice":"Gold","damage_taken":0,"max_hp_gain":0,"max_hp_loss":0,"event_name":"MindBloom","floor":39,"gold_loss":0,"cards_obtained":["Normality","Normality"]},{"damage_healed":0,"gold_gain":0,"player_choice":"Fight","damage_taken":0,"max_hp_gain":0,"max_hp_loss":0,"event_name":"Mysterious Sphere","floor":44,"gold_loss":0}],"is_beta":false,"boss_relics":[{"not_picked":["Tiny House","Empty Cage"],"picked":"Velvet Choker"},{"not_picked":["Ring of the Serpent","Cursed Key"],"picked":"Sozu"}],"items_purged_floors":[4,20,42,45],"is_endless":false,"potions_floor_spawned":[5,8,16,28,29,33,38,55],"ascension_level":20}