{"gold_per_floor":[109,126,33,45,60,60,60,79,79,79,92,105,105,122,122,200,200,214,264,104,124,124,151,151,163,189,217,217,117,117,88,88,161,161,181,56,56,74,89,89,105,405,405,405,415,426,276,376,376,376,376],"floor_reached":51,"playtime":3345,"items_purged":["Sweeping Beam","Lockon","Doom and Gloom","Parasite"],"score":1258,"play_id":"6ab6f1d3-effd-4b47-8a59-893cfbea6b05","local_time":"20190315232437","is_ascension_mode":true,"campfire_choices":[{"data":"Dualcast","floor":6.0,"key":"SMITH"},{"data":"Coolheaded","floor":10.0,"key":"SMITH"},{"data":"Recycle","floor":13.0,"key":"SMITH"},{"data":"Redo","floor":15.0,"key":"SMITH"},{"data":"Darkness","floor":24.0,"key":"SMITH"},{"data":"Recycle","floor":28.0,"key":"SMITH"},{"data":"Recycle","floor":30.0,"key":"SMITH"},{"data":"Rainbow","floor":32.0,"key":"SMITH"},{"data":"Turbo","floor":40.0,"key":"SMITH"},{"data":"Hologram","floor":44.0,"key":"SMITH"},{"floor":49.0,"key":"RECALL"}],"neow_cost":"TEN_PERCENT_HP_LOSS","seed_source_timestamp":34999300501300,"circlet_count":0,"master_deck":["AscendersBane","Dualcast+1","Turbo+1","Genetic Algorithm","Recycle+1","Ball Lightning","Glacier","Coolheaded+1","Genetic Algorithm","Redo+1","Core Surge","White Noise","Darkness+1","Glacier","Glacier","Recycle+1","Recycle+1","Hologram+1","Rainbow+1","Compile Driver","Self Repair","Undo"],"special_seed":0,"relics":["Cracked Core","Symbiotic Virus","Pandora\u0027s Box","Turnip","Bottled Flame","Black Star","Art of War","Regal Pillow","Torii"],"potions_floor_usage":[51],"damage_taken":[{"damage":1.0,"enemies":"Cultist","floor":1.0,"turns":4.0},{"damage":12.0,"enemies":"Small Slimes","floor":2.0,"turns":4.0},{"damage":7.0,"enemies":"Jaw Worm","floor":4.0,"turns":3.0},{"damage":11.0,"enemies":"Lots of Slimes","floor":5.0,"turns":5.0},{"damage":0.0,"enemies":"3 Louse","floor":8.0,"turns":5.0},{"damage":0.0,"enemies":"Gremlin Gang","floor":11.0,"turns":6.0},{"damage":0.0,"enemies":"Looter","floor":12.0,"turns":3.0},{"damage":14.0,"enemies":"2 Fungi Beasts","floor":14.0,"turns":4.0},{"damage":12.0,"enemies":"The Guardian","floor":16.0,"turns":10.0},{"damage":0.0,"enemies":"Shell Parasite","floor":18.0,"turns":4.0},{"damage":1.0,"enemies":"Chosen","floor":21.0,"turns":5.0},{"damage":3.0,"enemies":"Book of Stabbing","floor":23.0,"turns":6.0},{"damage":0.0,"enemies":"Snake Plant","floor":25.0,"turns":6.0},{"damage":18.0,"enemies":"Slavers","floor":27.0,"turns":7.0},{"damage":31.0,"enemies":"Collector","floor":33.0,"turns":20.0},{"damage":0.0,"enemies":"3 Shapes","floor":35.0,"turns":5.0},{"damage":5.0,"enemies":"Orb Walker","floor":38.0,"turns":4.0},{"damage":35.0,"enemies":"Sphere and 2 Shapes","floor":39.0,"turns":6.0},{"damage":0.0,"enemies":"Spire Growth","floor":41.0,"turns":6.0},{"damage":0.0,"enemies":"Writhing Mass","floor":45.0,"turns":7.0},{"damage":0.0,"enemies":"Transient","floor":46.0,"turns":6.0},{"damage":0.0,"enemies":"Mind Bloom Boss Battle","floor":48.0,"turns":8.0},{"damage":50,"enemies":"Awakened One","floor":50,"turns":29},{"damage":7,"enemies":"Time Eater","floor":51,"turns":8}],"seed_played":"3960464064004951048","potions_obtained":[{"floor":2.0,"key":"AttackPotion"},{"floor":4.0,"key":"Strength Potion"},{"floor":8.0,"key":"Energy Potion"},{"floor":16.0,"key":"Regen Potion"},{"floor":21.0,"key":"FocusPotion"},{"floor":25.0,"key":"Dexterity Potion"},{"floor":27.0,"key":"Swift Potion"},{"floor":38.0,"key":"Dexterity Potion"},{"floor":41.0,"key":"FocusPotion"}],"is_trial":false,"path_per_floor":["M","M","$","M","M","R","$","M","T","R","M","M","R","M","R","B",null,"M","?","$","M","?","E","R","M","T","E","R","$","R","$","R","B",null,"M","$","T","M","M","R","M","?","T","R","M","M","$","?","R","B","B"],"character_chosen":"DEFECT","items_purchased":["Recycle","Ball Lightning","Glacier","Compile Driver"],"campfire_rested":0,"item_purchase_floors":[3,3,20,31],"current_hp_per_floor":[63,51,51,44,33,33,33,33,33,33,33,33,33,19,19,7,50,50,50,50,58,58,55,55,55,55,37,37,37,37,37,37,6,50,50,50,50,52,24,24,31,31,31,31,38,45,45,52,52,2,0],"gold":376,"neow_bonus":"REMOVE_TWO","is_prod":false,"is_daily":false,"chose_seed":false,"campfire_upgraded":10,"win_rate":0,"timestamp":1552663477,"path_taken":["M","M","$","M","M","R","$","M","T","R","?","?","R","M","R","BOSS","M","?","$","M","?","E","R","M","T","E","R","$","R","$","R","BOSS","M","$","?","M","M","R","M","?","T","R","M","?","$","?","R","BOSS","BOSS"],"build_version":"2019-01-23","purchased_purges":4,"victory":false,"max_hp_per_floor":[64,64,64,64,64,64,64,64,64,64,64,64,64,64,64,64,64,64,64,64,64,64,64,64,64,64,64,64,64,64,64,64,64,64,64,64,64,64,64,64,64,64,64,64,64,64,61,61,61,61,61],"card_choices":[{"not_picked":["Stack","Sweeping Beam"],"picked":"Turbo","floor":1.0},{"not_picked":["Cold Snap","Barrage"],"picked":"Genetic Algorithm","floor":2.0},{"not_picked":["Gash","Sunder"],"picked":"Glacier","floor":4.0},{"not_picked":["Double Energy","Beam Cell","Leap"],"picked":"SKIP","floor":5.0},{"not_picked":["Blizzard","Go for the Eyes"],"picked":"Coolheaded","floor":8.0},{"not_picked":["Doom and Gloom","Sweeping Beam"],"picked":"Genetic Algorithm","floor":11.0},{"not_picked":["Beam Cell","Blizzard"],"picked":"Redo","floor":12.0},{"not_picked":["Gash","Ball Lightning","Sweeping Beam"],"picked":"SKIP","floor":14.0},{"not_picked":["All For One","Thunder Strike"],"picked":"Core Surge","floor":16.0},{"not_picked":["Compile Driver","Static Discharge","Stack"],"picked":"SKIP","floor":18.0},{"not_picked":["Coolheaded","Leap"],"picked":"Recycle","floor":21.0},{"not_picked":["BootSequence","Stack"],"picked":"Recycle","floor":23.0},{"not_picked":["Doom and Gloom","Go for the Eyes"],"picked":"Hologram","floor":25.0},{"not_picked":["Streamline","Reinforced Body"],"picked":"Rainbow","floor":27.0},{"not_picked":["Double Energy","Beam Cell"],"picked":"Self Repair","floor":35.0},{"not_picked":["Conserve Battery","Hello World","Stack"],"picked":"SKIP","floor":38.0},{"not_picked":["Sunder","Lockon","Doom and Gloom+1"],"picked":"SKIP","floor":39.0},{"not_picked":["Sweeping Beam","Gash+1"],"picked":"Undo","floor":41.0},{"not_picked":["Streamline","Cold Snap+1","Sunder"],"picked":"SKIP","floor":45.0},{"not_picked":["Streamline","Steam+1","White Noise"],"picked":"SKIP","floor":46.0}],"player_experience":3618042,"relics_obtained":[{"floor":9.0,"key":"Symbiotic Virus"},{"floor":23.0,"key":"Turnip"},{"floor":27.0,"key":"Bottled Flame"},{"floor":37.0,"key":"Art of War"},{"floor":43.0,"key":"Regal Pillow"},{"floor":48.0,"key":"Torii"}],"event_choices":[{"damage_healed":0.0,"max_hp_gain":0.0,"max_hp_loss":0.0,"gold_gain":50.0,"event_name":"Nest","player_choice":"Stole From Cult","floor":19.0,"gold_loss":0.0,"damage_taken":0.0},{"cards_removed":["Zap"],"damage_healed":0.0,"max_hp_gain":0.0,"max_hp_loss":0.0,"gold_gain":0.0,"event_name":"Bonfire Elementals","player_choice":"Offered Basic","floor":22.0,"gold_loss":0.0,"damage_taken":0.0},{"damage_healed":0.0,"max_hp_gain":0.0,"max_hp_loss":0.0,"gold_gain":300.0,"event_name":"Wheel of Change","player_choice":"Gold","floor":42.0,"gold_loss":0.0,"damage_taken":0.0},{"damage_healed":0.0,"max_hp_gain":0.0,"max_hp_loss":0.0,"gold_gain":0.0,"event_name":"MindBloom","player_choice":"Fight","floor":48.0,"gold_loss":0.0,"damage_taken":0.0}],"is_beta":false,"boss_relics":[{"not_picked":["Snecko Eye","Nuclear Battery"],"picked":"Pandora\u0027s Box"},{"not_picked":["FrozenCore","White Beast Statue"],"picked":"Black Star"}],"items_purged_floors":[20,29,36,47],"is_endless":false,"potions_floor_spawned":[2,4,8,16,21,25,27,38,41,45],"killed_by":"Time Eater","ascension_level":20}