{"gold_per_floor":[363,363,375,389,404,404,423,423,423,348,363,39,39,49,49,49],"floor_reached":16,"playtime":493,"items_purged":["Strike_G","Defend_G"],"score":188,"play_id":"bae1489d-a724-4669-b88b-d34ef22d46de","local_time":"20190218172956","is_ascension_mode":true,"campfire_choices":[{"data":"Catalyst","floor":6.0,"key":"SMITH"},{"data":"Tactician","floor":8,"key":"SMITH"},{"data":"Survivor","floor":13,"key":"SMITH"},{"data":"Defend_G","floor":15,"key":"SMITH"}],"neow_cost":"TEN_PERCENT_HP_LOSS","seed_source_timestamp":33748173467924,"circlet_count":0,"master_deck":["AscendersBane","Defend_G+1","Defend_G","Defend_G","Defend_G","Strike_G","Strike_G","Strike_G","Strike_G","Survivor+1","Neutralize+1","Catalyst+1","Tactician+1","Adrenaline"],"special_seed":0,"relics":["Ring of the Snake","Sundial","Medical Kit"],"potions_floor_usage":[11,14,16],"damage_taken":[{"damage":0.0,"enemies":"2 Louse","floor":1.0,"turns":3.0},{"damage":5.0,"enemies":"Cultist","floor":3.0,"turns":6.0},{"damage":0.0,"enemies":"Jaw Worm","floor":4.0,"turns":6.0},{"damage":3.0,"enemies":"3 Louse","floor":5.0,"turns":6.0},{"damage":19,"enemies":"Exordium Thugs","floor":7,"turns":6},{"damage":7,"enemies":"Blue Slaver","floor":11,"turns":6},{"damage":6,"enemies":"Lots of Slimes","floor":14,"turns":3},{"damage":1,"enemies":"Hexaghost","floor":16,"turns":9}],"seed_played":"-5396548515515604136","potions_obtained":[{"floor":1.0,"key":"Regen Potion"},{"floor":5.0,"key":"Explosive Potion"},{"floor":11,"key":"Dexterity Potion"}],"is_trial":false,"path_per_floor":["M","?","M","M","M","R","M","R","T","$","M","$","R","M","R","B"],"character_chosen":"THE_SILENT","items_purchased":["Medical Kit"],"campfire_rested":0,"item_purchase_floors":[12],"current_hp_per_floor":[59,59,54,54,51,51,32,32,32,32,40,40,40,34,34,33],"gold":49,"neow_bonus":"TWO_FIFTY_GOLD","is_prod":false,"is_daily":false,"chose_seed":false,"campfire_upgraded":4,"win_rate":0,"timestamp":1550482196,"path_taken":["M","?","M","?","M","R","M","R","T","$","?","$","R","M","R","BOSS"],"build_version":"2019-01-23","purchased_purges":2,"victory":false,"max_hp_per_floor":[60,60,60,60,60,60,60,60,60,60,60,60,60,60,60,60],"card_choices":[{"not_picked":["Terror","Sucker Punch"],"picked":"Catalyst","floor":1.0},{"not_picked":["Heel Hook","Bane","Sucker Punch"],"picked":"SKIP","floor":3.0},{"not_picked":["Prepared","Dagger Throw","Dagger Spray"],"picked":"SKIP","floor":4.0},{"not_picked":["Outmaneuver","Dodge and Roll"],"picked":"Tactician","floor":5.0},{"not_picked":["Flying Knee","Distraction"],"picked":"Adrenaline","floor":7},{"not_picked":["Dagger Spray","PiercingWail","Masterful Stab"],"picked":"SKIP","floor":11},{"not_picked":["Quick Slash","Deflect","Finisher"],"picked":"SKIP","floor":14}],"player_experience":2911487,"relics_obtained":[{"floor":9,"key":"Sundial"}],"event_choices":[{"damage_healed":0.0,"max_hp_gain":0.0,"max_hp_loss":0.0,"gold_gain":0.0,"event_name":"Upgrade Shrine","player_choice":"Upgraded","floor":2.0,"gold_loss":0.0,"damage_taken":0.0,"cards_upgraded":["Neutralize"]}],"is_beta":false,"boss_relics":[],"items_purged_floors":[10,12],"is_endless":false,"potions_floor_spawned":[1,5,7,11],"killed_by":"Hexaghost","ascension_level":20}