{"gold_per_floor":[117,133,55,55,55,55,73,73,100,124,43,43],"floor_reached":12,"playtime":256,"items_purged":[],"score":132,"play_id":"67fdcaf7-5afd-4969-a5ec-8c8ddbb37e57","local_time":"20190318211930","is_ascension_mode":true,"campfire_choices":[{"floor":6.0,"key":"REST"},{"data":"Poisoned Stab","floor":8.0,"key":"SMITH"}],"neow_cost":"TEN_PERCENT_HP_LOSS","seed_source_timestamp":416448414499299,"circlet_count":0,"master_deck":["AscendersBane","Defend_G","Defend_G","Defend_G","Defend_G","Defend_G","Strike_G","Strike_G","Strike_G","Survivor","Neutralize","Concentrate","Acrobatics","Dagger Spray","Poisoned Stab+1","Backflip","Grand Finale"],"special_seed":0,"relics":["Ring of the Snake","Question Card","Bag of Preparation","Snake Skull"],"potions_floor_usage":[],"damage_taken":[{"damage":11.0,"enemies":"Cultist","floor":1.0,"turns":6.0},{"damage":37.0,"enemies":"Jaw Worm","floor":2.0,"turns":11.0},{"damage":6.0,"enemies":"Small Slimes","floor":7.0,"turns":4.0},{"damage":27,"enemies":"Lagavulin","floor":12,"turns":5}],"seed_played":"6999341821175056697","potions_obtained":[{"floor":2.0,"key":"Explosive Potion"}],"is_trial":false,"path_per_floor":["M","M","$","?","?","R","M","R","T","T","$","E"],"character_chosen":"THE_SILENT","items_purchased":["Dagger Spray","Poisoned Stab","Grand Finale"],"campfire_rested":1,"item_purchase_floors":[3,3,11],"current_hp_per_floor":[48,11,11,11,6,24,18,18,18,18,18,0],"gold":43,"neow_bonus":"REMOVE_TWO","is_prod":false,"is_daily":false,"chose_seed":false,"campfire_upgraded":1,"win_rate":0,"timestamp":1552911570,"path_taken":["M","M","$","?","?","R","M","R","T","?","$","E"],"build_version":"2019-01-23","purchased_purges":0,"victory":false,"max_hp_per_floor":[60,60,60,60,60,60,60,60,60,60,60,60],"card_choices":[{"not_picked":["Underhanded Strike","Poisoned Stab"],"picked":"Concentrate","floor":1.0},{"not_picked":["Finisher","Bane"],"picked":"Acrobatics","floor":2.0},{"not_picked":["PiercingWail","Heel Hook","Slice"],"picked":"Backflip","floor":7.0}],"player_experience":158335,"relics_obtained":[{"floor":9.0,"key":"Bag of Preparation"},{"floor":10.0,"key":"Snake Skull"}],"event_choices":[{"damage_healed":0.0,"max_hp_gain":0.0,"max_hp_loss":0.0,"gold_gain":0.0,"event_name":"Liars Game","player_choice":"Ignored","floor":4.0,"gold_loss":0.0,"damage_taken":0.0},{"damage_healed":0.0,"max_hp_gain":0.0,"max_hp_loss":0.0,"gold_gain":0.0,"event_name":"Scrap Ooze","player_choice":"Success","floor":5.0,"gold_loss":0.0,"damage_taken":5.0,"relics_obtained":["Question Card"]}],"is_beta":false,"boss_relics":[],"items_purged_floors":[],"is_endless":false,"potions_floor_spawned":[2],"killed_by":"Lagavulin","ascension_level":20}