{"gold_per_floor":[118,38,49,61,61,86,98,98],"floor_reached":8,"playtime":235,"items_purged":[],"score":116,"play_id":"23a1d2d9-c404-415a-bdcf-3ddffbae95bb","local_time":"20190128232807","is_ascension_mode":true,"campfire_choices":[],"neow_cost":"NONE","seed_source_timestamp":51530651510309,"circlet_count":0,"master_deck":["AscendersBane","Defend_G","Defend_G","Defend_G","Defend_G","Defend_G","Strike_G","Strike_G","Strike_G","Strike_G","Survivor","Neutralize","Infinite Blades","All Out Attack","Well Laid Plans","Dash"],"relics":["Ring of the Snake","NeowsBlessing","Strawberry"],"potions_floor_usage":[1,8],"damage_taken":[{"damage":0,"enemies":"Cultist","floor":1,"turns":1},{"damage":0,"enemies":"Jaw Worm","floor":3,"turns":1},{"damage":0,"enemies":"2 Louse","floor":4,"turns":1},{"damage":50,"enemies":"Gremlin Nob","floor":6,"turns":6},{"damage":3,"enemies":"Red Slaver","floor":7,"turns":5},{"damage":20,"enemies":"3 Sentries","floor":8,"turns":9}],"seed_played":"-4421973402507375312","potions_obtained":[{"floor":1,"key":"Fruit Juice"},{"floor":4,"key":"Energy Potion"},{"floor":6,"key":"SteroidPotion"}],"is_trial":false,"path_per_floor":["M","$","M","M","?","E","M","E"],"character_chosen":"THE_SILENT","items_purchased":["All Out Attack"],"campfire_rested":0,"item_purchase_floors":[2],"current_hp_per_floor":[64,64,64,64,64,21,18,0],"gold":98,"neow_bonus":"THREE_ENEMY_KILL","is_prod":false,"is_daily":false,"chose_seed":false,"campfire_upgraded":0,"win_rate":0,"timestamp":1548689287,"path_taken":["M","$","M","?","?","E","?","E"],"build_version":"2019-01-23","purchased_purges":0,"victory":false,"max_hp_per_floor":[71,71,71,71,71,78,78,78],"card_choices":[{"not_picked":["Leg Sweep","Underhanded Strike"],"picked":"Infinite Blades","floor":1},{"not_picked":["Predator","Blade Dance"],"picked":"Well Laid Plans","floor":3},{"not_picked":["Leg Sweep","Dodge and Roll","Deadly Poison"],"picked":"SKIP","floor":4},{"not_picked":["Expertise","Dash","Bouncing Flask"],"picked":"SKIP","floor":6},{"not_picked":["Expertise","Bouncing Flask"],"picked":"Dash","floor":6},{"not_picked":["Concentrate","Sucker Punch","Tactician"],"picked":"SKIP","floor":7}],"player_experience":1380329,"relics_obtained":[{"floor":6,"key":"Strawberry"}],"event_choices":[{"cards_removed":["Strike_G"],"damage_healed":0,"gold_gain":0,"player_choice":"Offered Basic","damage_taken":0,"max_hp_gain":0,"max_hp_loss":0,"event_name":"Bonfire Elementals","floor":5,"gold_loss":0}],"is_beta":true,"boss_relics":[],"items_purged_floors":[],"is_endless":false,"potions_floor_spawned":[1,4,6],"killed_by":"3 Sentries","ascension_level":20}