{"gold_per_floor":[115,128,278,32,45,45,45,45,45,56,71,90,121,138,138,212,212,231,244,244,258,173,173,173,199,211,12,12,62,62,87,87,164,164,180,180,203,37,48,48,61,94,94,128,141,156,67,101,101,101,101,101,101,12,43,43],"floor_reached":57,"playtime":2937,"items_purged":["Doubt","Pain"],"score":3435,"play_id":"585a5d97-4000-43b7-8582-626764be2222","local_time":"20190404161054","is_ascension_mode":true,"campfire_choices":[{"data":"Zap","floor":6.0,"key":"SMITH"},{"data":"Dualcast","floor":8.0,"key":"SMITH"},{"data":"Blizzard","floor":15.0,"key":"SMITH"},{"floor":23.0,"key":"REST"},{"data":"Defragment","floor":28.0,"key":"SMITH"},{"data":"Turbo","floor":30.0,"key":"SMITH"},{"data":"Ghostly","floor":32.0,"key":"SMITH"},{"data":"Strike_B","floor":40.0,"key":"PURGE"},{"floor":49.0,"key":"RECALL"},{"data":"Strike_B","floor":53.0,"key":"PURGE"}],"neow_cost":"CURSE","seed_source_timestamp":11895111268312,"circlet_count":0,"master_deck":["AscendersBane","Strike_B","Defend_B","Defend_B+1","Defend_B","Defend_B","Zap+1","Dualcast+1","Injury","Chill+1","Glacier","Glacier","Genetic Algorithm","Blizzard+1","Tempest","Electrodynamics","Skim","Echo Form","Thunder Strike","Ghostly+1","Ghostly","Ghostly","Defragment+1","Turbo+1","White Noise+1","All For One","Clumsy","Regret","Normality","Turbo","Self Repair","Discovery","Defragment","Turbo"],"special_seed":0,"relics":["Cracked Core","Ice Cream","War Paint","Girya","Runic Pyramid","WarpedTongs","Pantograph","MawBank","Dodecahedron","Blue Candle","Calling Bell","Pen Nib","Singing Bowl","Peace Pipe","Anchor","DataDisk","Cables","Darkstone Periapt","Art of War","Mummified Hand","Bronze Scales"],"potions_floor_usage":[56,56],"damage_taken":[{"damage":0.0,"enemies":"Small Slimes","floor":1.0,"turns":3.0},{"damage":9.0,"enemies":"Jaw Worm","floor":2.0,"turns":4.0},{"damage":4.0,"enemies":"Cultist","floor":5.0,"turns":4.0},{"damage":1.0,"enemies":"Blue Slaver","floor":10.0,"turns":5.0},{"damage":0.0,"enemies":"2 Fungi Beasts","floor":11.0,"turns":4.0},{"damage":19.0,"enemies":"Exordium Wildlife","floor":12.0,"turns":8.0},{"damage":0.0,"enemies":"3 Sentries","floor":13.0,"turns":3.0},{"damage":0.0,"enemies":"Exordium Thugs","floor":14.0,"turns":4.0},{"damage":0.0,"enemies":"The Guardian","floor":16.0,"turns":14.0},{"damage":0.0,"enemies":"Chosen","floor":18.0,"turns":6.0},{"damage":6.0,"enemies":"2 Thieves","floor":19.0,"turns":4.0},{"damage":25.0,"enemies":"Snake Plant","floor":21.0,"turns":4.0},{"damage":1.0,"enemies":"Gremlin Leader","floor":25.0,"turns":6.0},{"damage":9.0,"enemies":"Slavers","floor":31.0,"turns":6.0},{"damage":0.0,"enemies":"Champ","floor":33.0,"turns":13.0},{"damage":4.0,"enemies":"Orb Walker","floor":35.0,"turns":5.0},{"damage":0.0,"enemies":"3 Shapes","floor":39.0,"turns":12.0},{"damage":3.0,"enemies":"Maw","floor":41.0,"turns":6.0},{"damage":3.0,"enemies":"Giant Head","floor":42.0,"turns":8.0},{"damage":0.0,"enemies":"Nemesis","floor":44.0,"turns":5.0},{"damage":12.0,"enemies":"Writhing Mass","floor":45.0,"turns":7.0},{"damage":2.0,"enemies":"4 Shapes","floor":46.0,"turns":4.0},{"damage":2.0,"enemies":"Giant Head","floor":48.0,"turns":7.0},{"damage":3.0,"enemies":"Awakened One","floor":50.0,"turns":8.0},{"damage":3.0,"enemies":"Donu and Deca","floor":51.0,"turns":5.0},{"damage":43.0,"enemies":"Shield and Spear","floor":55.0,"turns":4.0},{"damage":24,"enemies":"The Heart","floor":56,"turns":10}],"seed_played":"-9207068623224685787","potions_obtained":[{"floor":1.0,"key":"Swift Potion"},{"floor":10.0,"key":"Explosive Potion"},{"floor":13.0,"key":"Swift Potion"},{"floor":19.0,"key":"FearPotion"},{"floor":25.0,"key":"Ancient Potion"},{"floor":35.0,"key":"FocusPotion"},{"floor":46.0,"key":"FocusPotion"}],"is_trial":false,"path_per_floor":["M","M","?","$","M","R","?","R","T","M","M","M","E","M","R","B",null,"M","M","?","M","?","R","?","E","T","$","R","?","R","E","R","B",null,"M","?","T","$","M","R","M","E","T","E","M","M","$","E","R","B","B",null,"R","$","E","B",null],"character_chosen":"DEFECT","items_purchased":["War Paint","Defragment","Turbo","DataDisk","Discovery","Defragment","Turbo"],"campfire_rested":1,"item_purchase_floors":[4,27,27,38,47,54,54],"current_hp_per_floor":[64,55,55,55,51,51,51,51,51,50,50,31,31,31,31,31,61,61,55,55,30,30,51,35,34,34,34,34,34,34,25,25,35,35,31,31,31,31,33,33,32,31,31,31,41,43,43,43,43,45,42,44,44,44,3,11],"gold":43,"neow_bonus":"ONE_RARE_RELIC","is_prod":false,"is_daily":false,"chose_seed":false,"campfire_upgraded":6,"win_rate":0,"timestamp":1554365454,"path_taken":["M","M","?","$","M","R","?","R","T","M","?","M","E","M","R","BOSS","M","M","?","?","?","R","?","E","T","$","R","?","R","E","R","BOSS","M","?","?","$","M","R","M","E","T","E","M","M","$","E","R","BOSS","BOSS","R","$","E","BOSS"],"build_version":"2019-01-23","purchased_purges":2,"victory":true,"max_hp_per_floor":[71,71,71,71,71,71,71,71,71,71,71,71,71,71,71,71,71,71,71,71,71,71,71,35,35,35,35,35,35,35,35,35,35,35,35,33,33,33,35,35,37,39,39,39,41,43,43,45,45,45,45,45,45,45,47,47],"card_choices":[{"not_picked":["Skim","Cold Snap"],"picked":"Chill","floor":1.0},{"not_picked":["Compile Driver","Static Discharge"],"picked":"Glacier","floor":2.0},{"not_picked":["Conserve Battery","Rebound"],"picked":"Glacier","floor":5.0},{"not_picked":["Steam","Gash"],"picked":"Blizzard","floor":10.0},{"not_picked":["Darkness","Steam"],"picked":"Tempest","floor":11.0},{"not_picked":["Redo","Doom and Gloom"],"picked":"Electrodynamics","floor":12.0},{"not_picked":["Ball Lightning","Streamline"],"picked":"Skim","floor":13.0},{"not_picked":["Lockon","Leap","Scrape"],"picked":"SKIP","floor":14.0},{"not_picked":["Fission","Creative AI"],"picked":"Echo Form","floor":16.0},{"not_picked":["Steam","Darkness","Ball Lightning"],"picked":"SKIP","floor":18.0},{"not_picked":["Steam Power","Barrage","Rebound+1"],"picked":"SKIP","floor":19.0},{"not_picked":["Hologram","Lockon"],"picked":"Thunder Strike","floor":21.0},{"not_picked":["Hyperbeam","Steam","Redo"],"picked":"SKIP","floor":25.0},{"not_picked":["Chill","Rebound"],"picked":"White Noise+1","floor":31.0},{"not_picked":["Rainbow","Buffer"],"picked":"All For One","floor":33.0},{"not_picked":["Hologram","Force Field"],"picked":"Turbo","floor":35.0},{"not_picked":["Conserve Battery+1","BootSequence","Rainbow"],"picked":"Singing Bowl","floor":39.0},{"not_picked":["Compile Driver+1","Streamline","Hello World"],"picked":"Singing Bowl","floor":41.0},{"not_picked":["Barrage+1","Stack","Rebound"],"picked":"Singing Bowl","floor":42.0},{"not_picked":["White Noise","Coolheaded"],"picked":"Self Repair","floor":44.0},{"not_picked":["Sweeping Beam","Streamline+1","Barrage"],"picked":"Singing Bowl","floor":45.0},{"not_picked":["Leap+1","Gash","Auto Shields+1"],"picked":"Singing Bowl","floor":46.0},{"not_picked":["Stack","FTL","Static Discharge"],"picked":"Singing Bowl","floor":48.0},{"not_picked":["Storm","Rebound","Redo"],"picked":"Singing Bowl","floor":55.0}],"player_experience":4046394,"relics_obtained":[{"floor":13.0,"key":"Girya"},{"floor":25.0,"key":"MawBank"},{"floor":26.0,"key":"Dodecahedron"},{"floor":31.0,"key":"Blue Candle"},{"floor":34.0,"key":"Pen Nib"},{"floor":34.0,"key":"Singing Bowl"},{"floor":34.0,"key":"Peace Pipe"},{"floor":37.0,"key":"Anchor"},{"floor":42.0,"key":"Cables"},{"floor":43.0,"key":"Darkstone Periapt"},{"floor":44.0,"key":"Art of War"},{"floor":48.0,"key":"Mummified Hand"},{"floor":55.0,"key":"Bronze Scales"}],"event_choices":[{"damage_healed":0.0,"max_hp_gain":0.0,"max_hp_loss":0.0,"gold_gain":150.0,"event_name":"Liars Game","player_choice":"AGREE","floor":3.0,"gold_loss":0.0,"damage_taken":0.0,"cards_obtained":["Doubt"]},{"damage_healed":0.0,"max_hp_gain":0.0,"max_hp_loss":0.0,"gold_gain":0.0,"cards_transformed":["Strike_B"],"event_name":"Living Wall","player_choice":"Change","floor":7.0,"gold_loss":0.0,"damage_taken":0.0,"cards_obtained":["Genetic Algorithm"]},{"damage_healed":0.0,"max_hp_gain":0.0,"max_hp_loss":0.0,"gold_gain":0.0,"event_name":"Accursed Blacksmith","player_choice":"Rummage","floor":20.0,"gold_loss":0.0,"damage_taken":0.0,"relics_obtained":["WarpedTongs"],"cards_obtained":["Pain"]},{"damage_healed":0.0,"max_hp_gain":0.0,"max_hp_loss":0.0,"gold_gain":0.0,"event_name":"Addict","player_choice":"Obtained Relic","floor":22.0,"gold_loss":85.0,"damage_taken":0.0,"relics_obtained":["Pantograph"]},{"damage_healed":0.0,"max_hp_gain":0.0,"max_hp_loss":36.0,"gold_gain":0.0,"event_name":"Ghosts","player_choice":"Became a Ghost","floor":24.0,"gold_loss":0.0,"damage_taken":0.0,"cards_obtained":["Ghostly","Ghostly","Ghostly"]},{"damage_healed":0.0,"max_hp_gain":0.0,"max_hp_loss":0.0,"gold_gain":50.0,"event_name":"Nest","player_choice":"Stole From Cult","floor":29.0,"gold_loss":0.0,"damage_taken":0.0},{"damage_healed":0.0,"max_hp_gain":0.0,"max_hp_loss":2.0,"gold_gain":0.0,"event_name":"Winding Halls","player_choice":"Max HP","floor":36.0,"gold_loss":0.0,"damage_taken":0.0}],"is_beta":false,"boss_relics":[{"not_picked":["Inserter","Orrery"],"picked":"Runic Pyramid"},{"not_picked":["Snecko Eye","FrozenCore"],"picked":"Calling Bell"}],"items_purged_floors":[4,27],"is_endless":false,"potions_floor_spawned":[1,10,13,14,19,25,35,44,46,48,55],"ascension_level":20}