{"gold_per_floor":[113,74,85,95,20,20,20,20,20,18,28,46,46,62,62,139,139,154,79,79,98,15,15,15,15,15,375,388,403,434,434,434,511,511,528,546,546,546,558,586,586,605,605,198,198,213,213,243,243,243,243,243,243,16,48,48],"floor_reached":57,"playtime":4119,"items_purged":["Strike_B","Strike_B"],"score":2744,"play_id":"361ea55f-8047-4f3a-82e5-7b9d7e8b41ea","local_time":"20190309175557","is_ascension_mode":true,"campfire_choices":[{"data":"Dualcast","floor":6.0,"key":"SMITH"},{"data":"Hologram","floor":8.0,"key":"SMITH"},{"data":"Buffer","floor":13.0,"key":"SMITH"},{"data":"Creative AI","floor":15.0,"key":"SMITH"},{"data":"Defragment","floor":23.0,"key":"SMITH"},{"data":"Turbo","floor":25.0,"key":"SMITH"},{"data":"Recycle","floor":32.0,"key":"SMITH"},{"data":"Coolheaded","floor":41.0,"key":"SMITH"},{"data":"Skim","floor":45.0,"key":"SMITH"},{"floor":47.0,"key":"RECALL"},{"data":"Panacea","floor":49.0,"key":"SMITH"},{"data":"Heatsinks","floor":53.0,"key":"SMITH"}],"neow_cost":"TEN_PERCENT_HP_LOSS","seed_source_timestamp":17238383255153,"circlet_count":0,"master_deck":["AscendersBane","Strike_B","Defend_B","Defend_B","Defend_B","Zap","Dualcast+1","Buffer+1","Cold Snap+1","Self Repair","Hologram+1","Cold Snap+1","Reinforced Body","White Noise","Hello World","Creative AI+1","Amplify+1","Conserve Battery+1","Turbo+1","Defragment+1","Capacitor","Electrodynamics","Recycle+1","Echo Form","Coolheaded+1","Skim+1","Defragment","White Noise+1","Heatsinks+1","Panacea+1","Storm","Turbo+1","Buffer"],"special_seed":0,"relics":["Cracked Core","Emotion Chip","Runic Pyramid","Bottled Tornado","Strawberry","Nuclear Battery","Bird Faced Urn","War Paint","Whetstone","Centennial Puzzle","Oddly Smooth Stone"],"potions_floor_usage":[56],"damage_taken":[{"damage":0.0,"enemies":"Cultist","floor":1.0,"turns":4.0},{"damage":7.0,"enemies":"2 Louse","floor":3.0,"turns":3.0},{"damage":9.0,"enemies":"Small Slimes","floor":4.0,"turns":4.0},{"damage":12.0,"enemies":"Exordium Thugs","floor":10.0,"turns":4.0},{"damage":2.0,"enemies":"3 Louse","floor":11.0,"turns":5.0},{"damage":20.0,"enemies":"Gremlin Gang","floor":12.0,"turns":5.0},{"damage":7.0,"enemies":"2 Fungi Beasts","floor":14.0,"turns":4.0},{"damage":0.0,"enemies":"Slime Boss","floor":16.0,"turns":9.0},{"damage":25.0,"enemies":"Shell Parasite","floor":18.0,"turns":6.0},{"damage":5.0,"enemies":"3 Byrds","floor":21.0,"turns":8.0},{"damage":8.0,"enemies":"Snake Plant","floor":28.0,"turns":7.0},{"damage":6.0,"enemies":"Chosen and Byrds","floor":29.0,"turns":6.0},{"damage":0.0,"enemies":"Gremlin Leader","floor":30.0,"turns":6.0},{"damage":23.0,"enemies":"Collector","floor":33.0,"turns":9.0},{"damage":6.0,"enemies":"Orb Walker","floor":35.0,"turns":4.0},{"damage":0.0,"enemies":"3 Shapes","floor":36.0,"turns":1.0},{"damage":11.0,"enemies":"Spire Growth","floor":39.0,"turns":7.0},{"damage":18.0,"enemies":"Reptomancer","floor":40.0,"turns":6.0},{"damage":50.0,"enemies":"Jaw Worm Horde","floor":42.0,"turns":4.0},{"damage":17.0,"enemies":"4 Shapes","floor":46.0,"turns":4.0},{"damage":21.0,"enemies":"Nemesis","floor":48.0,"turns":5.0},{"damage":50.0,"enemies":"Time Eater","floor":50.0,"turns":6.0},{"damage":82.0,"enemies":"Awakened One","floor":51.0,"turns":7.0},{"damage":60,"enemies":"Shield and Spear","floor":55,"turns":7},{"damage":72,"enemies":"The Heart","floor":56,"turns":7}],"seed_played":"-6296783835792182601","potions_obtained":[{"floor":3.0,"key":"Swift Potion"},{"floor":7.0,"key":"Energy Potion"},{"floor":10.0,"key":"Poison Potion"},{"floor":16.0,"key":"Swift Potion"},{"floor":28.0,"key":"Explosive Potion"},{"floor":33.0,"key":"Explosive Potion"},{"floor":36.0,"key":"SneckoOil"},{"floor":40.0,"key":"Block Potion"},{"floor":46.0,"key":"FearPotion"},{"floor":48.0,"key":"Swift Potion"}],"is_trial":false,"path_per_floor":["M","$","M","M","$","R","?","R","T","M","M","M","R","M","R","B",null,"M","?","$","M","$","R","$","R","T","?","M","M","E","?","R","B",null,"M","M","?","?","M","E","R","M","T","$","R","M","R","E","R","B","B",null,"R","$","E","B",null],"character_chosen":"DEFECT","items_purchased":["Self Repair","Defragment","Heatsinks","Panacea","War Paint","AttackPotion","Centennial Puzzle"],"campfire_rested":0,"item_purchase_floors":[2,22,44,44,44,54,54],"current_hp_per_floor":[64,64,64,62,62,62,62,62,62,57,62,56,56,56,56,63,64,53,53,53,62,62,62,62,62,62,32,38,39,60,40,40,31,65,73,73,73,73,69,65,65,51,51,51,51,76,76,76,76,71,50,70,70,70,68,49],"gold":48,"neow_bonus":"THREE_RARE_CARDS","is_prod":false,"is_daily":false,"chose_seed":false,"campfire_upgraded":11,"win_rate":0,"timestamp":1552125357,"path_taken":["M","$","M","M","?","R","?","R","T","M","M","?","R","M","R","BOSS","M","?","$","M","?","R","$","R","T","?","?","M","E","?","R","BOSS","M","M","?","?","M","E","R","M","T","$","R","M","R","E","R","BOSS","BOSS","R","$","E","BOSS"],"build_version":"2019-01-23","purchased_purges":2,"victory":true,"max_hp_per_floor":[64,64,64,64,64,64,64,64,64,64,64,64,64,64,64,64,64,64,64,64,64,64,64,64,64,64,64,64,64,71,76,76,76,76,76,76,76,76,76,76,76,76,76,76,76,76,76,76,76,76,76,76,76,76,76,76],"card_choices":[{"not_picked":["Seek","Machine Learning"],"picked":"Buffer","floor":0.0},{"not_picked":["Beam Cell","Rebound"],"picked":"Cold Snap","floor":1.0},{"not_picked":["Redo","Blizzard"],"picked":"Hologram","floor":3.0},{"not_picked":["Leap","Lockon"],"picked":"Cold Snap","floor":4.0},{"not_picked":["Stack","Go for the Eyes"],"picked":"Reinforced Body","floor":10.0},{"not_picked":["Go for the Eyes","Loop"],"picked":"White Noise","floor":11.0},{"not_picked":["Undo","Auto Shields"],"picked":"Hello World","floor":12.0},{"not_picked":["Static Discharge","Ball Lightning"],"picked":"Creative AI","floor":14.0},{"not_picked":["Hyperbeam","Reboot"],"picked":"Amplify","floor":16.0},{"not_picked":["Barrage+1","Go for the Eyes"],"picked":"Conserve Battery+1","floor":18.0},{"not_picked":["Gash","Beam Cell+1"],"picked":"Turbo","floor":21.0},{"not_picked":["Auto Shields","Compile Driver"],"picked":"Capacitor","floor":28.0},{"not_picked":["Compile Driver","Beam Cell"],"picked":"Electrodynamics","floor":29.0},{"not_picked":["Hello World","Heatsinks"],"picked":"Recycle","floor":30.0},{"not_picked":["Machine Learning","Hyperbeam"],"picked":"Echo Form","floor":33.0},{"not_picked":["Hologram","Rip and Tear+1"],"picked":"Coolheaded","floor":35.0},{"not_picked":["Scrape","Cold Snap"],"picked":"Skim","floor":36.0},{"not_picked":["Rebound+1","Go for the Eyes"],"picked":"Defragment","floor":39.0},{"not_picked":["Beam Cell+1","FTL+1","Ball Lightning"],"picked":"SKIP","floor":40.0},{"not_picked":["Lockon","Force Field"],"picked":"White Noise","floor":42.0},{"not_picked":["Barrage","Turbo"],"picked":"Storm","floor":46.0},{"not_picked":["Compile Driver","Ball Lightning"],"picked":"Turbo+1","floor":48.0},{"not_picked":["Streamline+1","Storm"],"picked":"Buffer","floor":55}],"player_experience":3435710,"relics_obtained":[{"floor":9.0,"key":"Emotion Chip"},{"floor":26.0,"key":"Bottled Tornado"},{"floor":30.0,"key":"Strawberry"},{"floor":40.0,"key":"Bird Faced Urn"},{"floor":48.0,"key":"Whetstone"},{"floor":55,"key":"Oddly Smooth Stone"}],"event_choices":[{"damage_healed":0.0,"max_hp_gain":0.0,"max_hp_loss":0.0,"gold_gain":0.0,"event_name":"Lab","player_choice":"Got Potions","floor":7.0,"gold_loss":0.0,"damage_taken":0.0},{"cards_removed":["Strike_B"],"damage_healed":0.0,"max_hp_gain":0.0,"max_hp_loss":0.0,"gold_gain":0.0,"event_name":"Beggar","player_choice":"Gave Gold","floor":19.0,"gold_loss":75.0,"damage_taken":0.0},{"damage_healed":0.0,"max_hp_gain":0.0,"max_hp_loss":0.0,"gold_gain":360.0,"event_name":"Knowing Skull","player_choice":"GOLD GOLD GOLD GOLD ","floor":27.0,"potions_obtained":[],"gold_loss":0.0,"damage_taken":30.0,"cards_obtained":[]},{"damage_healed":0.0,"max_hp_gain":5.0,"max_hp_loss":0.0,"gold_gain":0.0,"event_name":"Forgotten Altar","player_choice":"Shed Blood","floor":31.0,"gold_loss":0.0,"damage_taken":25.0},{"cards_removed":["Defend_B"],"damage_healed":0.0,"max_hp_gain":0.0,"max_hp_loss":0.0,"gold_gain":0.0,"event_name":"Falling","player_choice":"Removed Skill","floor":37.0,"gold_loss":0.0,"damage_taken":0.0},{"damage_healed":0.0,"max_hp_gain":0.0,"max_hp_loss":0.0,"gold_gain":0.0,"event_name":"Tomb of Lord Red Mask","player_choice":"Ignored","floor":38.0,"gold_loss":0.0,"damage_taken":0.0}],"is_beta":false,"boss_relics":[{"not_picked":["FrozenCore","Busted Crown"],"picked":"Runic Pyramid"},{"not_picked":["Lizard Tail","Snecko Eye"],"picked":"Nuclear Battery"}],"items_purged_floors":[5,44],"is_endless":false,"potions_floor_spawned":[3,10,16,28,33,36,40,46,48],"ascension_level":20}