{"gold_per_floor":[369,444,161,171,171,171,183,183,183,196,196,215,115,130,130,234,234,249,249,268,268,143,143,155,155,204,54,73,73,85,101,101,201,201,214,214,226,244,244,274,274,274,274,99,109,109,58,74,74,74],"floor_reached":51,"playtime":1189,"items_purged":["Shame","Defend_G","Defend_G","Defend_G","Defend_G"],"score":919,"play_id":"94e5aa92-70ea-45e8-bcf6-71d265989466","local_time":"20181115133911","is_ascension_mode":false,"campfire_choices":[{"data":"Grand Finale","floor":6.0,"key":"SMITH"},{"data":"Neutralize","floor":8.0,"key":"SMITH"},{"data":"Well Laid Plans","floor":11.0,"key":"SMITH"},{"data":"Backflip","floor":15.0,"key":"SMITH"},{"data":"Acrobatics","floor":23.0,"key":"SMITH"},{"data":"Backflip","floor":25.0,"key":"SMITH"},{"data":"Well Laid Plans","floor":32.0,"key":"SMITH"},{"data":"Survivor","floor":41,"key":"SMITH"},{"data":"Strike_G","floor":46,"key":"SMITH"},{"data":"Strike_G","floor":49,"key":"SMITH"}],"neow_cost":"CURSE","seed_source_timestamp":12410720450517,"circlet_count":0,"master_deck":["Defend_G","Strike_G+1","Strike_G+1","Strike_G","Strike_G","Neutralize+1","Grand Finale+1","Backflip+1","Backflip+1","Well Laid Plans+1","Acrobatics+1","Acrobatics+1","Well Laid Plans+1","Grand Finale+1"],"special_seed":0,"relics":["Ring of the Snake","Sundial","Coffee Dripper","Art of War","Paper Crane","Runic Pyramid","Pear","Singing Bowl"],"potions_floor_usage":[40,40,50,50],"damage_taken":[{"damage":8.0,"enemies":"Small Slimes","floor":1.0,"turns":4.0},{"damage":0.0,"enemies":"Jaw Worm","floor":4.0,"turns":2.0},{"damage":1.0,"enemies":"2 Louse","floor":7.0,"turns":3.0},{"damage":0.0,"enemies":"Exordium Wildlife","floor":10.0,"turns":2.0},{"damage":0.0,"enemies":"Blue Slaver","floor":12.0,"turns":4.0},{"damage":0.0,"enemies":"2 Fungi Beasts","floor":14.0,"turns":2.0},{"damage":0.0,"enemies":"Hexaghost","floor":16.0,"turns":6.0},{"damage":0.0,"enemies":"Spheric Guardian","floor":18.0,"turns":3.0},{"damage":0.0,"enemies":"Chosen","floor":20.0,"turns":3.0},{"damage":0.0,"enemies":"Snecko","floor":24.0,"turns":3.0},{"damage":0.0,"enemies":"Sentry and Sphere","floor":28.0,"turns":1.0},{"damage":0.0,"enemies":"Shelled Parasite and Fungi","floor":30.0,"turns":1.0},{"damage":0.0,"enemies":"Snecko","floor":31.0,"turns":2.0},{"damage":0.0,"enemies":"Champ","floor":33.0,"turns":3.0},{"damage":0.0,"enemies":"Orb Walker","floor":35.0,"turns":2.0},{"damage":0.0,"enemies":"3 Darklings","floor":37.0,"turns":1.0},{"damage":0.0,"enemies":"4 Shapes","floor":38.0,"turns":1.0},{"damage":0,"enemies":"Nemesis","floor":40,"turns":1},{"damage":0,"enemies":"Maw","floor":45,"turns":2},{"damage":0,"enemies":"Writhing Mass","floor":48,"turns":2},{"damage":0,"enemies":"Time Eater","floor":50,"turns":4}],"seed_played":"-2904975452227329659","potions_obtained":[{"floor":4.0,"key":"Poison Potion"},{"floor":10.0,"key":"Swift Potion"},{"floor":12.0,"key":"Poison Potion"},{"floor":24.0,"key":"SkillPotion"},{"floor":33.0,"key":"SkillPotion"},{"floor":48,"key":"SteroidPotion"}],"is_trial":false,"path_per_floor":["M","?","$","M","?","R","M","R","T","M","R","M","$","M","R","B",null,"M","?","M","?","$","R","M","R","T","$","M","T","M","M","R","B",null,"M","?","M","M","?","E","R","?","T","$","M","R","$","M","R","B",null],"character_chosen":"THE_SILENT","items_purchased":["Grand Finale","Backflip","Swift Potion"],"campfire_rested":0,"item_purchase_floors":[3,3,47],"current_hp_per_floor":[62,51,51,51,51,51,50,50,50,50,50,50,50,50,50,50,70,70,57,57,57,57,57,57,57,57,57,57,57,57,57,57,57,75,75,75,75,75,75,85,85,85,85,85,87,87,87,89,89,89],"gold":74,"neow_bonus":"TWO_FIFTY_GOLD","is_prod":false,"is_daily":false,"chose_seed":false,"campfire_upgraded":10,"win_rate":0,"timestamp":1542260351,"path_taken":["M","?","$","M","?","R","M","R","T","M","R","?","$","M","R","BOSS","M","?","M","?","$","R","M","R","T","?","M","?","M","M","R","BOSS","M","?","?","M","?","E","R","?","T","$","M","R","$","?","R","BOSS"],"build_version":"2018-11-08","purchased_purges":5,"victory":true,"max_hp_per_floor":[70,70,70,70,70,70,70,70,70,70,70,70,70,70,70,70,70,70,75,75,75,75,75,75,75,75,75,75,75,75,75,75,75,75,75,75,75,75,75,85,85,85,85,85,87,87,87,89,89,89],"card_choices":[{"not_picked":["Quick Slash","Skewer","Blade Dance"],"picked":"SKIP","floor":1.0},{"not_picked":["Noxious Fumes","Poisoned Stab","Endless Agony"],"picked":"SKIP","floor":4.0},{"not_picked":["Flechettes","Prepared"],"picked":"Backflip","floor":7.0},{"not_picked":["Backstab","Dagger Spray"],"picked":"Well Laid Plans","floor":10.0},{"not_picked":["Quick Slash","Outmaneuver","Sucker Punch"],"picked":"SKIP","floor":12.0},{"not_picked":["Corpse Explosion","Heel Hook","Deadly Poison"],"picked":"SKIP","floor":14.0},{"not_picked":["Underhanded Strike","Poisoned Stab","Distraction"],"picked":"SKIP","floor":18.0},{"not_picked":["Slice+1","Blade Dance","Finisher"],"picked":"SKIP","floor":20.0},{"not_picked":["Masterful Stab","Outmaneuver+1"],"picked":"Acrobatics+1","floor":24.0},{"not_picked":["Endless Agony","Blade Dance","Quick Slash"],"picked":"SKIP","floor":28.0},{"not_picked":["Leg Sweep+1","Concentrate"],"picked":"Well Laid Plans","floor":30.0},{"not_picked":["Blade Dance","Deadly Poison+1","Reflex"],"picked":"SKIP","floor":31.0},{"not_picked":["PiercingWail+1","Dagger Spray+1","Dodge and Roll"],"picked":"SKIP","floor":35.0},{"not_picked":["Prepared","Skewer+1","Blade Dance+1"],"picked":"SKIP","floor":37.0},{"not_picked":["Bouncing Flask","Flying Knee","Slice+1"],"picked":"SKIP","floor":38.0},{"not_picked":["Dagger Spray+1","Crippling Poison+1","Die Die Die"],"picked":"SKIP","floor":40},{"not_picked":["Heel Hook","Flechettes+1","Underhanded Strike+1"],"picked":"Singing Bowl","floor":45},{"not_picked":["Backflip+1","Prepared","Deadly Poison"],"picked":"Singing Bowl","floor":48}],"player_experience":1019505,"relics_obtained":[{"floor":9.0,"key":"Sundial"},{"floor":26.0,"key":"Art of War"},{"floor":29.0,"key":"Paper Crane"},{"floor":40,"key":"Pear"},{"floor":43,"key":"Singing Bowl"}],"event_choices":[{"damage_healed":0.0,"max_hp_gain":0.0,"max_hp_loss":0.0,"gold_gain":75.0,"event_name":"World of Goop","player_choice":"Gather Gold","floor":2.0,"gold_loss":0.0,"damage_taken":11.0},{"cards_removed":["Strike_G"],"damage_healed":0.0,"max_hp_gain":0.0,"max_hp_loss":0.0,"gold_gain":0.0,"event_name":"Living Wall","player_choice":"Forget","floor":5.0,"gold_loss":0.0,"damage_taken":0.0},{"damage_healed":0.0,"max_hp_gain":5.0,"max_hp_loss":0.0,"gold_gain":0.0,"event_name":"Forgotten Altar","player_choice":"Shed Blood","floor":19.0,"gold_loss":0.0,"damage_taken":18.0},{"damage_healed":0.0,"max_hp_gain":0.0,"max_hp_loss":0.0,"gold_gain":0.0,"event_name":"The Library","player_choice":"Read","floor":21.0,"gold_loss":0.0,"damage_taken":0.0,"cards_obtained":["Acrobatics"]},{"damage_healed":0.0,"max_hp_gain":0.0,"max_hp_loss":0.0,"gold_gain":0.0,"event_name":"Duplicator","player_choice":"Copied","floor":36.0,"gold_loss":0.0,"damage_taken":0.0,"cards_obtained":["Grand Finale"]},{"damage_healed":0.0,"max_hp_gain":0.0,"max_hp_loss":0.0,"gold_gain":0.0,"event_name":"Tomb of Lord Red Mask","player_choice":"Ignored","floor":39.0,"gold_loss":0.0,"damage_taken":0.0},{"cards_removed":["Survivor"],"damage_healed":0,"gold_gain":0,"player_choice":"Removed Skill","damage_taken":0,"max_hp_gain":0,"max_hp_loss":0,"event_name":"Falling","floor":42,"gold_loss":0}],"is_beta":false,"boss_relics":[{"not_picked":["Eternal Feather","Busted Crown"],"picked":"Coffee Dripper"},{"not_picked":["Calling Bell","HoveringKite"],"picked":"Runic Pyramid"}],"items_purged_floors":[3,13,22,27,44],"is_endless":false,"potions_floor_spawned":[4,10,12,14,16,24,28,31,33,35,48],"ascension_level":0}