{"gold_per_floor":[111,131,131,147,72,72,103,103,173,173,193,227,245,262,262,337,337,356,329,329,279,299,299,317,317,317,317,337,165,192,222,222,299,299,310,329,329,329,329,357,357],"floor_reached":41,"playtime":1288,"items_purged":["Strike_G","Defend_G"],"score":921,"play_id":"8cb4c3a2-f11e-4249-ad5e-a6de95478389","local_time":"20190218215252","is_ascension_mode":true,"campfire_choices":[{"data":"A Thousand Cuts","floor":6,"key":"SMITH"},{"data":"Neutralize","floor":8,"key":"SMITH"},{"data":"Bouncing Flask","floor":15,"key":"SMITH"},{"data":"Adrenaline","floor":23,"key":"SMITH"},{"floor":25,"key":"REST"},{"data":"Malaise","floor":27,"key":"SMITH"},{"data":"Footwork","floor":32,"key":"SMITH"}],"neow_cost":"NONE","seed_source_timestamp":92580767473824,"circlet_count":0,"master_deck":["AscendersBane","Defend_G","Defend_G","Defend_G","Defend_G","Survivor","Neutralize+1","A Thousand Cuts+1","Backstab","Malaise+1","Bouncing Flask+1","Adrenaline+1","Noxious Fumes+1","Cloak And Dagger+1","Blade Dance","Footwork+1"],"relics":["Ring of the Snake","NeowsBlessing","Ancient Tea Set","Pear","Oddly Smooth Stone","Empty Cage","Darkstone Periapt","Unceasing Top","Coffee Dripper","Matryoshka","Singing Bowl"],"potions_floor_usage":[12,16,19,33],"damage_taken":[{"damage":0,"enemies":"Cultist","floor":1,"turns":1},{"damage":0,"enemies":"Small Slimes","floor":2,"turns":1},{"damage":0,"enemies":"2 Louse","floor":4,"turns":1},{"damage":26,"enemies":"3 Sentries","floor":7,"turns":8},{"damage":0,"enemies":"Gremlin Gang","floor":11,"turns":2},{"damage":22,"enemies":"Gremlin Nob","floor":12,"turns":4},{"damage":0,"enemies":"Looter","floor":13,"turns":4},{"damage":3,"enemies":"2 Fungi Beasts","floor":14,"turns":3},{"damage":0,"enemies":"Hexaghost","floor":16,"turns":9},{"damage":0,"enemies":"Spheric Guardian","floor":18,"turns":3},{"damage":20,"enemies":"2 Thieves","floor":19,"turns":5},{"damage":25,"enemies":"Colosseum Slavers","floor":20,"turns":6},{"damage":0,"enemies":"Snecko","floor":22,"turns":6},{"damage":11,"enemies":"Snake Plant","floor":24,"turns":7},{"damage":1,"enemies":"Centurion and Healer","floor":28,"turns":8},{"damage":0,"enemies":"Gremlin Leader","floor":31,"turns":5},{"damage":17,"enemies":"Champ","floor":33,"turns":13},{"damage":5,"enemies":"3 Shapes","floor":35,"turns":3},{"damage":10,"enemies":"3 Darklings","floor":36,"turns":6},{"damage":44,"enemies":"Nemesis","floor":40,"turns":9},{"damage":7,"enemies":"Sphere and 2 Shapes","floor":41,"turns":3}],"seed_played":"-7771979001286887241","potions_obtained":[{"floor":7,"key":"Poison Potion"},{"floor":12,"key":"Fire Potion"},{"floor":13,"key":"Swift Potion"},{"floor":14,"key":"SkillPotion"},{"floor":22,"key":"Ancient Potion"},{"floor":28,"key":"GhostInAJar"},{"floor":36,"key":"Strength Potion"}],"is_trial":false,"path_per_floor":["M","M","?","M","$","R","E","R","T","?","M","E","M","M","R","B",null,"M","M","?","?","M","R","M","R","T","R","M","$","T","E","R","B",null,"M","M","?","?","?","E","M"],"character_chosen":"THE_SILENT","items_purchased":["Footwork"],"campfire_rested":1,"item_purchase_floors":[29],"current_hp_per_floor":[59,59,59,59,59,59,33,33,43,43,43,21,21,18,18,18,62,62,42,17,17,17,17,6,28,28,28,27,27,27,27,27,10,60,55,45,45,45,45,3,0],"gold":357,"neow_bonus":"THREE_ENEMY_KILL","is_prod":false,"is_daily":false,"chose_seed":false,"campfire_upgraded":6,"win_rate":0,"timestamp":1550497972,"path_taken":["M","?","?","M","$","R","E","R","T","?","M","E","M","M","R","BOSS","M","?","?","?","?","R","M","R","T","R","M","$","?","E","R","BOSS","M","M","?","?","?","E","M"],"build_version":"2019-01-23","purchased_purges":2,"victory":false,"max_hp_per_floor":[66,66,66,66,66,66,66,66,76,76,76,76,76,76,76,76,76,76,76,76,76,76,76,76,76,76,76,76,76,76,76,76,76,76,76,76,76,72,72,74,74],"card_choices":[{"not_picked":["Sucker Punch","Outmaneuver","Setup"],"picked":"SKIP","floor":1},{"not_picked":["Prepared","Slice","Poisoned Stab"],"picked":"SKIP","floor":2},{"not_picked":["Endless Agony","Finisher"],"picked":"Backstab","floor":4},{"not_picked":["Bane","Masterful Stab"],"picked":"Malaise","floor":7},{"not_picked":["Prepared","Heel Hook"],"picked":"Bouncing Flask","floor":11},{"not_picked":["Deadly Poison","Flechettes","Underhanded Strike"],"picked":"SKIP","floor":12},{"not_picked":["Prepared","Flying Knee","Bane"],"picked":"SKIP","floor":13},{"not_picked":["Bane","Dagger Spray","Dagger Throw"],"picked":"SKIP","floor":14},{"not_picked":["Malaise","Grand Finale"],"picked":"Adrenaline","floor":16},{"not_picked":["Quick Slash","Prepared","Slice"],"picked":"SKIP","floor":18},{"not_picked":["Deflect","Infinite Blades","Accuracy"],"picked":"SKIP","floor":19},{"not_picked":["Expertise","Finisher"],"picked":"Noxious Fumes+1","floor":22},{"not_picked":["Dagger Throw","Dash"],"picked":"Cloak And Dagger+1","floor":24},{"not_picked":["Acrobatics","Riddle With Holes+1"],"picked":"Blade Dance","floor":28},{"not_picked":["Dagger Throw","All Out Attack","Expertise"],"picked":"SKIP","floor":31},{"not_picked":["Tools of the Trade","After Image"],"picked":"Envenom","floor":33},{"not_picked":["Skewer+1","Outmaneuver+1","Prepared"],"picked":"SKIP","floor":35},{"not_picked":["Cloak And Dagger","Flying Knee+1","Quick Slash"],"picked":"SKIP","floor":36},{"not_picked":["Cloak And Dagger","Dodge and Roll","Bouncing Flask+1"],"picked":"Singing Bowl","floor":40}],"player_experience":823812,"relics_obtained":[{"floor":7,"key":"Ancient Tea Set"},{"floor":9,"key":"Pear"},{"floor":12,"key":"Oddly Smooth Stone"},{"floor":26,"key":"Darkstone Periapt"},{"floor":31,"key":"Unceasing Top"},{"floor":40,"key":"Singing Bowl"}],"event_choices":[{"damage_healed":0,"gold_gain":0,"cards_transformed":["Strike_G"],"player_choice":"Change","damage_taken":0,"max_hp_gain":0,"max_hp_loss":0,"event_name":"Living Wall","floor":3,"gold_loss":0,"cards_obtained":["A Thousand Cuts"]},{"cards_removed":["Strike_G"],"damage_healed":0,"gold_gain":0,"player_choice":"Offered Basic","damage_taken":0,"max_hp_gain":0,"max_hp_loss":0,"event_name":"Bonfire Elementals","floor":10,"gold_loss":0},{"damage_healed":0,"gold_gain":0,"player_choice":"Fight","damage_taken":0,"max_hp_gain":0,"max_hp_loss":0,"event_name":"Colosseum","floor":20,"gold_loss":0},{"damage_healed":0,"gold_gain":0,"player_choice":"Fled From Nobs","damage_taken":0,"max_hp_gain":0,"max_hp_loss":0,"event_name":"Colosseum","floor":20,"gold_loss":0},{"damage_healed":0,"gold_gain":0,"player_choice":"Bet on Owner","damage_taken":0,"max_hp_gain":0,"max_hp_loss":0,"event_name":"The Joust","floor":21,"gold_loss":50},{"damage_healed":0,"gold_gain":0,"player_choice":"Memory 1","damage_taken":0,"max_hp_gain":0,"max_hp_loss":0,"event_name":"SensoryStone","floor":37,"gold_loss":0},{"damage_healed":0,"gold_gain":0,"player_choice":"Max HP","damage_taken":0,"max_hp_gain":0,"max_hp_loss":4,"event_name":"Winding Halls","floor":38,"gold_loss":0},{"cards_removed":["Envenom"],"damage_healed":0,"gold_gain":0,"player_choice":"Gave Card","damage_taken":0,"relics_obtained":["Matryoshka"],"max_hp_gain":0,"max_hp_loss":0,"event_name":"WeMeetAgain","floor":39,"gold_loss":0}],"is_beta":false,"boss_relics":[{"not_picked":["White Beast Statue","Calling Bell"],"picked":"Empty Cage"},{"not_picked":["Ring of the Serpent","WristBlade"],"picked":"Coffee Dripper"}],"items_purged_floors":[5,29],"is_endless":false,"potions_floor_spawned":[7,12,13,14,22,28,31,36],"killed_by":"Sphere and 2 Shapes","ascension_level":15}