{"gold_per_floor":[117,136,151,151,171,171,204,204,204,11,11,41,58,116,116,216,216,229,255,255,53,53,82,82,97,97,97,124,124,51,71,71,170,170,180,280,142,155,155,155,182,197,246,5,37,47,64,64,64,64],"floor_reached":51,"playtime":3440,"items_purged":["Strike_G","Strike_G"],"score":840,"play_id":"3a53d22f-1ac0-41bb-9dad-c33433bb5845","local_time":"20190808172355","is_ascension_mode":true,"campfire_choices":[{"data":"Neutralize","floor":6,"key":"SMITH"},{"data":"Cloak And Dagger","floor":8,"key":"SMITH"},{"data":"After Image","floor":11,"key":"SMITH"},{"data":"Blade Dance","floor":15,"key":"SMITH"},{"data":"Accuracy","floor":24,"key":"SMITH"},{"data":"Caltrops","floor":27,"key":"SMITH"},{"data":"Sucker Punch","floor":32,"key":"SMITH"},{"data":"Footwork","floor":40,"key":"SMITH"},{"floor":49,"key":"REST"}],"neow_cost":"NONE","seed_source_timestamp":2556749192218502,"circlet_count":0,"master_deck":["Strike_G","Strike_G","Defend_G","Defend_G","Defend_G","Defend_G","Defend_G","Survivor","Neutralize+1","Flying Knee","Cloak And Dagger+1","Dodge and Roll","Quick Slash","Distraction","Blade Dance+1","After Image+1","Dash","Dodge and Roll","Acrobatics","Dagger Spray","Outmaneuver","Adrenaline","Dodge and Roll+1","Poisoned Stab+1","Flying Knee","Accuracy+1","Blade Dance","Caltrops+1","Terror","PiercingWail","Leg Sweep","Deadly Poison","Sucker Punch+1","A Thousand Cuts","Escape Plan","Choke+1","Backstab+1","Footwork+1","Cloak And Dagger+1","Flying Knee+1","Envenom","PiercingWail+1","Heel Hook+1","Blade Dance","Caltrops","Calculated Gamble","Blur","Riddle With Holes"],"relics":["Ring of the Snake","Pantograph","Prayer Wheel","Unceasing Top","Bronze Scales","Tiny Chest","Philosopher\u0027s Stone","Red Mask","Incense Burner","Nunchaku","Ancient Tea Set","Sozu","The Specimen","Happy Flower","Centennial Puzzle","Bottled Lightning","Letter Opener"],"potions_floor_usage":[16,23,29,33,33,50],"damage_taken":[{"damage":0,"enemies":"Cultist","floor":1,"turns":3},{"damage":6,"enemies":"2 Louse","floor":2,"turns":3},{"damage":1,"enemies":"Small Slimes","floor":3,"turns":5},{"damage":1,"enemies":"Blue Slaver","floor":5,"turns":5},{"damage":32,"enemies":"3 Sentries","floor":7,"turns":11},{"damage":0,"enemies":"Lagavulin","floor":12,"turns":9},{"damage":0,"enemies":"Exordium Wildlife","floor":13,"turns":4},{"damage":6,"enemies":"3 Sentries","floor":14,"turns":8},{"damage":27,"enemies":"Slime Boss","floor":16,"turns":12},{"damage":3,"enemies":"Spheric Guardian","floor":18,"turns":4},{"damage":35,"enemies":"Masked Bandits","floor":19,"turns":5},{"damage":19,"enemies":"Slavers","floor":23,"turns":6},{"damage":0,"enemies":"Chosen","floor":25,"turns":4},{"damage":0,"enemies":"Snake Plant","floor":29,"turns":1},{"damage":4,"enemies":"Centurion and Healer","floor":31,"turns":6},{"damage":29,"enemies":"Collector","floor":33,"turns":9},{"damage":10,"enemies":"3 Shapes","floor":35,"turns":2},{"damage":0,"enemies":"Mind Bloom Boss Battle","floor":36,"turns":6},{"damage":0,"enemies":"3 Darklings","floor":38,"turns":3},{"damage":32,"enemies":"Reptomancer","floor":41,"turns":8},{"damage":20,"enemies":"Spire Growth","floor":42,"turns":5},{"damage":3,"enemies":"Giant Head","floor":45,"turns":7},{"damage":0,"enemies":"Jaw Worm Horde","floor":46,"turns":3},{"damage":0,"enemies":"4 Shapes","floor":47,"turns":5},{"damage":44,"enemies":"Awakened One","floor":50,"turns":11}],"seed_played":"3281439771043461781","potions_obtained":[{"floor":2,"key":"SkillPotion"},{"floor":5,"key":"SpeedPotion"},{"floor":13,"key":"Block Potion"},{"floor":14,"key":"Swift Potion"},{"floor":16,"key":"Energy Potion"},{"floor":18,"key":"FearPotion"},{"floor":23,"key":"SmokeBomb"},{"floor":31,"key":"Dexterity Potion"}],"is_trial":false,"path_per_floor":["M","M","M","?","M","R","E","R","T","$","R","E","M","E","R","B",null,"M","?","?","$","?","E","R","M","T","R","T","M","$","M","R","B",null,"M","?","$","M","?","R","E","M","T","$","E","M","M","?","R","B",null],"character_chosen":"THE_SILENT","items_purchased":["After Image","Dash","Accuracy","Blade Dance","Leg Sweep","Footwork","Bottled Lightning"],"campfire_rested":1,"item_purchase_floors":[10,10,21,21,30,37,44],"current_hp_per_floor":[70,64,63,63,62,62,30,30,30,30,30,30,30,24,24,22,70,67,32,19,19,44,25,25,25,25,25,25,25,25,21,21,17,75,65,75,75,75,71,71,39,19,19,19,16,16,16,16,37,18],"gold":64,"neow_bonus":"THREE_CARDS","is_prod":false,"is_daily":false,"chose_seed":false,"campfire_upgraded":8,"win_rate":0,"timestamp":1565274235,"path_taken":["M","?","M","?","?","R","E","R","T","$","R","E","?","E","R","BOSS","M","?","?","?","?","E","R","M","T","R","?","M","$","M","R","BOSS","M","?","$","M","?","R","E","M","T","?","E","M","M","?","R","BOSS"],"build_version":"2019-07-17","purchased_purges":2,"victory":true,"max_hp_per_floor":[70,70,70,70,70,70,70,70,70,70,70,70,70,70,70,70,70,70,70,75,75,75,75,75,75,75,75,75,75,75,75,75,75,75,75,75,75,75,71,71,71,71,71,71,71,71,71,71,71,71],"card_choices":[{"not_picked":["Deadly Poison","Deflect"],"picked":"Flying Knee","floor":0},{"not_picked":["Masterful Stab","Choke"],"picked":"Cloak And Dagger","floor":1},{"not_picked":["Deflect","Outmaneuver"],"picked":"Dodge and Roll","floor":2},{"not_picked":["Catalyst","Tools of the Trade"],"picked":"Quick Slash","floor":3},{"not_picked":["Slice","PiercingWail"],"picked":"Distraction","floor":5},{"not_picked":["Distraction","Flying Knee"],"picked":"Blade Dance","floor":7},{"not_picked":["Calculated Gamble","Quick Slash"],"picked":"Dodge and Roll","floor":12},{"not_picked":["Deadly Poison","Eviscerate"],"picked":"Acrobatics","floor":13},{"not_picked":["Predator","Deflect"],"picked":"Dagger Spray","floor":13},{"not_picked":["Doppelganger","Underhanded Strike"],"picked":"Outmaneuver","floor":14},{"not_picked":["Doppelganger","Tools of the Trade"],"picked":"Adrenaline","floor":16},{"not_picked":["Heel Hook","Slice"],"picked":"Dodge and Roll+1","floor":18},{"not_picked":["Endless Agony+1","Heel Hook"],"picked":"Poisoned Stab+1","floor":18},{"not_picked":["Slice","Dagger Spray"],"picked":"Flying Knee","floor":19},{"not_picked":["Bane","Terror"],"picked":"Caltrops","floor":23},{"not_picked":["Tactician","Acrobatics"],"picked":"Terror","floor":25},{"not_picked":["Deflect","Deadly Poison"],"picked":"PiercingWail","floor":25},{"not_picked":["Outmaneuver+1","Dash"],"picked":"Deadly Poison","floor":31},{"not_picked":["Backflip","Quick Slash"],"picked":"Sucker Punch","floor":31},{"not_picked":["Wraith Form v2","Corpse Explosion"],"picked":"A Thousand Cuts","floor":33},{"not_picked":["Bouncing Flask","Choke"],"picked":"Escape Plan","floor":35},{"not_picked":["Underhanded Strike+1","Acrobatics+1"],"picked":"Choke+1","floor":35},{"not_picked":["Leg Sweep","Deadly Poison"],"picked":"Backstab+1","floor":36},{"not_picked":["Dodge and Roll","Outmaneuver"],"picked":"Cloak And Dagger+1","floor":38},{"not_picked":["Bane","Terror+1"],"picked":"Flying Knee+1","floor":38},{"not_picked":["Deadly Poison","Caltrops+1"],"picked":"Envenom","floor":41},{"not_picked":["Acrobatics","Flechettes"],"picked":"PiercingWail+1","floor":42},{"not_picked":["Acrobatics","Tactician"],"picked":"Heel Hook+1","floor":42},{"not_picked":["Slice","Dash"],"picked":"Blade Dance","floor":45},{"not_picked":["Catalyst+1","Flying Knee"],"picked":"Caltrops","floor":46},{"not_picked":["Endless Agony","Underhanded Strike+1","Die Die Die"],"picked":"SKIP","floor":46},{"not_picked":["Outmaneuver","Underhanded Strike"],"picked":"Calculated Gamble","floor":47},{"not_picked":["Dagger Throw","Eviscerate+1"],"picked":"Blur","floor":47}],"player_experience":140280,"relics_obtained":[{"floor":7,"key":"Prayer Wheel"},{"floor":9,"key":"Unceasing Top"},{"floor":12,"key":"Bronze Scales"},{"floor":14,"key":"Tiny Chest"},{"floor":19,"key":"Red Mask"},{"floor":23,"key":"Incense Burner"},{"floor":26,"key":"Nunchaku"},{"floor":28,"key":"Ancient Tea Set"},{"floor":36,"key":"The Specimen"},{"floor":41,"key":"Happy Flower"},{"floor":43,"key":"Centennial Puzzle"},{"floor":45,"key":"Letter Opener"}],"event_choices":[{"damage_healed":0,"gold_gain":0,"player_choice":"Gave Potion","damage_taken":0,"relics_obtained":["Pantograph"],"max_hp_gain":0,"max_hp_loss":0,"event_name":"WeMeetAgain","floor":4,"gold_loss":0},{"damage_healed":0,"gold_gain":0,"player_choice":"Fought Bandits","damage_taken":0,"max_hp_gain":0,"max_hp_loss":0,"event_name":"Masked Bandits","floor":19,"gold_loss":0},{"damage_healed":0,"gold_gain":0,"player_choice":"Shed Blood","damage_taken":18,"max_hp_gain":5,"max_hp_loss":0,"event_name":"Forgotten Altar","floor":20,"gold_loss":0},{"damage_healed":25,"gold_gain":0,"player_choice":"Heal","damage_taken":0,"max_hp_gain":0,"max_hp_loss":0,"event_name":"The Library","floor":22,"gold_loss":0},{"damage_healed":0,"gold_gain":0,"player_choice":"Fight","damage_taken":0,"max_hp_gain":0,"max_hp_loss":0,"event_name":"MindBloom","floor":36,"gold_loss":0},{"damage_healed":0,"gold_gain":0,"player_choice":"Max HP","damage_taken":0,"max_hp_gain":0,"max_hp_loss":4,"event_name":"Winding Halls","floor":39,"gold_loss":0},{"damage_healed":0,"gold_gain":0,"cards_transformed":["Strike_G"],"player_choice":"Transformed","damage_taken":0,"max_hp_gain":0,"max_hp_loss":0,"event_name":"Transmorgrifier","floor":48,"gold_loss":0,"cards_obtained":["Riddle With Holes"]}],"is_beta":false,"boss_relics":[{"not_picked":["HoveringKite","Pandora\u0027s Box"],"picked":"Philosopher\u0027s Stone"},{"not_picked":["Empty Cage","Lizard Tail"],"picked":"Sozu"}],"items_purged_floors":[21,37],"is_endless":false,"potions_floor_spawned":[2,5,13,14,16,18,23,31,36,38,42,45],"ascension_level":2}