{"path_per_floor":["M","M","T","$","M","E","$","R","T","?","?","T","M","M","R","B",null,"M","$","?","M","$","R","M","E","T","?","?","$","E","M","R","B",null,"M","M","?","M","M","$","M","?","T","R","M","M","M","M","R","B"],"character_chosen":"IRONCLAD","items_purchased":["Metallicize","Jack Of All Trades","Paper Frog"],"gold_per_floor":[116,131,131,56,67,101,67,67,90,165,165,165,181,199,199,304,304,316,216,216,235,110,110,125,153,201,201,101,8,37,49,49,147,147,162,182,227,238,250,4,22,22,22,22,39,57,75,91,91,91],"floor_reached":51,"campfire_rested":2,"playtime":2801,"current_hp_per_floor":[64,62,62,62,71,50,50,50,50,39,39,39,33,51,51,42,88,71,71,71,70,70,70,64,39,39,39,39,39,28,43,86,49,96,80,67,50,52,53,53,31,57,57,57,61,52,48,58,105,74],"items_purged":["Defend_R","Defend_R","Defend_R"],"gold":91,"score":741,"play_id":"74308573-929b-4ebb-988d-bb9c1a697968","local_time":"20180315232628","is_prod":false,"is_daily":false,"is_ascension_mode":false,"campfire_upgraded":4,"timestamp":1521152788,"path_taken":["M","M","?","?","M","E","$","R","T","?","?","?","M","M","R","BOSS","M","$","?","M","$","R","M","E","T","?","?","$","E","M","R","BOSS","M","M","?","M","?","$","M","?","T","R","?","M","M","M","R","BOSS"],"build_version":"2018-03-09","purchased_purges":3,"victory":true,"master_deck":["Strike_R","Strike_R","Strike_R","Strike_R","Defend_R","Bash","Feed+1","Perfected Strike","Headbutt","Thunderclap","Demon Form+1","Metallicize","Hemokinesis","Dropkick","Limit Break+1","Whirlwind+1","Heavy Blade+1","Inflame","J.A.X.","Jack Of All Trades+1","Iron Wave","Exhume","Twin Strike+1","Warcry+1","Evolve+1","Twin Strike+1","Heavy Blade+1"],"max_hp_per_floor":[75,78,78,78,81,81,81,81,81,81,81,81,81,84,84,88,88,88,88,88,92,92,92,96,96,96,96,96,96,96,96,96,96,96,96,100,104,104,104,104,104,104,104,104,104,108,108,108,108,112],"relics":["Burning Blood","Thread and Needle","Omamori","Regal Pillow","Meat on the Bone","Velvet Choker","Self Forming Clay","Vajra","Dream Catcher","Philosopher\u0027s Stone","Du-Vu Doll","Paper Frog","Bag of Marbles"],"card_choices":[{"not_picked":["Brutality","Demon Form"],"picked":"Feed"},{"not_picked":["Flex","Warcry"],"picked":"Perfected Strike"},{"not_picked":["Second Wind","Wild Strike"],"picked":"Headbutt"},{"not_picked":["Flex","Searing Blow"],"picked":"Thunderclap"},{"not_picked":["Headbutt","Shrug It Off"],"picked":"Demon Form"},{"not_picked":["True Grit","Pommel Strike"],"picked":"Dropkick"},{"not_picked":["Double Tap","Fiend Fire"],"picked":"Limit Break"},{"not_picked":["Armaments","Cleave"],"picked":"Whirlwind"},{"not_picked":["Body Slam","Sword Boomerang"],"picked":"Heavy Blade"},{"not_picked":["Pommel Strike","Brutality"],"picked":"Inflame"},{"not_picked":["Seeing Red","Shrug It Off"],"picked":"Iron Wave"},{"not_picked":["Juggernaut","Bludgeon"],"picked":"Exhume"},{"not_picked":["Metallicize","Combust"],"picked":"Twin Strike"},{"not_picked":["Havoc","Feel No Pain"],"picked":"Warcry"},{"not_picked":["Fire Breathing","Wild Strike"],"picked":"Evolve"},{"not_picked":["Ghostly Armor","Pommel Strike"],"picked":"Twin Strike"},{"not_picked":["Pommel Strike","True Grit"],"picked":"Heavy Blade"}],"player_experience":150688,"potions_floor_usage":[16,16,25,30,50,50,50],"damage_taken":[{"damage":17,"enemies":"Cultist","floor":1,"turns":5},{"damage":11,"enemies":"Jaw Worm","floor":2,"turns":3},{"damage":0,"enemies":"2 Louse","floor":5,"turns":2},{"damage":27,"enemies":"Lagavulin","floor":6,"turns":5},{"damage":24,"enemies":"Exordium Wildlife","floor":13,"turns":5},{"damage":3,"enemies":"Gremlin Gang","floor":14,"turns":4},{"damage":31,"enemies":"Hexaghost","floor":16,"turns":8},{"damage":23,"enemies":"Shell Parasite","floor":18,"turns":4},{"damage":11,"enemies":"Chosen","floor":21,"turns":5},{"damage":16,"enemies":"Centurion and Healer","floor":24,"turns":5},{"damage":43,"enemies":"Book of Stabbing","floor":25,"turns":4},{"damage":35,"enemies":"Gremlin Leader","floor":30,"turns":4},{"damage":3,"enemies":"Cultist and Chosen","floor":31,"turns":2},{"damage":55,"enemies":"Collector","floor":33,"turns":7},{"damage":22,"enemies":"Orb Walker","floor":35,"turns":4},{"damage":35,"enemies":"3 Shapes","floor":36,"turns":4},{"damage":39,"enemies":"Mysterious Sphere","floor":37,"turns":4},{"damage":16,"enemies":"3 Darklings","floor":38,"turns":2},{"damage":17,"enemies":"4 Shapes","floor":39,"turns":3},{"damage":40,"enemies":"Sphere and 2 Shapes","floor":41,"turns":4},{"damage":18,"enemies":"3 Darklings","floor":45,"turns":4},{"damage":31,"enemies":"4 Shapes","floor":46,"turns":4},{"damage":22,"enemies":"Maw","floor":47,"turns":4},{"damage":8,"enemies":"3 Darklings","floor":48,"turns":3},{"damage":41,"enemies":"Time Eater","floor":50,"turns":4}],"event_choices":[{"event_name":"World of Goop","player_choice":"Gather Gold","floor":10,"damage_taken":0},{"event_name":"Transmorgrifier","player_choice":"Transform","floor":11,"damage_taken":0},{"event_name":"Vampires","player_choice":"Ignored","floor":20,"damage_taken":0},{"event_name":"Accursed Blacksmith","player_choice":"Forge","floor":27,"damage_taken":0},{"event_name":"Drug Dealer","player_choice":"Got JAXXED","floor":28,"damage_taken":0},{"event_name":"Mysterious Sphere","player_choice":"Fight","floor":37,"damage_taken":0},{"event_name":"Winding Halls","player_choice":"Writhe","floor":42,"damage_taken":0}],"boss_relics":[{"not_picked":["Calling Bell","Runic Pyramid"],"picked":"Velvet Choker"},{"not_picked":["Orrery","Runic Cube"],"picked":"Philosopher\u0027s Stone"}],"potions_floor_spawned":[5,6,16,21,24,33,37,38,45,46,47],"seed_played":"-5095964810502526730","ascension_level":0,"is_trial":false}