{"gold_per_floor":[214,0,10,22,22,22,35,110,179,149,160,160,172,195,195,291,291,302,315,350,360,222,222,242,242,242,117,117,132,132,132,132,236,236,254,265,276,276,289,289,304,304,304,323,336,349,349,349,349,349],"floor_reached":51,"playtime":2041,"items_purged":["Strike_G","Strike_G","Strike_G"],"score":693,"play_id":"0b3c32ee-ac54-4232-9f9b-a6c12c077754","local_time":"20181017190315","is_ascension_mode":false,"campfire_choices":[{"data":"Well Laid Plans","floor":6.0,"key":"SMITH"},{"data":"Deadly Poison","floor":12.0,"key":"SMITH"},{"data":"Crippling Poison","floor":15.0,"key":"SMITH"},{"data":"Well Laid Plans","floor":23.0,"key":"SMITH"},{"data":"Footwork","floor":25.0,"key":"SMITH"},{"data":"Corpse Explosion","floor":28.0,"key":"SMITH"},{"data":"Purity","floor":30.0,"key":"SMITH"},{"data":"Neutralize","floor":32.0,"key":"SMITH"},{"data":"Grand Finale","floor":40,"key":"SMITH"},{"data":"Defend_G","floor":42,"key":"SMITH"},{"floor":47,"key":"REST"},{"data":"Footwork","floor":49,"key":"SMITH"}],"neow_cost":"NONE","seed_source_timestamp":30449910392400,"circlet_count":0,"master_deck":["Defend_G+1","Defend_G","Defend_G","Defend_G","Defend_G","Strike_G","Strike_G","Survivor","Neutralize+1","Well Laid Plans+1","Purity+1","Crippling Poison+1","Deadly Poison+1","Footwork+1","Corpse Explosion+1","Well Laid Plans+1","Well Laid Plans","Grand Finale+1","Footwork+1"],"special_seed":0,"relics":["Ring of the Serpent","Singing Bowl","Odd Mushroom","Sozu","Red Mask","Bag of Preparation","Question Card"],"potions_floor_usage":[],"damage_taken":[{"damage":0.0,"enemies":"2 Louse","floor":1.0,"turns":4.0},{"damage":0.0,"enemies":"Jaw Worm","floor":3.0,"turns":5.0},{"damage":0.0,"enemies":"Cultist","floor":4.0,"turns":5.0},{"damage":5.0,"enemies":"2 Fungi Beasts","floor":7.0,"turns":4.0},{"damage":0.0,"enemies":"Looter","floor":10.0,"turns":4.0},{"damage":0.0,"enemies":"Lots of Slimes","floor":11.0,"turns":1.0},{"damage":0.0,"enemies":"2 Fungi Beasts","floor":13.0,"turns":3.0},{"damage":5.0,"enemies":"The Mushroom Lair","floor":14.0,"turns":7.0},{"damage":40.0,"enemies":"Slime Boss","floor":16.0,"turns":13.0},{"damage":9.0,"enemies":"2 Thieves","floor":18.0,"turns":4.0},{"damage":2.0,"enemies":"Spheric Guardian","floor":19.0,"turns":6.0},{"damage":20.0,"enemies":"Masked Bandits","floor":20.0,"turns":3.0},{"damage":11.0,"enemies":"Centurion and Healer","floor":21.0,"turns":7.0},{"damage":2.0,"enemies":"Shelled Parasite and Fungi","floor":24.0,"turns":7.0},{"damage":0.0,"enemies":"Sentry and Sphere","floor":29.0,"turns":3.0},{"damage":23.0,"enemies":"Collector","floor":33.0,"turns":8.0},{"damage":0,"enemies":"3 Shapes","floor":35,"turns":3},{"damage":9,"enemies":"3 Darklings","floor":36,"turns":3},{"damage":15,"enemies":"Transient","floor":37,"turns":5},{"damage":0,"enemies":"4 Shapes","floor":39,"turns":6},{"damage":6,"enemies":"Spire Growth","floor":41,"turns":6},{"damage":0,"enemies":"Sphere and 2 Shapes","floor":44,"turns":4},{"damage":7,"enemies":"Reptomancer","floor":45,"turns":7},{"damage":10,"enemies":"3 Darklings","floor":46,"turns":5},{"damage":15,"enemies":"Donu and Deca","floor":50,"turns":9}],"seed_played":"7855908736872123180","potions_obtained":[{"floor":4.0,"key":"SteroidPotion"},{"floor":7.0,"key":"Explosive Potion"},{"floor":13.0,"key":"Weak Potion"}],"is_trial":false,"path_per_floor":["M","$","M","M","?","R","M","?","T","M","M","R","M","?","R","B",null,"M","M","?","M","$","R","M","R","T","$","R","M","R","$","R","B",null,"M","M","M","?","M","R","M","R","T","M","M","M","R","?","R","B"],"character_chosen":"THE_SILENT","items_purchased":["Well Laid Plans","Purity","Well Laid Plans"],"campfire_rested":1,"item_purchase_floors":[2,2,22],"current_hp_per_floor":[70,70,70,70,75,75,70,59,59,59,59,59,61,58,58,18,79,72,72,54,43,43,43,43,43,43,43,43,45,45,45,45,22,89,91,84,71,71,73,73,69,69,69,71,64,56,85,85,85,70],"gold":349,"neow_bonus":"HUNDRED_GOLD","is_prod":false,"is_daily":false,"chose_seed":false,"campfire_upgraded":11,"win_rate":0,"timestamp":1539774195,"path_taken":["M","$","M","M","?","R","?","?","T","M","M","R","M","?","R","BOSS","M","M","?","M","$","R","M","R","T","$","R","M","R","$","R","BOSS","M","?","M","?","M","R","?","R","T","M","M","M","R","?","R","BOSS"],"build_version":"2018-10-11","purchased_purges":3,"victory":true,"max_hp_per_floor":[70,70,70,70,75,75,75,75,75,75,75,75,77,79,79,79,79,81,83,85,85,85,85,87,87,87,87,87,89,89,89,89,89,89,91,93,95,90,92,92,94,94,94,96,96,98,98,98,98,98],"card_choices":[{"not_picked":["Flying Knee","Finisher","Dodge and Roll"],"picked":"SKIP","floor":1.0},{"not_picked":["PiercingWail","Poisoned Stab","Prepared"],"picked":"SKIP","floor":3.0},{"not_picked":["Bane","Outmaneuver"],"picked":"Crippling Poison","floor":4.0},{"not_picked":["Blade Dance","Acrobatics","Quick Slash"],"picked":"SKIP","floor":7.0},{"not_picked":["Cloak And Dagger","Flying Knee"],"picked":"Deadly Poison","floor":10.0},{"not_picked":["Deflect","Acrobatics"],"picked":"Footwork","floor":11.0},{"not_picked":["Blade Dance","Cloak And Dagger","Dodge and Roll"],"picked":"Singing Bowl","floor":13.0},{"not_picked":["Tactician","Dagger Spray","Heel Hook"],"picked":"Singing Bowl","floor":14.0},{"not_picked":["Adrenaline","Doppelganger"],"picked":"Corpse Explosion","floor":16.0},{"not_picked":["Poisoned Stab+1","Acrobatics+1","Slice"],"picked":"Singing Bowl","floor":18.0},{"not_picked":["Setup","Sucker Punch","All Out Attack"],"picked":"Singing Bowl","floor":19.0},{"not_picked":["Skewer+1","Outmaneuver","Underhanded Strike"],"picked":"Singing Bowl","floor":20.0},{"not_picked":["Cloak And Dagger+1","Deflect+1"],"picked":"Well Laid Plans","floor":21.0},{"not_picked":["Dagger Throw+1","Caltrops","Cloak And Dagger"],"picked":"Singing Bowl","floor":24.0},{"not_picked":["Deflect+1","Quick Slash","Outmaneuver"],"picked":"Singing Bowl","floor":29.0},{"not_picked":["Glass Knife","Doppelganger"],"picked":"Grand Finale","floor":33.0},{"not_picked":["Bane+1","Dagger Spray","Accuracy"],"picked":"Singing Bowl","floor":35},{"not_picked":["Backflip","Underhanded Strike","Deflect+1"],"picked":"Singing Bowl","floor":36},{"not_picked":["Accuracy","Slice","Predator"],"picked":"Singing Bowl","floor":37},{"not_picked":["Dagger Throw+1","Backflip","Quick Slash+1"],"picked":"Singing Bowl","floor":39},{"not_picked":["Terror","Crippling Poison+1","Prepared+1"],"picked":"Singing Bowl","floor":41},{"not_picked":["Reflex","Poisoned Stab","Slice","Backstab+1"],"picked":"Singing Bowl","floor":44},{"not_picked":["Masterful Stab","Dash","Deflect"],"picked":"Footwork","floor":45},{"not_picked":["Bane","Dodge and Roll+1","Bullet Time","Blade Dance"],"picked":"Singing Bowl","floor":46}],"player_experience":301744,"relics_obtained":[{"floor":9.0,"key":"Singing Bowl"},{"floor":14.0,"key":"Odd Mushroom"},{"floor":20.0,"key":"Red Mask"},{"floor":26.0,"key":"Bag of Preparation"},{"floor":43,"key":"Question Card"}],"event_choices":[{"event_name":"Big Fish","player_choice":"Donut","floor":5.0,"damage_taken":0.0},{"event_name":"World of Goop","player_choice":"Gather Gold","floor":8.0,"damage_taken":0.0},{"event_name":"Mushrooms","player_choice":"Fought Mushrooms","floor":14.0,"damage_taken":0.0},{"event_name":"Masked Bandits","player_choice":"Fought Bandits","floor":20.0,"damage_taken":0.0},{"event_name":"Winding Halls","player_choice":"Max HP","floor":38,"damage_taken":0},{"event_name":"Match and Keep!","player_choice":"0 cards matched","floor":48,"damage_taken":0}],"is_beta":false,"boss_relics":[{"not_picked":["Philosopher\u0027s Stone","Tiny House"],"picked":"Sozu"},{"not_picked":["White Beast Statue","Astrolabe"],"picked":"Ring of the Serpent"}],"items_purged_floors":[2,22,27],"is_endless":false,"potions_floor_spawned":[4,7,13,19,21,24,37,41,44],"ascension_level":0}