{"gold_per_floor":[365,384,113,125,26,26,41,41,41,41,41,41,41,41],"floor_reached":14,"playtime":480,"items_purged":[],"score":156,"play_id":"25aa895a-6aea-454e-a733-7931249b6ce6","local_time":"20190205212718","is_ascension_mode":true,"campfire_choices":[{"data":"Well Laid Plans","floor":6.0,"key":"SMITH"},{"data":"Accuracy","floor":8.0,"key":"SMITH"},{"data":"Cloak And Dagger","floor":12.0,"key":"SMITH"}],"neow_cost":"PERCENT_DAMAGE","seed_source_timestamp":25605062730482,"circlet_count":0,"master_deck":["AscendersBane","Defend_G","Defend_G","Defend_G","Defend_G","Defend_G","Strike_G","Strike_G","Strike_G","Strike_G","Survivor","Neutralize","Escape Plan","Well Laid Plans+1","Accuracy+1","Accuracy","Blade Dance","Cloak And Dagger+1"],"special_seed":0,"relics":["Ring of the Snake","ClockworkSouvenir","Bag of Preparation"],"potions_floor_usage":[14],"damage_taken":[{"damage":1.0,"enemies":"Jaw Worm","floor":1.0,"turns":5.0},{"damage":1.0,"enemies":"Small Slimes","floor":2.0,"turns":4.0},{"damage":1.0,"enemies":"2 Louse","floor":4.0,"turns":3.0},{"damage":19.0,"enemies":"Gremlin Gang","floor":7.0,"turns":7.0},{"damage":20,"enemies":"3 Sentries","floor":14,"turns":5}],"seed_played":"-4668048583802879485","potions_obtained":[{"floor":2.0,"key":"FearPotion"},{"floor":7.0,"key":"Weak Potion"},{"floor":13.0,"key":"Strength Potion"},{"floor":13.0,"key":"LiquidBronze"}],"is_trial":false,"path_per_floor":["M","M","$","M","$","R","M","R","T","?","?","R","?","E"],"character_chosen":"THE_SILENT","items_purchased":["Well Laid Plans","ClockworkSouvenir","Accuracy","Blade Dance"],"campfire_rested":0,"item_purchase_floors":[3,3,5,5],"current_hp_per_floor":[43,42,42,41,41,41,22,22,22,22,22,22,22,2],"gold":41,"neow_bonus":"TWO_FIFTY_GOLD","is_prod":false,"is_daily":false,"chose_seed":false,"campfire_upgraded":3,"win_rate":0,"timestamp":1549373238,"path_taken":["M","M","$","M","$","R","M","R","T","?","?","R","?","E"],"build_version":"2019-01-23","purchased_purges":0,"victory":false,"max_hp_per_floor":[66,66,66,66,66,66,66,66,66,66,66,66,66,66],"card_choices":[{"not_picked":["Poisoned Stab","Choke"],"picked":"Escape Plan","floor":1.0},{"not_picked":["Accuracy","Slice","Acrobatics"],"picked":"SKIP","floor":2.0},{"not_picked":["PiercingWail","Masterful Stab"],"picked":"Accuracy","floor":4.0},{"not_picked":["Underhanded Strike","Dagger Throw","Blur"],"picked":"SKIP","floor":7.0}],"player_experience":2550461,"relics_obtained":[{"floor":9.0,"key":"Bag of Preparation"}],"event_choices":[{"damage_healed":0.0,"max_hp_gain":0.0,"max_hp_loss":0.0,"gold_gain":0.0,"event_name":"Dead Adventurer","player_choice":"Searched \u00270\u0027 times","floor":10.0,"gold_loss":0.0,"damage_taken":0.0},{"damage_healed":0.0,"max_hp_gain":0.0,"max_hp_loss":0.0,"gold_gain":0.0,"cards_transformed":["Strike_G"],"event_name":"Living Wall","player_choice":"Change","floor":11.0,"gold_loss":0.0,"damage_taken":0.0,"cards_obtained":["Cloak And Dagger"]},{"damage_healed":0.0,"max_hp_gain":0.0,"max_hp_loss":0.0,"gold_gain":0.0,"event_name":"Lab","player_choice":"Got Potions","floor":13.0,"gold_loss":0.0,"damage_taken":0.0}],"is_beta":false,"boss_relics":[],"items_purged_floors":[],"is_endless":false,"potions_floor_spawned":[2,7],"killed_by":"3 Sentries","ascension_level":20}