{"gold_per_floor":[115,133,133,153,153,153,78,97,97,97,112,130,130,141,141,241,241,260,277,192,192,192,192,209,209,233,256,268,310,322,352,364,475,487,517,548,576,600,627,639,651,663,698,397,397,415,415,430,430,430],"floor_reached":51,"playtime":1938,"items_purged":["Strike_G"],"score":788,"play_id":"dcebdbf7-bf6f-4982-9ed3-e8eb79436a71","local_time":"20181029214456","is_ascension_mode":false,"campfire_choices":[{"data":"Neutralize","floor":6.0,"key":"SMITH"},{"data":"Survivor","floor":10.0,"key":"SMITH"},{"data":"Noxious Fumes","floor":13.0,"key":"SMITH"},{"data":"Footwork","floor":15.0,"key":"SMITH"},{"data":"Well Laid Plans","floor":23.0,"key":"SMITH"},{"data":"Corpse Explosion","floor":25.0,"key":"SMITH"},{"data":"Defend_G","floor":30.0,"key":"PURGE"},{"data":"Defend_G","floor":32.0,"key":"PURGE"},{"data":"Strike_G","floor":40.0,"key":"PURGE"},{"data":"Strike_G+1","floor":45,"key":"PURGE"},{"data":"Strike_G+1","floor":47,"key":"PURGE"},{"data":"Dagger Throw+1","floor":49,"key":"PURGE"}],"neow_cost":"NONE","seed_source_timestamp":38309611467900,"circlet_count":0,"master_deck":["Defend_G+1","Defend_G+1","Survivor+1","Neutralize+1","Infinite Blades+1","Infinite Blades+1","Footwork+1","Noxious Fumes+1","Escape Plan+1","Corpse Explosion+1","Well Laid Plans+1","Ghostly+1","Ghostly+1","Ghostly+1","Ghostly+1","Ghostly+1","Terror+1","Escape Plan+1","Backflip+1"],"special_seed":0,"relics":["Ring of the Snake","NeowsBlessing","Snake Skull","Ornamental Fan","Sozu","Thread and Needle","MawBank","Peace Pipe","Coffee Dripper","Mark of the Bloom","Happy Flower","Tough Bandages"],"potions_floor_usage":[],"damage_taken":[{"damage":0.0,"enemies":"Cultist","floor":1.0,"turns":1.0},{"damage":0.0,"enemies":"2 Louse","floor":2.0,"turns":1.0},{"damage":0.0,"enemies":"Small Slimes","floor":4.0,"turns":1.0},{"damage":3.0,"enemies":"2 Fungi Beasts","floor":8.0,"turns":5.0},{"damage":1.0,"enemies":"Exordium Wildlife","floor":11.0,"turns":7.0},{"damage":0.0,"enemies":"Large Slime","floor":12.0,"turns":7.0},{"damage":0.0,"enemies":"Lots of Slimes","floor":14.0,"turns":3.0},{"damage":16.0,"enemies":"Slime Boss","floor":16.0,"turns":9.0},{"damage":0.0,"enemies":"Chosen","floor":18.0,"turns":5.0},{"damage":0.0,"enemies":"Shell Parasite","floor":19.0,"turns":6.0},{"damage":0.0,"enemies":"Snake Plant","floor":24.0,"turns":6.0},{"damage":0.0,"enemies":"Centurion and Healer","floor":27.0,"turns":5.0},{"damage":14.0,"enemies":"Slavers","floor":29.0,"turns":5.0},{"damage":0.0,"enemies":"Snecko","floor":31.0,"turns":5.0},{"damage":0.0,"enemies":"Collector","floor":33.0,"turns":8.0},{"damage":0.0,"enemies":"3 Darklings","floor":35.0,"turns":3.0},{"damage":0.0,"enemies":"Orb Walker","floor":36.0,"turns":4.0},{"damage":0.0,"enemies":"Writhing Mass","floor":37.0,"turns":7.0},{"damage":0.0,"enemies":"Sphere and 2 Shapes","floor":38.0,"turns":3.0},{"damage":0.0,"enemies":"4 Shapes","floor":39.0,"turns":4.0},{"damage":0,"enemies":"Transient","floor":46,"turns":5},{"damage":0,"enemies":"Spire Growth","floor":48,"turns":5},{"damage":0,"enemies":"Time Eater","floor":50,"turns":13}],"seed_played":"4241113956847747553","potions_obtained":[{"floor":1.0,"key":"AttackPotion"},{"floor":11.0,"key":"Explosive Potion"}],"is_trial":false,"path_per_floor":["M","M","?","M","?","R","$","M","T","R","M","M","R","M","R","B",null,"M","M","?","?","?","R","M","R","T","M","$","E","R","M","R","B",null,"M","M","M","M","M","R","?","?","T","$","R","M","R","M","R","B"],"character_chosen":"THE_SILENT","items_purchased":["Tough Bandages"],"campfire_rested":0,"item_purchase_floors":[44],"current_hp_per_floor":[70,70,58,58,51,51,51,48,48,48,47,47,47,47,47,31,70,70,70,70,35,35,35,35,35,35,35,35,21,21,21,21,21,35,35,35,35,35,35,35,35,35,35,35,35,35,35,35,35,35],"gold":430,"neow_bonus":"THREE_ENEMY_KILL","is_prod":false,"is_daily":false,"chose_seed":false,"campfire_upgraded":6,"win_rate":0,"timestamp":1540820696,"path_taken":["M","?","?","M","?","R","$","M","T","R","M","M","R","M","R","BOSS","M","?","?","?","?","R","M","R","T","M","$","E","R","M","R","BOSS","M","M","?","M","M","R","?","?","T","$","R","M","R","M","R","BOSS"],"build_version":"2018-10-25v2","purchased_purges":1,"victory":true,"max_hp_per_floor":[70,70,70,70,70,70,70,70,70,70,70,70,70,70,70,70,70,70,70,70,35,35,35,35,35,35,35,35,35,35,35,35,35,35,35,35,35,35,35,35,35,35,35,35,35,35,35,35,35,35],"card_choices":[{"not_picked":["Flying Knee","PiercingWail"],"picked":"Infinite Blades","floor":1.0},{"not_picked":["Sucker Punch","Crippling Poison"],"picked":"Dagger Throw","floor":2.0},{"not_picked":["Flying Knee","Prepared","Finisher"],"picked":"SKIP","floor":4.0},{"not_picked":["Dodge and Roll","Quick Slash"],"picked":"Infinite Blades","floor":8.0},{"not_picked":["Deadly Poison","PiercingWail"],"picked":"Footwork","floor":11.0},{"not_picked":["Deadly Poison","Unload"],"picked":"Noxious Fumes","floor":12.0},{"not_picked":["Dash","All Out Attack"],"picked":"Escape Plan","floor":14.0},{"not_picked":["Venomology","After Image"],"picked":"Corpse Explosion","floor":16.0},{"not_picked":["Deflect","Deadly Poison"],"picked":"Well Laid Plans","floor":18.0},{"not_picked":["Bane+1","Quick Slash","Dagger Throw+1"],"picked":"SKIP","floor":19.0},{"not_picked":["Flying Knee","All Out Attack","Dagger Throw"],"picked":"SKIP","floor":24.0},{"not_picked":["Dodge and Roll","Poisoned Stab","Calculated Gamble"],"picked":"SKIP","floor":27.0},{"not_picked":["Distraction+1","Prepared"],"picked":"Terror+1","floor":29.0},{"not_picked":["Glass Knife","PiercingWail+1","Outmaneuver+1"],"picked":"SKIP","floor":31.0},{"not_picked":["Deflect","Bane","Underhanded Strike"],"picked":"SKIP","floor":35.0},{"not_picked":["Slice+1","Predator+1"],"picked":"Escape Plan+1","floor":36.0},{"not_picked":["Dagger Throw+1","Sucker Punch+1"],"picked":"Backflip+1","floor":37.0},{"not_picked":["Deflect","Slice","Prepared"],"picked":"SKIP","floor":38.0},{"not_picked":["Dodge and Roll","Escape Plan","Cloak And Dagger+1"],"picked":"SKIP","floor":39.0},{"not_picked":["Dagger Spray+1","Poisoned Stab","All Out Attack"],"picked":"SKIP","floor":46},{"not_picked":["Outmaneuver+1","Masterful Stab","Endless Agony"],"picked":"SKIP","floor":48}],"player_experience":727329,"relics_obtained":[{"floor":9.0,"key":"Ornamental Fan"},{"floor":26.0,"key":"MawBank"},{"floor":29.0,"key":"Peace Pipe"},{"floor":43,"key":"Happy Flower"}],"event_choices":[{"damage_healed":0.0,"max_hp_gain":0.0,"max_hp_loss":0.0,"gold_gain":0.0,"event_name":"Scrap Ooze","player_choice":"Success","floor":3.0,"gold_loss":0.0,"damage_taken":12.0,"relics_obtained":["Snake Skull"]},{"cards_removed":["Strike_G"],"damage_healed":0.0,"max_hp_gain":0.0,"max_hp_loss":0.0,"gold_gain":0.0,"event_name":"Golden Wing","player_choice":"Card Removal","floor":5.0,"gold_loss":0.0,"damage_taken":7.0},{"damage_healed":0.0,"max_hp_gain":0.0,"max_hp_loss":0.0,"gold_gain":0.0,"event_name":"Addict","player_choice":"Obtained Relic","floor":20.0,"gold_loss":85.0,"damage_taken":0.0,"relics_obtained":["Thread and Needle"]},{"damage_healed":0.0,"max_hp_gain":0.0,"max_hp_loss":35.0,"gold_gain":0.0,"event_name":"Ghosts","player_choice":"Became a Ghost","floor":21.0,"gold_loss":0.0,"damage_taken":0.0,"cards_obtained":["Ghostly","Ghostly","Ghostly","Ghostly","Ghostly"]},{"cards_removed":["Defend_G"],"damage_healed":0.0,"max_hp_gain":0.0,"max_hp_loss":0.0,"gold_gain":0.0,"event_name":"Purifier","player_choice":"Purged","floor":22.0,"gold_loss":0.0,"damage_taken":0.0},{"damage_healed":0,"gold_gain":0,"player_choice":"Ignored","damage_taken":0,"max_hp_gain":0,"max_hp_loss":0,"event_name":"Mysterious Sphere","floor":41,"gold_loss":0},{"damage_healed":0,"gold_gain":0,"player_choice":"Upgrade","damage_taken":0,"relics_obtained":["Mark of the Bloom"],"max_hp_gain":0,"max_hp_loss":0,"event_name":"MindBloom","floor":42,"gold_loss":0,"cards_upgraded":["Defend_G","Defend_G","Strike_G","Strike_G","Infinite Blades","Dagger Throw","Infinite Blades","Escape Plan","Ghostly","Ghostly","Ghostly","Ghostly","Ghostly"]}],"is_beta":false,"boss_relics":[{"not_picked":["Orrery","Black Star"],"picked":"Sozu"},{"not_picked":["Tiny House","Astrolabe"],"picked":"Coffee Dripper"}],"items_purged_floors":[7],"is_endless":false,"potions_floor_spawned":[1,11,24,27,35,36,48],"ascension_level":0}