{"gold_per_floor":[114,389,129,164,179,179,257,257,257,257,315,357,80,147,147,147],"floor_reached":16,"playtime":278,"items_purged":["Regret"],"score":220,"play_id":"106ae53c-68db-478c-b0a9-fcd639622f7f","local_time":"20190414070915","is_ascension_mode":true,"campfire_choices":[{"data":"HandOfGreed","floor":6,"key":"SMITH"},{"data":"Consume","floor":10,"key":"SMITH"},{"data":"Dualcast","floor":15,"key":"SMITH"}],"neow_cost":"NONE","seed_source_timestamp":69716825224772,"circlet_count":0,"master_deck":["AscendersBane","Strike_B","Strike_B","Strike_B","Strike_B","Defend_B","Defend_B","Defend_B","Defend_B","Zap","Dualcast+1","Ball Lightning","HandOfGreed+1","Consume+1","Skim"],"relics":["Cracked Core","NeowsBlessing","Happy Flower","Blue Candle","Art of War","Mummified Hand"],"potions_floor_usage":[7,11],"damage_taken":[{"damage":0,"enemies":"Jaw Worm","floor":1,"turns":1},{"damage":0,"enemies":"Cultist","floor":4,"turns":1},{"damage":0,"enemies":"Small Slimes","floor":5,"turns":2},{"damage":15,"enemies":"3 Sentries","floor":7,"turns":5},{"damage":11,"enemies":"Gremlin Nob","floor":11,"turns":3},{"damage":13,"enemies":"Red Slaver","floor":12,"turns":3},{"damage":14,"enemies":"Exordium Thugs","floor":14,"turns":4},{"damage":12,"enemies":"Hexaghost","floor":16,"turns":7}],"seed_played":"-8584024231299437579","potions_obtained":[{"floor":4,"key":"Fire Potion"},{"floor":5,"key":"Dexterity Potion"},{"floor":7,"key":"Poison Potion"},{"floor":8,"key":"Explosive Potion"},{"floor":14,"key":"SteroidPotion"}],"is_trial":false,"path_per_floor":["M","?","$","M","M","R","E","?","T","R","E","M","$","M","R","B"],"character_chosen":"DEFECT","items_purchased":["HandOfGreed","Mummified Hand"],"campfire_rested":0,"item_purchase_floors":[3,13],"current_hp_per_floor":[64,64,64,64,64,64,49,49,49,49,38,25,25,11,11,0],"gold":147,"neow_bonus":"THREE_ENEMY_KILL","is_prod":false,"is_daily":false,"chose_seed":false,"campfire_upgraded":3,"win_rate":0,"timestamp":1555196955,"path_taken":["M","?","$","M","?","R","E","?","T","R","E","?","?","M","R","BOSS"],"build_version":"2019-01-23","purchased_purges":1,"victory":false,"max_hp_per_floor":[71,71,71,71,71,71,71,71,71,71,71,71,71,71,71,71],"card_choices":[{"not_picked":["Rebound","Coolheaded"],"picked":"Ball Lightning","floor":1},{"not_picked":["Aggregate","Leap"],"picked":"Consume","floor":4},{"not_picked":["Go for the Eyes","Ball Lightning","Force Field"],"picked":"SKIP","floor":5},{"not_picked":["Sunder","Machine Learning","Reinforced Body"],"picked":"SKIP","floor":7},{"not_picked":["Melter","Storm","Stack"],"picked":"SKIP","floor":11},{"not_picked":["Reinforced Body","Leap"],"picked":"Skim","floor":12},{"not_picked":["Streamline","Ball Lightning","Stack"],"picked":"SKIP","floor":14}],"player_experience":4273877,"relics_obtained":[{"floor":7,"key":"Happy Flower"},{"floor":9,"key":"Blue Candle"},{"floor":11,"key":"Art of War"}],"event_choices":[{"damage_healed":0,"gold_gain":275,"player_choice":"Desecrate","damage_taken":0,"max_hp_gain":0,"max_hp_loss":0,"event_name":"Golden Shrine","floor":2,"gold_loss":0,"cards_obtained":["Regret"]},{"damage_healed":0,"gold_gain":0,"player_choice":"Got Potions","damage_taken":0,"max_hp_gain":0,"max_hp_loss":0,"event_name":"Lab","floor":8,"gold_loss":0}],"is_beta":false,"boss_relics":[],"items_purged_floors":[3],"is_endless":false,"potions_floor_spawned":[4,5,7,14],"killed_by":"Hexaghost","ascension_level":20}