{"gold_per_floor":[116,96,21,21,121,121,155,155,203,228,271,289,303,323,323,451,451,465,465,465,179,197,97,112,146,199,199],"floor_reached":27,"playtime":904,"items_purged":["Strike_R","Strike_R","Defend_R"],"score":301,"play_id":"7000114d-517e-47f3-8abb-266b066752b2","local_time":"20180920151448","is_ascension_mode":true,"campfire_choices":[{"data":"Spot Weakness","floor":6,"key":"SMITH"},{"data":"Immolate","floor":8,"key":"SMITH"},{"data":"Flame Barrier","floor":15,"key":"SMITH"}],"neow_cost":"PERCENT_DAMAGE","seed_source_timestamp":8560070585164,"circlet_count":0,"master_deck":["Strike_R","Defend_R","Defend_R","Bash","Immolate+1","Spot Weakness+1","Flame Barrier+1","Feel No Pain","Ghostly Armor","Impervious","Second Wind","Double Tap","Clothesline+1","Sentinel+1","Disarm+1","Rampage+1","Impervious","Body Slam","True Grit"],"relics":["Burning Blood","Golden Idol","Vajra","Centennial Puzzle","The Courier","Astrolabe","Enchiridion","Frozen Egg 2","Pen Nib","Ancient Tea Set"],"potions_floor_usage":[7,13,13,16,22,24],"damage_taken":[{"damage":4,"enemies":"Jaw Worm","floor":1,"turns":3},{"damage":15,"enemies":"3 Sentries","floor":7,"turns":5},{"damage":0,"enemies":"Cultist","floor":10,"turns":3},{"damage":27,"enemies":"Lagavulin","floor":11,"turns":6},{"damage":3,"enemies":"2 Louse","floor":12,"turns":3},{"damage":2,"enemies":"Large Slime","floor":13,"turns":5},{"damage":2,"enemies":"Exordium Wildlife","floor":14,"turns":2},{"damage":31,"enemies":"The Guardian","floor":16,"turns":8},{"damage":11,"enemies":"Spheric Guardian","floor":18,"turns":4},{"damage":8,"enemies":"Shell Parasite","floor":22,"turns":8},{"damage":39,"enemies":"Sentry and Sphere","floor":24,"turns":10},{"damage":29,"enemies":"Book of Stabbing","floor":25,"turns":8},{"damage":5,"enemies":"Centurion and Healer","floor":27,"turns":5}],"seed_played":"-1950628580235568127","potions_obtained":[{"floor":1,"key":"Fire Potion"},{"floor":2,"key":"LiquidBronze"},{"floor":11,"key":"Regen Potion"},{"floor":12,"key":"Swift Potion"},{"floor":16,"key":"BloodPotion"},{"floor":22,"key":"Regen Potion"},{"floor":25,"key":"FearPotion"}],"is_trial":false,"path_per_floor":["M","?","$","?","?","R","E","R","T","M","E","M","M","M","R","B",null,"M","?","?","$","M","$","M","E","T"],"character_chosen":"IRONCLAD","items_purchased":["Frozen Egg 2"],"campfire_rested":0,"item_purchase_floors":[21],"current_hp_per_floor":[58,58,58,58,58,58,49,49,49,55,34,37,53,57,57,32,64,59,59,43,43,48,48,30,7,7,2],"gold":199,"neow_bonus":"THREE_RARE_CARDS","is_prod":false,"is_daily":false,"chose_seed":false,"campfire_upgraded":3,"win_rate":0,"timestamp":1537427688,"path_taken":["M","?","$","?","?","R","E","R","T","?","E","M","?","?","R","BOSS","M","?","?","$","M","$","M","E","T","M"],"build_version":"2018-09-06","purchased_purges":3,"victory":false,"max_hp_per_floor":[80,80,80,74,74,74,74,74,74,74,74,74,74,74,74,74,74,74,74,74,74,74,74,74,74,74,74],"card_choices":[{"not_picked":["Impervious","Berserk"],"picked":"Immolate","floor":0},{"not_picked":["Clash","Cleave"],"picked":"Spot Weakness","floor":1},{"not_picked":["Combust","Rupture"],"picked":"Flame Barrier","floor":7},{"not_picked":["Clash","Clothesline"],"picked":"Feel No Pain","floor":10},{"not_picked":["Shrug It Off","Bloodletting"],"picked":"Ghostly Armor","floor":11},{"not_picked":["Clash","Hemokinesis","Warcry"],"picked":"SKIP","floor":12},{"not_picked":["Warcry","Shrug It Off"],"picked":"Impervious","floor":13},{"not_picked":["Flame Barrier","Inflame"],"picked":"Second Wind","floor":14},{"not_picked":["Brutality","Dark Embrace"],"picked":"Double Tap","floor":16},{"not_picked":["Havoc","Dual Wield"],"picked":"Rampage+1","floor":18},{"not_picked":["Hemokinesis","Shrug It Off+1"],"picked":"Body Slam","floor":22},{"not_picked":["Spot Weakness","Twin Strike","Clash"],"picked":"SKIP","floor":24},{"not_picked":["Intimidate","Bloodletting"],"picked":"True Grit","floor":25}],"player_experience":41317,"relics_obtained":[{"floor":7,"key":"Vajra"},{"floor":9,"key":"Centennial Puzzle"},{"floor":11,"key":"The Courier"},{"floor":20,"key":"Enchiridion"},{"floor":25,"key":"Pen Nib"},{"floor":26,"key":"Ancient Tea Set"}],"event_choices":[{"event_name":"The Woman in Blue","player_choice":"Bought 1 Potion","floor":2,"damage_taken":0},{"event_name":"Golden Idol","player_choice":"Lose Max HP","floor":4,"damage_taken":0},{"event_name":"Golden Shrine","player_choice":"Pray","floor":5,"damage_taken":0},{"event_name":"Duplicator","player_choice":"One dupe","floor":19,"damage_taken":0},{"event_name":"Cursed Tome","player_choice":"Obtained Book","floor":20,"damage_taken":0}],"is_beta":false,"boss_relics":[{"not_picked":["Black Star","Eternal Feather"],"picked":"Astrolabe"}],"items_purged_floors":[3,21,23],"is_endless":false,"potions_floor_spawned":[1,11,12,16,22,25],"killed_by":"Centurion and Healer","ascension_level":5}