{"gold_per_floor":[367,367,367,79,4,4,18,293,293,316,330,330,345,80,80,174,174,192,213,233,108,133,133,176,176,176,176,195,195,228,248,248,341,341,361,376,401,82,101,101,121,121,121,121,137,17,78,78,78,78,78,78,78,14,49,49],"floor_reached":57,"playtime":1913,"items_purged":["Strike_G","Regret","Strike_G","Defend_G"],"score":2703,"play_id":"647d9179-a5a1-492a-b415-2e749ad9f3a4","local_time":"20181227184457","is_ascension_mode":true,"campfire_choices":[{"data":"Calculated Gamble","floor":6.0,"key":"SMITH"},{"data":"Well Laid Plans","floor":12.0,"key":"SMITH"},{"data":"Grand Finale","floor":15.0,"key":"SMITH"},{"data":"Neutralize","floor":23.0,"key":"SMITH"},{"data":"Venomology","floor":27.0,"key":"SMITH"},{"data":"Backflip","floor":32.0,"key":"SMITH"},{"data":"Defend_G","floor":40.0,"key":"PURGE"},{"data":"Strike_G","floor":42,"key":"PURGE"},{"data":"Defend_G","floor":44,"key":"PURGE"},{"floor":49,"key":"RECALL"},{"data":"Strike_G","floor":53,"key":"PURGE"}],"neow_cost":"TEN_PERCENT_HP_LOSS","seed_source_timestamp":23510376386986,"circlet_count":0,"master_deck":["AscendersBane","Defend_G","Defend_G","Neutralize+1","Calculated Gamble+1","Well Laid Plans+1","Grand Finale+1","Backflip+1","Backflip","Venomology+1","Acrobatics+1"],"special_seed":0,"relics":["Ring of the Snake","Golden Idol","Art of War","Letter Opener","Oddly Smooth Stone","Runic Pyramid","Toxic Egg 2","Lantern","Lizard Tail","Peace Pipe","The Courier","Mango","Boot"],"potions_floor_usage":[41,45,47,50,51,56,56,56],"damage_taken":[{"damage":0.0,"enemies":"2 Louse","floor":1.0,"turns":4.0},{"damage":7.0,"enemies":"Small Slimes","floor":7.0,"turns":6.0},{"damage":4.0,"enemies":"Jaw Worm","floor":10.0,"turns":2.0},{"damage":0.0,"enemies":"3 Louse","floor":11.0,"turns":1.0},{"damage":6.0,"enemies":"Lots of Slimes","floor":13.0,"turns":2.0},{"damage":8.0,"enemies":"Slime Boss","floor":16.0,"turns":6.0},{"damage":0.0,"enemies":"Chosen","floor":18.0,"turns":5.0},{"damage":0.0,"enemies":"3 Byrds","floor":19.0,"turns":1.0},{"damage":5.0,"enemies":"Cultist and Chosen","floor":20.0,"turns":5.0},{"damage":0.0,"enemies":"3 Cultists","floor":22.0,"turns":2.0},{"damage":13.0,"enemies":"Gremlin Leader","floor":24.0,"turns":6.0},{"damage":0.0,"enemies":"Chosen and Byrds","floor":28.0,"turns":3.0},{"damage":0.0,"enemies":"Slavers","floor":30.0,"turns":1.0},{"damage":10.0,"enemies":"Snake Plant","floor":31.0,"turns":5.0},{"damage":27.0,"enemies":"Champ","floor":33.0,"turns":8.0},{"damage":0.0,"enemies":"3 Darklings","floor":35.0,"turns":2.0},{"damage":0.0,"enemies":"Orb Walker","floor":36.0,"turns":4.0},{"damage":15.0,"enemies":"Maw","floor":37.0,"turns":7.0},{"damage":0.0,"enemies":"Transient","floor":39.0,"turns":6.0},{"damage":1,"enemies":"Sphere and 2 Shapes","floor":41,"turns":3},{"damage":0,"enemies":"4 Shapes","floor":45,"turns":1},{"damage":0,"enemies":"2 Orb Walkers","floor":47,"turns":1},{"damage":15,"enemies":"Time Eater","floor":50,"turns":3},{"damage":6,"enemies":"Donu and Deca","floor":51,"turns":3},{"damage":0,"enemies":"Shield and Spear","floor":55,"turns":1},{"damage":46,"enemies":"The Heart","floor":56,"turns":6}],"seed_played":"6120198980013240034","potions_obtained":[{"floor":1.0,"key":"Strength Potion"},{"floor":16.0,"key":"Swift Potion"},{"floor":28.0,"key":"Swift Potion"},{"floor":31.0,"key":"PowerPotion"},{"floor":41,"key":"Block Potion"}],"is_trial":false,"path_per_floor":["M","?","?","$","?","R","M","?","T","M","M","R","M","$","R","B",null,"M","M","M","$","M","R","E","?","T","R","M","T","E","M","R","B",null,"M","M","M","$","M","R","M","R","T","R","M","$","?","?","R","B","B",null,"R","$","E","B",null],"character_chosen":"THE_SILENT","items_purchased":["Well Laid Plans","Grand Finale","Oddly Smooth Stone","Peace Pipe","GhostInAJar"],"campfire_rested":0,"item_purchase_floors":[4,4,14,38,54],"current_hp_per_floor":[59,54,49,49,49,49,42,42,42,38,38,38,32,32,32,24,47,47,47,42,42,42,42,29,40,40,40,40,40,40,44,44,17,45,45,54,39,39,39,39,38,38,38,38,38,38,52,52,52,46,40,61,61,61,61,15],"gold":49,"neow_bonus":"TWO_FIFTY_GOLD","is_prod":false,"is_daily":false,"chose_seed":false,"campfire_upgraded":6,"win_rate":0,"timestamp":1545907497,"path_taken":["M","?","?","$","?","R","M","?","T","?","?","R","M","$","R","BOSS","M","?","M","$","M","R","E","?","T","R","M","?","E","M","R","BOSS","M","M","M","$","M","R","M","R","T","R","M","$","?","?","R","BOSS","BOSS","R","$","E","BOSS"],"build_version":"2018-12-20","purchased_purges":4,"victory":true,"max_hp_per_floor":[60,54,54,54,54,54,54,54,54,54,54,54,54,54,54,54,54,54,54,54,54,54,54,54,54,54,54,54,54,54,54,54,54,54,54,54,54,54,54,54,54,54,54,54,54,54,68,68,68,68,68,68,68,68,68,68],"card_choices":[{"not_picked":["Slice","Flying Knee"],"picked":"Calculated Gamble","floor":1.0},{"not_picked":["Terror","Backstab"],"picked":"Backflip","floor":7.0},{"not_picked":["Eviscerate","Flechettes","Deadly Poison"],"picked":"SKIP","floor":10.0},{"not_picked":["Masterful Stab","Backstab","Crippling Poison"],"picked":"SKIP","floor":11.0},{"not_picked":["Concentrate","Dagger Throw"],"picked":"Backflip","floor":13.0},{"not_picked":["Outmaneuver","Dagger Throw","Underhanded Strike+1"],"picked":"SKIP","floor":18.0},{"not_picked":["Leg Sweep","Poisoned Stab","PiercingWail"],"picked":"SKIP","floor":19.0},{"not_picked":["Backflip","Dodge and Roll","Dagger Spray"],"picked":"SKIP","floor":20.0},{"not_picked":["Deflect+1","Dagger Throw","Sucker Punch"],"picked":"SKIP","floor":22.0},{"not_picked":["Flying Knee","Bouncing Flask"],"picked":"Venomology","floor":24.0},{"not_picked":["Outmaneuver+1","Backflip+1","Dagger Throw"],"picked":"SKIP","floor":28.0},{"not_picked":["Dodge and Roll+1","Accuracy+1","Footwork+1"],"picked":"SKIP","floor":30.0},{"not_picked":["Quick Slash","Bouncing Flask+1","Cloak And Dagger+1"],"picked":"SKIP","floor":31.0},{"not_picked":["Slice","Eviscerate","Blade Dance+1"],"picked":"SKIP","floor":35.0},{"not_picked":["Bane","Blade Dance+1","Infinite Blades+1"],"picked":"SKIP","floor":36.0},{"not_picked":["Calculated Gamble+1","Prepared+1","Backflip+1"],"picked":"SKIP","floor":37.0},{"not_picked":["Backstab","Bane","Cloak And Dagger+1"],"picked":"SKIP","floor":39.0},{"not_picked":["Underhanded Strike","Leg Sweep+1"],"picked":"Acrobatics+1","floor":41},{"not_picked":["Dash","Deadly Poison+1","Quick Slash"],"picked":"SKIP","floor":45},{"not_picked":["Dagger Throw","After Image","Dodge and Roll+1"],"picked":"SKIP","floor":55}],"player_experience":1528470,"relics_obtained":[{"floor":9.0,"key":"Letter Opener"},{"floor":26.0,"key":"Toxic Egg 2"},{"floor":30.0,"key":"Lantern"},{"floor":43,"key":"The Courier"},{"floor":47,"key":"Mango"},{"floor":55,"key":"Boot"}],"event_choices":[{"damage_healed":0.0,"max_hp_gain":0.0,"max_hp_loss":6.0,"gold_gain":0.0,"event_name":"Golden Idol","player_choice":"Lose Max HP","floor":2.0,"gold_loss":0.0,"damage_taken":0.0,"relics_obtained":["Golden Idol"]},{"damage_healed":0.0,"max_hp_gain":0.0,"max_hp_loss":0.0,"gold_gain":0.0,"event_name":"Scrap Ooze","player_choice":"Success","floor":3.0,"gold_loss":0.0,"damage_taken":5.0,"relics_obtained":["Art of War"]},{"cards_removed":["Strike_G"],"damage_healed":0.0,"max_hp_gain":0.0,"max_hp_loss":0.0,"gold_gain":0.0,"event_name":"The Cleric","player_choice":"Card Removal","floor":5.0,"gold_loss":75.0,"damage_taken":0.0},{"damage_healed":0.0,"max_hp_gain":0.0,"max_hp_loss":0.0,"gold_gain":275.0,"event_name":"Golden Shrine","player_choice":"Desecrate","floor":8.0,"gold_loss":0.0,"damage_taken":0.0,"cards_obtained":["Regret"]},{"damage_healed":11.0,"max_hp_gain":0.0,"max_hp_loss":0.0,"gold_gain":0.0,"event_name":"The Library","player_choice":"Heal","floor":25.0,"gold_loss":0.0,"damage_taken":0.0},{"damage_healed":0,"gold_gain":0,"player_choice":"Fight","damage_taken":0,"max_hp_gain":0,"max_hp_loss":0,"event_name":"Mysterious Sphere","floor":47,"gold_loss":0},{"cards_removed":["Survivor"],"damage_healed":0,"gold_gain":0,"player_choice":"Removed Skill","damage_taken":0,"max_hp_gain":0,"max_hp_loss":0,"event_name":"Falling","floor":48,"gold_loss":0}],"is_beta":false,"boss_relics":[{"not_picked":["Busted Crown","Eternal Feather"],"picked":"Runic Pyramid"},{"not_picked":["Velvet Choker","Fusion Hammer"],"picked":"Lizard Tail"}],"items_purged_floors":[4,14,21,46],"is_endless":false,"potions_floor_spawned":[1,16,22,28,31,33,35,41],"ascension_level":20}