{"gold_per_floor":[110,23,23,42,16,16,51,51,51,71,102,102,116,136,136,210,210,221,236,254,51,67,67,1,1],"floor_reached":25,"playtime":668,"items_purged":[],"score":476,"play_id":"ea073509-6baf-4ef7-a708-3406cb3dbed8","local_time":"20190222135749","is_ascension_mode":true,"campfire_choices":[{"data":"Sunder","floor":6.0,"key":"SMITH"},{"data":"Beam Cell","floor":12.0,"key":"SMITH"},{"data":"Hologram","floor":15.0,"key":"SMITH"},{"data":"Defragment","floor":23,"key":"SMITH"}],"neow_cost":"NONE","seed_source_timestamp":410171284484555,"circlet_count":0,"master_deck":["AscendersBane","Strike_B","Strike_B","Strike_B","Strike_B","Defend_B","Defend_B","Defend_B","Defend_B","Zap","Dualcast","Coolheaded","Sunder+1","Self Repair","Beam Cell+1","Echo Form","Buffer","Coolheaded","Hologram+1","Recycle","Defragment+1","Electrodynamics","Go for the Eyes","Cold Snap","Glacier","Conserve Battery","Turbo","FTL"],"special_seed":0,"relics":["Cracked Core","NeowsBlessing","The Courier","Question Card","Potion Belt","Inserter","ClockworkSouvenir"],"potions_floor_usage":[22,25],"damage_taken":[{"damage":0.0,"enemies":"Small Slimes","floor":1.0,"turns":1.0},{"damage":0.0,"enemies":"Cultist","floor":4.0,"turns":1.0},{"damage":0.0,"enemies":"3 Sentries","floor":7.0,"turns":1.0},{"damage":5.0,"enemies":"Jaw Worm","floor":10.0,"turns":4.0},{"damage":6.0,"enemies":"Gremlin Nob","floor":11.0,"turns":4.0},{"damage":13.0,"enemies":"Exordium Thugs","floor":13.0,"turns":4.0},{"damage":0.0,"enemies":"2 Fungi Beasts","floor":14.0,"turns":2.0},{"damage":38.0,"enemies":"Slime Boss","floor":16.0,"turns":8.0},{"damage":21.0,"enemies":"Shell Parasite","floor":18.0,"turns":2.0},{"damage":30.0,"enemies":"Chosen","floor":19.0,"turns":5.0},{"damage":8.0,"enemies":"3 Cultists","floor":20.0,"turns":3.0},{"damage":0,"enemies":"Snecko","floor":22,"turns":10},{"damage":28,"enemies":"Book of Stabbing","floor":25,"turns":7}],"seed_played":"938250535288972463","potions_obtained":[{"floor":4.0,"key":"FocusPotion"},{"floor":11.0,"key":"Strength Potion"},{"floor":14.0,"key":"SteroidPotion"},{"floor":16.0,"key":"Swift Potion"}],"is_trial":false,"path_per_floor":["M","$","?","M","$","R","E","?","T","M","E","R","M","M","R","B",null,"M","M","M","$","M","R","$","E"],"character_chosen":"DEFECT","items_purchased":["Sunder","Beam Cell","ClockworkSouvenir","Conserve Battery","FTL"],"campfire_rested":0,"item_purchase_floors":[2,5,21,21,24],"current_hp_per_floor":[64,64,64,64,64,64,64,64,64,66,60,60,54,61,61,23,59,38,15,14,14,28,28,28,0],"gold":1,"neow_bonus":"THREE_ENEMY_KILL","is_prod":false,"is_daily":false,"chose_seed":false,"campfire_upgraded":4,"win_rate":0,"timestamp":1550815069,"path_taken":["M","$","?","M","?","R","E","?","T","M","E","R","M","?","R","BOSS","M","M","M","$","M","R","$","E"],"build_version":"2019-01-23","purchased_purges":0,"victory":false,"max_hp_per_floor":[71,71,71,71,71,71,71,71,71,71,71,71,71,71,71,71,71,71,71,71,71,71,71,71,71],"card_choices":[{"not_picked":["Stack","Leap"],"picked":"Coolheaded","floor":1.0},{"not_picked":["Gash","Redo"],"picked":"Self Repair","floor":4.0},{"not_picked":["Buffer","Blizzard"],"picked":"Echo Form","floor":7.0},{"not_picked":["Leap","Scrape","Barrage"],"picked":"Coolheaded","floor":10.0},{"not_picked":["Stack","Double Energy","Rebound"],"picked":"Hologram","floor":11.0},{"not_picked":["Cold Snap","Sweeping Beam","Beam Cell"],"picked":"Recycle","floor":13.0},{"not_picked":["Darkness","Go for the Eyes","Streamline"],"picked":"Defragment","floor":14.0},{"not_picked":["Echo Form","Machine Learning","Rainbow"],"picked":"Electrodynamics","floor":16.0},{"not_picked":["Gash","Redo","Stack"],"picked":"Go for the Eyes","floor":18.0},{"not_picked":["Chill","Ball Lightning","Aggregate"],"picked":"Cold Snap","floor":19.0},{"not_picked":["Turbo","White Noise","Echo Form"],"picked":"Glacier","floor":20.0},{"not_picked":["Sweeping Beam+1","Double Energy","Beam Cell"],"picked":"Turbo","floor":22}],"player_experience":896651,"relics_obtained":[{"floor":7.0,"key":"The Courier"},{"floor":9.0,"key":"Question Card"},{"floor":11.0,"key":"Potion Belt"}],"event_choices":[{"damage_healed":0.0,"max_hp_gain":0.0,"max_hp_loss":0.0,"gold_gain":0.0,"event_name":"WeMeetAgain","player_choice":"Ignored","floor":3.0,"gold_loss":0.0,"damage_taken":0.0},{"damage_healed":0.0,"max_hp_gain":0.0,"max_hp_loss":0.0,"gold_gain":0.0,"event_name":"Match and Keep!","player_choice":"1 cards matched","floor":8.0,"gold_loss":0.0,"damage_taken":0.0,"cards_obtained":["Buffer"]}],"is_beta":false,"boss_relics":[{"not_picked":["FrozenCore","Fusion Hammer"],"picked":"Inserter"}],"items_purged_floors":[],"is_endless":false,"potions_floor_spawned":[4,11,14,16],"killed_by":"Book of Stabbing","ascension_level":20}