{"gold_per_floor":[119,194,211,85,85,85,112,124,150,150,160,90,40,53,53,149,149,164,184,195,210,210,223,239,139,162,162,45,75,86,97,97,197,197,207,224,224,174,194,222,234,234,234,248,282,50,66,81,81,81],"floor_reached":51,"playtime":3321,"items_purged":["Regret","Strike_R","Strike_R","Strike_R","Defend_R"],"score":760,"play_id":"47f65d0d-60b7-4460-b47d-e0702892e3ae","local_time":"20190808002834","is_ascension_mode":false,"campfire_choices":[{"data":"True Grit","floor":6.0,"key":"SMITH"},{"data":"Havoc","floor":10.0,"key":"SMITH"},{"data":"Infernal Blade","floor":15.0,"key":"SMITH"},{"data":"Offering","floor":27.0,"key":"SMITH"},{"data":"Seeing Red","floor":32.0,"key":"SMITH"},{"floor":42,"key":"REST"},{"floor":49,"key":"REST"}],"neow_cost":"CURSE","seed_source_timestamp":2680059132179,"circlet_count":0,"master_deck":["Defend_R","Defend_R","Defend_R","Bash","Infernal Blade+1","Havoc+1","True Grit+1","Disarm","Warcry","Reaper","Ghostly Armor","Offering+1","Second Wind","Battle Trance","Burning Pact","Seeing Red+1","Burning Pact+1","Double Tap","True Grit","Shrug It Off","Disarm","Warcry","Exhume","Havoc","Madness","Madness","Warcry","Sentinel","Infernal Blade+1","Metallicize+1","Jack Of All Trades","Ghostly Armor"],"special_seed":0,"relics":["Black Blood","Dead Branch","Pen Nib","Vajra","Smiling Mask","Ornamental Fan","Fusion Hammer","Shuriken","Gambling Chip","Nunchaku"],"potions_floor_usage":[40,45,50,50,50],"damage_taken":[{"damage":19.0,"enemies":"Jaw Worm","floor":1.0,"turns":4.0},{"damage":2.0,"enemies":"Small Slimes","floor":3.0,"turns":4.0},{"damage":18.0,"enemies":"3 Sentries","floor":7.0,"turns":9.0},{"damage":2.0,"enemies":"2 Louse","floor":8.0,"turns":4.0},{"damage":0.0,"enemies":"Exordium Wildlife","floor":11.0,"turns":2.0},{"damage":0.0,"enemies":"2 Fungi Beasts","floor":14.0,"turns":3.0},{"damage":21.0,"enemies":"The Guardian","floor":16.0,"turns":7.0},{"damage":6.0,"enemies":"Chosen","floor":18.0,"turns":3.0},{"damage":32.0,"enemies":"3 Byrds","floor":19.0,"turns":7.0},{"damage":10.0,"enemies":"Centurion and Healer","floor":20.0,"turns":7.0},{"damage":18.0,"enemies":"Cultist and Chosen","floor":21.0,"turns":5.0},{"damage":27.0,"enemies":"Snecko","floor":23.0,"turns":5.0},{"damage":23.0,"enemies":"Centurion and Healer","floor":24.0,"turns":8.0},{"damage":18.0,"enemies":"Book of Stabbing","floor":29.0,"turns":8.0},{"damage":15.0,"enemies":"Shelled Parasite and Fungi","floor":30.0,"turns":5.0},{"damage":9.0,"enemies":"Snake Plant","floor":31.0,"turns":4.0},{"damage":19.0,"enemies":"Collector","floor":33.0,"turns":6.0},{"damage":18.0,"enemies":"3 Darklings","floor":35.0,"turns":3.0},{"damage":16.0,"enemies":"3 Shapes","floor":36.0,"turns":4.0},{"damage":12.0,"enemies":"Jaw Worm Horde","floor":39.0,"turns":2.0},{"damage":9,"enemies":"Giant Head","floor":40,"turns":4},{"damage":6,"enemies":"4 Shapes","floor":41,"turns":3},{"damage":6,"enemies":"Maw","floor":44,"turns":3},{"damage":30,"enemies":"Reptomancer","floor":45,"turns":3},{"damage":6,"enemies":"3 Darklings","floor":47,"turns":3},{"damage":12,"enemies":"4 Shapes","floor":48,"turns":3},{"damage":21,"enemies":"Donu and Deca","floor":50,"turns":6}],"seed_played":"3743073962859570819","potions_obtained":[{"floor":3.0,"key":"SteroidPotion"},{"floor":8.0,"key":"SkillPotion"},{"floor":16.0,"key":"Regen Potion"},{"floor":19.0,"key":"SpeedPotion"},{"floor":21.0,"key":"Regen Potion"},{"floor":31.0,"key":"LiquidBronze"},{"floor":41,"key":"Energy Potion"}],"is_trial":false,"path_per_floor":["M","?","M","$","?","R","E","M","T","R","M","$","?","M","R","B",null,"M","M","M","M","?","M","M","$","T","R","$","E","M","M","R","B",null,"M","M","?","$","M","E","M","R","T","M","E","$","M","M","R","B",null],"character_chosen":"IRONCLAD","items_purchased":["True Grit","Reaper","True Grit","Shrug It Off","PowerPotion","Jack Of All Trades","Ghostly Armor"],"campfire_rested":2,"item_purchase_floors":[4,12,28,28,46,46,46],"current_hp_per_floor":[67,56,60,60,65,65,53,57,57,57,63,63,63,85,85,70,85,85,65,75,83,83,66,63,63,63,63,63,63,63,85,85,85,85,85,85,74,74,78,79,83,85,85,85,75,75,79,81,85,85],"gold":81,"neow_bonus":"ONE_RARE_RELIC","is_prod":false,"is_daily":false,"chose_seed":false,"campfire_upgraded":5,"win_rate":0,"timestamp":1565245714,"path_taken":["M","?","M","$","?","R","E","M","T","R","M","$","?","?","R","BOSS","M","M","M","M","?","M","M","$","T","R","$","E","M","?","R","BOSS","M","M","?","$","M","E","M","R","T","M","E","$","M","M","R","BOSS"],"build_version":"2019-07-17","purchased_purges":5,"victory":true,"max_hp_per_floor":[80,80,80,80,85,85,85,85,85,85,85,85,85,85,85,85,85,85,85,85,85,85,85,85,85,85,85,85,85,85,85,85,85,85,85,85,85,85,85,85,85,85,85,85,85,85,85,85,85,85],"card_choices":[{"not_picked":["Rage","Spot Weakness"],"picked":"Infernal Blade","floor":1.0},{"not_picked":["Warcry","Dual Wield"],"picked":"Havoc","floor":3.0},{"not_picked":["Shrug It Off","Sword Boomerang"],"picked":"Disarm","floor":7.0},{"not_picked":["Thunderclap","Iron Wave","Wild Strike"],"picked":"SKIP","floor":8.0},{"not_picked":["Wild Strike","Pommel Strike"],"picked":"Warcry","floor":11.0},{"not_picked":["Power Through","Flex"],"picked":"Ghostly Armor","floor":14.0},{"not_picked":["Double Tap","Impervious"],"picked":"Offering","floor":16.0},{"not_picked":["Ghostly Armor","Pommel Strike"],"picked":"Second Wind","floor":18.0},{"not_picked":["Carnage","Sword Boomerang"],"picked":"Battle Trance","floor":19.0},{"not_picked":["Thunderclap","Ghostly Armor"],"picked":"Burning Pact","floor":20.0},{"not_picked":["Heavy Blade","Armaments"],"picked":"Seeing Red","floor":21.0},{"not_picked":["Cleave","Pommel Strike"],"picked":"Burning Pact+1","floor":23.0},{"not_picked":["Cleave","Twin Strike+1"],"picked":"Double Tap","floor":24.0},{"not_picked":["Fire Breathing","Pommel Strike"],"picked":"Disarm","floor":29.0},{"not_picked":["Clothesline","Blood for Blood+1","Burning Pact"],"picked":"SKIP","floor":30.0},{"not_picked":["Cleave+1","Clash"],"picked":"Warcry","floor":31.0},{"not_picked":["Demon Form","Brutality"],"picked":"Exhume","floor":33.0},{"not_picked":["Blood for Blood+1","Sword Boomerang","Spot Weakness+1"],"picked":"SKIP","floor":35.0},{"not_picked":["Heavy Blade+1","Anger"],"picked":"Havoc","floor":36.0},{"not_picked":["Reckless Charge","Armaments+1"],"picked":"Warcry","floor":39.0},{"not_picked":["Shrug It Off","Pommel Strike+1"],"picked":"Sentinel","floor":40},{"not_picked":["Thunderclap","Combust","Clash+1"],"picked":"SKIP","floor":41},{"not_picked":["Anger+1","Dropkick"],"picked":"Infernal Blade+1","floor":44},{"not_picked":["Body Slam+1","Heavy Blade"],"picked":"Metallicize+1","floor":45},{"not_picked":["Twin Strike","Sword Boomerang","Iron Wave+1"],"picked":"SKIP","floor":47},{"not_picked":["Havoc","Perfected Strike+1","Pommel Strike+1"],"picked":"SKIP","floor":48}],"player_experience":1651379,"relics_obtained":[{"floor":7.0,"key":"Pen Nib"},{"floor":9.0,"key":"Vajra"},{"floor":26.0,"key":"Smiling Mask"},{"floor":29.0,"key":"Ornamental Fan"},{"floor":40,"key":"Shuriken"},{"floor":43,"key":"Gambling Chip"},{"floor":45,"key":"Nunchaku"}],"event_choices":[{"damage_healed":0.0,"max_hp_gain":0.0,"max_hp_loss":0.0,"gold_gain":75.0,"event_name":"World of Goop","player_choice":"Gather Gold","floor":2.0,"gold_loss":0.0,"damage_taken":11.0},{"damage_healed":0.0,"max_hp_gain":5.0,"max_hp_loss":0.0,"gold_gain":0.0,"event_name":"Big Fish","player_choice":"Donut","floor":5.0,"gold_loss":0.0,"damage_taken":0.0},{"cards_removed":["Strike_R"],"damage_healed":0.0,"max_hp_gain":0.0,"max_hp_loss":0.0,"gold_gain":0.0,"event_name":"The Cleric","player_choice":"Card Removal","floor":13.0,"gold_loss":50.0,"damage_taken":0.0},{"cards_removed":["Strike_R"],"damage_healed":0.0,"max_hp_gain":0.0,"max_hp_loss":0.0,"gold_gain":0.0,"event_name":"Purifier","player_choice":"Purged","floor":22.0,"gold_loss":0.0,"damage_taken":0.0},{"damage_healed":0.0,"max_hp_gain":0.0,"max_hp_loss":0.0,"gold_gain":0.0,"event_name":"Winding Halls","player_choice":"Embrace Madness","floor":37.0,"gold_loss":0.0,"damage_taken":11.0,"cards_obtained":["Madness","Madness"]}],"is_beta":false,"boss_relics":[{"not_picked":["Runic Pyramid","Calling Bell"],"picked":"Black Blood"},{"not_picked":["Philosopher\u0027s Stone","White Beast Statue"],"picked":"Fusion Hammer"}],"items_purged_floors":[4,25,28,38,46],"is_endless":false,"potions_floor_spawned":[3,8,16,19,21,29,31,35,36,41],"ascension_level":0}