{"gold_per_floor":[112,37,187,197,197,197,215,215,263,276,276,276,289,318,318,390,390,400,360],"floor_reached":19,"playtime":652,"items_purged":["Strike_G"],"score":384,"play_id":"af8ef0ca-72b5-4d90-b4a7-0d103a8226e9","local_time":"20190408170105","is_ascension_mode":true,"campfire_choices":[{"data":"Bouncing Flask","floor":6.0,"key":"SMITH"},{"data":"Neutralize","floor":8.0,"key":"SMITH"},{"data":"Calculated Gamble","floor":11.0,"key":"SMITH"},{"data":"Deadly Poison","floor":15.0,"key":"SMITH"}],"neow_cost":"PERCENT_DAMAGE","seed_source_timestamp":18139699703660,"circlet_count":0,"master_deck":["AscendersBane","Defend_G","Defend_G","Defend_G","Defend_G","Defend_G","Strike_G","Strike_G","Strike_G","Strike_G","Survivor","Neutralize+1","Good Instincts","Madness+1","Bouncing Flask+1","Calculated Gamble+1","Deadly Poison+1","Tactician","Grand Finale"],"special_seed":0,"relics":["Ring of the Snake","Bronze Scales","Ornamental Fan","Eternal Feather"],"potions_floor_usage":[16],"damage_taken":[{"damage":0.0,"enemies":"2 Louse","floor":1.0,"turns":3.0},{"damage":0.0,"enemies":"Cultist","floor":4.0,"turns":3.0},{"damage":2.0,"enemies":"Jaw Worm","floor":7.0,"turns":4.0},{"damage":14.0,"enemies":"Exordium Wildlife","floor":10.0,"turns":5.0},{"damage":12.0,"enemies":"Large Slime","floor":13.0,"turns":6.0},{"damage":0.0,"enemies":"Gremlin Nob","floor":14.0,"turns":3.0},{"damage":9,"enemies":"Hexaghost","floor":16,"turns":8},{"damage":16,"enemies":"Spheric Guardian","floor":18,"turns":4},{"damage":12,"enemies":"2 Thieves","floor":19,"turns":2}],"seed_played":"-6583992329313505473","potions_obtained":[{"floor":7.0,"key":"Poison Potion"},{"floor":13.0,"key":"Swift Potion"},{"floor":16,"key":"Swift Potion"}],"is_trial":false,"path_per_floor":["M","$","?","M","?","R","M","R","T","M","R","?","M","E","R","B",null,"M","M"],"character_chosen":"THE_SILENT","items_purchased":[],"campfire_rested":0,"item_purchase_floors":[],"current_hp_per_floor":[44,44,44,44,44,44,42,42,42,28,28,28,16,16,16,7,51,35,23],"gold":360,"neow_bonus":"RANDOM_COLORLESS_2","is_prod":false,"is_daily":false,"chose_seed":false,"campfire_upgraded":4,"win_rate":0,"timestamp":1554714065,"path_taken":["M","$","?","M","?","R","M","R","T","M","R","?","?","E","R","BOSS","M","M"],"build_version":"2019-01-23","purchased_purges":1,"victory":false,"max_hp_per_floor":[66,66,66,66,66,66,66,66,66,66,66,66,66,66,66,66,66,66,66],"card_choices":[{"not_picked":["Backflip","Dash"],"picked":"Bouncing Flask","floor":1.0},{"not_picked":["Choke","Sucker Punch"],"picked":"Calculated Gamble","floor":4.0},{"not_picked":["Dodge and Roll","Sucker Punch","Finisher"],"picked":"SKIP","floor":7.0},{"not_picked":["Eviscerate","Cloak And Dagger","Finisher"],"picked":"SKIP","floor":10.0},{"not_picked":["Calculated Gamble","Sucker Punch"],"picked":"Deadly Poison","floor":13.0},{"not_picked":["Footwork","Poisoned Stab"],"picked":"Tactician","floor":14.0},{"not_picked":["Wraith Form v2","Burst"],"picked":"Grand Finale","floor":16},{"not_picked":["Poisoned Stab","Bane","Quick Slash"],"picked":"SKIP","floor":18}],"player_experience":4158039,"relics_obtained":[{"floor":9.0,"key":"Bronze Scales"},{"floor":14.0,"key":"Ornamental Fan"}],"event_choices":[{"damage_healed":0.0,"max_hp_gain":0.0,"max_hp_loss":0.0,"gold_gain":150.0,"event_name":"Liars Game","player_choice":"AGREE","floor":3.0,"gold_loss":0.0,"damage_taken":0.0,"cards_obtained":["Doubt"]},{"cards_removed":["Doubt"],"damage_healed":0.0,"max_hp_gain":0.0,"max_hp_loss":0.0,"gold_gain":0.0,"event_name":"Living Wall","player_choice":"Forget","floor":5.0,"gold_loss":0.0,"damage_taken":0.0},{"damage_healed":0.0,"max_hp_gain":0.0,"max_hp_loss":0.0,"gold_gain":0.0,"event_name":"Upgrade Shrine","player_choice":"Upgraded","floor":12.0,"gold_loss":0.0,"damage_taken":0.0,"cards_upgraded":["Madness"]}],"is_beta":false,"boss_relics":[{"not_picked":["Cursed Key","Runic Dome"],"picked":"Eternal Feather"}],"items_purged_floors":[2],"is_endless":false,"potions_floor_spawned":[7,13,16],"killed_by":"2 Thieves","ascension_level":20}