{"gold_per_floor":[116,131,131,406,423,423,22,22,52,78,78,91,104,104],"floor_reached":14,"playtime":925,"items_purged":["Regret"],"score":180,"play_id":"3a481959-7e63-4ed4-a2fe-db0cc1604e53","local_time":"20190205021202","is_ascension_mode":true,"campfire_choices":[{"data":"Dualcast","floor":6.0,"key":"SMITH"},{"data":"Gash","floor":11.0,"key":"SMITH"}],"neow_cost":"NONE","seed_source_timestamp":60779624131792,"circlet_count":0,"master_deck":["AscendersBane","Strike_B","Strike_B+1","Strike_B","Strike_B","Defend_B","Defend_B+1","Defend_B+1","Defend_B","Zap+1","Dualcast+1","Gash+1","Ball Lightning","Self Repair","Beam Cell","Reprogram"],"special_seed":0,"relics":["Cracked Core","NeowsBlessing","Unceasing Top","Tiny Chest","War Paint"],"potions_floor_usage":[],"damage_taken":[{"damage":0.0,"enemies":"Jaw Worm","floor":1.0,"turns":1.0},{"damage":0.0,"enemies":"2 Louse","floor":2.0,"turns":1.0},{"damage":0.0,"enemies":"Cultist","floor":5.0,"turns":1.0},{"damage":31.0,"enemies":"Lagavulin","floor":10.0,"turns":8.0},{"damage":9.0,"enemies":"Red Slaver","floor":12.0,"turns":3.0},{"damage":11.0,"enemies":"Looter","floor":13.0,"turns":3.0},{"damage":0,"enemies":"Exordium Thugs","floor":14,"turns":1}],"seed_played":"5679443470968845079","potions_obtained":[{"floor":5.0,"key":"Swift Potion"},{"floor":10.0,"key":"EssenceOfSteel"}],"is_trial":false,"path_per_floor":["M","M","?","?","M","R","$","?","T","E","R","M","M","M"],"character_chosen":"DEFECT","items_purchased":["Unceasing Top"],"campfire_rested":0,"item_purchase_floors":[7],"current_hp_per_floor":[64,64,69,69,69,69,69,46,46,22,22,20,16,16],"gold":104,"neow_bonus":"THREE_ENEMY_KILL","is_prod":false,"is_daily":false,"chose_seed":false,"campfire_upgraded":2,"win_rate":0,"timestamp":1549303922,"path_taken":["M","M","?","?","?","R","?","?","T","E","R","M","M","M"],"build_version":"2019-01-23","purchased_purges":1,"victory":false,"max_hp_per_floor":[71,71,76,76,76,76,76,76,76,76,76,76,76,76],"card_choices":[{"not_picked":["Beam Cell","Reinforced Body"],"picked":"Gash","floor":1.0},{"not_picked":["Reprogram","Coolheaded"],"picked":"Ball Lightning","floor":2.0},{"not_picked":["Steam","Turbo"],"picked":"Self Repair","floor":5.0},{"not_picked":["Scrape","Rebound","Ball Lightning"],"picked":"SKIP","floor":10.0},{"not_picked":["All For One","Redo"],"picked":"Beam Cell","floor":12.0},{"not_picked":["Storm","Stack"],"picked":"Reprogram","floor":13.0}],"player_experience":2529264,"relics_obtained":[{"floor":9.0,"key":"Tiny Chest"},{"floor":10.0,"key":"War Paint"}],"event_choices":[{"damage_healed":0.0,"max_hp_gain":5.0,"max_hp_loss":0.0,"gold_gain":0.0,"event_name":"Big Fish","player_choice":"Donut","floor":3.0,"gold_loss":0.0,"damage_taken":0.0},{"damage_healed":0.0,"max_hp_gain":0.0,"max_hp_loss":0.0,"gold_gain":275.0,"event_name":"Golden Shrine","player_choice":"Desecrate","floor":4.0,"gold_loss":0.0,"damage_taken":0.0,"cards_obtained":["Regret"]},{"damage_healed":0.0,"max_hp_gain":0.0,"max_hp_loss":0.0,"gold_gain":0.0,"event_name":"Shining Light","player_choice":"Entered Light","floor":8.0,"gold_loss":0.0,"damage_taken":23.0,"cards_upgraded":["Defend_B","Strike_B"]}],"is_beta":false,"boss_relics":[],"items_purged_floors":[7],"is_endless":false,"potions_floor_spawned":[5,10],"killed_by":"Exordium Thugs","ascension_level":20}