{"gold_per_floor":[110,124,124,49,49,49,49,99,122,155,155,189,208,246,246,336,336],"floor_reached":17,"playtime":606,"items_purged":[],"score":442,"play_id":"07f06633-15f1-48cb-9beb-45fc6ebfe029","local_time":"20190409000507","is_ascension_mode":true,"campfire_choices":[{"data":"Noxious Fumes","floor":6.0,"key":"SMITH"},{"data":"Neutralize","floor":11.0,"key":"SMITH"},{"data":"Burst","floor":15,"key":"SMITH"}],"neow_cost":"NONE","seed_source_timestamp":43722099303814,"circlet_count":0,"master_deck":["AscendersBane","Defend_G","Defend_G","Defend_G","Defend_G+1","Defend_G","Strike_G","Strike_G","Strike_G","Strike_G","Strike_G","Survivor+1","Neutralize+1","Backstab","Noxious Fumes+1","Burst+1","Leg Sweep","Backflip","Adrenaline"],"special_seed":0,"relics":["Ring of the Snake","NeowsBlessing","Golden Idol","Snake Skull","Bottled Lightning","Pen Nib","Bag of Preparation","Orrery"],"potions_floor_usage":[16],"damage_taken":[{"damage":0.0,"enemies":"Cultist","floor":1.0,"turns":1.0},{"damage":0.0,"enemies":"Jaw Worm","floor":2.0,"turns":1.0},{"damage":0.0,"enemies":"3 Sentries","floor":10.0,"turns":1.0},{"damage":16.0,"enemies":"Gremlin Nob","floor":12.0,"turns":4.0},{"damage":0,"enemies":"Small Slimes","floor":13,"turns":4},{"damage":0,"enemies":"Lagavulin","floor":14,"turns":7},{"damage":23,"enemies":"Hexaghost","floor":16,"turns":10}],"seed_played":"-8478117124768040210","potions_obtained":[{"floor":1.0,"key":"Swift Potion"},{"floor":12.0,"key":"Strength Potion"},{"floor":13,"key":"Strength Potion"},{"floor":14,"key":"SkillPotion"}],"is_trial":false,"path_per_floor":["M","M","?","$","?","R","?","?","T","E","R","E","M","E","R","B",null],"character_chosen":"THE_SILENT","items_purchased":["Noxious Fumes"],"campfire_rested":0,"item_purchase_floors":[4],"current_hp_per_floor":[59,59,64,64,43,43,43,43,43,43,43,27,27,27,27,4,4],"gold":336,"neow_bonus":"THREE_ENEMY_KILL","is_prod":false,"is_daily":false,"chose_seed":false,"campfire_upgraded":3,"win_rate":0,"timestamp":1554739507,"path_taken":["M","M","?","$","?","R","?","?","T","E","R","E","?","E","R","BOSS"],"build_version":"2019-01-23","purchased_purges":0,"victory":false,"max_hp_per_floor":[66,66,71,71,71,71,64,64,64,64,64,64,64,64,64,64,64],"card_choices":[{"not_picked":["Flechettes","Choke"],"picked":"Backstab","floor":1.0},{"not_picked":["Acrobatics","PiercingWail","Skewer"],"picked":"SKIP","floor":2.0},{"not_picked":["Predator","Riddle With Holes"],"picked":"Burst","floor":10.0},{"not_picked":["Acrobatics","Crippling Poison"],"picked":"Leg Sweep","floor":12.0},{"not_picked":["Bane","Slice"],"picked":"Backflip","floor":13},{"not_picked":["Backflip","Dagger Spray","Skewer"],"picked":"SKIP","floor":14},{"not_picked":["Tools of the Trade","Night Terror"],"picked":"Adrenaline","floor":16}],"player_experience":4173851,"relics_obtained":[{"floor":9.0,"key":"Snake Skull"},{"floor":10.0,"key":"Bottled Lightning"},{"floor":12.0,"key":"Pen Nib"},{"floor":14,"key":"Bag of Preparation"}],"event_choices":[{"damage_healed":0.0,"max_hp_gain":5.0,"max_hp_loss":0.0,"gold_gain":0.0,"event_name":"Big Fish","player_choice":"Donut","floor":3.0,"gold_loss":0.0,"damage_taken":0.0},{"damage_healed":0.0,"max_hp_gain":0.0,"max_hp_loss":0.0,"gold_gain":0.0,"event_name":"Shining Light","player_choice":"Entered Light","floor":5.0,"gold_loss":0.0,"damage_taken":21.0,"cards_upgraded":["Survivor","Defend_G"]},{"damage_healed":0.0,"max_hp_gain":0.0,"max_hp_loss":7.0,"gold_gain":0.0,"event_name":"Golden Idol","player_choice":"Lose Max HP","floor":7.0,"gold_loss":0.0,"damage_taken":0.0,"relics_obtained":["Golden Idol"]},{"damage_healed":0.0,"max_hp_gain":0.0,"max_hp_loss":0.0,"gold_gain":50.0,"event_name":"Golden Shrine","player_choice":"Pray","floor":8.0,"gold_loss":0.0,"damage_taken":0.0}],"is_beta":false,"boss_relics":[{"not_picked":["Ring of the Serpent","Velvet Choker"],"picked":"Orrery"}],"items_purged_floors":[],"is_endless":false,"potions_floor_spawned":[1,12,13,14],"ascension_level":20}