{"gold_per_floor":[367,379,379,394,409,409,429,429,453,483,570,582,606,629,641,750,762,784,527,527,527,540,540,590,240,320,320,320,171,188,218,218,321,321,331,44,55,69,69,98,98,114,163,163,163,163,173,173,173,173],"floor_reached":51,"playtime":1621,"items_purged":["Strike_R","Writhe","Strike_R"],"score":737,"play_id":"5019ce27-71d0-481f-83b0-a360fe4d513e","local_time":"20190805135704","is_ascension_mode":false,"campfire_choices":[{"data":"Flex","floor":6.0,"key":"SMITH"},{"data":"Bash","floor":8.0,"key":"SMITH"},{"data":"Twin Strike","floor":12,"key":"SMITH"},{"data":"Flame Barrier","floor":15,"key":"SMITH"},{"data":"Juggernaut","floor":23,"key":"SMITH"},{"data":"Iron Wave","floor":28,"key":"SMITH"},{"data":"True Grit","floor":32,"key":"SMITH"},{"data":"Demon Form","floor":41,"key":"SMITH"},{"data":"Havoc","floor":44,"key":"SMITH"},{"data":"Metallicize","floor":46,"key":"SMITH"},{"floor":49,"key":"REST"}],"neow_cost":"TEN_PERCENT_HP_LOSS","seed_source_timestamp":541042260719,"circlet_count":0,"master_deck":["Strike_R","Strike_R","Defend_R","Defend_R","Defend_R","Defend_R","Bash+1","Flex+1","Twin Strike+1","Iron Wave+1","Flame Barrier+1","Juggernaut+1","Cleave","Twin Strike","Metallicize+1","Headbutt","True Grit+1","Disarm+1","Demon Form+1","Entrench+1","Disarm+1","Inflame+1","Havoc+1","Iron Wave+1","Disarm","Decay"],"special_seed":0,"relics":["Burning Blood","MawBank","Runic Dome","ClockworkSouvenir","Nilry\u0027s Codex","Anchor","Bronze Scales","Meat on the Bone","Turnip","Bag of Marbles","Velvet Choker","DollysMirror","Vajra","Blood Vial"],"potions_floor_usage":[13,13,16,42,42,50,50,50,50,50],"damage_taken":[{"damage":0.0,"enemies":"2 Louse","floor":1.0,"turns":3.0},{"damage":1.0,"enemies":"Cultist","floor":2.0,"turns":4.0},{"damage":3.0,"enemies":"Small Slimes","floor":4.0,"turns":4.0},{"damage":24.0,"enemies":"Exordium Thugs","floor":5.0,"turns":6.0},{"damage":11.0,"enemies":"2 Fungi Beasts","floor":7.0,"turns":4.0},{"damage":0.0,"enemies":"Exordium Wildlife","floor":10.0,"turns":3.0},{"damage":15,"enemies":"Exordium Thugs","floor":13,"turns":3},{"damage":9,"enemies":"Blue Slaver","floor":14,"turns":3},{"damage":36,"enemies":"The Guardian","floor":16,"turns":14},{"damage":5,"enemies":"Chosen","floor":18,"turns":4},{"damage":12,"enemies":"Shell Parasite","floor":22,"turns":4},{"damage":0,"enemies":"Cultist and Chosen","floor":30,"turns":5},{"damage":15,"enemies":"Book of Stabbing","floor":31,"turns":5},{"damage":4,"enemies":"Champ","floor":33,"turns":12},{"damage":12,"enemies":"3 Darklings","floor":35,"turns":3},{"damage":5,"enemies":"Orb Walker","floor":37,"turns":3},{"damage":14,"enemies":"Jaw Worm Horde","floor":38,"turns":5},{"damage":36,"enemies":"Giant Head","floor":40,"turns":8},{"damage":0,"enemies":"4 Shapes","floor":42,"turns":4},{"damage":9,"enemies":"Sphere and 2 Shapes","floor":47,"turns":6},{"damage":41,"enemies":"Awakened One","floor":50,"turns":11}],"seed_played":"5554902665435594770","potions_obtained":[{"floor":2.0,"key":"Poison Potion"},{"floor":4.0,"key":"FearPotion"},{"floor":10.0,"key":"SkillPotion"},{"floor":14,"key":"Explosive Potion"},{"floor":18,"key":"Explosive Potion"},{"floor":40,"key":"Block Potion"},{"floor":42,"key":"Block Potion"}],"is_trial":false,"path_per_floor":["M","M","?","M","M","R","M","R","T","M","?","R","M","M","R","B",null,"M","$","?","?","M","R","?","$","T","T","R","$","M","E","R","B",null,"M","$","M","M","?","E","R","M","T","R","?","R","M","?","R","B",null],"character_chosen":"IRONCLAD","items_purchased":["ClockworkSouvenir","Bronze Scales","Metallicize","Headbutt","True Grit","DollysMirror","EntropicBrew"],"campfire_rested":1,"item_purchase_floors":[19,25,25,25,29,36,36],"current_hp_per_floor":[72,72,72,72,62,62,61,61,61,72,65,65,63,66,66,48,72,72,72,56,56,58,58,58,58,58,58,58,58,72,63,63,65,72,66,66,70,72,82,52,52,58,58,58,58,58,57,57,81,59],"gold":173,"neow_bonus":"TWO_FIFTY_GOLD","is_prod":false,"is_daily":false,"chose_seed":false,"campfire_upgraded":10,"win_rate":0,"timestamp":1565035024,"path_taken":["M","M","?","M","?","R","M","R","T","M","?","R","?","M","R","BOSS","M","$","?","?","?","R","?","?","T","?","R","?","M","E","R","BOSS","M","$","?","M","?","E","R","?","T","R","?","R","M","?","R","BOSS"],"build_version":"2019-07-17","purchased_purges":3,"victory":true,"max_hp_per_floor":[72,72,72,72,72,72,72,72,72,72,72,72,72,72,72,72,72,72,72,72,72,72,72,72,72,72,72,72,72,72,72,72,72,72,72,72,72,72,82,82,82,82,82,82,82,82,82,82,82,82],"card_choices":[{"not_picked":["Rage","True Grit"],"picked":"Flex","floor":1.0},{"not_picked":["Shrug It Off","True Grit"],"picked":"Twin Strike","floor":2.0},{"not_picked":["Wild Strike","Body Slam","Entrench"],"picked":"SKIP","floor":4.0},{"not_picked":["True Grit","Body Slam"],"picked":"Iron Wave","floor":5.0},{"not_picked":["Anger","Warcry","Dropkick"],"picked":"SKIP","floor":7.0},{"not_picked":["Pommel Strike","Blood for Blood","Dual Wield"],"picked":"SKIP","floor":10.0},{"not_picked":["Fire Breathing","Berserk","Anger"],"picked":"SKIP","floor":13},{"not_picked":["Cleave","Ghostly Armor"],"picked":"Flame Barrier","floor":14},{"not_picked":["Berserk","Exhume"],"picked":"Juggernaut","floor":16},{"not_picked":["Pummel","Twin Strike"],"picked":"Cleave","floor":18},{"not_picked":["Warcry","Cleave"],"picked":"Twin Strike","floor":22},{"not_picked":["Wild Strike","Sword Boomerang+1"],"picked":"Disarm+1","floor":30},{"not_picked":["Clothesline","Hemokinesis+1","Berserk"],"picked":"SKIP","floor":31},{"not_picked":["Double Tap","Barricade"],"picked":"Demon Form","floor":33},{"not_picked":["Shrug It Off","Heavy Blade+1"],"picked":"Entrench+1","floor":35},{"not_picked":["Clash+1","Shrug It Off+1"],"picked":"Inflame+1","floor":37},{"not_picked":["Thunderclap+1","Exhume"],"picked":"Havoc","floor":38},{"not_picked":["Pommel Strike","Body Slam","Headbutt"],"picked":"SKIP","floor":40},{"not_picked":["Body Slam","Rupture"],"picked":"Iron Wave+1","floor":42},{"not_picked":["Sword Boomerang+1","Wild Strike+1"],"picked":"Disarm","floor":47}],"player_experience":1625969,"relics_obtained":[{"floor":9.0,"key":"MawBank"},{"floor":20,"key":"Nilry\u0027s Codex"},{"floor":26,"key":"Meat on the Bone"},{"floor":27,"key":"Turnip"},{"floor":31,"key":"Bag of Marbles"},{"floor":40,"key":"Vajra"},{"floor":43,"key":"Blood Vial"}],"event_choices":[{"damage_healed":0.0,"max_hp_gain":0.0,"max_hp_loss":0.0,"gold_gain":0.0,"cards_transformed":["Strike_R"],"event_name":"Transmorgrifier","player_choice":"Transformed","floor":3.0,"gold_loss":0.0,"damage_taken":0.0,"cards_obtained":["Reaper"]},{"damage_healed":0,"gold_gain":75,"player_choice":"Touch","damage_taken":7,"max_hp_gain":0,"max_hp_loss":0,"event_name":"FaceTrader","floor":11,"gold_loss":0},{"damage_healed":0,"gold_gain":0,"player_choice":"Obtained Book","damage_taken":16,"max_hp_gain":0,"max_hp_loss":0,"event_name":"Cursed Tome","floor":20,"gold_loss":0},{"damage_healed":0,"gold_gain":0,"player_choice":"Opened","damage_taken":0,"relics_obtained":["Anchor"],"max_hp_gain":0,"max_hp_loss":0,"event_name":"The Mausoleum","floor":21,"gold_loss":0,"cards_obtained":["Writhe"]},{"damage_healed":0,"gold_gain":100,"player_choice":"Bet on Murderer","damage_taken":0,"max_hp_gain":0,"max_hp_loss":0,"event_name":"The Joust","floor":24,"gold_loss":50},{"cards_removed":["Reaper"],"damage_healed":0,"gold_gain":0,"player_choice":"Offered Rare","damage_taken":0,"max_hp_gain":10,"max_hp_loss":0,"event_name":"Bonfire Elementals","floor":39,"gold_loss":0},{"damage_healed":0,"gold_gain":0,"player_choice":"Ignored","damage_taken":0,"max_hp_gain":0,"max_hp_loss":0,"event_name":"Tomb of Lord Red Mask","floor":45,"gold_loss":0},{"damage_healed":0,"gold_gain":0,"player_choice":"Cursed","damage_taken":0,"max_hp_gain":0,"max_hp_loss":0,"event_name":"Wheel of Change","floor":48,"gold_loss":0,"cards_obtained":["Decay"]}],"is_beta":false,"boss_relics":[{"not_picked":["Pandora\u0027s Box","Eternal Feather"],"picked":"Runic Dome"},{"not_picked":["Calling Bell","Lizard Tail"],"picked":"Velvet Choker"}],"items_purged_floors":[19,25,29],"is_endless":false,"potions_floor_spawned":[2,4,10,14,18,40,42],"ascension_level":0}