{"gold_per_floor":[110,90,0,17,17,17,32,32,32,32,32,50,67,98,98,175,175,188,113,88,102,27,27,39,39,65,65,77,89,89,89],"floor_reached":31,"playtime":905,"items_purged":["Strike_G"],"score":474,"play_id":"fb0120a1-e331-46b3-a308-620678dbbaae","local_time":"20190218233634","is_ascension_mode":true,"campfire_choices":[{"data":"Noxious Fumes","floor":6.0,"key":"SMITH"},{"data":"Noxious Fumes","floor":8.0,"key":"SMITH"},{"data":"Deadly Poison","floor":11.0,"key":"SMITH"},{"data":"Neutralize","floor":15.0,"key":"SMITH"},{"data":"Calculated Gamble","floor":23.0,"key":"SMITH"},{"data":"Well Laid Plans","floor":27.0,"key":"SMITH"}],"neow_cost":"NONE","seed_source_timestamp":55283432867233,"circlet_count":0,"master_deck":["AscendersBane","Defend_G","Defend_G+1","Defend_G","Defend_G+1","Defend_G","Strike_G","Survivor","Neutralize+1","Poisoned Stab","Noxious Fumes+1","Deadly Poison+1","Noxious Fumes+1","Calculated Gamble+1","After Image","Well Laid Plans+1","Concentrate","Wraith Form v2"],"special_seed":0,"relics":["Ring of the Snake","NeowsBlessing","War Paint","Dream Catcher","Blood Vial","Runic Dome","Anchor"],"potions_floor_usage":[28,29],"damage_taken":[{"damage":0.0,"enemies":"Cultist","floor":1.0,"turns":1.0},{"damage":0.0,"enemies":"Small Slimes","floor":4.0,"turns":1.0},{"damage":0.0,"enemies":"2 Louse","floor":7.0,"turns":1.0},{"damage":5.0,"enemies":"Lots of Slimes","floor":12.0,"turns":4.0},{"damage":1.0,"enemies":"2 Fungi Beasts","floor":13.0,"turns":4.0},{"damage":32.0,"enemies":"Gremlin Nob","floor":14.0,"turns":4.0},{"damage":20.0,"enemies":"Slime Boss","floor":16.0,"turns":6.0},{"damage":5.0,"enemies":"Spheric Guardian","floor":18.0,"turns":4.0},{"damage":11.0,"enemies":"2 Thieves","floor":20.0,"turns":4.0},{"damage":20.0,"enemies":"Snecko","floor":21.0,"turns":6.0},{"damage":12.0,"enemies":"Snake Plant","floor":24.0,"turns":5.0},{"damage":0,"enemies":"Centurion and Healer","floor":28,"turns":7},{"damage":8,"enemies":"Snecko","floor":29,"turns":6},{"damage":8,"enemies":"Snake Plant","floor":31,"turns":2}],"seed_played":"866043506437389171","potions_obtained":[{"floor":1.0,"key":"PowerPotion"},{"floor":2.0,"key":"AttackPotion"},{"floor":18.0,"key":"EssenceOfSteel"},{"floor":24.0,"key":"Explosive Potion"},{"floor":28,"key":"AttackPotion"}],"is_trial":false,"path_per_floor":["M","?","$","M","?","R","M","R","T","?","R","M","M","E","R","B",null,"M","?","M","M","$","R","M","?","T","R","M","M","?","M"],"character_chosen":"THE_SILENT","items_purchased":["Noxious Fumes"],"campfire_rested":0,"item_purchase_floors":[3],"current_hp_per_floor":[59,59,59,59,59,59,59,59,59,59,59,54,53,21,21,3,50,47,47,38,20,20,20,10,10,10,10,12,6,6,0],"gold":89,"neow_bonus":"THREE_ENEMY_KILL","is_prod":false,"is_daily":false,"chose_seed":false,"campfire_upgraded":6,"win_rate":0,"timestamp":1550504194,"path_taken":["M","?","$","?","?","R","?","R","T","?","R","M","M","E","R","BOSS","M","?","M","M","$","R","M","?","T","R","?","M","?","M"],"build_version":"2019-01-23","purchased_purges":1,"victory":false,"max_hp_per_floor":[66,66,66,66,66,66,66,66,66,66,66,66,66,66,66,66,66,66,66,66,66,66,66,66,66,66,66,66,66,66,66],"card_choices":[{"not_picked":["Blur","Dagger Throw"],"picked":"Poisoned Stab","floor":1.0},{"not_picked":["Heel Hook","Distraction"],"picked":"Deadly Poison","floor":4.0},{"not_picked":["Bane","Flying Knee"],"picked":"Noxious Fumes","floor":7.0},{"not_picked":["Prepared","A Thousand Cuts"],"picked":"Calculated Gamble","floor":12.0},{"not_picked":["Endless Agony","Concentrate","Slice"],"picked":"SKIP","floor":13.0},{"not_picked":["Prepared","Concentrate","Die Die Die"],"picked":"SKIP","floor":14.0},{"not_picked":["Tools of the Trade","Wraith Form v2"],"picked":"After Image","floor":16.0},{"not_picked":["Cloak And Dagger+1","Acrobatics","Underhanded Strike"],"picked":"SKIP","floor":18.0},{"not_picked":["Dash","Dagger Spray","Flying Knee"],"picked":"SKIP","floor":20.0},{"not_picked":["Poisoned Stab","Underhanded Strike","Dodge and Roll"],"picked":"SKIP","floor":21.0},{"not_picked":["Poisoned Stab","Escape Plan+1"],"picked":"Well Laid Plans","floor":24.0},{"not_picked":["Noxious Fumes","Bane","Deadly Poison"],"picked":"SKIP","floor":28},{"not_picked":["Poisoned Stab","Sucker Punch"],"picked":"Wraith Form v2","floor":29}],"player_experience":2928788,"relics_obtained":[{"floor":9.0,"key":"War Paint"},{"floor":14.0,"key":"Blood Vial"},{"floor":26.0,"key":"Anchor"}],"event_choices":[{"damage_healed":0.0,"max_hp_gain":0.0,"max_hp_loss":0.0,"gold_gain":0.0,"event_name":"The Woman in Blue","player_choice":"Bought 1 Potion","floor":2.0,"gold_loss":0.0,"damage_taken":0.0},{"cards_removed":["Strike_G"],"damage_healed":0.0,"max_hp_gain":0.0,"max_hp_loss":0.0,"gold_gain":0.0,"event_name":"Bonfire Elementals","player_choice":"Offered Basic","floor":5.0,"gold_loss":0.0,"damage_taken":0.0},{"damage_healed":0.0,"max_hp_gain":0.0,"max_hp_loss":0.0,"gold_gain":0.0,"event_name":"WeMeetAgain","player_choice":"Gave Potion","floor":10.0,"gold_loss":0.0,"damage_taken":0.0,"relics_obtained":["Dream Catcher"]},{"cards_removed":["Strike_G"],"damage_healed":0.0,"max_hp_gain":0.0,"max_hp_loss":0.0,"gold_gain":0.0,"event_name":"Beggar","player_choice":"Gave Gold","floor":19.0,"gold_loss":75.0,"damage_taken":0.0},{"damage_healed":0.0,"max_hp_gain":0.0,"max_hp_loss":0.0,"gold_gain":0.0,"cards_transformed":["Strike_G"],"event_name":"Transmorgrifier","player_choice":"Transformed","floor":25.0,"gold_loss":0.0,"damage_taken":0.0,"cards_obtained":["Concentrate"]},{"damage_healed":0,"gold_gain":0,"player_choice":"Ignored","damage_taken":0,"max_hp_gain":0,"max_hp_loss":0,"event_name":"Cursed Tome","floor":30,"gold_loss":0}],"is_beta":false,"boss_relics":[{"not_picked":["Busted Crown","Ring of the Serpent"],"picked":"Runic Dome"}],"items_purged_floors":[22],"is_endless":false,"potions_floor_spawned":[1,4,18,24,28],"killed_by":"Snake Plant","ascension_level":20}