{"path_per_floor":["M","?","$","M","M","E","M","R","T","R","T","M","R","$","R","B",null,"M","$","?","?","?","E","?","E","T","M","?","$","?","M","R","B",null,"M","$","M","$","?","R","M","R","T","E","?","R","E","M","R","B"],"character_chosen":"IRONCLAD","items_purchased":["Pen Nib"],"gold_per_floor":[112,112,37,55,67,99,115,115,115,115,115,135,135,35,35,130,130,150,25,25,25,25,58,58,86,86,104,104,104,29,42,342,438,438,458,154,172,172,227,227,247,247,247,276,276,276,308,325,325,325],"floor_reached":51,"campfire_rested":1,"playtime":1265,"current_hp_per_floor":[67,67,67,67,66,44,20,41,41,41,41,47,47,47,47,10,72,72,72,72,72,59,72,72,74,74,78,78,78,78,84,84,84,84,84,84,81,81,84,84,84,84,84,84,84,84,84,84,84,62],"items_purged":["Defend_R","Strike_R","Strike_R","Inflame"],"gold":325,"score":914,"play_id":"1a2d7a94-d1b4-43bf-8142-877c590bd208","local_time":"20180401222525","is_prod":false,"is_daily":false,"is_ascension_mode":false,"campfire_upgraded":1,"timestamp":1522614325,"path_taken":["M","?","$","M","M","E","M","R","T","R","?","M","R","$","R","BOSS","M","$","?","?","?","E","?","E","T","M","?","$","?","M","R","BOSS","M","$","M","$","?","R","M","R","T","E","?","R","E","M","R","BOSS"],"build_version":"2018-03-29v2","purchased_purges":4,"victory":true,"master_deck":["Bash","Dropkick+1","Offering","Dropkick+1","Inflame+1"],"max_hp_per_floor":[72,72,72,72,72,72,72,72,72,72,72,72,72,72,72,72,72,72,72,72,72,77,84,84,84,84,84,84,84,84,84,84,84,84,84,84,84,84,84,84,84,84,84,84,84,84,84,84,84,84],"relics":["Burning Blood","Molten Egg 2","Shovel","Bag of Marbles","Ice Cream","Thread and Needle","Juzu Bracelet","Astrolabe","Strawberry","Peace Pipe","Bird Faced Urn","Old Coin","Sozu","Pen Nib","Happy Flower","Charon\u0027s Ashes","Red Skull","Lantern","Ancient Tea Set"],"card_choices":[{"not_picked":["Second Wind","Headbutt"],"picked":"Dropkick","floor":6.0},{"not_picked":["Searing Blow","Rampage"],"picked":"Carnage","floor":7.0},{"not_picked":["Dark Embrace","Fiend Fire"],"picked":"Offering","floor":16.0},{"not_picked":["Pummel","Heavy Blade"],"picked":"Inflame","floor":47}],"player_experience":213408,"potions_floor_usage":[50,50,50],"damage_taken":[{"damage":11.0,"enemies":"Jaw Worm","floor":1.0,"turns":3.0},{"damage":6.0,"enemies":"Cultist","floor":4.0,"turns":3.0},{"damage":7.0,"enemies":"2 Louse","floor":5.0,"turns":2.0},{"damage":28.0,"enemies":"Gremlin Nob","floor":6.0,"turns":4.0},{"damage":30.0,"enemies":"Lots of Slimes","floor":7.0,"turns":4.0},{"damage":0.0,"enemies":"Looter","floor":12.0,"turns":1.0},{"damage":43.0,"enemies":"Hexaghost","floor":16.0,"turns":6.0},{"damage":4,"enemies":"Shell Parasite","floor":18,"turns":1},{"damage":0,"enemies":"Gremlin Leader","floor":23,"turns":1},{"damage":4,"enemies":"Book of Stabbing","floor":25,"turns":1},{"damage":4,"enemies":"Chosen","floor":27,"turns":1},{"damage":0,"enemies":"Snecko","floor":31,"turns":1},{"damage":0,"enemies":"Champ","floor":33,"turns":1},{"damage":0,"enemies":"3 Darklings","floor":35,"turns":1},{"damage":9,"enemies":"3 Shapes","floor":37,"turns":1},{"damage":0,"enemies":"Mysterious Sphere","floor":39,"turns":1},{"damage":0,"enemies":"Maw","floor":41,"turns":1},{"damage":0,"enemies":"2 Orb Walkers","floor":44,"turns":1},{"damage":0,"enemies":"Giant Head","floor":47,"turns":1},{"damage":4,"enemies":"Sphere and 2 Shapes","floor":48,"turns":2},{"damage":28,"enemies":"Time Eater","floor":50,"turns":3}],"event_choices":[{"event_name":"Living Wall","player_choice":"Forget","floor":2.0,"damage_taken":0.0},{"event_name":"Back to Basics","player_choice":"Elegance","floor":20,"damage_taken":0},{"event_name":"Cursed Tome","player_choice":"Ignored","floor":21,"damage_taken":0},{"event_name":"Forgotten Altar","player_choice":"Shed Blood","floor":22,"damage_taken":0},{"event_name":"Vampires","player_choice":"Ignored","floor":24,"damage_taken":0},{"event_name":"Duplicator","player_choice":"One dupe","floor":28,"damage_taken":0},{"event_name":"Beggar","player_choice":"Gave Gold","floor":30,"damage_taken":0},{"event_name":"Mysterious Sphere","player_choice":"Fight","floor":39,"damage_taken":0},{"event_name":"SensoryStone","player_choice":"Memory 1","floor":45,"damage_taken":0}],"boss_relics":[{"not_picked":["White Beast Statue","Pandora\u0027s Box"],"picked":"Sozu"}],"potions_floor_spawned":[6,16,25,27,35,37,39,48],"seed_played":"-3708356408173428391","ascension_level":0,"is_trial":false}