{"gold_per_floor":[109,125,139,150,120,120,145,145,217,234,247,247,261,273,273,348,348,368,50,50,50,50],"floor_reached":22,"playtime":803,"items_purged":["Strike_G"],"score":329,"play_id":"d0086e5d-44ec-4f80-8d3a-d64c46ba7d44","local_time":"20180826214132","is_ascension_mode":true,"campfire_choices":[{"data":"Envenom","floor":6,"key":"SMITH"},{"floor":8,"key":"DIG"},{"floor":15,"key":"REST"}],"neow_cost":"","seed_source_timestamp":43042368152971,"circlet_count":0,"master_deck":["Defend_G","Defend_G","Defend_G","Defend_G","Defend_G","Strike_G","Strike_G","Strike_G","Strike_G","Survivor","Neutralize","AscendersBane","Leg Sweep","Slice","Envenom+1","Poisoned Stab","Backflip","Bane","Blade Dance","Blade Dance","Noxious Fumes","After Image"],"relics":["Ring of the Snake","Shovel","Anchor","Paper Crane","Sozu","Matryoshka","Nilry\u0027s Codex"],"potions_floor_usage":[7,13,16,16],"damage_taken":[{"damage":0,"enemies":"Small Slimes","floor":1,"turns":3},{"damage":5,"enemies":"Cultist","floor":2,"turns":6},{"damage":4,"enemies":"Jaw Worm","floor":3,"turns":4},{"damage":5,"enemies":"Blue Slaver","floor":4,"turns":6},{"damage":0,"enemies":"Looter","floor":5,"turns":4},{"damage":28,"enemies":"Gremlin Nob","floor":7,"turns":5},{"damage":3,"enemies":"Exordium Thugs","floor":10,"turns":7},{"damage":0,"enemies":"Exordium Wildlife","floor":11,"turns":4},{"damage":6,"enemies":"Lots of Slimes","floor":13,"turns":4},{"damage":3,"enemies":"Blue Slaver","floor":14,"turns":4},{"damage":1,"enemies":"The Guardian","floor":16,"turns":10},{"damage":16,"enemies":"Chosen","floor":18,"turns":6},{"damage":20,"enemies":"Spheric Guardian","floor":22,"turns":3}],"seed_played":"-5945524936873715527","potions_obtained":[{"floor":2,"key":"Poison Potion"},{"floor":7,"key":"Strength Potion"},{"floor":10,"key":"PowerPotion"},{"floor":13,"key":"Strength Potion"}],"is_trial":false,"path_per_floor":["M","M","M","M","M","R","E","R","T","M","M","?","M","M","R","B",null,"M","$","?","$"],"character_chosen":"THE_SILENT","items_purchased":["Matryoshka"],"campfire_rested":1,"item_purchase_floors":[19],"current_hp_per_floor":[59,54,50,45,45,45,17,17,17,14,14,14,8,5,24,23,55,39,39,18,18,0],"gold":50,"neow_bonus":"","is_prod":false,"is_daily":false,"chose_seed":false,"campfire_upgraded":1,"win_rate":0,"timestamp":1535290892,"path_taken":["M","M","M","M","M","R","E","R","T","M","M","?","M","M","R","BOSS","M","$","?","?","M"],"build_version":"2018-08-23v2","purchased_purges":1,"victory":false,"max_hp_per_floor":[66,66,66,66,66,66,66,66,66,66,66,66,66,66,66,66,66,66,66,66,66,66],"card_choices":[{"not_picked":["Poisoned Stab","Slice"],"picked":"Leg Sweep","floor":1},{"not_picked":["Flechettes","Dodge and Roll"],"picked":"Slice","floor":2},{"not_picked":["Riddle With Holes","Acrobatics","Deflect"],"picked":"SKIP","floor":3},{"not_picked":["Eviscerate","Poisoned Stab"],"picked":"Envenom","floor":4},{"not_picked":["Sucker Punch","Dagger Spray"],"picked":"Poisoned Stab","floor":5},{"not_picked":["Deflect","Dodge and Roll"],"picked":"Backflip","floor":7},{"not_picked":["Night Terror","Quick Slash"],"picked":"Bane","floor":10},{"not_picked":["Poisoned Stab","Acrobatics","Outmaneuver"],"picked":"SKIP","floor":11},{"not_picked":["Finisher","Bane"],"picked":"Blade Dance","floor":13},{"not_picked":["Cloak And Dagger","Prepared"],"picked":"Noxious Fumes","floor":14},{"not_picked":["Storm of Steel","Doppelganger"],"picked":"After Image","floor":16},{"not_picked":["Dagger Spray","Predator","Poisoned Stab"],"picked":"SKIP","floor":18}],"player_experience":904488,"relics_obtained":[{"floor":7,"key":"Shovel"},{"floor":8,"key":"Anchor"},{"floor":9,"key":"Paper Crane"},{"floor":20,"key":"Nilry\u0027s Codex"}],"event_choices":[{"event_name":"Match and Keep!","player_choice":"1 cards matched","floor":12,"damage_taken":0},{"event_name":"Cursed Tome","player_choice":"Obtained Book","floor":20,"damage_taken":0}],"is_beta":true,"boss_relics":[{"not_picked":["Tiny House","White Beast Statue"],"picked":"Sozu"}],"items_purged_floors":[19],"is_endless":false,"potions_floor_spawned":[2,7,10,13,14],"killed_by":"Spheric Guardian","ascension_level":15}