{"gold_per_floor":[119,94,33,48,67,67,95,107,181,181,198,209,209,236,236,307,307,295,96,109,122,142,142,175,188,233,233,433,448,363,377,377,450,450,470,518,538,538,306,323,352,176,176,191,204,204,204,219,219,219],"floor_reached":51,"playtime":3859,"items_purged":["Regret","Shame"],"score":1273,"play_id":"21605616-5b70-4f89-aad5-b37566528c2d","local_time":"20180722181239","is_ascension_mode":true,"campfire_choices":[{"data":"Neutralize","floor":6,"key":"SMITH"},{"floor":10,"key":"REST"},{"data":"Prepared","floor":13,"key":"SMITH"},{"data":"Noxious Fumes","floor":15,"key":"SMITH"},{"data":"Tools of the Trade","floor":23,"key":"SMITH"},{"data":"Footwork","floor":27,"key":"SMITH"},{"data":"Footwork","floor":32,"key":"SMITH"},{"data":"Secret Technique","floor":47,"key":"SMITH"},{"floor":49,"key":"REST"}],"neow_cost":"NONE","seed_source_timestamp":879239643917,"circlet_count":0,"master_deck":["Survivor","Neutralize+1","AscendersBane","Clumsy","Dagger Throw","Acrobatics","Noxious Fumes+1","Endless Agony","Footwork+1","Deflect","Adrenaline","Prepared+1","Well Laid Plans","Tools of the Trade+1","Storm of Steel+1","Venomology+1","Dagger Spray+1","Adrenaline","Footwork+1","Backflip","A Thousand Cuts","Calculated Gamble","Catalyst","Acrobatics","Deflect","Catalyst","Underhanded Strike","Escape Plan","Blur","Calculated Gamble+1","Madness","Madness","Deadly Poison","Tactician","Madness","Impatience","Secret Technique+1"],"relics":["Calling Bell","Potion Belt","Pantograph","Tough Bandages","Gambling Chip","Meat on the Bone","Bag of Marbles","Astrolabe","Frozen Eye","Bottled Tornado","Bronze Scales","Juzu Bracelet","Pandora\u0027s Box","Bird Faced Urn","Snake Skull","Gremlin Horn","The Courier"],"potions_floor_usage":[7,14,21,22,24,24,24,31,33,33,33,35,37,40,41,44,44,50,50,50,50],"damage_taken":[{"damage":11,"enemies":"Jaw Worm","floor":1,"turns":6},{"damage":1,"enemies":"2 Louse","floor":4,"turns":3},{"damage":2,"enemies":"Cultist","floor":5,"turns":4},{"damage":15,"enemies":"Lagavulin","floor":7,"turns":9},{"damage":18,"enemies":"Exordium Thugs","floor":8,"turns":8},{"damage":0,"enemies":"Blue Slaver","floor":11,"turns":4},{"damage":6,"enemies":"Looter","floor":12,"turns":3},{"damage":0,"enemies":"3 Sentries","floor":14,"turns":8},{"damage":42,"enemies":"Slime Boss","floor":16,"turns":11},{"damage":4,"enemies":"2 Thieves","floor":18,"turns":4},{"damage":10,"enemies":"Spheric Guardian","floor":20,"turns":5},{"damage":11,"enemies":"Snake Plant","floor":21,"turns":6},{"damage":30,"enemies":"Snecko","floor":22,"turns":7},{"damage":18,"enemies":"Slavers","floor":24,"turns":3},{"damage":1,"enemies":"3 Cultists","floor":25,"turns":5},{"damage":0,"enemies":"Snake Plant","floor":29,"turns":5},{"damage":0,"enemies":"Snecko","floor":31,"turns":5},{"damage":25,"enemies":"Automaton","floor":33,"turns":14},{"damage":0,"enemies":"3 Shapes","floor":35,"turns":4},{"damage":32,"floor":36,"turns":5},{"damage":25,"enemies":"3 Darklings","floor":37,"turns":8},{"damage":25,"enemies":"4 Shapes","floor":40,"turns":5},{"damage":14,"enemies":"Nemesis","floor":41,"turns":7},{"damage":6,"enemies":"Maw","floor":44,"turns":7},{"damage":13,"enemies":"Spire Growth","floor":45,"turns":5},{"damage":10,"enemies":"Sphere and 2 Shapes","floor":48,"turns":4},{"damage":2,"enemies":"Time Eater","floor":50,"turns":13}],"seed_played":"2678395473588029992","potions_obtained":[{"floor":4,"key":"Swift Potion"},{"floor":11,"key":"SkillPotion"},{"floor":12,"key":"Dexterity Potion"},{"floor":16,"key":"Dexterity Potion"},{"floor":21,"key":"FearPotion"},{"floor":31,"key":"Fruit Juice"},{"floor":36,"key":"PowerPotion"},{"floor":48,"key":"GamblersBrew"}],"is_trial":false,"path_per_floor":["M","$","?","M","M","R","E","M","T","R","M","M","R","E","R","B",null,"M","$","M","M","M","R","E","M","T","R","?","M","?","M","R","B",null,"M","?","M","?","$","M","E","$","T","M","M","?","R","M","R","B"],"character_chosen":"THE_SILENT","items_purchased":["Acrobatics","Frozen Eye","Snake Skull","GhostInAJar"],"campfire_rested":2,"item_purchase_floors":[2,19,39,42],"current_hp_per_floor":[48,48,48,47,45,45,30,12,12,31,43,37,37,37,37,32,58,54,54,44,45,27,27,21,32,32,32,32,44,44,44,44,46,65,65,45,46,33,33,44,42,42,42,48,47,37,37,37,58,71],"gold":219,"neow_bonus":"BOSS_RELIC","is_prod":false,"is_daily":false,"chose_seed":false,"campfire_upgraded":7,"win_rate":0,"timestamp":1532254359,"path_taken":["M","$","?","M","M","R","E","M","T","R","M","M","R","E","R","BOSS","M","$","M","M","M","R","E","M","T","R","?","M","?","M","R","BOSS","M","?","M","?","$","M","E","$","T","M","M","?","R","M","R","BOSS"],"build_version":"2018-07-19","purchased_purges":2,"victory":true,"max_hp_per_floor":[66,66,66,66,66,66,66,66,66,66,66,66,66,66,66,66,66,66,66,66,66,66,66,66,66,66,66,66,66,66,66,66,71,71,71,71,71,71,71,71,71,71,71,71,71,71,71,71,71,71],"card_choices":[{"not_picked":["Underhanded Strike","PiercingWail"],"picked":"Dagger Throw","floor":1},{"not_picked":["Deflect","Crippling Poison"],"picked":"Noxious Fumes","floor":4},{"not_picked":["Flying Knee","Expertise"],"picked":"Endless Agony","floor":5},{"not_picked":["Underhanded Strike","Backflip"],"picked":"Footwork","floor":7},{"not_picked":["Predator","Backflip"],"picked":"Deflect","floor":8},{"not_picked":["Blur","Noxious Fumes"],"picked":"Adrenaline","floor":11},{"not_picked":["Eviscerate","Dodge and Roll"],"picked":"Prepared","floor":12},{"not_picked":["Backstab","Expertise"],"picked":"Well Laid Plans","floor":14},{"not_picked":["Grand Finale","Die Die Die"],"picked":"Tools of the Trade","floor":16},{"not_picked":["Choke","Dodge and Roll","Cloak And Dagger"],"picked":"SKIP","floor":18},{"not_picked":["Outmaneuver","Sucker Punch","Finisher+1"],"picked":"SKIP","floor":20},{"not_picked":["Backflip","Outmaneuver","Crippling Poison"],"picked":"SKIP","floor":21},{"not_picked":["Bane","Flying Knee","Outmaneuver"],"picked":"SKIP","floor":22},{"not_picked":["Underhanded Strike","All Out Attack"],"picked":"Adrenaline","floor":24},{"not_picked":["Prepared","Bouncing Flask"],"picked":"Footwork","floor":25},{"not_picked":["Well Laid Plans","Sucker Punch"],"picked":"Backflip","floor":29},{"not_picked":["Sucker Punch+1","PiercingWail"],"picked":"A Thousand Cuts","floor":31},{"not_picked":["Bane","Infinite Blades"],"picked":"Blur","floor":35},{"not_picked":["Sucker Punch","Backstab"],"picked":"Calculated Gamble+1","floor":36},{"not_picked":["Cloak And Dagger+1","Bouncing Flask","Distraction"],"picked":"SKIP","floor":37},{"not_picked":["Acrobatics","Noxious Fumes","Crippling Poison"],"picked":"SKIP","floor":40},{"not_picked":["Storm of Steel","Acrobatics"],"picked":"Deadly Poison","floor":41},{"not_picked":["Prepared","Backflip","Deadly Poison"],"picked":"SKIP","floor":44},{"not_picked":["Dash+1","Deadly Poison"],"picked":"Tactician","floor":45},{"not_picked":["Purity","Blind"],"picked":"Madness","floor":46},{"not_picked":["Mind Blast","Jack Of All Trades"],"picked":"Impatience","floor":46},{"not_picked":["Dark Shackles","Trip"],"picked":"Secret Technique","floor":46},{"not_picked":["Quick Slash+1","Crippling Poison","Backflip"],"picked":"SKIP","floor":48}],"player_experience":765819,"relics_obtained":[{"floor":0,"key":"Potion Belt"},{"floor":0,"key":"Pantograph"},{"floor":0,"key":"Tough Bandages"},{"floor":7,"key":"Gambling Chip"},{"floor":9,"key":"Meat on the Bone"},{"floor":14,"key":"Bag of Marbles"},{"floor":24,"key":"Bottled Tornado"},{"floor":26,"key":"Bronze Scales"},{"floor":36,"key":"Bird Faced Urn"},{"floor":41,"key":"Gremlin Horn"},{"floor":43,"key":"The Courier"}],"event_choices":[{"event_name":"World of Goop","player_choice":"Left","floor":3,"damage_taken":0},{"event_name":"Wheel of Change","player_choice":"Gold","floor":28,"damage_taken":0},{"event_name":"Addict","player_choice":"Obtained Relic","floor":30,"damage_taken":0},{"event_name":"Mysterious Sphere","player_choice":"Fight","floor":36,"damage_taken":0},{"event_name":"Winding Halls","player_choice":"Embrace Madness","floor":38,"damage_taken":0},{"event_name":"SensoryStone","player_choice":"Memory 3","floor":46,"damage_taken":0}],"is_beta":true,"boss_relics":[{"not_picked":["Empty Cage","Snecko Eye"],"picked":"Astrolabe"},{"not_picked":["Lizard Tail","Tiny House"],"picked":"Pandora\u0027s Box"}],"items_purged_floors":[39,42],"is_endless":false,"potions_floor_spawned":[4,11,12,16,20,21,22,31,36,37,48],"ascension_level":15}