{"gold_per_floor":[116,116,127,127,127,127,52,111,135,152,162,162,33,33,33,127,127,141,161,161,174,124,164,39,39,39,62,82,132,132,150,150,241,241,266,266,541,348,372,403,228,271,295,335,335,349,349,393,393,393,393,393,393,68,104,104],"floor_reached":57,"playtime":1877,"items_purged":["Strike_G","Strike_G+1","Masterful Stab","Regret","Endless Agony","Neutralize+1"],"score":3572,"play_id":"9ce4ebdd-3f80-4237-b706-e136006c6e83","local_time":"20190722230401","is_ascension_mode":true,"campfire_choices":[{"data":"Deadly Poison","floor":6.0,"key":"SMITH"},{"data":"Deadly Poison","floor":15.0,"key":"SMITH"},{"data":"Well Laid Plans","floor":25.0,"key":"SMITH"},{"data":"Grand Finale","floor":32.0,"key":"SMITH"},{"data":"Well Laid Plans","floor":45,"key":"SMITH"},{"floor":47,"key":"RECALL"},{"data":"Backflip","floor":49,"key":"SMITH"},{"data":"Wraith Form v2","floor":53,"key":"SMITH"}],"neow_cost":"TEN_PERCENT_HP_LOSS","seed_source_timestamp":333292738056400,"circlet_count":0,"master_deck":["AscendersBane","Well Laid Plans+1","Backflip+1","Grand Finale+1","Tactician+1","Wraith Form v2+1","Acrobatics+1","Acrobatics+1","After Image","Calculated Gamble+1","Well Laid Plans+1"],"special_seed":0,"relics":["Ring of the Snake","Tiny Chest","Golden Idol","Pandora\u0027s Box","Prayer Wheel","Singing Bowl","Empty Cage","Snake Skull","Centennial Puzzle","Smiling Mask","Lantern","Medical Kit","Bag of Preparation"],"potions_floor_usage":[56,56],"damage_taken":[{"damage":0.0,"enemies":"2 Louse","floor":1.0,"turns":3.0},{"damage":1.0,"enemies":"Jaw Worm","floor":3.0,"turns":3.0},{"damage":12.0,"enemies":"Lagavulin","floor":8.0,"turns":5.0},{"damage":0.0,"enemies":"Small Slimes","floor":10.0,"turns":3.0},{"damage":4.0,"enemies":"Blue Slaver","floor":11.0,"turns":4.0},{"damage":1.0,"enemies":"Hexaghost","floor":16.0,"turns":8.0},{"damage":9.0,"enemies":"3 Byrds","floor":18.0,"turns":5.0},{"damage":0.0,"enemies":"Chosen","floor":19.0,"turns":3.0},{"damage":20.0,"enemies":"Centurion and Healer","floor":21.0,"turns":3.0},{"damage":0.0,"enemies":"Gremlin Leader","floor":23.0,"turns":2.0},{"damage":0.0,"enemies":"Snecko","floor":27.0,"turns":1.0},{"damage":0.0,"enemies":"Snake Plant","floor":28.0,"turns":2.0},{"damage":0.0,"enemies":"Centurion and Healer","floor":31.0,"turns":1.0},{"damage":0.0,"enemies":"Collector","floor":33.0,"turns":1.0},{"damage":0.0,"enemies":"3 Darklings","floor":35.0,"turns":1.0},{"damage":0.0,"enemies":"Orb Walker","floor":39.0,"turns":1.0},{"damage":0.0,"enemies":"Giant Head","floor":40.0,"turns":1.0},{"damage":0.0,"enemies":"Reptomancer","floor":42.0,"turns":1.0},{"damage":0,"enemies":"Nemesis","floor":44,"turns":1},{"damage":0,"enemies":"Transient","floor":46,"turns":6},{"damage":0,"enemies":"Giant Head","floor":48,"turns":1},{"damage":0,"enemies":"Time Eater","floor":50,"turns":2},{"damage":0,"enemies":"Donu and Deca","floor":51,"turns":1},{"damage":0,"enemies":"Shield and Spear","floor":55,"turns":2},{"damage":0,"enemies":"The Heart","floor":56,"turns":5}],"seed_played":"-180298839055429108","potions_obtained":[{"floor":1.0,"key":"AttackPotion"},{"floor":8.0,"key":"Poison Potion"},{"floor":18.0,"key":"SkillPotion"},{"floor":21.0,"key":"Fire Potion"},{"floor":27.0,"key":"Explosive Potion"},{"floor":42,"key":"Weak Potion"}],"is_trial":false,"path_per_floor":["M","?","M","?","?","R","$","E","T","M","M","?","$","?","R","B",null,"M","M","?","M","?","E","$","R","T","M","M","?","$","M","R","B",null,"M","?","?","$","M","E","$","E","T","E","R","M","R","E","R","B","B",null,"R","$","E","B",null],"character_chosen":"THE_SILENT","items_purchased":["Backflip","Well Laid Plans","Medical Kit","PowerPotion"],"campfire_rested":0,"item_purchase_floors":[13,38,54,54],"current_hp_per_floor":[59,41,40,40,33,33,33,21,21,21,17,17,17,35,35,34,49,40,40,40,20,20,20,20,20,20,24,26,26,26,30,30,30,56,58,58,58,58,62,64,64,66,66,68,68,72,72,74,74,74,74,80,80,80,82,82],"gold":104,"neow_bonus":"REMOVE_TWO","is_prod":false,"is_daily":false,"chose_seed":false,"campfire_upgraded":7,"win_rate":0,"timestamp":1563807841,"path_taken":["M","?","M","?","?","R","$","E","T","?","M","?","?","?","R","BOSS","M","M","?","M","?","E","$","R","T","?","?","?","$","M","R","BOSS","M","?","?","$","M","E","$","E","T","E","R","?","R","E","R","BOSS","BOSS","R","$","E","BOSS"],"build_version":"2019-07-17","purchased_purges":6,"victory":true,"max_hp_per_floor":[60,60,60,60,60,60,60,60,60,60,60,54,54,54,54,54,54,54,54,54,54,54,54,54,54,54,58,60,60,60,64,64,64,64,66,66,66,66,70,72,72,74,74,76,76,80,80,82,82,82,82,82,82,82,84,84],"card_choices":[{"not_picked":["Underhanded Strike","Backstab"],"picked":"Deadly Poison","floor":1.0},{"not_picked":["Dagger Spray","Blur"],"picked":"Deadly Poison","floor":3.0},{"not_picked":["Finisher","Flechettes","Expertise"],"picked":"SKIP","floor":8.0},{"not_picked":["Dodge and Roll","Concentrate"],"picked":"Well Laid Plans","floor":10.0},{"not_picked":["Flechettes","Prepared","Dagger Throw"],"picked":"SKIP","floor":11.0},{"not_picked":["Venomology","Unload"],"picked":"Grand Finale","floor":16.0},{"not_picked":["Poisoned Stab","PiercingWail"],"picked":"Acrobatics","floor":18.0},{"not_picked":["Quick Slash","Concentrate","Dagger Spray+1"],"picked":"SKIP","floor":19.0},{"not_picked":["Concentrate","Cloak And Dagger","Bullet Time"],"picked":"SKIP","floor":21.0},{"not_picked":["Riddle With Holes","Poisoned Stab","Bane"],"picked":"SKIP","floor":23.0},{"not_picked":["Riddle With Holes","Poisoned Stab","Bane"],"picked":"SKIP","floor":23.0},{"not_picked":["Dagger Spray","Setup","Masterful Stab"],"picked":"Singing Bowl","floor":27.0},{"not_picked":["Catalyst","Dodge and Roll+1","Expertise"],"picked":"Singing Bowl","floor":27.0},{"not_picked":["Predator","Blade Dance","Cloak And Dagger"],"picked":"Singing Bowl","floor":28.0},{"not_picked":["Finisher","Flying Knee"],"picked":"Acrobatics+1","floor":28.0},{"not_picked":["Flying Knee","Finisher","Crippling Poison+1"],"picked":"Singing Bowl","floor":31.0},{"not_picked":["Noxious Fumes","Phantasmal Killer","Outmaneuver"],"picked":"Singing Bowl","floor":31.0},{"not_picked":["Glass Knife","Bullet Time"],"picked":"After Image","floor":33.0},{"not_picked":["PiercingWail","Deadly Poison+1"],"picked":"Calculated Gamble+1","floor":35.0},{"not_picked":["Acrobatics","PiercingWail+1","Bane"],"picked":"Singing Bowl","floor":35.0},{"not_picked":["Quick Slash","Deflect","Masterful Stab"],"picked":"Singing Bowl","floor":39.0},{"not_picked":["Malaise","Well Laid Plans","Poisoned Stab+1"],"picked":"Singing Bowl","floor":39.0},{"not_picked":["Deadly Poison","Poisoned Stab","Acrobatics+1"],"picked":"Singing Bowl","floor":40.0},{"not_picked":["Cloak And Dagger","Footwork","Caltrops"],"picked":"Singing Bowl","floor":42},{"not_picked":["Bouncing Flask+1","Blur","Backflip"],"picked":"Singing Bowl","floor":44},{"not_picked":["Dagger Throw+1","Night Terror","Eviscerate"],"picked":"Singing Bowl","floor":46},{"not_picked":["Blade Dance","Underhanded Strike","Tactician"],"picked":"Singing Bowl","floor":46},{"not_picked":["Dodge and Roll","Cloak And Dagger","Prepared"],"picked":"Singing Bowl","floor":48},{"not_picked":["Slice","Dash+1","Phantasmal Killer"],"picked":"Singing Bowl","floor":55}],"player_experience":668188,"relics_obtained":[{"floor":8.0,"key":"Tiny Chest"},{"floor":23.0,"key":"Prayer Wheel"},{"floor":26.0,"key":"Singing Bowl"},{"floor":40.0,"key":"Snake Skull"},{"floor":43,"key":"Centennial Puzzle"},{"floor":44,"key":"Smiling Mask"},{"floor":48,"key":"Lantern"},{"floor":55,"key":"Bag of Preparation"}],"event_choices":[{"damage_healed":0.0,"max_hp_gain":0.0,"max_hp_loss":0.0,"gold_gain":0.0,"event_name":"Shining Light","player_choice":"Entered Light","floor":2.0,"gold_loss":0.0,"damage_taken":18.0,"cards_upgraded":["Neutralize","Strike_G"]},{"cards_removed":["Strike_G"],"damage_healed":0.0,"max_hp_gain":0.0,"max_hp_loss":0.0,"gold_gain":0.0,"event_name":"Living Wall","player_choice":"Forget","floor":4.0,"gold_loss":0.0,"damage_taken":0.0},{"cards_removed":["Strike_G"],"damage_healed":0.0,"max_hp_gain":0.0,"max_hp_loss":0.0,"gold_gain":0.0,"event_name":"Golden Wing","player_choice":"Card Removal","floor":5.0,"gold_loss":0.0,"damage_taken":7.0},{"damage_healed":0.0,"max_hp_gain":0.0,"max_hp_loss":6.0,"gold_gain":0.0,"event_name":"Golden Idol","player_choice":"Lose Max HP","floor":12.0,"gold_loss":0.0,"damage_taken":0.0,"relics_obtained":["Golden Idol"]},{"damage_healed":18.0,"max_hp_gain":0.0,"max_hp_loss":0.0,"gold_gain":0.0,"event_name":"Big Fish","player_choice":"Banana","floor":14.0,"gold_loss":0.0,"damage_taken":0.0},{"damage_healed":0.0,"max_hp_gain":0.0,"max_hp_loss":0.0,"gold_gain":0.0,"event_name":"Ghosts","player_choice":"Ignored","floor":20.0,"gold_loss":0.0,"damage_taken":0.0},{"damage_healed":0.0,"max_hp_gain":0.0,"max_hp_loss":0.0,"gold_gain":0.0,"event_name":"Designer","player_choice":"Upgraded Two","floor":22.0,"gold_loss":50.0,"damage_taken":0.0,"cards_upgraded":["Tactician","Acrobatics"]},{"damage_healed":0.0,"max_hp_gain":0.0,"max_hp_loss":0.0,"gold_gain":50.0,"event_name":"Nest","player_choice":"Stole From Cult","floor":29.0,"gold_loss":0.0,"damage_taken":0.0},{"cards_removed":["Survivor"],"damage_healed":0.0,"max_hp_gain":0.0,"max_hp_loss":0.0,"gold_gain":0.0,"event_name":"Falling","player_choice":"Removed Skill","floor":36.0,"gold_loss":0.0,"damage_taken":0.0},{"damage_healed":0.0,"max_hp_gain":0.0,"max_hp_loss":0.0,"gold_gain":275.0,"event_name":"Golden Shrine","player_choice":"Desecrate","floor":37.0,"gold_loss":0.0,"damage_taken":0.0,"cards_obtained":["Regret"]}],"is_beta":false,"boss_relics":[{"not_picked":["Calling Bell","Coffee Dripper"],"picked":"Pandora\u0027s Box"},{"not_picked":["WristBlade","Fusion Hammer"],"picked":"Empty Cage"}],"items_purged_floors":[7,13,24,38,41,54],"is_endless":false,"potions_floor_spawned":[1,8,10,18,21,27,31,42,44,46,55],"ascension_level":20}