{"gold_per_floor":[119,137,155,171,96,96,123,123,149,167,167,167,185,126,126,126],"floor_reached":16,"playtime":434,"items_purged":["Strike_G"],"score":199,"play_id":"1ac114c8-fe8d-4407-ba6f-834a8daa9af6","local_time":"20181115200731","is_ascension_mode":true,"campfire_choices":[{"data":"Choke","floor":6,"key":"SMITH"},{"data":"Bouncing Flask","floor":12,"key":"SMITH"},{"data":"Neutralize","floor":15,"key":"SMITH"}],"neow_cost":"NONE","seed_source_timestamp":7863424649433,"circlet_count":0,"master_deck":["AscendersBane","Defend_G","Defend_G","Defend_G","Defend_G","Defend_G","Strike_G","Strike_G","Strike_G","Survivor","Neutralize+1","Underhanded Strike","Choke+1","Blur","Bouncing Flask+1","Endless Agony","Flechettes"],"relics":["Snecko Eye","Odd Mushroom","Lantern"],"potions_floor_usage":[8],"damage_taken":[{"damage":4,"enemies":"Small Slimes","floor":1,"turns":4},{"damage":3,"enemies":"2 Louse","floor":2,"turns":3},{"damage":11,"enemies":"Jaw Worm","floor":3,"turns":4},{"damage":3,"enemies":"3 Louse","floor":4,"turns":4},{"damage":5,"enemies":"The Mushroom Lair","floor":7,"turns":3},{"damage":1,"enemies":"Gremlin Nob","floor":8,"turns":3},{"damage":0,"enemies":"Exordium Wildlife","floor":10,"turns":3},{"damage":8,"enemies":"Large Slime","floor":13,"turns":5},{"damage":12,"enemies":"The Guardian","floor":16,"turns":4}],"seed_played":"-1822583470559688927","potions_obtained":[{"floor":1,"key":"Poison Potion"},{"floor":4,"key":"Strength Potion"},{"floor":7,"key":"SmokeBomb"}],"is_trial":false,"path_per_floor":["M","M","M","M","$","R","?","E","T","M","?","R","M","?","R","B"],"character_chosen":"THE_SILENT","items_purchased":[],"campfire_rested":0,"item_purchase_floors":[],"current_hp_per_floor":[55,52,41,38,38,38,33,32,32,32,32,32,24,24,24,12],"gold":126,"neow_bonus":"BOSS_RELIC","is_prod":false,"is_daily":false,"chose_seed":false,"campfire_upgraded":3,"win_rate":0,"timestamp":1542283651,"path_taken":["M","M","M","M","$","R","?","E","T","M","?","R","M","?","R","BOSS"],"build_version":"2018-11-14","purchased_purges":1,"victory":false,"max_hp_per_floor":[66,66,66,66,66,66,66,66,66,66,66,66,66,66,66,66],"card_choices":[{"not_picked":["Setup","Poisoned Stab","Slice"],"picked":"SKIP","floor":1},{"not_picked":["Dagger Throw","PiercingWail"],"picked":"Underhanded Strike","floor":2},{"not_picked":["Masterful Stab","Terror"],"picked":"Choke","floor":3},{"not_picked":["Blade Dance","Cloak And Dagger","Flying Knee"],"picked":"SKIP","floor":4},{"not_picked":["Dagger Throw","Flying Knee"],"picked":"Blur","floor":7},{"not_picked":["Reflex","Setup"],"picked":"Bouncing Flask","floor":10},{"not_picked":["Acrobatics","Well Laid Plans"],"picked":"Flechettes","floor":13}],"player_experience":1064653,"relics_obtained":[{"floor":7,"key":"Odd Mushroom"},{"floor":9,"key":"Lantern"}],"event_choices":[{"damage_healed":0,"gold_gain":0,"player_choice":"Fought Mushrooms","damage_taken":0,"max_hp_gain":0,"max_hp_loss":0,"event_name":"Mushrooms","floor":7,"gold_loss":0},{"damage_healed":0,"gold_gain":0,"cards_transformed":["Strike_G"],"player_choice":"Change","damage_taken":0,"max_hp_gain":0,"max_hp_loss":0,"event_name":"Living Wall","floor":11,"gold_loss":0,"cards_obtained":["Endless Agony"]},{"damage_healed":0,"gold_gain":0,"player_choice":"Left Gold","damage_taken":0,"max_hp_gain":0,"max_hp_loss":0,"event_name":"World of Goop","floor":14,"gold_loss":59}],"is_beta":true,"boss_relics":[],"items_purged_floors":[5],"is_endless":false,"potions_floor_spawned":[1,4,7,8],"killed_by":"The Guardian","ascension_level":19}