{"gold_per_floor":[119,44,44,59,75,75,101,101,128,128,78,111,122,184,184,258,258,273,323,273,283,283,283,313,313,361,87,121,121,141,171,171,243,243,260,50,63,116,130,155,155,255,282,282,310,310,329,357,357,357,357,357,357,26,56,56],"floor_reached":57,"playtime":1713,"items_purged":["Strike_R","Strike_R","Strike_R","Strike_R","Defend_R","Defend_R"],"score":3204,"play_id":"b9e57a2b-3053-4ac7-8975-efea7efe6f16","local_time":"20190601204610","is_ascension_mode":true,"campfire_choices":[{"data":"Immolate","floor":6.0,"key":"SMITH"},{"data":"Searing Blow","floor":8.0,"key":"SMITH"},{"data":"Searing Blow+1","floor":10.0,"key":"SMITH"},{"data":"Searing Blow+2","floor":15.0,"key":"SMITH"},{"data":"Searing Blow+3","floor":23,"key":"SMITH"},{"data":"Searing Blow+4","floor":25,"key":"SMITH"},{"data":"Searing Blow+5","floor":29,"key":"SMITH"},{"data":"Searing Blow+6","floor":32,"key":"SMITH"},{"data":"Searing Blow+7","floor":41,"key":"SMITH"},{"data":"Searing Blow+8","floor":44,"key":"SMITH"},{"data":"Searing Blow+9","floor":46,"key":"SMITH"},{"floor":49,"key":"RECALL"},{"data":"Searing Blow+10","floor":53,"key":"SMITH"}],"neow_cost":"NONE","seed_source_timestamp":13187057806026,"circlet_count":0,"master_deck":["AscendersBane","Defend_R","Defend_R","Bash+1","Immolate+1","True Grit+1","Flame Barrier+1","Searing Blow+11","Fiend Fire","Shrug It Off+1","Offering","Offering","Second Wind+1","Fiend Fire"],"special_seed":0,"relics":["Burning Blood","Smiling Mask","Omamori","Matryoshka","Charon\u0027s Ashes","Busted Crown","Red Skull","Oddly Smooth Stone","War Paint","ClockworkSouvenir","Lantern","Dodecahedron","Runic Pyramid","Torii","Pantograph","Peace Pipe","Happy Flower","Pen Nib","Ice Cream","Bottled Flame","Turnip"],"potions_floor_usage":[24,56,56],"damage_taken":[{"damage":7.0,"enemies":"Jaw Worm","floor":1.0,"turns":3.0},{"damage":0.0,"enemies":"2 Louse","floor":4.0,"turns":1.0},{"damage":0.0,"enemies":"Small Slimes","floor":5.0,"turns":2.0},{"damage":6.0,"enemies":"3 Sentries","floor":7.0,"turns":4.0},{"damage":26.0,"enemies":"Lagavulin","floor":12.0,"turns":6.0},{"damage":0.0,"enemies":"2 Fungi Beasts","floor":13.0,"turns":1.0},{"damage":36.0,"enemies":"Lagavulin Event","floor":14.0,"turns":6.0},{"damage":9.0,"enemies":"Hexaghost","floor":16.0,"turns":8.0},{"damage":6.0,"enemies":"Shell Parasite","floor":18.0,"turns":2.0},{"damage":0.0,"enemies":"Chosen","floor":21.0,"turns":3.0},{"damage":14,"enemies":"Gremlin Leader","floor":24,"turns":4},{"damage":6,"enemies":"Slavers","floor":28,"turns":2},{"damage":6,"enemies":"Snake Plant","floor":30,"turns":1},{"damage":6,"enemies":"Book of Stabbing","floor":31,"turns":3},{"damage":30,"enemies":"Automaton","floor":33,"turns":5},{"damage":6,"enemies":"3 Darklings","floor":35,"turns":2},{"damage":12,"enemies":"3 Shapes","floor":37,"turns":1},{"damage":12,"enemies":"2 Orb Walkers","floor":38,"turns":2},{"damage":6,"enemies":"Spire Growth","floor":39,"turns":2},{"damage":6,"enemies":"Reptomancer","floor":40,"turns":2},{"damage":12,"enemies":"Mind Bloom Boss Battle","floor":42,"turns":2},{"damage":6,"enemies":"Nemesis","floor":45,"turns":3},{"damage":0,"enemies":"Maw","floor":47,"turns":5},{"damage":6,"enemies":"Reptomancer","floor":48,"turns":2},{"damage":12,"enemies":"Donu and Deca","floor":50,"turns":3},{"damage":13,"enemies":"Awakened One","floor":51,"turns":4},{"damage":12,"enemies":"Shield and Spear","floor":55,"turns":3},{"damage":54,"enemies":"The Heart","floor":56,"turns":7}],"seed_played":"-870292539216397783","potions_obtained":[{"floor":1.0,"key":"LiquidBronze"},{"floor":5.0,"key":"SkillPotion"},{"floor":14.0,"key":"Strength Potion"},{"floor":16.0,"key":"Regen Potion"},{"floor":24,"key":"PowerPotion"},{"floor":30,"key":"EssenceOfSteel"},{"floor":45,"key":"Weak Potion"}],"is_trial":false,"path_per_floor":["M","$","?","M","M","R","E","R","T","R","$","E","M","?","R","B",null,"M","?","$","M","?","R","E","R","T","$","E","R","M","E","R","B",null,"M","$","M","?","M","E","R","?","T","R","E","R","M","E","R","B","B",null,"R","$","E","B",null],"character_chosen":"IRONCLAD","items_purchased":["ClockworkSouvenir","Offering","Bottled Flame"],"campfire_rested":0,"item_purchase_floors":[27,36,54],"current_hp_per_floor":[67,67,44,50,56,56,56,56,56,56,56,36,42,12,12,9,59,59,59,59,65,65,65,69,69,69,69,69,69,69,69,69,45,68,68,68,62,56,56,56,56,69,69,69,69,69,75,75,75,69,68,73,73,73,67,27],"gold":56,"neow_bonus":"TRANSFORM_CARD","is_prod":false,"is_daily":false,"chose_seed":false,"campfire_upgraded":12,"win_rate":0,"timestamp":1559393170,"path_taken":["M","$","?","M","M","R","E","R","T","R","?","E","M","?","R","BOSS","M","?","$","M","?","R","E","R","T","$","E","R","M","E","R","BOSS","M","$","M","?","M","E","R","?","T","R","E","R","?","E","R","BOSS","BOSS","R","$","E","BOSS"],"build_version":"2019-01-23","purchased_purges":6,"victory":true,"max_hp_per_floor":[75,75,75,75,75,75,75,75,75,75,75,75,75,75,75,75,75,75,75,75,75,75,75,75,75,75,75,75,75,75,75,75,75,75,75,75,75,75,75,75,75,75,75,75,75,75,75,75,75,75,75,75,75,75,75,75],"card_choices":[{"not_picked":["Clash","Flex"],"picked":"True Grit","floor":1.0},{"not_picked":["Sword Boomerang","Clothesline"],"picked":"Flame Barrier","floor":4.0},{"not_picked":["Armaments","Body Slam","Iron Wave"],"picked":"SKIP","floor":5.0},{"not_picked":["Anger","Iron Wave"],"picked":"Searing Blow","floor":7.0},{"not_picked":["Havoc","Pummel","Rage"],"picked":"SKIP","floor":12.0},{"not_picked":["Flex","Burning Pact"],"picked":"Fiend Fire","floor":13.0},{"not_picked":["Thunderclap","Heavy Blade"],"picked":"Shrug It Off","floor":14.0},{"not_picked":["Double Tap","Barricade"],"picked":"Offering","floor":16.0},{"not_picked":["Headbutt"],"picked":"SKIP","floor":18.0},{"not_picked":["Entrench"],"picked":"SKIP","floor":21.0},{"not_picked":["Perfected Strike"],"picked":"SKIP","floor":24},{"not_picked":["Spot Weakness"],"picked":"SKIP","floor":28},{"not_picked":["Pummel"],"picked":"SKIP","floor":30},{"not_picked":["Thunderclap+1"],"picked":"SKIP","floor":31},{"not_picked":["Sword Boomerang"],"picked":"SKIP","floor":35},{"not_picked":["Pummel+1"],"picked":"SKIP","floor":37},{"not_picked":[],"picked":"Second Wind+1","floor":38},{"not_picked":["Clothesline"],"picked":"SKIP","floor":39},{"not_picked":["Clash"],"picked":"SKIP","floor":40},{"not_picked":["Blood for Blood+1"],"picked":"SKIP","floor":45},{"not_picked":["Infernal Blade"],"picked":"SKIP","floor":47},{"not_picked":["Blood for Blood"],"picked":"SKIP","floor":48},{"not_picked":[],"picked":"Fiend Fire","floor":55}],"player_experience":4974665,"relics_obtained":[{"floor":7.0,"key":"Smiling Mask"},{"floor":9.0,"key":"Omamori"},{"floor":12.0,"key":"Matryoshka"},{"floor":14.0,"key":"Charon\u0027s Ashes"},{"floor":24,"key":"Red Skull"},{"floor":26,"key":"Oddly Smooth Stone"},{"floor":26,"key":"War Paint"},{"floor":28,"key":"Lantern"},{"floor":31,"key":"Dodecahedron"},{"floor":38,"key":"Torii"},{"floor":40,"key":"Pantograph"},{"floor":42,"key":"Peace Pipe"},{"floor":43,"key":"Happy Flower"},{"floor":45,"key":"Pen Nib"},{"floor":48,"key":"Ice Cream"},{"floor":55,"key":"Turnip"}],"event_choices":[{"damage_healed":0.0,"max_hp_gain":0.0,"max_hp_loss":0.0,"gold_gain":0.0,"event_name":"Shining Light","player_choice":"Entered Light","floor":3.0,"gold_loss":0.0,"damage_taken":23.0,"cards_upgraded":["True Grit","Bash"]},{"damage_healed":0.0,"max_hp_gain":0.0,"max_hp_loss":0.0,"gold_gain":0.0,"event_name":"Dead Adventurer","player_choice":"Searched \u00272\u0027 times","floor":14.0,"gold_loss":0.0,"damage_taken":0.0},{"damage_healed":0.0,"max_hp_gain":0.0,"max_hp_loss":0.0,"gold_gain":50.0,"event_name":"Nest","player_choice":"Stole From Cult","floor":19.0,"gold_loss":0.0,"damage_taken":0.0},{"damage_healed":0,"gold_gain":0,"player_choice":"Ignored","damage_taken":0,"max_hp_gain":0,"max_hp_loss":0,"event_name":"Cursed Tome","floor":22,"gold_loss":0},{"damage_healed":0,"gold_gain":0,"player_choice":"Fight","damage_taken":0,"max_hp_gain":0,"max_hp_loss":0,"event_name":"Mysterious Sphere","floor":38,"gold_loss":0},{"damage_healed":0,"gold_gain":0,"player_choice":"Fight","damage_taken":0,"max_hp_gain":0,"max_hp_loss":0,"event_name":"MindBloom","floor":42,"gold_loss":0}],"is_beta":false,"boss_relics":[{"not_picked":["Mark of Pain","Philosopher\u0027s Stone"],"picked":"Busted Crown"},{"not_picked":["Runic Dome","Calling Bell"],"picked":"Runic Pyramid"}],"items_purged_floors":[2,11,20,27,36,54],"is_endless":false,"potions_floor_spawned":[1,5,14,16,24,30,33,37,40,45,48],"ascension_level":20}