{"gold_per_floor":[119,130,146,146,156,156,173,173,198,198,214,68,68,68,68,163,163,163],"floor_reached":18,"playtime":650,"items_purged":[],"score":304,"play_id":"acfda488-4dbd-4195-a096-a9e83bc8c4d9","local_time":"20190224160859","is_ascension_mode":true,"campfire_choices":[{"data":"Zap","floor":6,"key":"SMITH"},{"data":"Redo","floor":13,"key":"SMITH"},{"data":"Thunder Strike","floor":15,"key":"SMITH"}],"neow_cost":"NONE","seed_source_timestamp":13926982014061,"circlet_count":0,"master_deck":["AscendersBane","Strike_B","Strike_B","Defend_B","Defend_B","Defend_B","Defend_B","Zap+1","Dualcast","Core Surge","Undo","Conserve Battery","Reinforced Body","Rebound","Reboot","Thunder Strike+1","Redo+1","Fission"],"relics":["Cracked Core","Omamori","Golden Idol","PreservedInsect","Philosopher\u0027s Stone"],"potions_floor_usage":[16,16],"damage_taken":[{"damage":1,"enemies":"Cultist","floor":1,"turns":3},{"damage":0,"enemies":"Small Slimes","floor":2,"turns":2},{"damage":0,"enemies":"2 Louse","floor":3,"turns":2},{"damage":1,"enemies":"Red Slaver","floor":5,"turns":4},{"damage":0,"enemies":"Looter","floor":7,"turns":4},{"damage":0,"enemies":"Blue Slaver","floor":11,"turns":3},{"damage":33,"enemies":"Slime Boss","floor":16,"turns":9},{"damage":52,"enemies":"3 Byrds","floor":18,"turns":5}],"seed_played":"-7062160792000998639","potions_obtained":[{"floor":1,"key":"SmokeBomb"},{"floor":2,"key":"SkillPotion"},{"floor":11,"key":"Weak Potion"}],"is_trial":false,"path_per_floor":["M","M","M","?","M","R","M","?","T","?","M","$","R","?","R","B",null,"M"],"character_chosen":"DEFECT","items_purchased":["Thunder Strike","Redo"],"campfire_rested":0,"item_purchase_floors":[12,12],"current_hp_per_floor":[63,63,63,56,55,55,55,55,55,55,55,55,55,44,44,11,51,0],"gold":163,"neow_bonus":"ONE_RANDOM_RARE_CARD","is_prod":false,"is_daily":false,"chose_seed":false,"campfire_upgraded":3,"win_rate":0,"timestamp":1550995739,"path_taken":["M","M","?","?","M","R","M","?","T","?","M","$","R","?","R","BOSS","M"],"build_version":"2019-01-23","purchased_purges":0,"victory":false,"max_hp_per_floor":[71,71,71,71,71,71,71,71,71,64,64,64,64,64,64,64,64,64],"card_choices":[{"not_picked":["Redo","Beam Cell"],"picked":"Undo","floor":1},{"not_picked":["Sweeping Beam","Redo","Rebound"],"picked":"SKIP","floor":2},{"not_picked":["Compile Driver","Sweeping Beam"],"picked":"Conserve Battery","floor":3},{"not_picked":["Scrape","Coolheaded"],"picked":"Reinforced Body","floor":5},{"not_picked":["Reprogram","Gash","Auto Shields"],"picked":"SKIP","floor":7},{"not_picked":["Skim","Turbo"],"picked":"Reboot","floor":11},{"not_picked":["Multi-Cast","Creative AI"],"picked":"Fission","floor":16}],"player_experience":3094795,"relics_obtained":[{"floor":9,"key":"Omamori"}],"event_choices":[{"cards_removed":["Strike_B"],"damage_healed":0,"gold_gain":0,"player_choice":"Card Removal","damage_taken":7,"max_hp_gain":0,"max_hp_loss":0,"event_name":"Golden Wing","floor":4,"gold_loss":0},{"damage_healed":0,"gold_gain":0,"cards_transformed":["Strike_B"],"player_choice":"Change","damage_taken":0,"max_hp_gain":0,"max_hp_loss":0,"event_name":"Living Wall","floor":8,"gold_loss":0,"cards_obtained":["Rebound"]},{"damage_healed":0,"gold_gain":0,"player_choice":"Lose Max HP","damage_taken":0,"relics_obtained":["Golden Idol"],"max_hp_gain":0,"max_hp_loss":7,"event_name":"Golden Idol","floor":10,"gold_loss":0},{"damage_healed":0,"gold_gain":0,"player_choice":"Success","damage_taken":11,"relics_obtained":["PreservedInsect"],"max_hp_gain":0,"max_hp_loss":0,"event_name":"Scrap Ooze","floor":14,"gold_loss":0}],"is_beta":false,"boss_relics":[{"not_picked":["Busted Crown","Black Star"],"picked":"Philosopher\u0027s Stone"}],"items_purged_floors":[],"is_endless":false,"potions_floor_spawned":[1,2,11],"killed_by":"3 Byrds","ascension_level":20}