{"gold_per_floor":[118,118,130,146,146,146,71,97,97,110,10,10,26,56,56,128,128,140,140,151,201,211,211,227,227,276,276,276,201,217,117,117,196,196,215,227,237,22,22,55,55,87,111,111,111,111,111,129,129,129,129],"floor_reached":51,"playtime":2848,"items_purged":["Strike_G","Strike_G"],"score":1601,"play_id":"aae7d04a-ab96-48dd-a2ec-38505401fe3b","local_time":"20190305194254","is_ascension_mode":true,"campfire_choices":[{"data":"Masterful Stab","floor":6.0,"key":"SMITH"},{"data":"Deadly Poison","floor":12.0,"key":"SMITH"},{"data":"Calculated Gamble","floor":15.0,"key":"SMITH"},{"data":"Acrobatics","floor":23.0,"key":"SMITH"},{"data":"Neutralize","floor":25.0,"key":"SMITH"},{"data":"Tactician","floor":27.0,"key":"SMITH"},{"data":"Ghostly","floor":32.0,"key":"SMITH"},{"data":"Acrobatics","floor":41.0,"key":"SMITH"},{"floor":44.0,"key":"RECALL"},{"data":"Footwork","floor":46.0,"key":"SMITH"},{"data":"Eviscerate","floor":49.0,"key":"SMITH"}],"neow_cost":"TEN_PERCENT_HP_LOSS","seed_source_timestamp":26712227965678,"circlet_count":0,"master_deck":["AscendersBane","Defend_G","Defend_G","Defend_G","Strike_G","Neutralize+1","Eviscerate+1","Masterful Stab+1","Escape Plan","Backstab","Escape Plan","Calculated Gamble+1","Deadly Poison+1","Footwork+1","After Image","Escape Plan","Acrobatics+1","Tactician+1","Ghostly+1","Ghostly","Ghostly","Escape Plan","Acrobatics+1","Prepared+1"],"special_seed":0,"relics":["Ring of the Snake","Pantograph","Sundial","Mercury Hourglass","Sozu","Orrery","Medical Kit","Happy Flower","Ice Cream","Lantern"],"potions_floor_usage":[51,51],"damage_taken":[{"damage":1.0,"enemies":"Small Slimes","floor":1.0,"turns":3.0},{"damage":0.0,"enemies":"2 Louse","floor":3.0,"turns":3.0},{"damage":0.0,"enemies":"Cultist","floor":4.0,"turns":3.0},{"damage":23.0,"enemies":"3 Sentries","floor":8.0,"turns":10.0},{"damage":0.0,"enemies":"2 Fungi Beasts","floor":10.0,"turns":3.0},{"damage":3.0,"enemies":"Large Slime","floor":13.0,"turns":5.0},{"damage":7.0,"enemies":"Gremlin Nob","floor":14.0,"turns":3.0},{"damage":4.0,"enemies":"Hexaghost","floor":16.0,"turns":9.0},{"damage":7.0,"enemies":"Chosen","floor":18.0,"turns":5.0},{"damage":0.0,"enemies":"Shell Parasite","floor":20.0,"turns":5.0},{"damage":5.0,"enemies":"Centurion and Healer","floor":22.0,"turns":6.0},{"damage":32.0,"enemies":"Cultist and Chosen","floor":24.0,"turns":9.0},{"damage":0.0,"enemies":"Chosen and Byrds","floor":30.0,"turns":5.0},{"damage":6.0,"enemies":"Automaton","floor":33.0,"turns":13.0},{"damage":0.0,"enemies":"Orb Walker","floor":35.0,"turns":3.0},{"damage":0.0,"enemies":"3 Shapes","floor":36.0,"turns":3.0},{"damage":0.0,"enemies":"Transient","floor":37.0,"turns":6.0},{"damage":0.0,"enemies":"Reptomancer","floor":40.0,"turns":7.0},{"damage":0.0,"enemies":"Nemesis","floor":42.0,"turns":7.0},{"damage":0.0,"enemies":"Maw","floor":48.0,"turns":3.0},{"damage":0.0,"enemies":"Awakened One","floor":50.0,"turns":4.0},{"damage":22,"enemies":"Time Eater","floor":51,"turns":11}],"seed_played":"-5237404578231985334","potions_obtained":[{"floor":1.0,"key":"SteroidPotion"},{"floor":13.0,"key":"AttackPotion"},{"floor":14.0,"key":"Swift Potion"}],"is_trial":false,"path_per_floor":["M","?","M","M","?","R","?","E","T","M","$","R","M","E","R","B",null,"M","?","M","?","M","R","M","R","T","R","?","$","M","$","R","B",null,"M","M","M","$","?","E","R","E","T","R","?","R","?","M","R","B","B"],"character_chosen":"THE_SILENT","items_purchased":["Calculated Gamble","Deadly Poison","Medical Kit"],"campfire_rested":0,"item_purchase_floors":[11,11,38],"current_hp_per_floor":[58,58,58,58,51,51,51,28,28,28,28,28,25,18,18,39,55,48,48,48,48,43,43,11,11,11,11,11,11,11,11,11,24,29,29,29,29,29,28,28,28,28,28,28,28,28,28,28,28,28,6],"gold":129,"neow_bonus":"TRANSFORM_TWO_CARDS","is_prod":false,"is_daily":false,"chose_seed":false,"campfire_upgraded":10,"win_rate":0,"timestamp":1551786174,"path_taken":["M","?","M","M","?","R","?","E","T","M","$","R","M","E","R","BOSS","M","?","M","?","M","R","M","R","T","R","?","$","M","$","R","BOSS","M","M","M","$","?","E","R","E","T","R","?","R","?","M","R","BOSS","BOSS"],"build_version":"2019-01-23","purchased_purges":2,"victory":false,"max_hp_per_floor":[60,60,60,60,60,60,60,60,60,60,60,60,60,60,60,60,60,60,60,60,60,60,60,60,60,60,60,30,30,30,30,30,30,30,30,30,30,30,28,28,28,28,28,28,28,28,28,28,28,28,28],"card_choices":[{"not_picked":["PiercingWail","Deflect"],"picked":"Escape Plan","floor":1.0},{"not_picked":["Dagger Spray","Blade Dance"],"picked":"Backstab","floor":3.0},{"not_picked":["Setup","Underhanded Strike","Blur"],"picked":"SKIP","floor":4.0},{"not_picked":["Flying Knee","Deflect"],"picked":"Escape Plan","floor":8.0},{"not_picked":["Slice","Underhanded Strike","Sucker Punch"],"picked":"SKIP","floor":10.0},{"not_picked":["Skewer","Backflip","Prepared"],"picked":"SKIP","floor":13.0},{"not_picked":["Backstab","Crippling Poison"],"picked":"Footwork","floor":14.0},{"not_picked":["Night Terror","Glass Knife"],"picked":"After Image","floor":16.0},{"not_picked":["Quick Slash","Sucker Punch"],"picked":"Escape Plan","floor":18.0},{"not_picked":["Bane","Slice+1"],"picked":"Acrobatics","floor":20.0},{"not_picked":["Backstab","Setup"],"picked":"Tactician","floor":22.0},{"not_picked":["Cloak And Dagger+1","Sucker Punch","Bullet Time"],"picked":"SKIP","floor":24.0},{"not_picked":["Quick Slash+1","Slice+1"],"picked":"Escape Plan","floor":30.0},{"not_picked":["Deadly Poison","Dagger Throw+1"],"picked":"Acrobatics","floor":34.0},{"not_picked":["Sucker Punch","Tactician"],"picked":"Prepared+1","floor":34.0},{"not_picked":["Eviscerate","Slice","Prepared"],"picked":"SKIP","floor":35.0},{"not_picked":["Dodge and Roll","Deflect+1","Deadly Poison"],"picked":"SKIP","floor":36.0},{"not_picked":["Blade Dance+1","Backstab","Blur"],"picked":"SKIP","floor":37.0},{"not_picked":["Prepared","Dodge and Roll","Blade Dance"],"picked":"SKIP","floor":40.0},{"not_picked":["Catalyst","Quick Slash","Underhanded Strike+1"],"picked":"SKIP","floor":42.0},{"not_picked":["Finisher","Outmaneuver","Accuracy"],"picked":"SKIP","floor":48.0}],"player_experience":3333734,"relics_obtained":[{"floor":8.0,"key":"Pantograph"},{"floor":9.0,"key":"Sundial"},{"floor":14.0,"key":"Mercury Hourglass"},{"floor":40.0,"key":"Happy Flower"},{"floor":42.0,"key":"Ice Cream"},{"floor":43.0,"key":"Lantern"}],"event_choices":[{"damage_healed":0.0,"max_hp_gain":0.0,"max_hp_loss":0.0,"gold_gain":0.0,"event_name":"Liars Game","player_choice":"Ignored","floor":2.0,"gold_loss":0.0,"damage_taken":0.0},{"cards_removed":["Strike_G"],"damage_healed":0.0,"max_hp_gain":0.0,"max_hp_loss":0.0,"gold_gain":0.0,"event_name":"Golden Wing","player_choice":"Card Removal","floor":5.0,"gold_loss":0.0,"damage_taken":7.0},{"cards_removed":["Defend_G"],"damage_healed":0.0,"max_hp_gain":0.0,"max_hp_loss":0.0,"gold_gain":0.0,"event_name":"The Cleric","player_choice":"Card Removal","floor":7.0,"gold_loss":75.0,"damage_taken":0.0},{"damage_healed":0.0,"max_hp_gain":0.0,"max_hp_loss":0.0,"gold_gain":0.0,"event_name":"Cursed Tome","player_choice":"Ignored","floor":19.0,"gold_loss":0.0,"damage_taken":0.0},{"damage_healed":0.0,"max_hp_gain":0.0,"max_hp_loss":0.0,"gold_gain":50.0,"event_name":"Nest","player_choice":"Stole From Cult","floor":21.0,"gold_loss":0.0,"damage_taken":0.0},{"damage_healed":0.0,"max_hp_gain":0.0,"max_hp_loss":30.0,"gold_gain":0.0,"event_name":"Ghosts","player_choice":"Became a Ghost","floor":28.0,"gold_loss":0.0,"damage_taken":0.0,"cards_obtained":["Ghostly","Ghostly","Ghostly"]},{"damage_healed":0.0,"max_hp_gain":0.0,"max_hp_loss":2.0,"gold_gain":0.0,"event_name":"Winding Halls","player_choice":"Max HP","floor":39.0,"gold_loss":0.0,"damage_taken":0.0},{"cards_removed":["Survivor"],"damage_healed":0.0,"max_hp_gain":0.0,"max_hp_loss":0.0,"gold_gain":0.0,"event_name":"Falling","player_choice":"Removed Skill","floor":45.0,"gold_loss":0.0,"damage_taken":0.0},{"damage_healed":0.0,"max_hp_gain":0.0,"max_hp_loss":0.0,"gold_gain":0.0,"event_name":"Lab","player_choice":"Got Potions","floor":47.0,"gold_loss":0.0,"damage_taken":0.0}],"is_beta":false,"boss_relics":[{"not_picked":["Ectoplasm","White Beast Statue"],"picked":"Sozu"},{"not_picked":["WristBlade","Calling Bell"],"picked":"Orrery"}],"items_purged_floors":[29,31],"is_endless":false,"potions_floor_spawned":[1,13,14,20,22,33,35,42],"killed_by":"Time Eater","ascension_level":20}