{"gold_per_floor":[209,225,239,249,13,42,60,60,60,60,60,77,3,23,23,100,100,118,18,18,18,18,53,53,53],"floor_reached":25,"playtime":601,"items_purged":["Strike_G","Strike_G"],"score":542,"play_id":"404e754b-9c2f-40bb-809a-a4f8c53637a4","local_time":"20190802233744","is_ascension_mode":true,"campfire_choices":[{"floor":8.0,"key":"REST"},{"data":"Neutralize","floor":11.0,"key":"SMITH"},{"data":"Blade Dance","floor":15,"key":"SMITH"},{"data":"Doppelganger","floor":24,"key":"SMITH"}],"neow_cost":"NONE","seed_source_timestamp":451110678830819,"circlet_count":0,"master_deck":["AscendersBane","Strike_G","Strike_G","Defend_G","Defend_G","Defend_G","Defend_G","Defend_G","Survivor","Neutralize+1","Heel Hook","Heel Hook","Infinite Blades","Blade Dance+1","Doppelganger+1","Terror"],"special_seed":0,"relics":["Ring of the Snake","Bag of Preparation","Ginger","Shuriken","Runic Pyramid","Frozen Egg 2"],"potions_floor_usage":[16,23],"damage_taken":[{"damage":1.0,"enemies":"Small Slimes","floor":1.0,"turns":4.0},{"damage":4.0,"enemies":"Jaw Worm","floor":2.0,"turns":7.0},{"damage":1.0,"enemies":"Cultist","floor":3.0,"turns":4.0},{"damage":14.0,"enemies":"Looter","floor":4.0,"turns":4.0},{"damage":38.0,"enemies":"Gremlin Nob","floor":6.0,"turns":7.0},{"damage":0.0,"enemies":"Blue Slaver","floor":7.0,"turns":4.0},{"damage":2.0,"enemies":"Exordium Thugs","floor":12.0,"turns":8.0},{"damage":1,"enemies":"3 Louse","floor":14,"turns":3},{"damage":0,"enemies":"Hexaghost","floor":16,"turns":7},{"damage":3,"enemies":"Chosen","floor":18,"turns":5},{"damage":18,"enemies":"Book of Stabbing","floor":23,"turns":4},{"damage":34,"enemies":"Slavers","floor":25,"turns":4}],"seed_played":"4552125771928469655","potions_obtained":[{"floor":2.0,"key":"PowerPotion"},{"floor":6.0,"key":"Weak Potion"},{"floor":7.0,"key":"EssenceOfSteel"},{"floor":12.0,"key":"FearPotion"},{"floor":18,"key":"LiquidBronze"}],"is_trial":false,"path_per_floor":["M","M","M","M","$","E","M","R","T","?","R","M","$","M","R","B",null,"M","$","?","?","$","E","R","E"],"character_chosen":"THE_SILENT","items_purchased":["Bag of Preparation","Infinite Blades"],"campfire_rested":1,"item_purchase_floors":[5,13],"current_hp_per_floor":[58,54,53,39,39,1,1,20,20,13,13,11,11,10,10,10,52,49,49,49,49,49,31,31,0],"gold":53,"neow_bonus":"HUNDRED_GOLD","is_prod":false,"is_daily":false,"chose_seed":false,"campfire_upgraded":3,"win_rate":0,"timestamp":1564756664,"path_taken":["M","M","M","M","$","E","M","R","T","?","R","M","$","M","R","BOSS","M","$","?","?","?","E","R","E"],"build_version":"2019-07-17","purchased_purges":2,"victory":false,"max_hp_per_floor":[66,66,66,66,66,66,66,66,66,66,66,66,66,66,66,66,66,66,66,66,66,66,66,66,66],"card_choices":[{"not_picked":["Slice","Crippling Poison","Deflect"],"picked":"SKIP","floor":1.0},{"not_picked":["Sucker Punch","Poisoned Stab"],"picked":"Heel Hook","floor":2.0},{"not_picked":["Blade Dance","Deflect","Heel Hook"],"picked":"SKIP","floor":3.0},{"not_picked":["Blade Dance","Deflect"],"picked":"Heel Hook","floor":3.0},{"not_picked":["Slice","Quick Slash","Expertise"],"picked":"SKIP","floor":4.0},{"not_picked":["Dash","Deflect","Night Terror"],"picked":"SKIP","floor":6.0},{"not_picked":["Sucker Punch","Crippling Poison","Distraction"],"picked":"SKIP","floor":7.0},{"not_picked":["Masterful Stab","Underhanded Strike","Prepared"],"picked":"SKIP","floor":12.0},{"not_picked":["Flying Knee","Quick Slash"],"picked":"Blade Dance","floor":14},{"not_picked":["A Thousand Cuts","Tools of the Trade"],"picked":"Doppelganger","floor":16},{"not_picked":["Deadly Poison","Choke"],"picked":"Terror","floor":18},{"not_picked":["Sucker Punch","Deflect","Flying Knee"],"picked":"SKIP","floor":23}],"player_experience":737350,"relics_obtained":[{"floor":6.0,"key":"Ginger"},{"floor":9.0,"key":"Shuriken"},{"floor":23,"key":"Frozen Egg 2"}],"event_choices":[{"cards_removed":["Strike_G"],"damage_healed":0.0,"max_hp_gain":0.0,"max_hp_loss":0.0,"gold_gain":0.0,"event_name":"Golden Wing","player_choice":"Card Removal","floor":10.0,"gold_loss":0.0,"damage_taken":7.0},{"damage_healed":0,"gold_gain":0,"player_choice":"Ignored","damage_taken":0,"max_hp_gain":0,"max_hp_loss":0,"event_name":"The Mausoleum","floor":21,"gold_loss":0}],"is_beta":false,"boss_relics":[{"not_picked":["Fusion Hammer","Coffee Dripper"],"picked":"Runic Pyramid"}],"items_purged_floors":[5,19],"is_endless":false,"potions_floor_spawned":[2,6,7,12,18],"killed_by":"Slavers","ascension_level":20}