{"gold_per_floor":[14,14,30,53,63,63,78,105,132,132,165,195,206,206,206,206],"floor_reached":16,"playtime":1027,"items_purged":[],"score":110,"play_id":"cb44f1a8-0e11-4cfc-a9da-5c3cfbb5ad19","local_time":"20190727001720","is_ascension_mode":false,"campfire_choices":[{"data":"Barrage","floor":6,"key":"SMITH"},{"data":"Dualcast","floor":10,"key":"SMITH"},{"data":"Defragment","floor":15,"key":"SMITH"}],"neow_cost":"NO_GOLD","seed_source_timestamp":1460810002550584,"circlet_count":0,"master_deck":["Strike_B","Strike_B","Strike_B","Defend_B","Defend_B","Defend_B","Zap+1","Dualcast+1","Glacier","Ball Lightning","Barrage+1","Streamline","Skim","Defragment+1","Compile Driver"],"relics":["Cracked Core","Juzu Bracelet","Smiling Mask","Bag of Preparation","Matryoshka"],"potions_floor_usage":[8,16],"damage_taken":[{"damage":2,"enemies":"2 Louse","floor":1,"turns":3},{"damage":0,"enemies":"Jaw Worm","floor":3,"turns":5},{"damage":0,"enemies":"Small Slimes","floor":5,"turns":3},{"damage":0,"enemies":"Exordium Thugs","floor":7,"turns":3},{"damage":20,"enemies":"Lagavulin","floor":8,"turns":4},{"damage":15,"enemies":"3 Sentries","floor":11,"turns":8},{"damage":0,"enemies":"Large Slime","floor":13,"turns":4},{"damage":38,"enemies":"Slime Boss","floor":16,"turns":8}],"seed_played":"-1203480778779512190","potions_obtained":[{"floor":5,"key":"FearPotion"},{"floor":11,"key":"Dexterity Potion"}],"is_trial":false,"path_per_floor":["M","?","M","T","M","R","M","E","T","R","E","?","M","?","R","B"],"character_chosen":"DEFECT","items_purchased":[],"campfire_rested":0,"item_purchase_floors":[],"current_hp_per_floor":[73,73,73,73,73,73,73,53,53,53,38,38,38,38,38,0],"gold":206,"neow_bonus":"REMOVE_TWO","is_prod":false,"is_daily":false,"chose_seed":false,"campfire_upgraded":3,"win_rate":0.0,"timestamp":1564175840,"path_taken":["M","?","M","?","M","R","M","E","T","R","E","?","M","?","R","BOSS"],"build_version":"2019-07-17","purchased_purges":0,"victory":false,"max_hp_per_floor":[75,75,75,75,75,75,75,75,75,75,75,75,75,75,75,75],"card_choices":[{"not_picked":["Redo","Undo"],"picked":"Glacier","floor":1},{"not_picked":["Hello World","Cold Snap"],"picked":"Ball Lightning","floor":3},{"not_picked":["Redo","Scrape"],"picked":"Barrage","floor":5},{"not_picked":["Tempest","Gash"],"picked":"Streamline","floor":7},{"not_picked":["Thunder Strike","Chaos"],"picked":"Skim","floor":8},{"not_picked":["Lockon","Hologram"],"picked":"Defragment","floor":11},{"not_picked":["Scrape","Consume"],"picked":"Compile Driver","floor":13}],"player_experience":96517,"relics_obtained":[{"floor":4,"key":"Juzu Bracelet"},{"floor":8,"key":"Smiling Mask"},{"floor":9,"key":"Bag of Preparation"},{"floor":11,"key":"Matryoshka"}],"event_choices":[{"damage_healed":0,"gold_gain":0,"player_choice":"Grow","damage_taken":0,"max_hp_gain":0,"max_hp_loss":0,"event_name":"Living Wall","floor":2,"gold_loss":0,"cards_upgraded":["Zap"]},{"damage_healed":0,"gold_gain":30,"player_choice":"Searched \u00272\u0027 times","damage_taken":0,"max_hp_gain":0,"max_hp_loss":0,"event_name":"Dead Adventurer","floor":12,"gold_loss":0},{"damage_healed":0,"gold_gain":0,"player_choice":"Ignored","damage_taken":0,"max_hp_gain":0,"max_hp_loss":0,"event_name":"NoteForYourself","floor":14,"gold_loss":0}],"is_beta":false,"boss_relics":[],"items_purged_floors":[],"is_endless":false,"potions_floor_spawned":[5,11],"killed_by":"Slime Boss","ascension_level":0}