{"gold_per_floor":[117,128,128,140,140,140,151,167,167,167,167,167],"floor_reached":12,"playtime":146,"items_purged":[],"score":140,"play_id":"44dc442b-dc72-424c-af35-5b9b80979cd8","local_time":"20190302170457","is_ascension_mode":true,"campfire_choices":[{"data":"Zap","floor":6,"key":"SMITH"},{"data":"Hologram","floor":11,"key":"SMITH"}],"neow_cost":"NONE","seed_source_timestamp":178636503721927,"circlet_count":0,"master_deck":["AscendersBane","Strike_B","Strike_B","Strike_B","Strike_B","Defend_B","Defend_B","Defend_B","Defend_B","Zap+1","Dualcast","Turbo","Hologram+1","Recycle","Conserve Battery"],"relics":["Cracked Core","NeowsBlessing","Golden Idol"],"potions_floor_usage":[8],"damage_taken":[{"damage":0,"enemies":"Cultist","floor":1,"turns":1},{"damage":0,"enemies":"Jaw Worm","floor":2,"turns":1},{"damage":0,"enemies":"Small Slimes","floor":4,"turns":1},{"damage":7,"enemies":"2 Fungi Beasts","floor":7,"turns":3},{"damage":23,"enemies":"Exordium Thugs","floor":8,"turns":6},{"damage":0,"enemies":"Gremlin Nob","floor":12,"turns":1}],"seed_played":"2565331633670508958","potions_obtained":[{"floor":3,"key":"Block Potion"},{"floor":3,"key":"Fire Potion"}],"is_trial":false,"path_per_floor":["M","M","?","M","?","R","M","M","T","?","R","E"],"character_chosen":"DEFECT","items_purchased":[],"campfire_rested":0,"item_purchase_floors":[],"current_hp_per_floor":[64,64,64,64,69,69,62,39,39,39,39,39],"gold":167,"neow_bonus":"THREE_ENEMY_KILL","is_prod":false,"is_daily":false,"chose_seed":false,"campfire_upgraded":2,"win_rate":0,"timestamp":1551517497,"path_taken":["M","?","?","?","?","R","M","M","T","?","R","E"],"build_version":"2019-01-23","purchased_purges":0,"victory":false,"max_hp_per_floor":[71,71,71,71,76,76,76,76,76,69,69,69],"card_choices":[{"not_picked":["Leap","Go for the Eyes"],"picked":"Turbo","floor":1},{"not_picked":["Stack","Steam"],"picked":"Hologram","floor":2},{"not_picked":["FTL","Auto Shields"],"picked":"Recycle","floor":4},{"not_picked":["Gash","Rebound","Aggregate"],"picked":"SKIP","floor":7},{"not_picked":["Turbo","Steam"],"picked":"Conserve Battery","floor":8}],"player_experience":1073811,"relics_obtained":[],"event_choices":[{"damage_healed":0,"gold_gain":0,"player_choice":"Got Potions","damage_taken":0,"max_hp_gain":0,"max_hp_loss":0,"event_name":"Lab","floor":3,"gold_loss":0},{"damage_healed":0,"gold_gain":0,"player_choice":"Donut","damage_taken":0,"max_hp_gain":5,"max_hp_loss":0,"event_name":"Big Fish","floor":5,"gold_loss":0},{"damage_healed":0,"gold_gain":0,"player_choice":"Lose Max HP","damage_taken":0,"relics_obtained":["Golden Idol"],"max_hp_gain":0,"max_hp_loss":7,"event_name":"Golden Idol","floor":10,"gold_loss":0}],"is_beta":false,"boss_relics":[],"items_purged_floors":[],"is_endless":false,"potions_floor_spawned":[4],"killed_by":"Gremlin Nob","ascension_level":20}