{"gold_per_floor":[109,20,30,30,44,44,76,76,76,76,96,128,128,128,128,201,201,177,177],"floor_reached":19,"playtime":457,"items_purged":[],"score":350,"play_id":"1a632007-d926-43b7-9d8c-6e01de6fe27a","local_time":"20190605210255","is_ascension_mode":true,"campfire_choices":[{"data":"Discovery","floor":6.0,"key":"SMITH"},{"data":"Turbo","floor":8.0,"key":"SMITH"},{"data":"Recycle","floor":10.0,"key":"SMITH"},{"data":"Biased Cognition","floor":15.0,"key":"SMITH"}],"neow_cost":"NONE","seed_source_timestamp":866519354523765,"circlet_count":0,"master_deck":["AscendersBane","Strike_B","Strike_B","Strike_B","Defend_B","Defend_B","Defend_B","Defend_B","Zap","Dualcast","Genetic Algorithm","Discovery+1","Turbo+1","Recycle+1","Cold Snap","Compile Driver","All For One","Biased Cognition+1","Core Surge","Skim","Hologram"],"special_seed":0,"relics":["Cracked Core","NeowsBlessing","The Courier","Cables","Mango","Orrery"],"potions_floor_usage":[18],"damage_taken":[{"damage":0.0,"enemies":"Cultist","floor":1.0,"turns":1.0},{"damage":0.0,"enemies":"Jaw Worm","floor":3.0,"turns":1.0},{"damage":0.0,"enemies":"2 Louse","floor":5.0,"turns":1.0},{"damage":36.0,"enemies":"Lagavulin","floor":7.0,"turns":9.0},{"damage":0.0,"enemies":"Large Slime","floor":11.0,"turns":4.0},{"damage":9.0,"enemies":"Gremlin Nob","floor":12.0,"turns":3.0},{"damage":23.0,"enemies":"Hexaghost","floor":16.0,"turns":9.0},{"damage":20,"enemies":"2 Thieves","floor":18,"turns":5},{"damage":34,"enemies":"3 Byrds","floor":19,"turns":6}],"seed_played":"-3677436498416119989","potions_obtained":[{"floor":1.0,"key":"LiquidBronze"},{"floor":7.0,"key":"Explosive Potion"},{"floor":12.0,"key":"Block Potion"},{"floor":16.0,"key":"Energy Potion"}],"is_trial":false,"path_per_floor":["M","$","M","?","M","R","E","R","T","R","M","E","?","?","R","B",null,"M","M"],"character_chosen":"DEFECT","items_purchased":["Discovery"],"campfire_rested":0,"item_purchase_floors":[2],"current_hp_per_floor":[64,64,64,64,64,64,28,28,28,28,28,33,33,33,33,10,66,46,12],"gold":177,"neow_bonus":"THREE_ENEMY_KILL","is_prod":false,"is_daily":false,"chose_seed":false,"campfire_upgraded":4,"win_rate":0,"timestamp":1559736175,"path_taken":["M","?","?","?","M","R","E","R","T","R","M","E","?","?","R","BOSS","M","?"],"build_version":"2019-01-23","purchased_purges":0,"victory":false,"max_hp_per_floor":[71,71,71,71,71,71,71,71,71,71,71,85,85,85,85,85,85,85,85],"card_choices":[{"not_picked":["Beam Cell","Stack"],"picked":"Genetic Algorithm","floor":1.0},{"not_picked":["Rebound","Compile Driver"],"picked":"Turbo","floor":3.0},{"not_picked":["Conserve Battery","Glacier"],"picked":"Recycle","floor":5.0},{"not_picked":["Scrape","Barrage"],"picked":"Cold Snap","floor":7.0},{"not_picked":["Steam","Turbo"],"picked":"Compile Driver","floor":11.0},{"not_picked":["Ball Lightning","Stack"],"picked":"All For One","floor":12.0},{"not_picked":["Multi-Cast","Creative AI"],"picked":"Core Surge","floor":16.0},{"not_picked":["Turbo","Hologram"],"picked":"Skim","floor":17},{"not_picked":["Barrage","Redo"],"picked":"Hologram","floor":17},{"not_picked":["Redo","Go for the Eyes","Ball Lightning"],"picked":"SKIP","floor":18}],"player_experience":555253,"relics_obtained":[{"floor":7.0,"key":"The Courier"},{"floor":9.0,"key":"Cables"},{"floor":12.0,"key":"Mango"}],"event_choices":[{"damage_healed":0.0,"max_hp_gain":0.0,"max_hp_loss":0.0,"gold_gain":0.0,"event_name":"Liars Game","player_choice":"Ignored","floor":4.0,"gold_loss":0.0,"damage_taken":0.0},{"damage_healed":0.0,"max_hp_gain":0.0,"max_hp_loss":0.0,"gold_gain":0.0,"event_name":"Scrap Ooze","player_choice":"Fled","floor":13.0,"gold_loss":0.0,"damage_taken":0.0},{"damage_healed":0.0,"max_hp_gain":0.0,"max_hp_loss":0.0,"gold_gain":0.0,"cards_transformed":["Strike_B"],"event_name":"Transmorgrifier","player_choice":"Transformed","floor":14.0,"gold_loss":0.0,"damage_taken":0.0,"cards_obtained":["Biased Cognition"]}],"is_beta":false,"boss_relics":[{"not_picked":["Runic Dome","Velvet Choker"],"picked":"Orrery"}],"items_purged_floors":[],"is_endless":false,"potions_floor_spawned":[1,7,12,16],"killed_by":"3 Byrds","ascension_level":20}