{"gold_per_floor":[114,39,58,4,16,48,119,15,15,15,16,44,44,59,59,131,131,141,151,151,151,14,39,39,39,39,64,80,92,92,105,105,183,183,198,198,47,65,65,65,96,113,113,113,462,490,490,523,523,523,523,523,523,29,59,59],"floor_reached":56,"playtime":2262,"items_purged":[],"score":2637,"play_id":"3f742d5e-21ba-4a7a-b094-27e5c904d9b6","local_time":"20190602182754","is_ascension_mode":true,"campfire_choices":[{"floor":10.0,"key":"REST"},{"data":"Darkness","floor":15.0,"key":"SMITH"},{"data":"Turbo","floor":25.0,"key":"SMITH"},{"data":"Creative AI","floor":30.0,"key":"SMITH"},{"data":"Loop","floor":32.0,"key":"SMITH"},{"data":"Consume","floor":44.0,"key":"SMITH"},{"floor":49.0,"key":"RECALL"},{"data":"Coolheaded","floor":53.0,"key":"SMITH"}],"neow_cost":"NONE","seed_source_timestamp":0,"circlet_count":0,"master_deck":["AscendersBane","Zap","Dualcast","Heatsinks+1","Turbo+1","BootSequence","Coolheaded","Turbo","Darkness+1","Loop+1","Force Field","Creative AI+1","Aggregate","Beam Cell","Genetic Algorithm","Stack","Consume+1","Steam","Coolheaded+1","Undo","Barrage","Defragment","Core Surge","Conserve Battery","Storm","Coolheaded+1","Cold Snap","Creative AI","White Noise","All For One","Turbo","Master of Strategy","Chill","Turbo+1","Coolheaded","Skim","Heatsinks"],"special_seed":0,"relics":["Cracked Core","NeowsBlessing","Pen Nib","Bag of Preparation","Question Card","Mummified Hand","Ornamental Fan","Pandora\u0027s Box","Potion Belt","DataDisk","Snecko Eye","Juzu Bracelet","Letter Opener","Old Coin","Shuriken","Bag of Marbles","Dodecahedron","Lee\u0027s Waffle","Mango"],"potions_floor_usage":[],"damage_taken":[{"damage":0.0,"enemies":"Small Slimes","floor":1.0,"turns":1.0},{"damage":0.0,"enemies":"Jaw Worm","floor":3.0,"turns":1.0},{"damage":0.0,"enemies":"Cultist","floor":5.0,"turns":1.0},{"damage":49.0,"enemies":"Gremlin Nob","floor":6.0,"turns":4.0},{"damage":1.0,"enemies":"Exordium Thugs","floor":11.0,"turns":4.0},{"damage":23.0,"enemies":"3 Sentries","floor":12.0,"turns":9.0},{"damage":0.0,"enemies":"Exordium Wildlife","floor":14.0,"turns":2.0},{"damage":0.0,"enemies":"Slime Boss","floor":16.0,"turns":4.0},{"damage":17.0,"enemies":"3 Byrds","floor":18.0,"turns":4.0},{"damage":29.0,"enemies":"2 Thieves","floor":19.0,"turns":4.0},{"damage":5.0,"enemies":"Book of Stabbing","floor":23.0,"turns":5.0},{"damage":0.0,"enemies":"Gremlin Leader","floor":27.0,"turns":10.0},{"damage":5.0,"enemies":"Cultist and Chosen","floor":28.0,"turns":9.0},{"damage":0.0,"enemies":"3 Cultists","floor":29.0,"turns":5.0},{"damage":0.0,"enemies":"Snake Plant","floor":31.0,"turns":3.0},{"damage":0.0,"enemies":"Collector","floor":33.0,"turns":10.0},{"damage":0.0,"enemies":"Orb Walker","floor":35.0,"turns":3.0},{"damage":0.0,"enemies":"3 Shapes","floor":38.0,"turns":2.0},{"damage":0.0,"enemies":"Nemesis","floor":41.0,"turns":5.0},{"damage":0.0,"enemies":"Sphere and 2 Shapes","floor":42.0,"turns":3.0},{"damage":0.0,"enemies":"2 Orb Walkers","floor":45.0,"turns":3.0},{"damage":8.0,"enemies":"Reptomancer","floor":46.0,"turns":4.0},{"damage":0.0,"enemies":"Giant Head","floor":48.0,"turns":5.0},{"damage":0.0,"enemies":"Donu and Deca","floor":50.0,"turns":8.0},{"damage":10.0,"enemies":"Time Eater","floor":51.0,"turns":6.0},{"damage":42,"enemies":"Shield and Spear","floor":55,"turns":6},{"damage":54,"enemies":"The Heart","floor":56,"turns":5}],"seed_played":"-7403268803118473513","potions_obtained":[{"floor":1.0,"key":"PowerPotion"},{"floor":6.0,"key":"Swift Potion"},{"floor":12.0,"key":"PowerPotion"},{"floor":13.0,"key":"Regen Potion"},{"floor":23.0,"key":"GamblersBrew"},{"floor":27.0,"key":"PowerPotion"},{"floor":28.0,"key":"SkillPotion"},{"floor":35.0,"key":"Dexterity Potion"},{"floor":38.0,"key":"Explosive Potion"},{"floor":48.0,"key":"Block Potion"}],"is_trial":false,"path_per_floor":["M","?","M","?","M","E","T","$","T","R","M","E","?","M","R","B",null,"M","M","?","?","$","E","?","R","T","E","M","M","R","M","R","B",null,"M","?","$","M","?","?","E","M","T","R","?","E","?","E","R","B","B",null,"R","$","E","B"],"character_chosen":"DEFECT","items_purchased":["Coolheaded","Turbo","Regen Potion","PowerPotion","All For One","Dodecahedron","Lee\u0027s Waffle"],"campfire_rested":1,"item_purchase_floors":[8,8,22,22,37,54,54],"current_hp_per_floor":[64,64,64,64,64,15,15,15,15,36,35,12,12,12,12,24,59,42,13,13,13,13,22,22,22,22,22,17,17,17,17,17,17,58,58,58,58,58,58,58,58,58,58,58,58,50,50,50,50,50,40,60,60,74,46,0],"gold":59,"neow_bonus":"THREE_ENEMY_KILL","is_prod":false,"is_daily":false,"chose_seed":false,"campfire_upgraded":6,"win_rate":0,"timestamp":1559467674,"path_taken":["M","?","M","?","?","E","?","?","T","R","?","E","?","M","R","BOSS","M","M","?","?","$","E","?","R","T","E","?","M","R","M","R","BOSS","M","?","$","M","?","?","E","M","T","R","?","E","?","E","R","BOSS","BOSS","R","$","E","BOSS"],"build_version":"2019-01-23","purchased_purges":0,"victory":false,"max_hp_per_floor":[71,71,71,71,71,71,71,71,71,71,71,71,71,71,71,71,71,71,71,71,71,71,71,71,71,71,71,71,71,71,71,71,71,71,71,71,71,71,71,71,71,71,71,71,71,71,67,67,67,67,67,67,67,74,88,88],"card_choices":[{"not_picked":["Stack","Go for the Eyes"],"picked":"Rip and Tear","floor":1.0},{"not_picked":["Redo","Go for the Eyes"],"picked":"Heatsinks","floor":3.0},{"not_picked":["FTL","Coolheaded"],"picked":"Turbo","floor":5.0},{"not_picked":["Redo","Streamline"],"picked":"BootSequence","floor":6.0},{"not_picked":["Barrage","Melter","Coolheaded"],"picked":"Darkness","floor":11.0},{"not_picked":["Double Energy","Capacitor","Genetic Algorithm"],"picked":"Loop","floor":12.0},{"not_picked":["Gash","Hologram","Beam Cell"],"picked":"Force Field","floor":14.0},{"not_picked":["Thunder Strike","Rainbow","All For One"],"picked":"Creative AI","floor":16.0},{"not_picked":["Fusion","Hello World","Static Discharge"],"picked":"Steam","floor":18.0},{"not_picked":["Beam Cell","Steam","Capacitor"],"picked":"Coolheaded+1","floor":19.0},{"not_picked":["Barrage","Steam Power","Self Repair"],"picked":"Core Surge","floor":23.0},{"not_picked":["Core Surge","Go for the Eyes","Sunder"],"picked":"Conserve Battery","floor":27.0},{"not_picked":["Tempest","Go for the Eyes","Beam Cell"],"picked":"Storm","floor":28.0},{"not_picked":["Redo","Compile Driver","Leap"],"picked":"Coolheaded","floor":29.0},{"not_picked":["Streamline+1","Go for the Eyes+1","Steam"],"picked":"Cold Snap","floor":31.0},{"not_picked":["Hyperbeam","Rainbow","Machine Learning"],"picked":"Creative AI","floor":33.0},{"not_picked":["Aggregate","Compile Driver","Stack"],"picked":"White Noise","floor":35.0},{"not_picked":["Go for the Eyes+1","Consume","Compile Driver+1"],"picked":"Turbo","floor":38.0},{"not_picked":["Mayhem","Enlightenment","Finesse"],"picked":"Master of Strategy","floor":39.0},{"not_picked":["Chill","Streamline","Consume","BootSequence"],"picked":"SKIP","floor":41.0},{"not_picked":["Streamline","Consume","BootSequence"],"picked":"Chill","floor":41.0},{"not_picked":["Aggregate","Rebound","Melter"],"picked":"Turbo+1","floor":42.0},{"not_picked":["FTL","Loop","Melter"],"picked":"Coolheaded","floor":45.0},{"not_picked":["Barrage","Consume+1","FTL"],"picked":"Skim","floor":46.0},{"not_picked":["Barrage+1","Steam","Sunder","Ball Lightning+1"],"picked":"SKIP","floor":48.0},{"not_picked":["Rebound","Beam Cell","Stack+1"],"picked":"Heatsinks","floor":55}],"player_experience":541842,"relics_obtained":[{"floor":6.0,"key":"Bag of Preparation"},{"floor":7.0,"key":"Question Card"},{"floor":9.0,"key":"Mummified Hand"},{"floor":12.0,"key":"Ornamental Fan"},{"floor":23.0,"key":"Potion Belt"},{"floor":27.0,"key":"DataDisk"},{"floor":41.0,"key":"Juzu Bracelet"},{"floor":43.0,"key":"Letter Opener"},{"floor":45.0,"key":"Old Coin"},{"floor":46.0,"key":"Shuriken"},{"floor":48.0,"key":"Bag of Marbles"},{"floor":55,"key":"Mango"}],"event_choices":[{"cards_removed":["Strike_B"],"damage_healed":0.0,"max_hp_gain":0.0,"max_hp_loss":0.0,"gold_gain":0.0,"event_name":"The Cleric","player_choice":"Card Removal","floor":2.0,"gold_loss":75.0,"damage_taken":0.0},{"damage_healed":0.0,"max_hp_gain":0.0,"max_hp_loss":0.0,"gold_gain":0.0,"event_name":"WeMeetAgain","player_choice":"Paid Gold","floor":4.0,"gold_loss":54.0,"damage_taken":0.0,"relics_obtained":["Pen Nib"]},{"damage_healed":0.0,"max_hp_gain":0.0,"max_hp_loss":0.0,"gold_gain":0.0,"event_name":"Lab","player_choice":"Got Potions","floor":13.0,"gold_loss":0.0,"damage_taken":0.0},{"damage_healed":0.0,"max_hp_gain":0.0,"max_hp_loss":0.0,"gold_gain":0.0,"event_name":"The Library","player_choice":"Read","floor":20.0,"gold_loss":0.0,"damage_taken":0.0,"cards_obtained":["Undo"]},{"damage_healed":0.0,"max_hp_gain":0.0,"max_hp_loss":0.0,"gold_gain":0.0,"cards_transformed":["Gash","Gash"],"event_name":"Drug Dealer","player_choice":"Became Test Subject","floor":21.0,"gold_loss":0.0,"damage_taken":0.0,"cards_obtained":["Barrage","Defragment"]},{"damage_healed":0.0,"max_hp_gain":0.0,"max_hp_loss":0.0,"gold_gain":0.0,"event_name":"Upgrade Shrine","player_choice":"Upgraded","floor":24.0,"gold_loss":0.0,"damage_taken":0.0,"cards_upgraded":["Heatsinks"]},{"damage_healed":0.0,"max_hp_gain":0.0,"max_hp_loss":0.0,"gold_gain":0.0,"event_name":"Tomb of Lord Red Mask","player_choice":"Ignored","floor":36.0,"gold_loss":0.0,"damage_taken":0.0},{"damage_healed":0.0,"max_hp_gain":0.0,"max_hp_loss":0.0,"gold_gain":0.0,"event_name":"SensoryStone","player_choice":"Memory 1","floor":39.0,"gold_loss":0.0,"damage_taken":0.0},{"cards_removed":["Rip and Tear"],"damage_healed":0.0,"max_hp_gain":0.0,"max_hp_loss":0.0,"gold_gain":0.0,"event_name":"Purifier","player_choice":"Purged","floor":40.0,"gold_loss":0.0,"damage_taken":0.0},{"damage_healed":0.0,"max_hp_gain":0.0,"max_hp_loss":0.0,"gold_gain":0.0,"event_name":"Mysterious Sphere","player_choice":"Fight","floor":45.0,"gold_loss":0.0,"damage_taken":0.0},{"damage_healed":0.0,"max_hp_gain":0.0,"max_hp_loss":4.0,"gold_gain":0.0,"event_name":"Winding Halls","player_choice":"Max HP","floor":47.0,"gold_loss":0.0,"damage_taken":0.0}],"is_beta":false,"boss_relics":[{"not_picked":["Lizard Tail","Velvet Choker"],"picked":"Pandora\u0027s Box"},{"not_picked":["Sozu","Inserter"],"picked":"Snecko Eye"}],"items_purged_floors":[],"is_endless":false,"potions_floor_spawned":[1,6,12,23,27,28,35,38,48],"killed_by":"The Heart","ascension_level":20}