{"gold_per_floor":[118,136,136,21,40,40,72,72,72,72,72],"floor_reached":11,"playtime":294,"items_purged":["Defend_G"],"score":75,"play_id":"d002e759-91f3-48c8-88c6-8cac9e0d5cae","local_time":"20181106231911","is_ascension_mode":true,"campfire_choices":[{"data":"Neutralize","floor":6,"key":"SMITH"},{"floor":8,"key":"RECALL"},{"data":"Well Laid Plans","floor":10,"key":"SMITH"}],"neow_cost":"NONE","seed_source_timestamp":8409913302977,"circlet_count":0,"master_deck":["Defend_G","Defend_G","Defend_G","Defend_G","Strike_G","Strike_G","Strike_G","Strike_G","Strike_G","Survivor","Neutralize+1","Blur","Backstab","Well Laid Plans+1","Backflip","Backstab"],"relics":["Ring of the Snake","NeowsBlessing","Ornamental Fan","Blood Vial","Paper Crane"],"potions_floor_usage":[7,11],"damage_taken":[{"damage":0,"enemies":"Cultist","floor":1,"turns":1},{"damage":0,"enemies":"Small Slimes","floor":2,"turns":1},{"damage":0,"enemies":"Jaw Worm","floor":5,"turns":1},{"damage":9,"enemies":"3 Sentries","floor":7,"turns":10},{"damage":0,"enemies":"Lagavulin","floor":11,"turns":7}],"seed_played":"6332093215009298203","potions_obtained":[{"floor":1,"key":"AttackPotion"},{"floor":2,"key":"SneckoOil"},{"floor":5,"key":"SpeedPotion"}],"is_trial":false,"path_per_floor":["M","M","?","$","M","R","E","R","T","R","E"],"character_chosen":"THE_SILENT","items_purchased":["Well Laid Plans"],"campfire_rested":0,"item_purchase_floors":[4],"current_hp_per_floor":[70,70,67,67,67,67,58,58,58,58,60],"gold":72,"neow_bonus":"THREE_ENEMY_KILL","is_prod":false,"is_daily":false,"chose_seed":false,"campfire_upgraded":2,"win_rate":0,"timestamp":1541517551,"path_taken":["M","?","?","?","M","R","E","R","T","R","E"],"build_version":"2018-11-05","purchased_purges":1,"victory":false,"max_hp_per_floor":[70,70,70,70,70,70,70,70,70,70,70],"card_choices":[{"not_picked":["Setup","Prepared"],"picked":"Blur","floor":1},{"not_picked":["Flying Knee","Finisher"],"picked":"Backstab","floor":2},{"not_picked":["Acrobatics","Dagger Spray"],"picked":"Backflip","floor":5},{"not_picked":["Tactician","PiercingWail"],"picked":"Backstab","floor":7}],"player_experience":1001559,"relics_obtained":[{"floor":7,"key":"Blood Vial"},{"floor":9,"key":"Paper Crane"}],"event_choices":[{"damage_healed":0,"gold_gain":0,"player_choice":"Success","damage_taken":3,"relics_obtained":["Ornamental Fan"],"max_hp_gain":0,"max_hp_loss":0,"event_name":"Scrap Ooze","floor":3,"gold_loss":0}],"is_beta":true,"boss_relics":[],"items_purged_floors":[4],"is_endless":false,"potions_floor_spawned":[1,2,5],"killed_by":"Lagavulin","ascension_level":1}