{"gold_per_floor":[119,40,56,56,5,5,18,30,55,55,66,66,66,66,66,171,171,186,186,186,1,1,1,1,12,60,60,60,71,71,90,90,191,191,204,81,93,93,93,93,120,120,182,194,224,255,217,234,234,234],"floor_reached":51,"playtime":1932,"items_purged":["theJungle:Gourd","Survivor"],"score":787,"play_id":"b443f68b-471d-4a39-ae53-f07ef7949a01","local_time":"20190213131709","is_ascension_mode":false,"campfire_choices":[{"data":"Noxious Fumes","floor":6.0,"key":"SMITH"},{"data":"Neutralize","floor":10.0,"key":"SMITH"},{"data":"Tools of the Trade","floor":12.0,"key":"SMITH"},{"data":"Cloak And Dagger","floor":15.0,"key":"SMITH"},{"floor":28.0,"key":"REST"},{"floor":30.0,"key":"REST"},{"data":"Backflip","floor":32.0,"key":"SMITH"},{"floor":40,"key":"DIG"},{"floor":42,"key":"DIG"},{"floor":44,"key":"DIG"},{"floor":49,"key":"DIG"}],"neow_cost":"NONE","seed_source_timestamp":0,"circlet_count":0,"master_deck":["Neutralize+1","Backstab","Noxious Fumes+1","Cloak And Dagger+1","All Out Attack","Tools of the Trade+1","Caltrops","Infinite Blades","Adrenaline+1","Die Die Die+1","Deadly Poison+1","Backflip+1","Noxious Fumes+1","theJungle:Gourd","Deflect+1","Adrenaline+1","Backflip+1","Burst+1","Adrenaline+1","Footwork+1","Blur+1","Heel Hook+1","Calculated Gamble+1","Well Laid Plans+1"],"special_seed":0,"relics":["Ring of the Snake","Pen Nib","Smiling Mask","Dream Catcher","Astrolabe","theJungle:SpiritDisease","theJungle:Creamberry","Shovel","Spirit Poop","theJungle:WildMango","Fusion Hammer","Paper Crane","Pear","MawBank","Juzu Bracelet","Pantograph","Gremlin Horn"],"potions_floor_usage":[33,50,50],"damage_taken":[{"damage":1.0,"enemies":"Small Slimes","floor":1.0,"turns":4.0},{"damage":0.0,"enemies":"2 Louse","floor":3.0,"turns":2.0},{"damage":1.0,"enemies":"Jaw Worm","floor":7.0,"turns":4.0},{"damage":0.0,"enemies":"Large Slime","floor":8.0,"turns":4.0},{"damage":0.0,"enemies":"3 Louse","floor":11.0,"turns":3.0},{"damage":19.0,"enemies":"Slime Boss","floor":16.0,"turns":7.0},{"damage":6.0,"enemies":"theJungle:GiantWrat","floor":18.0,"turns":4.0},{"damage":9.0,"enemies":"theJungle:MUSHROOMGANG","floor":25.0,"turns":3.0},{"damage":22.0,"enemies":"theJungle:2_Snecko_Cultists","floor":29.0,"turns":4.0},{"damage":5.0,"enemies":"Snake Plant","floor":31.0,"turns":4.0},{"damage":41,"enemies":"theJungle:TotemBoss","floor":33,"turns":9},{"damage":1,"enemies":"3 Shapes","floor":35,"turns":2},{"damage":9,"enemies":"Orb Walker","floor":37,"turns":3},{"damage":0,"enemies":"Giant Head","floor":41,"turns":8},{"damage":0,"enemies":"Spire Growth","floor":45,"turns":4},{"damage":0,"enemies":"Writhing Mass","floor":46,"turns":5},{"damage":18,"enemies":"3 Darklings","floor":48,"turns":3},{"damage":0,"enemies":"Donu and Deca","floor":50,"turns":9}],"seed_played":"2697464932040783790","potions_obtained":[{"floor":7.0,"key":"EssenceOfSteel"},{"floor":11.0,"key":"Dexterity Potion"},{"floor":16.0,"key":"GhostInAJar"},{"floor":18.0,"key":"SteroidPotion"},{"floor":29.0,"key":"Block Potion"},{"floor":37,"key":"GamblersBrew"}],"is_trial":false,"path_per_floor":["M","$","M","?","$","R","M","M","T","R","M","R","?","?","R","B",null,"M","?","?","?","$","$","?","M","T","?","R","M","R","M","R","B",null,"M","$","M","?","?","R","E","R","T","R","M","M","$","M","R","B",null],"character_chosen":"THE_SILENT","items_purchased":["Noxious Fumes","Fire Potion","GhostInAJar"],"campfire_rested":2,"item_purchase_floors":[2,5,36],"current_hp_per_floor":[69,69,69,69,69,69,68,68,68,68,68,68,35,28,28,9,70,64,64,64,64,64,64,50,41,41,55,80,58,83,78,78,37,84,83,83,74,74,74,74,84,84,84,84,84,84,84,66,66,90],"gold":234,"neow_bonus":"RANDOM_COMMON_RELIC","is_prod":false,"is_daily":false,"chose_seed":false,"campfire_upgraded":5,"win_rate":0,"timestamp":1550035029,"path_taken":["M","$","M","?","$","R","M","M","T","R","M","R","?","?","R","BOSS","M","?","?","?","?","$","?","M","T","?","R","M","R","M","R","BOSS","M","$","M","?","?","R","E","R","T","R","M","M","$","M","R","BOSS"],"build_version":"2019-01-23","purchased_purges":2,"victory":true,"max_hp_per_floor":[70,70,70,70,70,70,70,70,70,70,70,70,70,70,70,70,70,70,70,70,70,70,70,70,70,70,84,84,84,84,84,84,84,84,84,84,84,80,80,80,90,90,90,90,90,90,90,90,90,90],"card_choices":[{"not_picked":["Prepared","Quick Slash"],"picked":"Backstab","floor":1.0},{"not_picked":["Choke","Dagger Throw"],"picked":"Cloak And Dagger","floor":3.0},{"not_picked":["Caltrops","Slice"],"picked":"Tools of the Trade","floor":7.0},{"not_picked":["Sucker Punch","Underhanded Strike"],"picked":"Caltrops","floor":8.0},{"not_picked":["Flying Knee","Dodge and Roll"],"picked":"Infinite Blades","floor":11.0},{"not_picked":["Die Die Die","Burst"],"picked":"Adrenaline","floor":16.0},{"not_picked":["Quick Slash","Blade Dance"],"picked":"Noxious Fumes+1","floor":18.0},{"not_picked":["Concentrate+1","Sucker Punch","Predator+1"],"picked":"SKIP","floor":25.0},{"not_picked":["Reflex+1","Sucker Punch+1"],"picked":"Deflect+1","floor":28.0},{"not_picked":["Dagger Spray+1","Dodge and Roll"],"picked":"Adrenaline+1","floor":29.0},{"not_picked":["Cloak And Dagger","Poisoned Stab"],"picked":"Backflip","floor":30.0},{"not_picked":["Prepared","Poisoned Stab"],"picked":"Burst+1","floor":31.0},{"not_picked":["Die Die Die+1","Doppelganger+1"],"picked":"Adrenaline+1","floor":33},{"not_picked":["Backflip","Eviscerate+1"],"picked":"Footwork+1","floor":35},{"not_picked":["Expertise+1","Heel Hook+1"],"picked":"Blur+1","floor":37},{"not_picked":["Dodge and Roll","PiercingWail+1"],"picked":"Heel Hook+1","floor":41},{"not_picked":["Distraction+1","Expertise+1","Bouncing Flask+1"],"picked":"SKIP","floor":45},{"not_picked":["Deflect+1","Dagger Throw+1"],"picked":"Calculated Gamble+1","floor":46},{"not_picked":["All Out Attack+1","PiercingWail+1"],"picked":"Well Laid Plans+1","floor":48}],"player_experience":2682508,"relics_obtained":[{"floor":9.0,"key":"Smiling Mask"},{"floor":26.0,"key":"Spirit Poop"},{"floor":40,"key":"Paper Crane"},{"floor":41,"key":"Pear"},{"floor":42,"key":"MawBank"},{"floor":43,"key":"Juzu Bracelet"},{"floor":44,"key":"Pantograph"},{"floor":49,"key":"Gremlin Horn"}],"event_choices":[{"damage_healed":0.0,"max_hp_gain":0.0,"max_hp_loss":0.0,"gold_gain":0.0,"cards_transformed":["Strike_G"],"event_name":"Living Wall","player_choice":"Change","floor":4.0,"gold_loss":0.0,"damage_taken":0.0,"cards_obtained":["All Out Attack"]},{"damage_healed":0.0,"max_hp_gain":0.0,"max_hp_loss":0.0,"gold_gain":0.0,"event_name":"Scrap Ooze","player_choice":"Success","floor":13.0,"gold_loss":0.0,"damage_taken":33.0,"relics_obtained":["Dream Catcher"]},{"cards_removed":["Strike_G"],"damage_healed":0.0,"max_hp_gain":0.0,"max_hp_loss":0.0,"gold_gain":0.0,"event_name":"Golden Wing","player_choice":"Card Removal","floor":14.0,"gold_loss":0.0,"damage_taken":7.0},{"damage_healed":0,"gold_gain":0,"player_choice":"Max HP","damage_taken":0,"max_hp_gain":0,"max_hp_loss":4,"event_name":"Winding Halls","floor":38,"gold_loss":0},{"damage_healed":0,"gold_gain":0,"player_choice":"Upgraded","damage_taken":0,"max_hp_gain":0,"max_hp_loss":0,"event_name":"Upgrade Shrine","floor":39,"gold_loss":0,"cards_upgraded":["Adrenaline"]}],"is_beta":false,"boss_relics":[{"not_picked":["Eternal Feather","Calling Bell"],"picked":"Astrolabe"},{"not_picked":["Ectoplasm","HoveringKite"],"picked":"Fusion Hammer"}],"items_purged_floors":[36,47],"is_endless":false,"potions_floor_spawned":[7,11,16,18,29,37,45],"ascension_level":0}