{"path_per_floor":["M","?","?","M","$","E","M","R","T","E","R","M","R","?","R"],"character_chosen":"THE_SILENT","items_purchased":[],"gold_per_floor":[115,115,115,130,130,163,188,188,188,228,228,213,213,213,213,213],"floor_reached":16,"campfire_rested":1,"playtime":492,"current_hp_per_floor":[38,38,38,38,38,9,8,31,31,21,21,16,16,16,16,0],"items_purged":[],"gold":213,"score":146,"play_id":"f62475ae-1b42-404f-b871-17a90fc9b2f2","local_time":"20180421220139","is_prod":false,"is_daily":false,"chose_seed":false,"is_ascension_mode":true,"campfire_upgraded":0,"timestamp":1524319299,"path_taken":["M","?","?","M","$","E","M","R","T","E","R","M","R","?","R","BOSS"],"build_version":"2018-04-19","seed_source_timestamp":31007127149053,"purchased_purges":0,"victory":false,"master_deck":["Defend_G","Defend_G","Defend_G","Defend_G","Defend_G","Strike_G","Strike_G","Strike_G","Strike_G","Survivor","Neutralize","Slice","Dagger Throw","Dagger Spray","Well Laid Plans","Calculated Gamble","Backflip","Terror+1"],"max_hp_per_floor":[84,84,78,78,78,78,78,78,78,78,78,78,78,78,78,78],"relics":["Ring of the Snake","Torii","Golden Idol","Anchor","Shovel","Dodecahedron","Blood Vial","Toxic Egg 2","Kunai"],"card_choices":[{"not_picked":["Poisoned Stab","Flying Knee"],"picked":"Slice","floor":1},{"not_picked":["Outmaneuver","Dodge and Roll"],"picked":"Dagger Throw","floor":4},{"not_picked":["Riddle With Holes","PiercingWail"],"picked":"Dagger Spray","floor":6},{"not_picked":["Dash","Prepared"],"picked":"Well Laid Plans","floor":7},{"not_picked":["Blade Dance","Flying Knee"],"picked":"Calculated Gamble","floor":10},{"not_picked":["Bane","Prepared"],"picked":"Backflip","floor":12}],"player_experience":422367,"potions_floor_usage":[10,16],"damage_taken":[{"damage":1,"enemies":"Small Slimes","floor":1,"turns":4},{"damage":0,"enemies":"Cultist","floor":4,"turns":3},{"damage":29,"enemies":"Gremlin Nob","floor":6,"turns":5},{"damage":1,"enemies":"Jaw Worm","floor":7,"turns":4},{"damage":10,"enemies":"3 Sentries","floor":10,"turns":7},{"damage":7,"enemies":"Exordium Thugs","floor":12,"turns":4},{"damage":21,"enemies":"Hexaghost","floor":16,"turns":9}],"event_choices":[{"event_name":"Wheel of Change","player_choice":"Relic","floor":2,"damage_taken":0},{"event_name":"Golden Idol","player_choice":"Lose Max HP","floor":3,"damage_taken":0},{"event_name":"Living Wall","player_choice":"Change","floor":14,"damage_taken":0}],"boss_relics":[],"potions_floor_spawned":[7,10],"seed_played":"-4804998643873504643","killed_by":"Hexaghost","ascension_level":7,"is_trial":false}