{"gold_per_floor":[109,123,138,57,76,76,88,118,142,26,38,38,38,38,38,157,157,178,199,212,212,212,212,44,59,59,59,73,73,32,52,52,154,154,164,164,26,26,42,42,68,68,68,68,96,96,9,19,19,19],"floor_reached":51,"playtime":2027,"items_purged":["Injury","Strike_B"],"score":780,"play_id":"3d387106-5d12-4f7b-bdff-e86ad1bf8477","local_time":"20181025105547","is_ascension_mode":false,"campfire_choices":[{"data":"Capacitor","floor":6.0,"key":"SMITH"},{"data":"Loop","floor":12.0,"key":"SMITH"},{"floor":15.0,"key":"REST"},{"data":"Consume","floor":23.0,"key":"SMITH"},{"data":"Loop","floor":29.0,"key":"SMITH"},{"data":"Defragment","floor":32.0,"key":"SMITH"},{"data":"Defragment","floor":40.0,"key":"SMITH"},{"data":"Creative AI","floor":44.0,"key":"SMITH"},{"data":"Turbo","floor":46.0,"key":"SMITH"},{"data":"Purity","floor":49,"key":"SMITH"}],"neow_cost":"PERCENT_DAMAGE","seed_source_timestamp":2169100222594,"circlet_count":0,"master_deck":["Strike_B","Strike_B","Strike_B","Defend_B","Defend_B","Defend_B","Defend_B","Zap+1","Dualcast","Reboot","Ball Lightning","Coolheaded","Skim+1","Capacitor+1","Go for the Eyes","Biased Cognition","Auto Shields","Self Repair","Loop+1","Creative AI+1","Consume+1","BootSequence","White Noise","Turbo+1","Loop+1","Self Repair+1","Glacier","Defragment+1","Turbo","Electrodynamics","Defragment+1","BootSequence+1","Hologram+1","Stack+1","Purity+1","Steam+1"],"special_seed":0,"relics":["Cracked Core","Girya","War Paint","Bag of Marbles","Bloody Idol","Runic Pyramid","Blue Candle","Enchiridion","Inserter","Strawberry","Dodecahedron","Gremlin Horn"],"potions_floor_usage":[48],"damage_taken":[{"damage":0.0,"enemies":"Cultist","floor":1.0,"turns":3.0},{"damage":0.0,"enemies":"Small Slimes","floor":2.0,"turns":4.0},{"damage":0.0,"enemies":"2 Louse","floor":3.0,"turns":3.0},{"damage":8.0,"enemies":"Gremlin Gang","floor":5.0,"turns":4.0},{"damage":12.0,"enemies":"2 Fungi Beasts","floor":7.0,"turns":4.0},{"damage":31.0,"enemies":"3 Sentries","floor":8.0,"turns":6.0},{"damage":0.0,"enemies":"Looter","floor":11.0,"turns":3.0},{"damage":12.0,"enemies":"Slime Boss","floor":16.0,"turns":8.0},{"damage":10.0,"enemies":"Chosen","floor":18.0,"turns":5.0},{"damage":17.0,"enemies":"Spheric Guardian","floor":19.0,"turns":5.0},{"damage":15.0,"enemies":"Centurion and Healer","floor":20.0,"turns":8.0},{"damage":2.0,"enemies":"Snake Plant","floor":25.0,"turns":5.0},{"damage":0.0,"enemies":"Sentry and Sphere","floor":28.0,"turns":3.0},{"damage":4.0,"enemies":"Shelled Parasite and Fungi","floor":31.0,"turns":6.0},{"damage":9.0,"enemies":"Champ","floor":33.0,"turns":9.0},{"damage":0.0,"enemies":"3 Shapes","floor":35.0,"turns":3.0},{"damage":0.0,"enemies":"Orb Walker","floor":39.0,"turns":3.0},{"damage":0.0,"enemies":"Reptomancer","floor":41.0,"turns":6.0},{"damage":0.0,"enemies":"Nemesis","floor":45.0,"turns":9.0},{"damage":0,"enemies":"Transient","floor":48,"turns":5},{"damage":35,"enemies":"Awakened One","floor":50,"turns":19}],"seed_played":"2954385269282627469","potions_obtained":[{"floor":1.0,"key":"Swift Potion"},{"floor":2.0,"key":"PowerPotion"},{"floor":3.0,"key":"SteroidPotion"},{"floor":8.0,"key":"AttackPotion"},{"floor":19.0,"key":"SteroidPotion"},{"floor":25.0,"key":"Regen Potion"},{"floor":45.0,"key":"Regen Potion"}],"is_trial":false,"path_per_floor":["M","M","M","$","M","R","M","E","T","$","M","R","?","?","R","B",null,"M","M","M","?","?","R","$","M","T","?","M","R","$","M","R","B",null,"M","?","$","?","M","R","E","?","T","R","E","R","$","M","R","B"],"character_chosen":"DEFECT","items_purchased":["Capacitor","Regen Potion","Self Repair","Turbo","Loop","Defragment","Defragment","Purity"],"campfire_rested":1,"item_purchase_floors":[4,10,10,24,24,30,37,47],"current_hp_per_floor":[54,54,54,54,46,46,34,3,3,3,12,12,9,9,31,26,75,72,62,54,54,54,54,54,64,64,48,60,60,60,71,71,75,75,75,75,75,71,71,71,78,78,78,78,78,78,78,78,78,43],"gold":19,"neow_bonus":"THREE_RARE_CARDS","is_prod":false,"is_daily":false,"chose_seed":false,"campfire_upgraded":9,"win_rate":0,"timestamp":1540436147,"path_taken":["M","M","?","$","M","R","M","E","T","$","M","R","?","?","R","BOSS","M","?","M","?","?","R","$","M","T","?","M","R","$","M","R","BOSS","M","?","$","?","?","R","E","?","T","R","E","R","?","?","R","BOSS"],"build_version":"2018-10-18","purchased_purges":2,"victory":true,"max_hp_per_floor":[75,75,75,75,75,75,75,75,75,75,75,75,75,75,75,75,75,75,75,75,75,75,75,75,75,75,75,75,75,75,75,75,75,75,75,75,75,71,71,71,78,78,78,78,78,78,78,78,78,78],"card_choices":[{"not_picked":["Meteor Strike","Multi-Cast"],"picked":"Reboot","floor":0.0},{"not_picked":["Tempest","Doom and Gloom"],"picked":"Ball Lightning","floor":1.0},{"not_picked":["Hologram","Heatsinks"],"picked":"Coolheaded","floor":2.0},{"not_picked":["Turbo","Go for the Eyes"],"picked":"Skim","floor":3.0},{"not_picked":["Compile Driver","Barrage"],"picked":"Go for the Eyes","floor":5.0},{"not_picked":["Darkness","Coolheaded"],"picked":"Biased Cognition","floor":7.0},{"not_picked":["Redo","Cold Snap"],"picked":"Auto Shields","floor":8.0},{"not_picked":["Coolheaded","Gash"],"picked":"Loop","floor":11.0},{"not_picked":["Seek","Amplify"],"picked":"Creative AI","floor":16.0},{"not_picked":["Stack","Aggregate"],"picked":"Consume","floor":18.0},{"not_picked":["Sweeping Beam","Redo","Storm+1"],"picked":"SKIP","floor":19.0},{"not_picked":["Coolheaded","Blizzard+1"],"picked":"BootSequence","floor":20.0},{"not_picked":["Conserve Battery","Doom and Gloom"],"picked":"Self Repair+1","floor":25.0},{"not_picked":["Coolheaded","Sunder+1"],"picked":"Glacier","floor":28.0},{"not_picked":["Sweeping Beam","Coolheaded"],"picked":"Turbo","floor":31.0},{"not_picked":["Amplify","Echo Form"],"picked":"Electrodynamics","floor":33.0},{"not_picked":["FTL","Beam Cell+1","Barrage+1"],"picked":"SKIP","floor":35.0},{"not_picked":["Blizzard","Turbo"],"picked":"BootSequence+1","floor":39.0},{"not_picked":["Lockon","Leap"],"picked":"Hologram+1","floor":41.0},{"not_picked":["Hologram","Redo"],"picked":"Stack+1","floor":45.0},{"not_picked":["Ball Lightning+1","Barrage+1"],"picked":"Steam+1","floor":48}],"player_experience":625655,"relics_obtained":[{"floor":8.0,"key":"Girya"},{"floor":9.0,"key":"War Paint"},{"floor":26.0,"key":"Blue Candle"},{"floor":27.0,"key":"Enchiridion"},{"floor":41.0,"key":"Strawberry"},{"floor":43.0,"key":"Dodecahedron"},{"floor":45.0,"key":"Gremlin Horn"}],"event_choices":[{"damage_healed":0.0,"max_hp_gain":0.0,"max_hp_loss":0.0,"gold_gain":0.0,"event_name":"Scrap Ooze","player_choice":"Success","floor":13.0,"gold_loss":0.0,"damage_taken":3.0,"relics_obtained":["Bag of Marbles"]},{"damage_healed":0.0,"max_hp_gain":0.0,"max_hp_loss":0.0,"gold_gain":0.0,"event_name":"Golden Idol","player_choice":"Take Wound","floor":14.0,"gold_loss":0.0,"damage_taken":0.0,"relics_obtained":["Golden Idol"],"cards_obtained":["Injury"]},{"damage_healed":0.0,"max_hp_gain":0.0,"max_hp_loss":0.0,"gold_gain":0.0,"event_name":"The Library","player_choice":"Read","floor":21.0,"gold_loss":0.0,"damage_taken":0.0,"cards_obtained":["White Noise"]},{"damage_healed":0.0,"max_hp_gain":0.0,"max_hp_loss":0.0,"gold_gain":0.0,"event_name":"Forgotten Altar","player_choice":"Gave Idol","floor":22.0,"relics_lost":["Golden Idol"],"gold_loss":0.0,"damage_taken":0.0,"relics_obtained":["Bloody Idol"]},{"damage_healed":0.0,"max_hp_gain":0.0,"max_hp_loss":0.0,"gold_gain":0.0,"event_name":"Cursed Tome","player_choice":"Obtained Book","floor":27.0,"gold_loss":0.0,"damage_taken":16.0},{"damage_healed":0.0,"max_hp_gain":0.0,"max_hp_loss":0.0,"gold_gain":0.0,"event_name":"Tomb of Lord Red Mask","player_choice":"Ignored","floor":36.0,"gold_loss":0.0,"damage_taken":0.0},{"damage_healed":0.0,"max_hp_gain":0.0,"max_hp_loss":4.0,"gold_gain":0.0,"event_name":"Winding Halls","player_choice":"Max HP","floor":38.0,"gold_loss":0.0,"damage_taken":0.0},{"damage_healed":0.0,"max_hp_gain":0.0,"max_hp_loss":0.0,"gold_gain":0.0,"event_name":"SecretPortal","player_choice":"Ignored","floor":42.0,"gold_loss":0.0,"damage_taken":0.0}],"is_beta":false,"boss_relics":[{"not_picked":["Lizard Tail","Astrolabe"],"picked":"Runic Pyramid"},{"not_picked":["Pandora\u0027s Box","FrozenCore"],"picked":"Inserter"}],"items_purged_floors":[24,37],"is_endless":false,"potions_floor_spawned":[1,2,3,8,19,25,33,41,45],"ascension_level":0}