{"path_per_floor":["M","?","M","$","?","R","E","$","T","R","?","M","?","E","R","B",null,"M","M","?","$","?","R","E"],"character_chosen":"DEFECT","items_purchased":["Static Discharge","Storm"],"gold_per_floor":[117,117,130,55,55,55,90,16,16,16,16,31,31,75,75,196,196,210,225,225,48,48,48,91,91],"floor_reached":25,"campfire_rested":2,"playtime":1843,"current_hp_per_floor":[62,59,57,57,39,61,35,35,35,60,60,59,64,51,51,44,90,86,69,69,69,69,69,1,0],"items_purged":["Injury","Defend_B"],"gold":91,"score":250,"play_id":"e5f35211-a7d3-45c4-8f1e-929fe8fea66f","local_time":"20180429220545","is_prod":false,"is_daily":false,"chose_seed":false,"is_ascension_mode":false,"campfire_upgraded":2,"timestamp":1525032345,"path_taken":["M","?","?","$","?","R","E","$","T","R","?","?","?","E","R","BOSS","M","?","?","$","?","R","E","M"],"build_version":"2018-04-27v3","seed_source_timestamp":34506072831123,"purchased_purges":2,"victory":false,"master_deck":["Strike_B","Strike_B","Strike_B","Strike_B","Defend_B","Zap","Dualcast","Thunder Strike","Leap","Streamline","Barrage","Buffer","Static Discharge+1","FTL","Rainbow+1","Defragment","FTL","Storm","Buffer"],"max_hp_per_floor":[75,75,75,75,75,75,85,85,85,85,85,85,90,90,90,90,90,90,90,90,90,90,90,90,90],"relics":["Cracked Core","Unceasing Top","Golden Idol","Pear","Bottled Lightning","Ginger","Inserter","Pen Nib"],"card_choices":[{"not_picked":["Go for the Eyes","Impulse"],"picked":"Streamline","floor":1},{"not_picked":["Skim","Stack"],"picked":"Barrage","floor":3},{"not_picked":["Streamline","Axe Kick"],"picked":"Buffer","floor":7},{"not_picked":["Barrage","Rebound"],"picked":"FTL","floor":12},{"not_picked":["Biased Cognition","Redo"],"picked":"Rainbow","floor":16},{"not_picked":["Beam Cell","Streamline"],"picked":"Defragment","floor":18},{"not_picked":["Streamline","Turbo"],"picked":"FTL","floor":19},{"not_picked":["Cold Snap","Flux Capacitor"],"picked":"Buffer","floor":24}],"player_experience":25246,"potions_floor_usage":[7,24],"damage_taken":[{"damage":13,"enemies":"Small Slimes","floor":1,"turns":3},{"damage":2,"enemies":"2 Louse","floor":3,"turns":3},{"damage":36,"enemies":"Lagavulin","floor":7,"turns":5},{"damage":1,"enemies":"Cultist","floor":12,"turns":3},{"damage":13,"enemies":"3 Sentries","floor":14,"turns":5},{"damage":7,"enemies":"Slime Boss","floor":16,"turns":7},{"damage":4,"enemies":"Chosen","floor":18,"turns":4},{"damage":17,"enemies":"Spheric Guardian","floor":19,"turns":4},{"damage":68,"enemies":"Slavers","floor":24,"turns":4},{"damage":4,"enemies":"Snake Plant","floor":25,"turns":2}],"event_choices":[{"event_name":"Scrap Ooze","player_choice":"success","floor":2,"damage_taken":3},{"event_name":"Golden Idol","player_choice":"Take Damage","floor":5,"damage_taken":0},{"event_name":"The Cleric","player_choice":"Leave","floor":11,"damage_taken":0},{"event_name":"Big Fish","player_choice":"Donut","floor":13,"damage_taken":0},{"event_name":"Vampires","player_choice":"Ignored","floor":20,"damage_taken":0},{"event_name":"Beggar","player_choice":"Ignored","floor":22,"damage_taken":0}],"boss_relics":[{"not_picked":["Runic Pyramid","Astrolabe"],"picked":"Inserter"}],"potions_floor_spawned":[1,12,14],"seed_played":"7886125848230484023","killed_by":"Snake Plant","ascension_level":0,"is_trial":false}