{"gold_per_floor":[111,111,111,123,139,139,70,70,70,90,90,40,74,87,87,190,190,201,181,181,280,298,298,317,317,371,371,371,286,311,322,322,418,418,438,660,760,132,148,148,148,5,5,5,5,15,28,48,48,48],"floor_reached":51,"playtime":1450,"items_purged":["Strike_B","Zap"],"score":745,"play_id":"3fe42bdd-40e4-4a3c-b895-2369fb3192b7","local_time":"20190617161420","is_ascension_mode":false,"campfire_choices":[{"data":"Sunder","floor":6,"key":"SMITH"},{"data":"Darkness","floor":11,"key":"SMITH"},{"data":"Loop","floor":15,"key":"SMITH"},{"data":"Recycle","floor":23,"key":"SMITH"},{"data":"Dualcast","floor":25,"key":"SMITH"},{"data":"Redo","floor":28,"key":"SMITH"},{"data":"Reboot","floor":32,"key":"SMITH"},{"data":"Skim","floor":40,"key":"SMITH"},{"data":"Fission","floor":45,"key":"SMITH"},{"data":"Master of Strategy","floor":49,"key":"SMITH"}],"neow_cost":"NONE","seed_source_timestamp":14277389445902,"circlet_count":0,"master_deck":["Dualcast+1","Fusion+1","Recycle+1","Darkness+1","Undo","Loop+1","Reboot+1","BootSequence+1","Hologram+1","Redo+1","Fission+1","Skim+1","Hologram","Echo Form","Machine Learning","Impatience+1","Master of Strategy+1","Skim+1"],"relics":["Cracked Core","Smiling Mask","Ornamental Fan","Lizard Tail","PreservedInsect","Pear","Red Mask","Pandora\u0027s Box","Emotion Chip","War Paint","Potion Belt","DataDisk","Thread and Needle"],"potions_floor_usage":[18,19,46,50,50,50,50],"damage_taken":[{"damage":0,"enemies":"Small Slimes","floor":1,"turns":4},{"damage":1,"enemies":"Jaw Worm","floor":4,"turns":4},{"damage":1,"enemies":"Cultist","floor":5,"turns":4},{"damage":21,"enemies":"Lots of Slimes","floor":10,"turns":4},{"damage":13,"enemies":"Lagavulin","floor":13,"turns":6},{"damage":0,"enemies":"Large Slime","floor":14,"turns":5},{"damage":14,"enemies":"Hexaghost","floor":16,"turns":8},{"damage":10,"enemies":"3 Byrds","floor":18,"turns":5},{"damage":10,"enemies":"2 Thieves","floor":19,"turns":5},{"damage":12,"enemies":"Snake Plant","floor":22,"turns":5},{"damage":0,"enemies":"Shelled Parasite and Fungi","floor":24,"turns":7},{"damage":9,"enemies":"Masked Bandits","floor":30,"turns":3},{"damage":28,"enemies":"Cultist and Chosen","floor":31,"turns":7},{"damage":10,"enemies":"Champ","floor":33,"turns":7},{"damage":0,"enemies":"3 Darklings","floor":35,"turns":4},{"damage":0,"enemies":"Mind Bloom Boss Battle","floor":37,"turns":5},{"damage":0,"enemies":"3 Shapes","floor":39,"turns":3},{"damage":0,"enemies":"Maw","floor":46,"turns":5},{"damage":0,"enemies":"Jaw Worm Horde","floor":47,"turns":2},{"damage":0,"enemies":"Spire Growth","floor":48,"turns":1},{"damage":58,"enemies":"Time Eater","floor":50,"turns":6}],"seed_played":"6773775319375686465","potions_obtained":[{"floor":1,"key":"Swift Potion"},{"floor":4,"key":"FocusPotion"},{"floor":8,"key":"Regen Potion"},{"floor":19,"key":"PowerPotion"},{"floor":24,"key":"EssenceOfSteel"},{"floor":33,"key":"SkillPotion"},{"floor":39,"key":"PowerPotion"},{"floor":46,"key":"Fruit Juice"}],"is_trial":false,"path_per_floor":["M","?","?","M","M","R","$","?","T","M","R","$","E","M","R","B",null,"M","M","?","?","M","R","M","R","T","?","R","?","?","M","R","B",null,"M","?","?","$","M","R","?","$","T","?","R","M","M","M","R","B",null],"character_chosen":"DEFECT","items_purchased":["Darkness","Impatience","Master of Strategy","War Paint","Potion Belt","DataDisk"],"campfire_rested":0,"item_purchase_floors":[7,38,38,38,38,42],"current_hp_per_floor":[75,68,68,67,66,66,66,66,66,45,45,45,32,32,32,18,75,65,67,53,53,41,41,41,41,41,41,41,51,42,14,14,4,90,90,90,90,90,90,90,90,90,90,90,90,95,95,95,95,37],"gold":48,"neow_bonus":"REMOVE_CARD","is_prod":false,"is_daily":false,"chose_seed":false,"campfire_upgraded":10,"win_rate":0,"timestamp":1560759260,"path_taken":["M","?","?","?","M","R","?","?","T","M","R","$","E","?","R","BOSS","M","M","?","?","M","R","M","R","T","?","R","?","?","?","R","BOSS","M","?","?","$","M","R","?","$","T","?","R","M","?","M","R","BOSS"],"build_version":"2019-01-23","purchased_purges":2,"victory":true,"max_hp_per_floor":[75,75,75,75,75,75,75,75,75,75,75,75,75,75,75,75,75,75,75,80,80,80,80,80,80,80,80,80,90,90,90,90,90,90,90,90,90,90,90,90,90,90,90,90,90,95,95,95,95,95],"card_choices":[{"not_picked":["Double Energy","Compile Driver"],"picked":"Fusion","floor":1},{"not_picked":["Redo","Capacitor"],"picked":"Sunder","floor":4},{"not_picked":["Conserve Battery","Redo"],"picked":"Recycle","floor":5},{"not_picked":["Scrape","Streamline"],"picked":"Undo","floor":10},{"not_picked":["Turbo","Cold Snap","Steam Power"],"picked":"SKIP","floor":13},{"not_picked":["Rebound","Coolheaded"],"picked":"Loop","floor":14},{"not_picked":["Fission","Creative AI"],"picked":"Reboot","floor":16},{"not_picked":["Go for the Eyes","Cold Snap"],"picked":"BootSequence","floor":18},{"not_picked":["White Noise","Redo"],"picked":"Hologram+1","floor":19},{"not_picked":["Steam","Conserve Battery","Static Discharge+1"],"picked":"SKIP","floor":22},{"not_picked":["Amplify","Sweeping Beam","Go for the Eyes"],"picked":"SKIP","floor":24},{"not_picked":["Turbo","Stack","Go for the Eyes"],"picked":"SKIP","floor":31},{"not_picked":["Hologram+1","Static Discharge","Fusion"],"picked":"SKIP","floor":35},{"not_picked":["Fusion","Consume+1"],"picked":"Skim+1","floor":39},{"not_picked":["Rainbow","Sweeping Beam","Aggregate+1"],"picked":"SKIP","floor":46},{"not_picked":["Rebound","Doom and Gloom+1","Ball Lightning"],"picked":"SKIP","floor":47},{"not_picked":["Ball Lightning","Sweeping Beam+1","Barrage"],"picked":"SKIP","floor":48}],"player_experience":5349538,"relics_obtained":[{"floor":9,"key":"Smiling Mask"},{"floor":13,"key":"Ornamental Fan"},{"floor":26,"key":"PreservedInsect"},{"floor":30,"key":"Red Mask"},{"floor":37,"key":"Emotion Chip"},{"floor":43,"key":"Thread and Needle"}],"event_choices":[{"cards_removed":["Defend_B"],"damage_healed":0,"gold_gain":0,"player_choice":"Card Removal","damage_taken":7,"max_hp_gain":0,"max_hp_loss":0,"event_name":"Golden Wing","floor":2,"gold_loss":0},{"damage_healed":0,"gold_gain":0,"player_choice":"Upgraded","damage_taken":0,"max_hp_gain":0,"max_hp_loss":0,"event_name":"Upgrade Shrine","floor":3,"gold_loss":0,"cards_upgraded":["Fusion"]},{"damage_healed":0,"gold_gain":0,"player_choice":"Got Potions","damage_taken":0,"max_hp_gain":0,"max_hp_loss":0,"event_name":"Lab","floor":8,"gold_loss":0},{"damage_healed":0,"gold_gain":0,"player_choice":"Shed Blood","damage_taken":19,"max_hp_gain":5,"max_hp_loss":0,"event_name":"Forgotten Altar","floor":20,"gold_loss":0},{"damage_healed":0,"gold_gain":99,"player_choice":"Stole From Cult","damage_taken":0,"max_hp_gain":0,"max_hp_loss":0,"event_name":"Nest","floor":21,"gold_loss":0},{"damage_healed":0,"gold_gain":0,"player_choice":"Read","damage_taken":0,"max_hp_gain":0,"max_hp_loss":0,"event_name":"The Library","floor":27,"gold_loss":0,"cards_obtained":["Redo"]},{"damage_healed":0,"gold_gain":0,"player_choice":"Obtained Relic","damage_taken":0,"relics_obtained":["Pear"],"max_hp_gain":0,"max_hp_loss":0,"event_name":"Addict","floor":29,"gold_loss":85},{"damage_healed":0,"gold_gain":0,"player_choice":"Fought Bandits","damage_taken":0,"max_hp_gain":0,"max_hp_loss":0,"event_name":"Masked Bandits","floor":30,"gold_loss":0},{"damage_healed":0,"gold_gain":222,"player_choice":"Wore Mask","damage_taken":0,"max_hp_gain":0,"max_hp_loss":0,"event_name":"Tomb of Lord Red Mask","floor":36,"gold_loss":0},{"damage_healed":0,"gold_gain":0,"player_choice":"Fight","damage_taken":0,"max_hp_gain":0,"max_hp_loss":0,"event_name":"MindBloom","floor":37,"gold_loss":0},{"damage_healed":0,"gold_gain":0,"player_choice":"Memory 1","damage_taken":0,"max_hp_gain":0,"max_hp_loss":0,"event_name":"SensoryStone","floor":41,"gold_loss":0},{"cards_removed":["Sunder"],"damage_healed":0,"gold_gain":0,"player_choice":"Removed Attack","damage_taken":0,"max_hp_gain":0,"max_hp_loss":0,"event_name":"Falling","floor":44,"gold_loss":0}],"is_beta":false,"boss_relics":[{"not_picked":["Runic Dome","Inserter"],"picked":"Lizard Tail"},{"not_picked":["Velvet Choker","Coffee Dripper"],"picked":"Pandora\u0027s Box"}],"items_purged_floors":[12,38],"is_endless":false,"potions_floor_spawned":[1,4,10,14,19,24,31,33,39,46],"ascension_level":0}