{"gold_per_floor":[362,26,37,37,47,76,76,101,101,126,138,157,157,189,189,266,266,278,278,328,184,202,202,202,215,215,250,27,27,56,76,76,147,147,159,34,34,86,86,113,113,131,204,214,228,228,228,245,245,245,245,245,245,18,46,46],"floor_reached":57,"playtime":3676,"items_purged":["Strike_B","Strike_B","Strike_B"],"score":3221,"play_id":"ffb10f73-720e-42c9-afb8-a2a4c663bd73","local_time":"20190320212617","is_ascension_mode":true,"campfire_choices":[{"data":"Streamline","floor":7.0,"key":"SMITH"},{"data":"Turbo","floor":13.0,"key":"SMITH"},{"data":"Dualcast","floor":15.0,"key":"SMITH"},{"data":"Thunder Strike","floor":23.0,"key":"SMITH"},{"data":"Blizzard","floor":29.0,"key":"SMITH"},{"data":"Hologram","floor":32.0,"key":"SMITH"},{"data":"Fission","floor":41.0,"key":"SMITH"},{"floor":49.0,"key":"RECALL"},{"floor":53,"key":"DIG"}],"neow_cost":"TEN_PERCENT_HP_LOSS","seed_source_timestamp":32951494987316,"circlet_count":0,"master_deck":["AscendersBane","Defend_B","Defend_B","Defend_B","Defend_B","Dualcast+1","Coolheaded","Glacier","Tempest","Glacier","Hologram+1","Streamline+1","Echo Form","Chill","Turbo+1","Undo","Thunder Strike+1","Self Repair","Blizzard+1","Reboot","Fission+1","Ball Lightning+1","Pain","Consume+1","Coolheaded","Coolheaded+1","Defragment+1","Hologram+1","Reboot"],"special_seed":0,"relics":["Cracked Core","ClockworkSouvenir","Regal Pillow","Blue Candle","DataDisk","Happy Flower","Bag of Preparation","Sozu","Mango","Dream Catcher","Runic Capacitor","Symbiotic Virus","Inserter","Shovel","WarpedTongs","Whetstone","Molten Egg 2","NlothsMask","Bottled Flame","OrangePellets","Pen Nib"],"potions_floor_usage":[56,56],"damage_taken":[{"damage":7.0,"enemies":"Jaw Worm","floor":1.0,"turns":3.0},{"damage":0.0,"enemies":"Cultist","floor":3.0,"turns":4.0},{"damage":3.0,"enemies":"2 Louse","floor":5.0,"turns":3.0},{"damage":3.0,"enemies":"Lagavulin","floor":6.0,"turns":13.0},{"damage":8.0,"enemies":"Gremlin Nob","floor":8.0,"turns":3.0},{"damage":3.0,"enemies":"3 Sentries","floor":10.0,"turns":12.0},{"damage":0.0,"enemies":"Blue Slaver","floor":11.0,"turns":3.0},{"damage":0.0,"enemies":"Lots of Slimes","floor":12.0,"turns":5.0},{"damage":0.0,"enemies":"Lagavulin","floor":14.0,"turns":4.0},{"damage":16.0,"enemies":"The Guardian","floor":16.0,"turns":13.0},{"damage":0.0,"enemies":"3 Byrds","floor":18.0,"turns":4.0},{"damage":0.0,"enemies":"Shell Parasite","floor":22.0,"turns":6.0},{"damage":0.0,"enemies":"Snecko","floor":25.0,"turns":5.0},{"damage":23.0,"enemies":"Slavers","floor":27.0,"turns":5.0},{"damage":0.0,"enemies":"Book of Stabbing","floor":30.0,"turns":7.0},{"damage":0.0,"enemies":"Snake Plant","floor":31.0,"turns":4.0},{"damage":0.0,"enemies":"Champ","floor":33.0,"turns":8.0},{"damage":7.0,"enemies":"3 Darklings","floor":35.0,"turns":4.0},{"damage":44.0,"enemies":"2 Orb Walkers","floor":38.0,"turns":5.0},{"damage":1.0,"enemies":"Giant Head","floor":40.0,"turns":5.0},{"damage":1.0,"enemies":"Orb Walker","floor":42.0,"turns":3.0},{"damage":1.0,"enemies":"Spire Growth","floor":44.0,"turns":4.0},{"damage":2.0,"enemies":"4 Shapes","floor":45.0,"turns":7.0},{"damage":1.0,"enemies":"Sphere and 2 Shapes","floor":48.0,"turns":3.0},{"damage":1.0,"enemies":"Awakened One","floor":50.0,"turns":16.0},{"damage":1.0,"enemies":"Donu and Deca","floor":51.0,"turns":8.0},{"damage":17,"enemies":"Shield and Spear","floor":55,"turns":11},{"damage":3,"enemies":"The Heart","floor":56,"turns":16}],"seed_played":"-592288147725663183","potions_obtained":[{"floor":1.0,"key":"Poison Potion"},{"floor":3.0,"key":"FearPotion"},{"floor":12.0,"key":"GamblersBrew"},{"floor":16.0,"key":"PowerPotion"}],"is_trial":false,"path_per_floor":["M","$","M","?","M","E","R","E","T","E","M","M","R","E","R","B",null,"M","?","?","$","M","R","?","M","T","E","$","R","E","M","R","B",null,"M","$","?","?","?","E","R","M","T","M","M","?","?","M","R","B","B",null,"R","$","E","B",null],"character_chosen":"DEFECT","items_purchased":["Glacier","ClockworkSouvenir","Self Repair","Runic Capacitor","OrangePellets"],"campfire_rested":0,"item_purchase_floors":[2,2,21,28,54],"current_hp_per_floor":[57,57,57,57,54,51,51,43,43,40,40,40,40,40,40,24,54,54,54,54,54,61,61,75,78,78,55,55,55,62,69,69,76,78,78,78,78,48,48,54,54,53,53,59,77,77,77,78,78,78,78,78,78,78,71,78],"gold":46,"neow_bonus":"TWO_FIFTY_GOLD","is_prod":false,"is_daily":false,"chose_seed":false,"campfire_upgraded":7,"win_rate":0,"timestamp":1553088377,"path_taken":["M","$","M","?","?","E","R","E","T","E","M","M","R","E","R","BOSS","M","?","?","$","?","R","?","?","T","E","$","R","E","M","R","BOSS","M","$","?","?","?","E","R","M","T","M","?","?","?","M","R","BOSS","BOSS","R","$","E","BOSS"],"build_version":"2019-01-23","purchased_purges":3,"victory":true,"max_hp_per_floor":[64,64,64,64,64,64,64,64,64,64,64,64,64,64,64,64,64,64,64,64,64,64,64,78,78,78,78,78,78,78,78,78,78,78,78,78,78,78,78,78,78,78,78,78,78,78,78,78,78,78,78,78,78,78,78,78],"card_choices":[{"not_picked":["Scrape","Compile Driver"],"picked":"Coolheaded","floor":1.0},{"not_picked":["Coolheaded","Go for the Eyes"],"picked":"Tempest","floor":3.0},{"not_picked":["Leap","Stack"],"picked":"Streamline","floor":5.0},{"not_picked":["FTL","Glacier"],"picked":"Echo Form","floor":6.0},{"not_picked":["Streamline","Rip and Tear","Cold Snap"],"picked":"SKIP","floor":8.0},{"not_picked":["Chaos","Doom and Gloom","Steam Power"],"picked":"SKIP","floor":10.0},{"not_picked":["Cold Snap","Go for the Eyes"],"picked":"Chill","floor":11.0},{"not_picked":["Leap","FTL"],"picked":"Turbo","floor":12.0},{"not_picked":["Hello World","Streamline"],"picked":"Undo","floor":14.0},{"not_picked":["Amplify","Machine Learning"],"picked":"Thunder Strike","floor":16.0},{"not_picked":["Redo","Stack","Lockon"],"picked":"SKIP","floor":18.0},{"not_picked":["Rebound","Compile Driver"],"picked":"Tempest","floor":22.0},{"not_picked":["Reprogram","Ball Lightning"],"picked":"Blizzard","floor":25.0},{"not_picked":["Streamline+1","Skim"],"picked":"Reboot","floor":27.0},{"not_picked":["Darkness+1","Fusion","Aggregate"],"picked":"SKIP","floor":30.0},{"not_picked":["Self Repair","Darkness","Barrage"],"picked":"SKIP","floor":31.0},{"not_picked":["All For One","Multi-Cast"],"picked":"Fission","floor":33.0},{"not_picked":["Compile Driver","Barrage+1","Turbo"],"picked":"SKIP","floor":35.0},{"not_picked":["Compile Driver+1","Go for the Eyes"],"picked":"Ball Lightning","floor":38.0},{"not_picked":["Double Energy","Steam"],"picked":"Consume+1","floor":40.0},{"not_picked":["Scrape","Genetic Algorithm"],"picked":"Coolheaded","floor":42.0},{"not_picked":["Force Field","Conserve Battery"],"picked":"Coolheaded+1","floor":44.0},{"not_picked":["Double Energy","Chaos+1"],"picked":"Defragment+1","floor":45.0},{"not_picked":["Ball Lightning+1","Blizzard+1"],"picked":"Hologram+1","floor":48.0},{"not_picked":["Go for the Eyes+1","Hologram"],"picked":"Reboot","floor":55}],"player_experience":3756674,"relics_obtained":[{"floor":6.0,"key":"Regal Pillow"},{"floor":8.0,"key":"Blue Candle"},{"floor":9.0,"key":"DataDisk"},{"floor":10.0,"key":"Happy Flower"},{"floor":14.0,"key":"Bag of Preparation"},{"floor":27.0,"key":"Dream Catcher"},{"floor":30.0,"key":"Symbiotic Virus"},{"floor":38.0,"key":"Shovel"},{"floor":40.0,"key":"Whetstone"},{"floor":43.0,"key":"Molten Egg 2"},{"floor":53,"key":"Bottled Flame"},{"floor":55,"key":"Pen Nib"}],"event_choices":[{"damage_healed":0.0,"max_hp_gain":0.0,"max_hp_loss":0.0,"gold_gain":0.0,"event_name":"Match and Keep!","player_choice":"2 cards matched","floor":4.0,"gold_loss":0.0,"damage_taken":0.0,"cards_obtained":["Glacier","Hologram"]},{"cards_removed":["Strike_B"],"damage_healed":0.0,"max_hp_gain":0.0,"max_hp_loss":0.0,"gold_gain":0.0,"event_name":"Back to Basics","player_choice":"Elegance","floor":19.0,"gold_loss":0.0,"damage_taken":0.0},{"damage_healed":0.0,"max_hp_gain":0.0,"max_hp_loss":0.0,"gold_gain":100.0,"event_name":"The Joust","player_choice":"Bet on Murderer","floor":20.0,"gold_loss":50.0,"damage_taken":0.0},{"cards_removed":["Tempest"],"damage_healed":0.0,"max_hp_gain":0.0,"max_hp_loss":0.0,"gold_gain":0.0,"event_name":"WeMeetAgain","player_choice":"Gave Card","floor":24.0,"gold_loss":0.0,"damage_taken":0.0,"relics_obtained":["Mango"]},{"cards_removed":["Zap"],"damage_healed":0.0,"max_hp_gain":0.0,"max_hp_loss":0.0,"gold_gain":0.0,"event_name":"Falling","player_choice":"Removed Skill","floor":37.0,"gold_loss":0.0,"damage_taken":0.0},{"damage_healed":0.0,"max_hp_gain":0.0,"max_hp_loss":0.0,"gold_gain":0.0,"event_name":"Mysterious Sphere","player_choice":"Fight","floor":38.0,"gold_loss":0.0,"damage_taken":0.0},{"damage_healed":0.0,"max_hp_gain":0.0,"max_hp_loss":0.0,"gold_gain":0.0,"event_name":"Accursed Blacksmith","player_choice":"Rummage","floor":39.0,"gold_loss":0.0,"damage_taken":0.0,"relics_obtained":["WarpedTongs"],"cards_obtained":["Pain"]},{"damage_healed":0.0,"max_hp_gain":0.0,"max_hp_loss":0.0,"gold_gain":0.0,"event_name":"SensoryStone","player_choice":"Memory 1","floor":46.0,"gold_loss":0.0,"damage_taken":0.0},{"damage_healed":0.0,"max_hp_gain":0.0,"max_hp_loss":0.0,"gold_gain":0.0,"event_name":"FaceTrader","player_choice":"Trade","floor":47.0,"gold_loss":0.0,"damage_taken":0.0,"relics_obtained":["NlothsMask"]}],"is_beta":false,"boss_relics":[{"not_picked":["Tiny House","Nuclear Battery"],"picked":"Sozu"},{"not_picked":["Fusion Hammer","Calling Bell"],"picked":"Inserter"}],"items_purged_floors":[2,21,36],"is_endless":false,"potions_floor_spawned":[1,3,5,12,16,18,25,31,33,44,45,48],"ascension_level":20}