{"gold_per_floor":[116,116,131,131,148,183,196,196,196,214,314,333,168,181,181,281,281,297,297,396,195,211,241,241,252,329,361,7,7,22,32,32,130,130,141,111,125,0,0,0],"floor_reached":40,"playtime":10606,"items_purged":["Shame"],"score":503,"play_id":"968f900a-e17b-4b2c-afa1-aee5e947f5da","local_time":"20190710003026","is_ascension_mode":false,"campfire_choices":[{"data":"Dual Wield","floor":15,"key":"SMITH"},{"data":"Demon Form","floor":24,"key":"SMITH"},{"floor":32,"key":"REST"}],"neow_cost":"NONE","seed_source_timestamp":1465815464702986,"circlet_count":0,"master_deck":["Defend_R","Defend_R","Defend_R","Defend_R","Bash+1","Iron Wave","Flash of Steel","Shrug It Off","Twin Strike","Dual Wield+1","Shrug It Off","Iron Wave","Metallicize","Shrug It Off","Dual Wield","Corruption","Shrug It Off","Demon Form+1","Armaments+1","Bite","Bite","Bite","Bite","Bite","Infernal Blade","Flash of Steel","Metallicize","Entrench","Barricade","Feel No Pain","Metallicize","Armaments","Writhe","Uppercut+1","Seeing Red","Impervious","Juggernaut"],"relics":["Burning Blood","Unceasing Top","Mercury Hourglass","Question Card","Cursed Key","Gremlin Horn","Tiny Chest","Happy Flower","Oddly Smooth Stone","Red Skull","Mark of Pain","Red Mask"],"potions_floor_usage":[7,16,18,27,31,33,35,36,40,40],"damage_taken":[{"damage":11,"enemies":"2 Louse","floor":1,"turns":4},{"damage":6,"enemies":"Cultist","floor":3,"turns":3},{"damage":7,"enemies":"Jaw Worm","floor":5,"turns":4},{"damage":28,"enemies":"Gremlin Nob","floor":6,"turns":4},{"damage":8,"enemies":"Red Slaver","floor":7,"turns":3},{"damage":7,"enemies":"Exordium Wildlife","floor":10,"turns":4},{"damage":0,"enemies":"2 Fungi Beasts","floor":12,"turns":2},{"damage":10,"enemies":"Red Slaver","floor":14,"turns":4},{"damage":47,"enemies":"Slime Boss","floor":16,"turns":14},{"damage":17,"enemies":"3 Byrds","floor":18,"turns":6},{"damage":11,"enemies":"Spheric Guardian","floor":22,"turns":5},{"damage":43,"enemies":"Book of Stabbing","floor":23,"turns":7},{"damage":8,"enemies":"Centurion and Healer","floor":25,"turns":6},{"damage":44,"enemies":"Slavers","floor":27,"turns":9},{"damage":16,"enemies":"Shelled Parasite and Fungi","floor":30,"turns":8},{"damage":11,"enemies":"Snecko","floor":31,"turns":6},{"damage":41,"enemies":"Collector","floor":33,"turns":7},{"damage":26,"enemies":"3 Darklings","floor":35,"turns":5},{"damage":10,"enemies":"Orb Walker","floor":37,"turns":5},{"damage":76,"enemies":"Awakened One","floor":40,"turns":4}],"seed_played":"-8916633503012784975","potions_obtained":[{"floor":7,"key":"Fruit Juice"},{"floor":10,"key":"GamblersBrew"},{"floor":14,"key":"BloodPotion"},{"floor":25,"key":"BloodPotion"},{"floor":30,"key":"SneckoOil"},{"floor":31,"key":"Energy Potion"},{"floor":33,"key":"Energy Potion"},{"floor":36,"key":"Fruit Juice"},{"floor":36,"key":"PowerPotion"},{"floor":37,"key":"BloodPotion"}],"is_trial":false,"path_per_floor":["M","?","M","?","M","E","M","T","T","M","?","M","$","M","R","B",null,"M","?","?","$","M","E","R","M","T","E","$","T","M","M","R","B",null,"M","?","M","?","?","B"],"character_chosen":"IRONCLAD","items_purchased":["Shrug It Off","Dual Wield","Corruption","Infernal Blade","Flash of Steel","Metallicize","Metallicize","Armaments","Oddly Smooth Stone"],"campfire_rested":1,"item_purchase_floors":[13,13,13,21,21,21,28,28,28],"current_hp_per_floor":[75,75,75,75,74,52,55,55,55,54,54,60,60,56,56,36,85,74,59,59,59,59,28,28,42,42,31,31,31,33,30,47,34,59,45,50,52,52,52,0],"gold":0,"neow_bonus":"RANDOM_COLORLESS","is_prod":false,"is_daily":false,"chose_seed":false,"campfire_upgraded":2,"win_rate":0.0,"timestamp":1562707826,"path_taken":["M","?","?","?","?","E","M","?","T","M","?","M","$","M","R","BOSS","M","?","?","$","M","E","R","M","T","E","$","?","M","M","R","BOSS","M","?","?","?","?","BOSS"],"build_version":"2019-07-05","purchased_purges":1,"victory":false,"max_hp_per_floor":[80,80,80,80,80,80,85,85,85,85,85,85,85,85,85,85,85,85,59,59,59,59,59,59,59,59,59,59,59,59,59,59,59,59,59,64,64,64,64,64],"card_choices":[{"not_picked":["Body Slam","Clash"],"picked":"Iron Wave","floor":1},{"not_picked":["Feel No Pain","Thunderclap"],"picked":"Shrug It Off","floor":3},{"not_picked":["Brutality","Cleave"],"picked":"Twin Strike","floor":5},{"not_picked":["Cleave","Perfected Strike"],"picked":"Dual Wield","floor":6},{"not_picked":["Headbutt","Pommel Strike"],"picked":"Shrug It Off","floor":7},{"not_picked":["Sword Boomerang","Armaments","Dropkick"],"picked":"Iron Wave","floor":10},{"not_picked":["Anger","Corruption","Pummel"],"picked":"Metallicize","floor":12},{"not_picked":["Flex","Juggernaut","Cleave"],"picked":"Shrug It Off","floor":14},{"not_picked":["Feed","Bludgeon","Limit Break"],"picked":"Demon Form","floor":16},{"not_picked":["Heavy Blade","Sword Boomerang+1","Flame Barrier+1"],"picked":"Armaments+1","floor":18},{"not_picked":["True Grit","Thunderclap+1","Clash","Second Wind"],"picked":"SKIP","floor":22},{"not_picked":["Twin Strike","Bloodletting","True Grit"],"picked":"Entrench","floor":23},{"not_picked":["Clash","Pommel Strike","Anger"],"picked":"Barricade","floor":25},{"not_picked":["Clothesline+1","True Grit","Infernal Blade+1"],"picked":"Feel No Pain","floor":27},{"not_picked":["Thunderclap","Heavy Blade+1","Burning Pact"],"picked":"Uppercut+1","floor":30},{"not_picked":["Clothesline+1","Rampage+1","Dual Wield"],"picked":"Seeing Red","floor":31},{"not_picked":["Fiend Fire","Brutality","Demon Form"],"picked":"Impervious","floor":33},{"not_picked":["Thunderclap+1","Cleave+1","Warcry","Carnage"],"picked":"SKIP","floor":35},{"not_picked":["True Grit+1","Anger","Searing Blow"],"picked":"Juggernaut","floor":37}],"player_experience":46317,"relics_obtained":[{"floor":6,"key":"Unceasing Top"},{"floor":8,"key":"Mercury Hourglass"},{"floor":9,"key":"Question Card"},{"floor":23,"key":"Gremlin Horn"},{"floor":26,"key":"Tiny Chest"},{"floor":27,"key":"Happy Flower"},{"floor":29,"key":"Red Skull"}],"event_choices":[{"damage_healed":0,"gold_gain":0,"cards_transformed":["Forethought"],"player_choice":"Transformed","damage_taken":0,"max_hp_gain":0,"max_hp_loss":0,"event_name":"Transmorgrifier","floor":2,"gold_loss":0,"cards_obtained":["Flash of Steel"]},{"damage_healed":0,"gold_gain":0,"player_choice":"Forge","damage_taken":0,"max_hp_gain":0,"max_hp_loss":0,"event_name":"Accursed Blacksmith","floor":4,"gold_loss":0,"cards_upgraded":["Bash"]},{"damage_healed":0,"gold_gain":100,"player_choice":"Gold","damage_taken":0,"max_hp_gain":0,"max_hp_loss":0,"event_name":"Wheel of Change","floor":11,"gold_loss":0},{"damage_healed":0,"gold_gain":0,"player_choice":"Became a vampire","damage_taken":0,"max_hp_gain":0,"max_hp_loss":26,"event_name":"Vampires","floor":19,"gold_loss":0,"cards_obtained":["Bite","Bite","Bite","Bite","Bite"]},{"damage_healed":0,"gold_gain":99,"player_choice":"Stole From Cult","damage_taken":0,"max_hp_gain":0,"max_hp_loss":0,"event_name":"Nest","floor":20,"gold_loss":0},{"damage_healed":0,"gold_gain":0,"player_choice":"Bought 2 Potions","damage_taken":0,"max_hp_gain":0,"max_hp_loss":0,"event_name":"The Woman in Blue","floor":36,"gold_loss":0},{"damage_healed":0,"gold_gain":0,"player_choice":"Paid","damage_taken":0,"relics_obtained":["Red Mask"],"max_hp_gain":0,"max_hp_loss":0,"event_name":"Tomb of Lord Red Mask","floor":38,"gold_loss":125},{"damage_healed":0,"gold_gain":0,"player_choice":"Took Portal","damage_taken":0,"max_hp_gain":0,"max_hp_loss":0,"event_name":"SecretPortal","floor":39,"gold_loss":0}],"is_beta":false,"boss_relics":[{"not_picked":["Ectoplasm","Eternal Feather"],"picked":"Cursed Key"},{"not_picked":["Tiny House","Coffee Dripper"],"picked":"Mark of Pain"}],"items_purged_floors":[28],"is_endless":false,"potions_floor_spawned":[7,10,14,25,30,31,33,37],"killed_by":"Awakened One","ascension_level":0}