{"gold_per_floor":[112,22,22,22,22,22,51,62,86,86,102,102,116,132,132,132],"floor_reached":16,"playtime":582,"items_purged":[],"score":200,"play_id":"5eab3f0a-b74f-428d-af43-6d182dd95fb5","local_time":"20190107231339","is_ascension_mode":true,"campfire_choices":[{"data":"Caltrops","floor":6.0,"key":"SMITH"},{"data":"Well Laid Plans","floor":10.0,"key":"SMITH"},{"data":"Deadly Poison","floor":12.0,"key":"SMITH"},{"data":"Catalyst","floor":15.0,"key":"SMITH"}],"neow_cost":"TEN_PERCENT_HP_LOSS","seed_source_timestamp":40102658182888,"circlet_count":0,"master_deck":["AscendersBane","Defend_G+1","Defend_G","Defend_G+1","Defend_G","Strike_G+1","Strike_G","Strike_G","Strike_G+1","Survivor","Neutralize","Tools of the Trade+1","Tools of the Trade","Caltrops+1","Catalyst+1","Well Laid Plans+1","Reflex","Deadly Poison+1"],"special_seed":0,"relics":["Ring of the Snake","Whetstone","Orichalcum"],"potions_floor_usage":[16],"damage_taken":[{"damage":1.0,"enemies":"Jaw Worm","floor":1.0,"turns":6.0},{"damage":26.0,"enemies":"3 Sentries","floor":7.0,"turns":10.0},{"damage":0.0,"enemies":"Small Slimes","floor":8.0,"turns":3.0},{"damage":0.0,"enemies":"Cultist","floor":11.0,"turns":3.0},{"damage":3.0,"enemies":"2 Fungi Beasts","floor":13.0,"turns":4.0},{"damage":0.0,"enemies":"Gremlin Gang","floor":14.0,"turns":5.0},{"damage":0,"enemies":"The Guardian","floor":16,"turns":2}],"seed_played":"-3581860631152532387","potions_obtained":[{"floor":7.0,"key":"Strength Potion"},{"floor":11.0,"key":"LiquidBronze"}],"is_trial":false,"path_per_floor":["M","$","?","?","$","R","E","M","T","R","M","R","M","M","R","B"],"character_chosen":"THE_SILENT","items_purchased":["Catalyst"],"campfire_rested":0,"item_purchase_floors":[2],"current_hp_per_floor":[58,58,40,40,40,40,14,14,14,14,14,14,11,11,11,11],"gold":132,"neow_bonus":"TRANSFORM_TWO_CARDS","is_prod":false,"is_daily":false,"chose_seed":false,"campfire_upgraded":4,"win_rate":0,"timestamp":1546874019,"path_taken":["M","$","?","?","$","R","E","M","T","R","M","R","M","M","R","BOSS"],"build_version":"2019-01-03v4","purchased_purges":0,"victory":false,"max_hp_per_floor":[60,60,60,60,60,60,60,60,60,60,60,60,60,60,60,60],"card_choices":[{"not_picked":["Quick Slash","Flechettes"],"picked":"Caltrops","floor":1.0},{"not_picked":["Deflect","All Out Attack"],"picked":"Well Laid Plans","floor":7.0},{"not_picked":["Sucker Punch","Dagger Spray"],"picked":"Reflex","floor":8.0},{"not_picked":["Eviscerate","Dodge and Roll"],"picked":"Deadly Poison","floor":11.0},{"not_picked":["Bane","Poisoned Stab","Underhanded Strike"],"picked":"SKIP","floor":13.0},{"not_picked":["Dash","Slice","Bouncing Flask"],"picked":"SKIP","floor":14.0}],"player_experience":1837856,"relics_obtained":[{"floor":7.0,"key":"Whetstone"},{"floor":9.0,"key":"Orichalcum"}],"event_choices":[{"damage_healed":0.0,"max_hp_gain":0.0,"max_hp_loss":0.0,"gold_gain":0.0,"event_name":"Shining Light","player_choice":"Entered Light","floor":3.0,"gold_loss":0.0,"damage_taken":18.0,"cards_upgraded":["Defend_G","Defend_G"]},{"damage_healed":0.0,"max_hp_gain":0.0,"max_hp_loss":0.0,"gold_gain":0.0,"event_name":"Upgrade Shrine","player_choice":"Upgraded","floor":4.0,"gold_loss":0.0,"damage_taken":0.0,"cards_upgraded":["Tools of the Trade"]}],"is_beta":false,"boss_relics":[],"items_purged_floors":[],"is_endless":false,"potions_floor_spawned":[7,11],"killed_by":"The Guardian","ascension_level":20}