{"gold_per_floor":[113,113,113,38,38,38,57,76,76,76,112,136,177,191,191,289,289,304,319,319,56,106,106,142,167,167,167,67,105,105,124,124,214,277,293,314,329,329,254,254,287,66,66,66,66,86,86,111,111,111,111,111,111,0,38,38],"floor_reached":57,"playtime":2950,"items_purged":["Defend_B","Defend_B+1"],"score":2931,"play_id":"036238f4-e064-49c5-adf8-abbce66cee6f","local_time":"20190506233922","is_ascension_mode":true,"campfire_choices":[{"data":"Dualcast","floor":6.0,"key":"SMITH"},{"data":"Zap","floor":10.0,"key":"SMITH"},{"data":"Loop","floor":15.0,"key":"SMITH"},{"data":"Redo","floor":23.0,"key":"SMITH"},{"floor":32.0,"key":"RECALL"},{"data":"Blizzard","floor":40.0,"key":"SMITH"},{"data":"Loop","floor":45.0,"key":"SMITH"},{"data":"Reboot","floor":49.0,"key":"SMITH"},{"data":"Seek","floor":53.0,"key":"SMITH"}],"neow_cost":"TEN_PERCENT_HP_LOSS","seed_source_timestamp":51682065513566,"circlet_count":0,"master_deck":["AscendersBane","Zap+1","Dualcast+1","Glacier","Self Repair","Loop+1","Reboot+1","Redo+1","Creative AI","Genetic Algorithm+1","Glacier","Turbo+1","Seek+1","Core Surge","Machine Learning","Blizzard+1","Self Repair","Loop+1","Creative AI"],"special_seed":0,"relics":["Cracked Core","Girya","Golden Idol","Art of War","War Paint","Kunai","Runic Pyramid","Mummified Hand","Juzu Bracelet","Bag of Preparation","Ancient Tea Set","Tiny House","Strawberry","Strange Spoon","Bronze Scales"],"potions_floor_usage":[56,56],"damage_taken":[{"damage":5.0,"enemies":"Small Slimes","floor":1.0,"turns":4.0},{"damage":1.0,"enemies":"2 Louse","floor":7.0,"turns":3.0},{"damage":1.0,"enemies":"Jaw Worm","floor":8.0,"turns":4.0},{"damage":32.0,"enemies":"Gremlin Nob","floor":11.0,"turns":4.0},{"damage":5.0,"enemies":"Blue Slaver","floor":12.0,"turns":3.0},{"damage":0.0,"enemies":"Lagavulin","floor":13.0,"turns":7.0},{"damage":0.0,"enemies":"3 Louse","floor":14.0,"turns":3.0},{"damage":13.0,"enemies":"Hexaghost","floor":16.0,"turns":8.0},{"damage":7.0,"enemies":"Spheric Guardian","floor":18.0,"turns":5.0},{"damage":0.0,"enemies":"Chosen","floor":19.0,"turns":4.0},{"damage":0.0,"enemies":"Book of Stabbing","floor":24.0,"turns":5.0},{"damage":9.0,"enemies":"Snake Plant","floor":25.0,"turns":4.0},{"damage":21.0,"enemies":"Gremlin Leader","floor":29.0,"turns":7.0},{"damage":0.0,"enemies":"Shelled Parasite and Fungi","floor":31.0,"turns":7.0},{"damage":0.0,"enemies":"Champ","floor":33.0,"turns":9.0},{"damage":15.0,"enemies":"Orb Walker","floor":35.0,"turns":5.0},{"damage":0.0,"enemies":"3 Shapes","floor":36.0,"turns":6.0},{"damage":13.0,"enemies":"Jaw Worm Horde","floor":37.0,"turns":6.0},{"damage":5.0,"enemies":"Nemesis","floor":41.0,"turns":10.0},{"damage":0.0,"enemies":"Sphere and 2 Shapes","floor":46.0,"turns":6.0},{"damage":0.0,"enemies":"Spire Growth","floor":48.0,"turns":6.0},{"damage":0.0,"enemies":"Donu and Deca","floor":50.0,"turns":8.0},{"damage":23.0,"enemies":"Time Eater","floor":51.0,"turns":9.0},{"damage":3.0,"enemies":"Shield and Spear","floor":55.0,"turns":6.0},{"damage":42,"enemies":"The Heart","floor":56,"turns":8}],"seed_played":"-1030643073864847606","potions_obtained":[{"floor":1.0,"key":"LiquidBronze"},{"floor":12.0,"key":"Fire Potion"},{"floor":18.0,"key":"AttackPotion"},{"floor":34.0,"key":"LiquidBronze"},{"floor":35.0,"key":"PowerPotion"},{"floor":55.0,"key":"PowerPotion"}],"is_trial":false,"path_per_floor":["M","?","?","$","?","R","M","M","T","R","E","M","E","M","R","B",null,"M","M","?","$","?","R","E","M","T","?","$","E","?","M","R","B",null,"M","M","M","?","?","R","E","$","T","?","R","M","?","M","R","B","B",null,"R","$","E","B",null],"character_chosen":"DEFECT","items_purchased":["Mummified Hand","Strange Spoon","EntropicBrew"],"campfire_rested":0,"item_purchase_floors":[21,42,54],"current_hp_per_floor":[59,58,58,58,51,51,50,56,56,56,31,33,40,47,47,41,54,54,58,58,58,58,58,58,56,56,56,56,42,42,49,49,56,63,55,62,56,56,56,56,70,70,70,70,70,70,70,70,70,70,61,68,68,68,70,42],"gold":38,"neow_bonus":"ONE_RARE_RELIC","is_prod":false,"is_daily":false,"chose_seed":false,"campfire_upgraded":8,"win_rate":0,"timestamp":1557157162,"path_taken":["M","?","?","$","?","R","M","M","T","R","E","M","E","?","R","BOSS","M","M","?","$","?","R","E","M","T","?","$","E","?","M","R","BOSS","M","M","M","?","?","R","E","$","T","?","R","M","?","M","R","BOSS","BOSS","R","$","E","BOSS"],"build_version":"2019-01-23","purchased_purges":2,"victory":true,"max_hp_per_floor":[64,58,58,58,58,58,58,58,58,58,58,58,58,58,58,58,58,58,58,58,58,58,58,58,58,58,58,58,58,58,58,58,58,63,63,63,63,63,63,63,70,70,70,70,70,70,70,70,70,70,70,70,70,70,70,70],"card_choices":[{"not_picked":["Hologram","Streamline"],"picked":"Doom and Gloom","floor":1.0},{"not_picked":["Stack","Cold Snap"],"picked":"Self Repair","floor":7.0},{"not_picked":["Lockon","Doom and Gloom","Streamline"],"picked":"SKIP","floor":8.0},{"not_picked":["Storm","Barrage","Gash"],"picked":"SKIP","floor":11.0},{"not_picked":["Auto Shields","Beam Cell"],"picked":"Undo","floor":12.0},{"not_picked":["Cold Snap","Sweeping Beam","Leap"],"picked":"SKIP","floor":13.0},{"not_picked":["Streamline","Double Energy"],"picked":"Loop","floor":14.0},{"not_picked":["All For One","Hyperbeam"],"picked":"Reboot","floor":16.0},{"not_picked":["Sweeping Beam","Compile Driver","Conserve Battery"],"picked":"SKIP","floor":18.0},{"not_picked":["Sweeping Beam","Compile Driver","Conserve Battery"],"picked":"SKIP","floor":18.0},{"not_picked":["Sweeping Beam","Compile Driver","Conserve Battery"],"picked":"SKIP","floor":18.0},{"not_picked":["Ball Lightning","Force Field"],"picked":"Redo","floor":19.0},{"not_picked":["Redo","Cold Snap"],"picked":"Glacier","floor":24.0},{"not_picked":["Stack","Rip and Tear","BootSequence"],"picked":"SKIP","floor":25.0},{"not_picked":["Lockon","Reprogram"],"picked":"Turbo+1","floor":29.0},{"not_picked":["Tempest","Melter","Hello World"],"picked":"SKIP","floor":31.0},{"not_picked":["All For One","Reboot"],"picked":"Core Surge","floor":33.0},{"not_picked":["Coolheaded","Cold Snap"],"picked":"Glacier","floor":35.0},{"not_picked":["Sweeping Beam","Leap"],"picked":"Machine Learning","floor":36.0},{"not_picked":["Fusion","Double Energy","Tempest+1"],"picked":"SKIP","floor":37.0},{"not_picked":["Steam+1","Steam Power"],"picked":"Loop","floor":41.0},{"not_picked":["Barrage","Gash","Cold Snap"],"picked":"SKIP","floor":46.0},{"not_picked":["Genetic Algorithm","Darkness","Rebound"],"picked":"SKIP","floor":48.0},{"not_picked":["Genetic Algorithm","Darkness","Rebound"],"picked":"SKIP","floor":48.0},{"not_picked":["Rip and Tear+1","Beam Cell","Force Field"],"picked":"SKIP","floor":55.0}],"player_experience":4631100,"relics_obtained":[{"floor":9.0,"key":"Art of War"},{"floor":11.0,"key":"War Paint"},{"floor":13.0,"key":"Kunai"},{"floor":24.0,"key":"Juzu Bracelet"},{"floor":26.0,"key":"Bag of Preparation"},{"floor":29.0,"key":"Ancient Tea Set"},{"floor":41.0,"key":"Strawberry"},{"floor":55.0,"key":"Bronze Scales"}],"event_choices":[{"damage_healed":0.0,"max_hp_gain":0.0,"max_hp_loss":6.0,"gold_gain":0.0,"event_name":"Golden Idol","player_choice":"Lose Max HP","floor":2.0,"gold_loss":0.0,"damage_taken":0.0,"relics_obtained":["Golden Idol"]},{"damage_healed":0.0,"max_hp_gain":0.0,"max_hp_loss":0.0,"gold_gain":0.0,"cards_transformed":["Strike_B"],"event_name":"Living Wall","player_choice":"Change","floor":3.0,"gold_loss":0.0,"damage_taken":0.0,"cards_obtained":["Glacier"]},{"cards_removed":["Strike_B"],"damage_healed":0.0,"max_hp_gain":0.0,"max_hp_loss":0.0,"gold_gain":0.0,"event_name":"Golden Wing","player_choice":"Card Removal","floor":5.0,"gold_loss":0.0,"damage_taken":7.0},{"damage_healed":0.0,"max_hp_gain":0.0,"max_hp_loss":0.0,"gold_gain":0.0,"cards_transformed":["Strike_B","Strike_B"],"event_name":"Drug Dealer","player_choice":"Became Test Subject","floor":20.0,"gold_loss":0.0,"damage_taken":0.0,"cards_obtained":["Creative AI","Genetic Algorithm"]},{"damage_healed":0.0,"max_hp_gain":0.0,"max_hp_loss":0.0,"gold_gain":50.0,"event_name":"Nest","player_choice":"Stole From Cult","floor":22.0,"gold_loss":0.0,"damage_taken":0.0},{"cards_removed":["Defend_B"],"damage_healed":0.0,"max_hp_gain":0.0,"max_hp_loss":0.0,"gold_gain":0.0,"event_name":"Back to Basics","player_choice":"Elegance","floor":27.0,"gold_loss":0.0,"damage_taken":0.0},{"damage_healed":0.0,"max_hp_gain":0.0,"max_hp_loss":0.0,"gold_gain":0.0,"cards_transformed":["Defend_B"],"event_name":"Transmorgrifier","player_choice":"Transformed","floor":30.0,"gold_loss":0.0,"damage_taken":0.0,"cards_obtained":["Seek"]},{"damage_healed":0.0,"max_hp_gain":0.0,"max_hp_loss":0.0,"gold_gain":0.0,"event_name":"Tomb of Lord Red Mask","player_choice":"Ignored","floor":38.0,"gold_loss":0.0,"damage_taken":0.0},{"damage_healed":0.0,"max_hp_gain":0.0,"max_hp_loss":0.0,"gold_gain":0.0,"cards_transformed":["Doom and Gloom","Undo"],"event_name":"Designer","player_choice":"Transformed Cards","floor":39.0,"gold_loss":75.0,"damage_taken":0.0,"cards_obtained":["Blizzard","Self Repair"]},{"cards_removed":["Glacier"],"damage_healed":0.0,"max_hp_gain":0.0,"max_hp_loss":0.0,"gold_gain":0.0,"event_name":"Falling","player_choice":"Removed Skill","floor":44.0,"gold_loss":0.0,"damage_taken":0.0},{"damage_healed":0.0,"max_hp_gain":0.0,"max_hp_loss":0.0,"gold_gain":0.0,"event_name":"Match and Keep!","player_choice":"1 cards matched","floor":47.0,"gold_loss":0.0,"damage_taken":0.0,"cards_obtained":["Creative AI"]}],"is_beta":false,"boss_relics":[{"not_picked":["Snecko Eye","Pandora\u0027s Box"],"picked":"Runic Pyramid"},{"not_picked":["White Beast Statue","Velvet Choker"],"picked":"Tiny House"}],"items_purged_floors":[4,28],"is_endless":false,"potions_floor_spawned":[1,12,14,16,18,24,25,35,36,55],"ascension_level":20}