{"gold_per_floor":[111,121,121,140,65,65,85,85,110,139,157,80,93,105,105,180,180,193,243,259,259,273,273,285,285,285,7,7,7,21,36,36,108,108,118,118,23,40,53,53,78,78,104,76,105,122,136,35,35,35,35,35,8,40,40],"floor_reached":55,"playtime":4201,"items_purged":["Strike_R","Strike_R","Strike_R"],"score":1448,"play_id":"775e8e8c-9f57-4e4a-9412-460c37fff3b5","local_time":"20181219092712","is_ascension_mode":true,"campfire_choices":[{"floor":6.0,"key":"REST"},{"floor":15.0,"key":"RECALL"},{"floor":23.0,"key":"REST"},{"floor":25.0,"key":"REST"},{"floor":29.0,"key":"REST"},{"floor":32.0,"key":"REST"},{"floor":40.0,"key":"REST"},{"floor":42.0,"key":"REST"},{"floor":49.0,"key":"REST"},{"floor":52.0,"key":"REST"}],"neow_cost":"NONE","seed_source_timestamp":0,"circlet_count":0,"master_deck":["AscendersBane","Strike_R","Defend_R","Defend_R","Defend_R","Bash","Spot Weakness","Armaments","True Grit","Dropkick","Battle Trance","Feed","Burning Pact","Finesse","Dark Embrace","Fiend Fire","Armaments+1","Apotheosis","Burning Pact","Shrug It Off+1","Limit Break","Evolve","Burning Pact"],"special_seed":0,"relics":["Fusion Hammer","Regal Pillow","Blood Vial","Bag of Preparation","Empty Cage","Self Forming Clay","Lantern","Membership Card","Eternal Feather","Champion Belt","Juzu Bracelet","Centennial Puzzle"],"potions_floor_usage":[],"damage_taken":[{"damage":5.0,"enemies":"Small Slimes","floor":1.0,"turns":5.0},{"damage":2.0,"enemies":"2 Louse","floor":2.0,"turns":3.0},{"damage":1.0,"enemies":"Cultist","floor":4.0,"turns":3.0},{"damage":20.0,"enemies":"Exordium Thugs","floor":7.0,"turns":5.0},{"damage":25.0,"enemies":"Lagavulin","floor":10.0,"turns":7.0},{"damage":3.0,"enemies":"Blue Slaver","floor":11.0,"turns":3.0},{"damage":8.0,"enemies":"3 Louse","floor":13.0,"turns":5.0},{"damage":0.0,"enemies":"2 Fungi Beasts","floor":14.0,"turns":3.0},{"damage":4.0,"enemies":"Hexaghost","floor":16.0,"turns":9.0},{"damage":33.0,"enemies":"Spheric Guardian","floor":18.0,"turns":11.0},{"damage":18.0,"enemies":"Chosen","floor":20.0,"turns":5.0},{"damage":23.0,"enemies":"Shelled Parasite and Fungi","floor":22.0,"turns":13.0},{"damage":38.0,"enemies":"3 Cultists","floor":24.0,"turns":6.0},{"damage":27.0,"enemies":"Snecko","floor":30.0,"turns":5.0},{"damage":25.0,"enemies":"Snake Plant","floor":31.0,"turns":7.0},{"damage":29.0,"enemies":"Automaton","floor":33.0,"turns":6.0},{"damage":34.0,"enemies":"3 Darklings","floor":35.0,"turns":5.0},{"damage":14.0,"enemies":"3 Shapes","floor":38.0,"turns":19.0},{"damage":7.0,"enemies":"Writhing Mass","floor":39.0,"turns":4.0},{"damage":62.0,"enemies":"Reptomancer","floor":41.0,"turns":3.0},{"damage":32.0,"enemies":"Nemesis","floor":45.0,"turns":4.0},{"damage":0.0,"enemies":"Transient","floor":46.0,"turns":3.0},{"damage":19.0,"enemies":"4 Shapes","floor":47.0,"turns":7.0},{"damage":66.0,"enemies":"Time Eater","floor":50.0,"turns":8.0},{"damage":111.0,"enemies":"Shield and Spear","floor":54.0,"turns":8.0},{"damage":14,"enemies":"The Heart","floor":55,"turns":2}],"seed_played":"6125340426006342173","potions_obtained":[{"floor":4.0,"key":"EntropicBrew"},{"floor":7.0,"key":"Poison Potion"},{"floor":38.0,"key":"SteroidPotion"},{"floor":39.0,"key":"Energy Potion"},{"floor":46.0,"key":"Explosive Potion"}],"is_trial":false,"path_per_floor":["M","M","?","M","$","R","M","$","T","E","M","$","M","M","R","B",null,"M","?","M","T","M","R","M","R","T","$","$","R","M","M","R","B",null,"M","?","$","M","M","R","E","R","T","$","E","M","M","$","R","B",null,"R","$","E","B"],"character_chosen":"IRONCLAD","items_purchased":["Dropkick","Membership Card","Finesse","Burning Pact","SteroidPotion","Evolve","Explosive Potion"],"campfire_rested":9,"item_purchase_floors":[12,27,27,37,44,48,53],"current_hp_per_floor":[63,61,43,42,42,75,55,55,55,32,31,31,25,27,27,25,63,36,29,17,17,11,50,14,53,53,53,53,83,60,41,83,59,85,53,43,43,35,34,91,31,88,88,88,62,68,55,55,114,52,102,118,118,11,0],"gold":40,"neow_bonus":"BOSS_RELIC","is_prod":false,"is_daily":false,"chose_seed":false,"campfire_upgraded":0,"win_rate":0,"timestamp":1545182832,"path_taken":["M","M","?","M","$","R","M","$","T","E","M","$","M","M","R","BOSS","M","?","?","?","M","R","M","R","T","$","?","R","M","M","R","BOSS","M","?","$","M","M","R","E","R","T","$","E","M","M","$","R","BOSS","R","$","E","BOSS"],"build_version":"2018-12-13","purchased_purges":3,"victory":false,"max_hp_per_floor":[75,75,75,75,75,75,75,75,75,75,75,75,75,75,75,75,75,79,79,83,83,83,83,83,83,83,83,83,83,87,91,91,94,94,94,94,94,98,102,102,102,102,102,102,106,110,114,114,114,118,118,118,118,122,122],"card_choices":[{"not_picked":["Headbutt","Carnage"],"picked":"Spot Weakness","floor":1.0},{"not_picked":["Hemokinesis","Iron Wave","Body Slam"],"picked":"SKIP","floor":2.0},{"not_picked":["Clothesline","Pommel Strike","Twin Strike"],"picked":"SKIP","floor":4.0},{"not_picked":["Hemokinesis","Flex"],"picked":"Armaments","floor":7.0},{"not_picked":["Clothesline","Brutality","Shockwave"],"picked":"SKIP","floor":10.0},{"not_picked":["Pommel Strike","Thunderclap"],"picked":"True Grit","floor":11.0},{"not_picked":["Power Through","Reckless Charge","Bloodletting"],"picked":"SKIP","floor":13.0},{"not_picked":["Metallicize","Clothesline"],"picked":"Battle Trance","floor":14.0},{"not_picked":["Impervious","Juggernaut"],"picked":"Feed","floor":16.0},{"not_picked":["Armaments","Wild Strike+1","Iron Wave+1"],"picked":"SKIP","floor":18.0},{"not_picked":["Flex","Body Slam","Pommel Strike"],"picked":"SKIP","floor":20.0},{"not_picked":["Thunderclap","Body Slam","Pommel Strike"],"picked":"SKIP","floor":22.0},{"not_picked":["Armaments","Heavy Blade"],"picked":"Burning Pact","floor":24.0},{"not_picked":["Twin Strike","Bloodletting"],"picked":"Dark Embrace","floor":30.0},{"not_picked":["Body Slam","Searing Blow","Perfected Strike"],"picked":"SKIP","floor":31.0},{"not_picked":["Bludgeon","Reaper"],"picked":"Fiend Fire","floor":33.0},{"not_picked":["Headbutt+1","Rage"],"picked":"Armaments+1","floor":35.0},{"not_picked":["Discovery","Panache"],"picked":"Apotheosis","floor":36.0},{"not_picked":["Carnage","Hemokinesis","Whirlwind"],"picked":"SKIP","floor":38.0},{"not_picked":["Havoc","Pommel Strike","Headbutt"],"picked":"SKIP","floor":39.0},{"not_picked":["Battle Trance","Whirlwind"],"picked":"Shrug It Off+1","floor":41.0},{"not_picked":["Second Wind","Clash","Wild Strike"],"picked":"SKIP","floor":45.0},{"not_picked":["Headbutt","Feel No Pain","Clothesline"],"picked":"SKIP","floor":46.0},{"not_picked":["Twin Strike","Heavy Blade"],"picked":"Limit Break","floor":47.0},{"not_picked":["Uppercut","Havoc"],"picked":"Burning Pact","floor":54.0}],"player_experience":1361087,"relics_obtained":[{"floor":9.0,"key":"Blood Vial"},{"floor":10.0,"key":"Bag of Preparation"},{"floor":21.0,"key":"Self Forming Clay"},{"floor":26.0,"key":"Lantern"},{"floor":41.0,"key":"Champion Belt"},{"floor":45.0,"key":"Juzu Bracelet"},{"floor":54.0,"key":"Centennial Puzzle"}],"event_choices":[{"damage_healed":0.0,"max_hp_gain":0.0,"max_hp_loss":0.0,"gold_gain":0.0,"event_name":"Scrap Ooze","player_choice":"Success","floor":3.0,"gold_loss":0.0,"damage_taken":18.0,"relics_obtained":["Regal Pillow"]},{"damage_healed":0.0,"max_hp_gain":0.0,"max_hp_loss":0.0,"gold_gain":50.0,"event_name":"FaceTrader","player_choice":"Touch","floor":19.0,"gold_loss":0.0,"damage_taken":7.0},{"damage_healed":0.0,"max_hp_gain":0.0,"max_hp_loss":0.0,"gold_gain":0.0,"event_name":"SensoryStone","player_choice":"Memory 3","floor":36.0,"gold_loss":0.0,"damage_taken":10.0}],"is_beta":false,"boss_relics":[{"not_picked":["Ectoplasm","Runic Cube"],"picked":"Empty Cage"},{"not_picked":["White Beast Statue","Velvet Choker"],"picked":"Eternal Feather"}],"items_purged_floors":[5,37,48],"is_endless":false,"potions_floor_spawned":[4,7,11,13,14,18,20,38,39,46],"killed_by":"The Heart","ascension_level":18}