{"gold_per_floor":[116,127,127,127,148,181,181,217,272,287,287,134,174,198,198,294,294,308,327,11,34,52,52,96,96,120,120,133,164,79,204,204,294,294,308,308,333,233,566,566,595,595,595,624,624,639,669,669,669,669,669,669,669,112,143,143],"floor_reached":56,"playtime":2732,"items_purged":["Strike_R","Strike_R"],"score":2282,"play_id":"169ddfed-2466-4af3-aa23-f90cc26896b6","local_time":"20190807204722","is_ascension_mode":true,"campfire_choices":[{"floor":11.0,"key":"REST"},{"data":"Bash","floor":15.0,"key":"SMITH"},{"floor":23.0,"key":"REST"},{"data":"Armaments","floor":25.0,"key":"SMITH"},{"floor":27.0,"key":"REST"},{"data":"True Grit","floor":32.0,"key":"SMITH"},{"floor":40.0,"key":"RECALL"},{"floor":42.0,"key":"DIG"},{"floor":45.0,"key":"DIG"},{"floor":49.0,"key":"DIG"},{"floor":53.0,"key":"DIG"}],"neow_cost":"NONE","seed_source_timestamp":438774596182433,"circlet_count":0,"master_deck":["AscendersBane","Strike_R","Strike_R","Defend_R","Defend_R","Defend_R+1","Defend_R","Bash+1","Spot Weakness+1","True Grit+1","Rampage","Sword Boomerang","Offering","Inflame","Feel No Pain","Thunderclap","Feed+1","Shrug It Off","Corruption","Shrug It Off","Armaments+1","Juggernaut","Reckless Charge+1","Shockwave","Warcry+1","Limit Break+1","True Grit+1","Havoc+1","Sword Boomerang","Corruption","Headbutt","Juggernaut","Blind+1","PanicButton+1","Heavy Blade"],"special_seed":0,"relics":["Burning Blood","Blood Vial","Dodecahedron","Art of War","War Paint","Anchor","Runic Pyramid","Happy Flower","Thread and Needle","Centennial Puzzle","Whetstone","Toxic Egg 2","Shovel","Bottled Lightning","Sozu","Meat on the Bone","Turnip","Kunai","Bottled Tornado","Calipers","Lantern","Gremlin Horn","Medical Kit","Mummified Hand","Strawberry"],"potions_floor_usage":[56],"damage_taken":[{"damage":7.0,"enemies":"Small Slimes","floor":1.0,"turns":4.0},{"damage":9.0,"enemies":"Jaw Worm","floor":2.0,"turns":5.0},{"damage":5.0,"enemies":"Cultist","floor":5.0,"turns":4.0},{"damage":45.0,"enemies":"3 Sentries","floor":6.0,"turns":10.0},{"damage":39.0,"enemies":"Gremlin Nob","floor":8.0,"turns":4.0},{"damage":7.0,"enemies":"2 Fungi Beasts","floor":10.0,"turns":4.0},{"damage":22.0,"enemies":"Lagavulin","floor":13.0,"turns":7.0},{"damage":7.0,"enemies":"Exordium Thugs","floor":14.0,"turns":5.0},{"damage":12.0,"enemies":"Slime Boss","floor":16.0,"turns":7.0},{"damage":18.0,"enemies":"2 Thieves","floor":18.0,"turns":4.0},{"damage":16.0,"enemies":"Spheric Guardian","floor":19.0,"turns":4.0},{"damage":18.0,"enemies":"Snake Plant","floor":21.0,"turns":4.0},{"damage":20.0,"enemies":"Shelled Parasite and Fungi","floor":22.0,"turns":7.0},{"damage":29.0,"enemies":"Book of Stabbing","floor":24.0,"turns":5.0},{"damage":6.0,"enemies":"3 Cultists","floor":28.0,"turns":4.0},{"damage":6.0,"enemies":"Slavers","floor":29.0,"turns":4.0},{"damage":6.0,"enemies":"Colosseum Slavers","floor":31.0,"turns":5.0},{"damage":28.0,"enemies":"Colosseum Nobs","floor":31.0,"turns":4.0},{"damage":25.0,"enemies":"Collector","floor":33.0,"turns":8.0},{"damage":15.0,"enemies":"3 Darklings","floor":35.0,"turns":4.0},{"damage":6.0,"enemies":"Orb Walker","floor":37.0,"turns":4.0},{"damage":6.0,"enemies":"Reptomancer","floor":41.0,"turns":5.0},{"damage":6.0,"enemies":"Nemesis","floor":44.0,"turns":5.0},{"damage":8.0,"enemies":"Sphere and 2 Shapes","floor":46.0,"turns":3.0},{"damage":6.0,"enemies":"Reptomancer","floor":47.0,"turns":4.0},{"damage":42.0,"enemies":"Donu and Deca","floor":50.0,"turns":7.0},{"damage":44.0,"enemies":"Awakened One","floor":51.0,"turns":8.0},{"damage":51.0,"enemies":"Shield and Spear","floor":55.0,"turns":7.0},{"damage":118,"enemies":"The Heart","floor":56,"turns":6}],"seed_played":"-9086125074679474310","potions_obtained":[{"floor":2.0,"key":"Swift Potion"},{"floor":4.0,"key":"AttackPotion"},{"floor":4.0,"key":"BloodPotion"},{"floor":10.0,"key":"Swift Potion"},{"floor":14.0,"key":"LiquidBronze"},{"floor":16.0,"key":"Ancient Potion"},{"floor":19.0,"key":"EssenceOfSteel"},{"floor":22.0,"key":"SpeedPotion"},{"floor":31.0,"key":"Explosive Potion"}],"is_trial":false,"path_per_floor":["M","M","?","?","M","E","?","E","T","M","R","$","E","M","R","B",null,"M","M","$","M","M","R","E","R","T","R","M","E","?","?","R","B",null,"M","?","M","$","?","R","E","R","T","E","R","M","E","?","R","B","B",null,"R","$","E","B"],"character_chosen":"IRONCLAD","items_purchased":["Feel No Pain","Happy Flower","Corruption","Shrug It Off","Armaments","Medical Kit","Mummified Hand","Heavy Blade"],"campfire_rested":3,"item_purchase_floors":[12,20,20,20,20,54,54,54],"current_hp_per_floor":[69,68,68,68,68,46,46,15,15,16,36,36,22,23,23,19,56,49,44,44,34,25,48,30,30,30,54,59,65,65,55,55,42,85,82,82,88,88,88,88,94,94,94,100,100,104,110,100,100,70,50,111,111,111,91,0],"gold":143,"neow_bonus":"RANDOM_COMMON_RELIC","is_prod":false,"is_daily":false,"chose_seed":false,"campfire_upgraded":3,"win_rate":0,"timestamp":1565236042,"path_taken":["M","M","?","?","?","E","?","E","T","M","R","$","E","M","R","BOSS","M","M","$","M","M","R","E","R","T","R","M","E","?","?","R","BOSS","M","?","M","$","?","R","E","R","T","E","R","M","E","?","R","BOSS","BOSS","R","$","E","BOSS"],"build_version":"2019-07-17","purchased_purges":2,"victory":false,"max_hp_per_floor":[75,75,68,68,68,68,68,68,68,68,68,68,68,68,68,68,68,71,74,74,74,77,77,80,80,80,80,83,87,87,95,95,99,99,103,103,107,107,107,107,111,111,111,115,115,119,123,123,123,127,131,131,131,131,142,142],"card_choices":[{"not_picked":["Twin Strike","Flame Barrier"],"picked":"Spot Weakness","floor":1.0},{"not_picked":["Clash","Havoc"],"picked":"True Grit","floor":2.0},{"not_picked":["Intimidate","Disarm"],"picked":"Rampage","floor":5.0},{"not_picked":["Perfected Strike","Barricade"],"picked":"Sword Boomerang","floor":6.0},{"not_picked":["Carnage","Perfected Strike"],"picked":"Offering","floor":8.0},{"not_picked":["Rage","Sword Boomerang"],"picked":"Inflame","floor":10.0},{"not_picked":["Havoc","Sentinel"],"picked":"Thunderclap","floor":13.0},{"not_picked":["Warcry","Spot Weakness","Bloodletting"],"picked":"SKIP","floor":14.0},{"not_picked":["Brutality","Fiend Fire"],"picked":"Feed","floor":16.0},{"not_picked":["Body Slam","Burning Pact","Clothesline+1"],"picked":"SKIP","floor":18.0},{"not_picked":["Flex","Hemokinesis"],"picked":"Shrug It Off","floor":19.0},{"not_picked":["Thunderclap","Havoc","Carnage+1"],"picked":"SKIP","floor":21.0},{"not_picked":["Thunderclap","Armaments+1"],"picked":"Juggernaut","floor":22.0},{"not_picked":["Anger","Flex"],"picked":"Reckless Charge","floor":24.0},{"not_picked":["Wild Strike","Brutality"],"picked":"Shockwave","floor":28.0},{"not_picked":["Entrench+1","Thunderclap","Clothesline"],"picked":"SKIP","floor":29.0},{"not_picked":["Clash","Blood for Blood"],"picked":"Warcry+1","floor":31.0},{"not_picked":["Offering+1","Demon Form"],"picked":"Limit Break+1","floor":33.0},{"not_picked":["Sentinel+1","Anger+1"],"picked":"True Grit+1","floor":35.0},{"not_picked":["Uppercut+1","Hemokinesis+1"],"picked":"Havoc+1","floor":37.0},{"not_picked":["Dropkick","True Grit+1"],"picked":"Sword Boomerang","floor":41.0},{"not_picked":["Shockwave+1","Evolve"],"picked":"Corruption","floor":44.0},{"not_picked":["Thunderclap","Cleave"],"picked":"Headbutt","floor":46.0},{"not_picked":["Fire Breathing","Flex+1"],"picked":"Juggernaut","floor":47.0},{"not_picked":["Madness+1","Dramatic Entrance"],"picked":"Blind+1","floor":48.0},{"not_picked":["Bandage Up+1","HandOfGreed"],"picked":"PanicButton+1","floor":48.0},{"not_picked":["Blood for Blood","Rage+1","Second Wind+1"],"picked":"SKIP","floor":55.0}],"player_experience":872985,"relics_obtained":[{"floor":6.0,"key":"Dodecahedron"},{"floor":8.0,"key":"Art of War"},{"floor":9.0,"key":"War Paint"},{"floor":13.0,"key":"Anchor"},{"floor":24.0,"key":"Thread and Needle"},{"floor":26.0,"key":"Centennial Puzzle"},{"floor":29.0,"key":"Whetstone"},{"floor":31.0,"key":"Shovel"},{"floor":31.0,"key":"Bottled Lightning"},{"floor":41.0,"key":"Meat on the Bone"},{"floor":42.0,"key":"Turnip"},{"floor":44.0,"key":"Kunai"},{"floor":45.0,"key":"Bottled Tornado"},{"floor":47.0,"key":"Calipers"},{"floor":49.0,"key":"Lantern"},{"floor":53.0,"key":"Gremlin Horn"},{"floor":55.0,"key":"Strawberry"}],"event_choices":[{"damage_healed":0.0,"max_hp_gain":0.0,"max_hp_loss":7.0,"gold_gain":0.0,"event_name":"Golden Idol","player_choice":"Lose Max HP","floor":3.0,"gold_loss":0.0,"damage_taken":0.0,"relics_obtained":["Golden Idol"]},{"damage_healed":0.0,"max_hp_gain":0.0,"max_hp_loss":0.0,"gold_gain":0.0,"event_name":"Lab","player_choice":"Got Potions","floor":4.0,"gold_loss":0.0,"damage_taken":0.0},{"cards_removed":["Strike_R"],"damage_healed":0.0,"max_hp_gain":0.0,"max_hp_loss":0.0,"gold_gain":0.0,"event_name":"Purifier","player_choice":"Purged","floor":7.0,"gold_loss":0.0,"damage_taken":0.0},{"damage_healed":0.0,"max_hp_gain":0.0,"max_hp_loss":0.0,"gold_gain":0.0,"event_name":"Addict","player_choice":"Obtained Relic","floor":30.0,"gold_loss":85.0,"damage_taken":0.0,"relics_obtained":["Toxic Egg 2"]},{"damage_healed":0.0,"max_hp_gain":0.0,"max_hp_loss":0.0,"gold_gain":0.0,"event_name":"Colosseum","player_choice":"Fight","floor":31.0,"gold_loss":0.0,"damage_taken":0.0},{"damage_healed":0.0,"max_hp_gain":0.0,"max_hp_loss":0.0,"gold_gain":0.0,"event_name":"Colosseum","player_choice":"Fought Nobs","floor":31.0,"gold_loss":0.0,"damage_taken":0.0},{"damage_healed":0.0,"max_hp_gain":0.0,"max_hp_loss":0.0,"gold_gain":0.0,"event_name":"Tomb of Lord Red Mask","player_choice":"Ignored","floor":36.0,"gold_loss":0.0,"damage_taken":0.0},{"damage_healed":0.0,"max_hp_gain":0.0,"max_hp_loss":0.0,"gold_gain":333.0,"event_name":"The Moai Head","player_choice":"Gave Idol","floor":39.0,"relics_lost":["Golden Idol"],"gold_loss":0.0,"damage_taken":0.0},{"damage_healed":0.0,"max_hp_gain":0.0,"max_hp_loss":0.0,"gold_gain":0.0,"event_name":"SensoryStone","player_choice":"Memory 3","floor":48.0,"gold_loss":0.0,"damage_taken":10.0}],"is_beta":false,"boss_relics":[{"not_picked":["Tiny House","Runic Cube"],"picked":"Runic Pyramid"},{"not_picked":["Snecko Eye","Mark of Pain"],"picked":"Sozu"}],"items_purged_floors":[12,38],"is_endless":false,"potions_floor_spawned":[2,5,10,14,16,19,22,31,33,35,41,46,55],"killed_by":"The Heart","ascension_level":20}