{"gold_per_floor":[117,129,129,129,129,129,161,180,205,225,252,41,41,41,41,117,117,128,128,138,151,51,51,82,98,98,98,98],"floor_reached":28,"playtime":1114,"items_purged":["Strike_G","Strike_G"],"score":542,"play_id":"290ba3c2-9c56-4d5f-8293-6cf4cfab059c","local_time":"20181125211538","is_ascension_mode":true,"campfire_choices":[{"data":"Flechettes","floor":6.0,"key":"SMITH"},{"data":"Noxious Fumes","floor":13.0,"key":"SMITH"},{"data":"Deadly Poison","floor":15.0,"key":"SMITH"},{"data":"Acrobatics","floor":23.0,"key":"SMITH"},{"data":"Well Laid Plans","floor":27.0,"key":"SMITH"}],"neow_cost":"NONE","seed_source_timestamp":9519032846129,"circlet_count":0,"master_deck":["AscendersBane","Defend_G","Defend_G","Defend_G+1","Defend_G","Defend_G","Strike_G","Survivor","Neutralize","Flechettes+1","Prepared","Underhanded Strike","Deadly Poison+1","Expertise","Acrobatics+1","Noxious Fumes+1","Well Laid Plans+1","Acrobatics","Acrobatics","Concentrate+1","Ghostly","Ghostly","Ghostly","Reflex+1"],"special_seed":0,"relics":["Ring of the Snake","NeowsBlessing","Centennial Puzzle","Kunai","Blood Vial","Dream Catcher","Torii","Orrery","War Paint","Singing Bowl"],"potions_floor_usage":[],"damage_taken":[{"damage":0.0,"enemies":"Cultist","floor":1.0,"turns":1.0},{"damage":0.0,"enemies":"Jaw Worm","floor":2.0,"turns":1.0},{"damage":0.0,"enemies":"3 Sentries","floor":7.0,"turns":2.0},{"damage":3.0,"enemies":"2 Louse","floor":8.0,"turns":3.0},{"damage":3.0,"enemies":"Looter","floor":10.0,"turns":3.0},{"damage":22.0,"enemies":"Lagavulin","floor":11.0,"turns":6.0},{"damage":1.0,"enemies":"The Guardian","floor":16.0,"turns":10.0},{"damage":20.0,"enemies":"Shell Parasite","floor":18.0,"turns":4.0},{"damage":4.0,"enemies":"Spheric Guardian","floor":20.0,"turns":5.0},{"damage":2.0,"enemies":"Centurion and Healer","floor":21.0,"turns":6.0},{"damage":11.0,"enemies":"Slavers","floor":24.0,"turns":6.0},{"damage":0.0,"enemies":"Snecko","floor":25.0,"turns":5.0},{"damage":11,"enemies":"Book of Stabbing","floor":28,"turns":4}],"seed_played":"-4450494888773574867","potions_obtained":[{"floor":2.0,"key":"Weak Potion"},{"floor":7.0,"key":"SteroidPotion"},{"floor":21.0,"key":"FearPotion"}],"is_trial":false,"path_per_floor":["M","M","?","?","?","R","E","M","T","M","E","$","R","T","R","B",null,"M","?","M","M","$","R","E","M","T","R","E"],"character_chosen":"THE_SILENT","items_purchased":["Acrobatics","Noxious Fumes"],"campfire_rested":0,"item_purchase_floors":[12,12],"current_hp_per_floor":[59,59,59,52,47,47,47,44,44,43,23,23,23,23,23,24,56,38,33,29,29,29,29,20,22,22,22,13],"gold":98,"neow_bonus":"THREE_ENEMY_KILL","is_prod":false,"is_daily":false,"chose_seed":false,"campfire_upgraded":5,"win_rate":0,"timestamp":1543151738,"path_taken":["M","?","?","?","?","R","E","M","T","?","E","$","R","?","R","BOSS","M","?","M","M","$","R","E","M","T","R","E"],"build_version":"2018-11-15","purchased_purges":2,"victory":false,"max_hp_per_floor":[66,66,66,66,66,66,66,66,66,66,66,66,66,66,66,66,66,66,33,33,33,33,33,33,33,33,33,33],"card_choices":[{"not_picked":["Dagger Spray","Endless Agony"],"picked":"Flechettes","floor":1.0},{"not_picked":["Poisoned Stab","Outmaneuver"],"picked":"Prepared","floor":2.0},{"not_picked":["Infinite Blades","Deflect"],"picked":"Deadly Poison","floor":7.0},{"not_picked":["Storm of Steel","Cloak And Dagger","Sucker Punch"],"picked":"SKIP","floor":8.0},{"not_picked":["Deflect","Sucker Punch","Dodge and Roll"],"picked":"SKIP","floor":10.0},{"not_picked":["Quick Slash","All Out Attack"],"picked":"Expertise","floor":11.0},{"not_picked":["All Out Attack","Deadly Poison"],"picked":"Well Laid Plans","floor":17.0},{"not_picked":["Noxious Fumes","Expertise"],"picked":"Acrobatics","floor":17.0},{"not_picked":["Flying Knee","Dodge and Roll"],"picked":"Acrobatics","floor":17.0},{"not_picked":["Predator","Deflect+1"],"picked":"Concentrate","floor":18.0},{"not_picked":["Escape Plan","Noxious Fumes","Quick Slash"],"picked":"SKIP","floor":20.0},{"not_picked":["PiercingWail","Deflect","Noxious Fumes+1"],"picked":"SKIP","floor":21.0},{"not_picked":["Outmaneuver","Quick Slash+1"],"picked":"Reflex+1","floor":24.0},{"not_picked":["Bane","Underhanded Strike","PiercingWail"],"picked":"SKIP","floor":25.0}],"player_experience":1157659,"relics_obtained":[{"floor":7.0,"key":"Kunai"},{"floor":9.0,"key":"Blood Vial"},{"floor":11.0,"key":"Dream Catcher"},{"floor":14.0,"key":"Torii"},{"floor":24.0,"key":"War Paint"},{"floor":26.0,"key":"Singing Bowl"}],"event_choices":[{"damage_healed":0.0,"max_hp_gain":0.0,"max_hp_loss":0.0,"gold_gain":0.0,"cards_transformed":["Strike_G"],"event_name":"Living Wall","player_choice":"Change","floor":3.0,"gold_loss":0.0,"damage_taken":0.0,"cards_obtained":["Underhanded Strike"]},{"cards_removed":["Strike_G"],"damage_healed":0.0,"max_hp_gain":0.0,"max_hp_loss":0.0,"gold_gain":0.0,"event_name":"Golden Wing","player_choice":"Card Removal","floor":4.0,"gold_loss":0.0,"damage_taken":7.0},{"damage_healed":0.0,"max_hp_gain":0.0,"max_hp_loss":0.0,"gold_gain":0.0,"event_name":"Scrap Ooze","player_choice":"Success","floor":5.0,"gold_loss":0.0,"damage_taken":5.0,"relics_obtained":["Centennial Puzzle"]},{"damage_healed":0.0,"max_hp_gain":0.0,"max_hp_loss":33.0,"gold_gain":0.0,"event_name":"Ghosts","player_choice":"Became a Ghost","floor":19.0,"gold_loss":0.0,"damage_taken":0.0,"cards_obtained":["Ghostly","Ghostly","Ghostly"]}],"is_beta":true,"boss_relics":[{"not_picked":["Lizard Tail","WristBlade"],"picked":"Orrery"}],"items_purged_floors":[12,22],"is_endless":false,"potions_floor_spawned":[2,7,10,21],"killed_by":"Book of Stabbing","ascension_level":20}