{"gold_per_floor":[367,12,12,22,37,37,66,78,114,126,173,185,215,243,255,344,356,384,409,521,154,154,154,188,238,238,256,287,287,202,214,214,285,285,300,300,11,11,11,41,41,66,66,66,96,0,0,20,20,20,20,20,20,20,49,49],"floor_reached":57,"playtime":3343,"items_purged":["Writhe","Hello World","Cold Snap"],"score":2864,"play_id":"965d5930-ae24-4da0-8569-c8216ef74952","local_time":"20190425194820","is_ascension_mode":true,"campfire_choices":[{"data":"Defragment","floor":6.0,"key":"SMITH"},{"data":"Dualcast","floor":8.0,"key":"SMITH"},{"data":"Zap","floor":10.0,"key":"SMITH"},{"floor":12.0,"key":"REST"},{"data":"Discovery","floor":15.0,"key":"SMITH"},{"data":"Apotheosis","floor":23.0,"key":"SMITH"},{"floor":32.0,"key":"REST"},{"floor":41.0,"key":"REST"},{"floor":44.0,"key":"RECALL"},{"data":"Heatsinks","floor":49.0,"key":"SMITH"},{"data":"Echo Form","floor":53.0,"key":"SMITH"}],"neow_cost":"CURSE","seed_source_timestamp":22653254103630,"circlet_count":0,"master_deck":["AscendersBane","Zap+1","Dualcast+1","Defragment+1","Discovery+1","White Noise","Electrodynamics","FTL","Core Surge+1","Capacitor","Cold Snap+1","Creative AI","Capacitor","Redo","Hologram","Apotheosis+1","Self Repair","Self Repair","Heatsinks+1","Recycle","Echo Form+1","Glacier","Turbo","Glacier","Skim","Recycle+1","Enlightenment","Self Repair+1","Defragment"],"special_seed":0,"relics":["Cracked Core","Anchor","MawBank","Bag of Marbles","Vajra","Pandora\u0027s Box","Unceasing Top","Symbiotic Virus","Cables","Gremlin Horn","Regal Pillow","Juzu Bracelet","Runic Pyramid","Membership Card","Matryoshka","Whetstone","Bottled Lightning","Bottled Tornado","Pear","Red Mask","Art of War"],"potions_floor_usage":[],"damage_taken":[{"damage":7.0,"enemies":"Jaw Worm","floor":1.0,"turns":3.0},{"damage":0.0,"enemies":"2 Louse","floor":4.0,"turns":2.0},{"damage":9.0,"enemies":"Small Slimes","floor":5.0,"turns":3.0},{"damage":33.0,"enemies":"Gremlin Nob","floor":7.0,"turns":4.0},{"damage":12.0,"enemies":"3 Sentries","floor":11.0,"turns":6.0},{"damage":0.0,"enemies":"3 Louse","floor":13.0,"turns":2.0},{"damage":0.0,"enemies":"2 Fungi Beasts","floor":14.0,"turns":2.0},{"damage":9.0,"enemies":"Slime Boss","floor":16.0,"turns":6.0},{"damage":10.0,"enemies":"2 Thieves","floor":18.0,"turns":4.0},{"damage":0.0,"enemies":"3 Byrds","floor":19.0,"turns":2.0},{"damage":9.0,"enemies":"Colosseum Slavers","floor":20.0,"turns":3.0},{"damage":16.0,"enemies":"Colosseum Nobs","floor":20.0,"turns":3.0},{"damage":21.0,"enemies":"Gremlin Leader","floor":24.0,"turns":6.0},{"damage":1.0,"enemies":"Sentry and Sphere","floor":27.0,"turns":3.0},{"damage":25.0,"enemies":"Book of Stabbing","floor":28.0,"turns":3.0},{"damage":15.0,"enemies":"Snake Plant","floor":31.0,"turns":3.0},{"damage":32.0,"enemies":"Champ","floor":33.0,"turns":8.0},{"damage":27.0,"enemies":"3 Darklings","floor":35.0,"turns":2.0},{"damage":34.0,"enemies":"Reptomancer","floor":40.0,"turns":5.0},{"damage":19.0,"enemies":"Giant Head","floor":42.0,"turns":8.0},{"damage":0.0,"enemies":"Nemesis","floor":45.0,"turns":7.0},{"damage":21.0,"enemies":"Orb Walker","floor":48.0,"turns":4.0},{"damage":31.0,"enemies":"Awakened One","floor":50.0,"turns":8.0},{"damage":5.0,"enemies":"Donu and Deca","floor":51.0,"turns":7.0},{"damage":6.0,"enemies":"Shield and Spear","floor":55.0,"turns":6.0},{"damage":43,"enemies":"The Heart","floor":56,"turns":9}],"seed_played":"6541614482518857069","potions_obtained":[{"floor":5.0,"key":"Dexterity Potion"},{"floor":7.0,"key":"FocusPotion"},{"floor":13.0,"key":"Regen Potion"},{"floor":16.0,"key":"Ancient Potion"},{"floor":20.0,"key":"Ancient Potion"},{"floor":33.0,"key":"GamblersBrew"}],"is_trial":false,"path_per_floor":["M","$","?","M","M","R","E","R","T","R","E","R","M","M","R","B",null,"M","M","?","$","?","R","E","?","T","M","E","?","?","M","R","B",null,"M","?","$","?","$","E","R","E","T","R","E","?","?","M","R","B","B",null,"R","$","E","B",null],"character_chosen":"DEFECT","items_purchased":["Discovery","Anchor","Apotheosis","Self Repair","Membership Card"],"campfire_rested":3,"item_purchase_floors":[2,2,21,21,37],"current_hp_per_floor":[57,57,57,57,48,48,15,15,15,15,3,24,24,24,24,15,57,47,47,22,22,22,22,28,28,28,27,16,16,16,11,47,35,62,42,42,42,42,42,25,61,71,71,71,81,81,71,81,81,70,81,81,81,81,81,68],"gold":49,"neow_bonus":"TWO_FIFTY_GOLD","is_prod":false,"is_daily":false,"chose_seed":false,"campfire_upgraded":7,"win_rate":0,"timestamp":1556192900,"path_taken":["M","$","?","M","M","R","E","R","T","R","E","R","M","M","R","BOSS","M","M","?","$","?","R","E","?","T","M","E","?","?","M","R","BOSS","M","?","$","?","?","E","R","E","T","R","E","?","?","M","R","BOSS","BOSS","R","$","E","BOSS"],"build_version":"2019-01-23","purchased_purges":3,"victory":true,"max_hp_per_floor":[71,71,71,71,71,71,71,71,71,71,71,71,71,71,71,71,71,71,71,71,71,71,71,71,71,71,71,71,71,71,71,71,71,71,71,71,71,71,71,71,71,71,71,71,81,81,81,81,81,81,81,81,81,81,81,81],"card_choices":[{"not_picked":["Beam Cell","Cold Snap"],"picked":"Defragment","floor":1.0},{"not_picked":["Steam","Rip and Tear"],"picked":"Ball Lightning","floor":4.0},{"not_picked":["Stack","Static Discharge"],"picked":"Cold Snap","floor":5.0},{"not_picked":["FTL","Compile Driver"],"picked":"White Noise","floor":7.0},{"not_picked":["Leap","Steam"],"picked":"Ball Lightning","floor":11.0},{"not_picked":["Chaos","Aggregate","Sunder"],"picked":"SKIP","floor":13.0},{"not_picked":["Storm","Consume","Steam Power"],"picked":"SKIP","floor":14.0},{"not_picked":["Reboot","Meteor Strike"],"picked":"Electrodynamics","floor":16.0},{"not_picked":["Capacitor","Redo","Sweeping Beam"],"picked":"SKIP","floor":18.0},{"not_picked":["Sweeping Beam","Steam+1","Cold Snap"],"picked":"SKIP","floor":19.0},{"not_picked":["Loop","Rip and Tear"],"picked":"Hologram","floor":20.0},{"not_picked":["Hologram","Barrage+1","Ball Lightning"],"picked":"SKIP","floor":24.0},{"not_picked":["Sweeping Beam","Darkness"],"picked":"Heatsinks","floor":27.0},{"not_picked":["Heatsinks","Storm"],"picked":"Recycle","floor":28.0},{"not_picked":["Lockon","Compile Driver","Streamline"],"picked":"SKIP","floor":31.0},{"not_picked":["Core Surge","Reboot"],"picked":"Echo Form","floor":33.0},{"not_picked":["Fusion","Steam"],"picked":"Glacier","floor":35.0},{"not_picked":["Rebound","Barrage"],"picked":"Glacier","floor":40.0},{"not_picked":["Ball Lightning","Sweeping Beam"],"picked":"Skim","floor":42.0},{"not_picked":["Consume","Chaos"],"picked":"Recycle+1","floor":45.0},{"not_picked":["Finesse","Panacea"],"picked":"Enlightenment","floor":47.0},{"not_picked":["Turbo","Go for the Eyes"],"picked":"Self Repair+1","floor":48.0},{"not_picked":["Cold Snap","Go for the Eyes"],"picked":"Defragment","floor":55.0}],"player_experience":4514465,"relics_obtained":[{"floor":7.0,"key":"MawBank"},{"floor":9.0,"key":"Bag of Marbles"},{"floor":11.0,"key":"Vajra"},{"floor":20.0,"key":"Unceasing Top"},{"floor":20.0,"key":"Symbiotic Virus"},{"floor":24.0,"key":"Cables"},{"floor":28.0,"key":"Gremlin Horn"},{"floor":40.0,"key":"Matryoshka"},{"floor":42.0,"key":"Whetstone"},{"floor":43.0,"key":"Bottled Lightning"},{"floor":43.0,"key":"Bottled Tornado"},{"floor":45.0,"key":"Pear"},{"floor":55.0,"key":"Art of War"}],"event_choices":[{"damage_healed":0.0,"max_hp_gain":0.0,"max_hp_loss":0.0,"gold_gain":0.0,"event_name":"Liars Game","player_choice":"Ignored","floor":3.0,"gold_loss":0.0,"damage_taken":0.0},{"damage_healed":0.0,"max_hp_gain":0.0,"max_hp_loss":0.0,"gold_gain":0.0,"event_name":"Colosseum","player_choice":"Fight","floor":20.0,"gold_loss":0.0,"damage_taken":0.0},{"damage_healed":0.0,"max_hp_gain":0.0,"max_hp_loss":0.0,"gold_gain":0.0,"event_name":"Colosseum","player_choice":"Fought Nobs","floor":20.0,"gold_loss":0.0,"damage_taken":0.0},{"damage_healed":0.0,"max_hp_gain":0.0,"max_hp_loss":0.0,"gold_gain":0.0,"cards_transformed":["Ball Lightning","Ball Lightning"],"event_name":"Drug Dealer","player_choice":"Became Test Subject","floor":22.0,"gold_loss":0.0,"damage_taken":0.0,"cards_obtained":["Static Discharge","Self Repair"]},{"damage_healed":0.0,"max_hp_gain":0.0,"max_hp_loss":0.0,"gold_gain":50.0,"event_name":"Nest","player_choice":"Stole From Cult","floor":25.0,"gold_loss":0.0,"damage_taken":0.0},{"damage_healed":0.0,"max_hp_gain":0.0,"max_hp_loss":0.0,"gold_gain":0.0,"event_name":"The Mausoleum","player_choice":"Opened","floor":29.0,"gold_loss":0.0,"damage_taken":0.0,"relics_obtained":["Regal Pillow"],"cards_obtained":["Writhe"]},{"damage_healed":0.0,"max_hp_gain":0.0,"max_hp_loss":0.0,"gold_gain":0.0,"event_name":"Addict","player_choice":"Obtained Relic","floor":30.0,"gold_loss":85.0,"damage_taken":0.0,"relics_obtained":["Juzu Bracelet"]},{"cards_removed":["Writhe"],"damage_healed":0.0,"max_hp_gain":0.0,"max_hp_loss":0.0,"gold_gain":0.0,"event_name":"Purifier","player_choice":"Purged","floor":36.0,"gold_loss":0.0,"damage_taken":0.0},{"damage_healed":0.0,"max_hp_gain":0.0,"max_hp_loss":0.0,"gold_gain":0.0,"cards_transformed":["Static Discharge"],"event_name":"Transmorgrifier","player_choice":"Transformed","floor":38.0,"gold_loss":0.0,"damage_taken":0.0,"cards_obtained":["Turbo"]},{"damage_healed":0.0,"max_hp_gain":0.0,"max_hp_loss":0.0,"gold_gain":0.0,"event_name":"Tomb of Lord Red Mask","player_choice":"Paid","floor":46.0,"gold_loss":96.0,"damage_taken":0.0,"relics_obtained":["Red Mask"]},{"damage_healed":0.0,"max_hp_gain":0.0,"max_hp_loss":0.0,"gold_gain":0.0,"event_name":"SensoryStone","player_choice":"Memory 3","floor":47.0,"gold_loss":0.0,"damage_taken":10.0}],"is_beta":false,"boss_relics":[{"not_picked":["Runic Dome","Ectoplasm"],"picked":"Pandora\u0027s Box"},{"not_picked":["Astrolabe","Snecko Eye"],"picked":"Runic Pyramid"}],"items_purged_floors":[2,21,37],"is_endless":false,"potions_floor_spawned":[5,7,13,16,18,20,20,33,35,42,45,48],"ascension_level":20}