{"gold_per_floor":[117,117,131,52,0,40,40,56,56,74,98,119,119,44,44,135,135,150,32,32,52,75,75],"floor_reached":23,"playtime":1361,"items_purged":["Strike_G"],"score":386,"play_id":"3fd8710a-16b2-4929-a636-0836de2ab437","local_time":"20190703231520","is_ascension_mode":true,"campfire_choices":[{"floor":13,"key":"REST"},{"data":"Bouncing Flask","floor":15,"key":"SMITH"}],"neow_cost":"NONE","seed_source_timestamp":88352082853439,"circlet_count":0,"master_deck":["AscendersBane","Strike_G","Strike_G","Strike_G","Defend_G","Defend_G","Defend_G","Defend_G","Defend_G","Survivor","Neutralize+1","Poisoned Stab","Bouncing Flask+1","Endless Agony","Terror+1","Acrobatics+1","Prepared+1","Burst+1","PiercingWail+1","Footwork","Calculated Gamble+1"],"relics":["Ring of the Snake","Golden Idol","Dead Branch","Toxic Egg 2","Fusion Hammer"],"potions_floor_usage":[11,12,12,16,16,22,22],"damage_taken":[{"damage":0,"enemies":"2 Louse","floor":1,"turns":4},{"damage":1,"enemies":"Small Slimes","floor":3,"turns":4},{"damage":51,"enemies":"3 Sentries","floor":6,"turns":15},{"damage":0,"enemies":"Jaw Worm","floor":8,"turns":4},{"damage":4,"enemies":"Blue Slaver","floor":10,"turns":4},{"damage":0,"enemies":"3 Louse","floor":11,"turns":3},{"damage":1,"enemies":"Gremlin Gang","floor":12,"turns":4},{"damage":15,"enemies":"The Guardian","floor":16,"turns":10},{"damage":0,"enemies":"Chosen","floor":18,"turns":3},{"damage":0,"enemies":"3 Byrds","floor":21,"turns":3},{"damage":31,"enemies":"3 Cultists","floor":22,"turns":7},{"damage":28,"enemies":"Book of Stabbing","floor":23,"turns":6}],"seed_played":"5218295118510619509","potions_obtained":[{"floor":6,"key":"EssenceOfSteel"},{"floor":10,"key":"Block Potion"},{"floor":11,"key":"Fire Potion"},{"floor":12,"key":"EntropicBrew"},{"floor":16,"key":"Ancient Potion"},{"floor":18,"key":"Fire Potion"}],"is_trial":false,"path_per_floor":["M","?","M","$","?","E","$","M","T","M","M","M","R","?","R","B",null,"M","$","?","M","M","E"],"character_chosen":"THE_SILENT","items_purchased":["Bouncing Flask","Footwork"],"campfire_rested":1,"item_purchase_floors":[4,19],"current_hp_per_floor":[59,59,58,58,58,7,7,7,7,3,3,2,20,20,20,5,46,46,46,46,46,15,0],"gold":75,"neow_bonus":"UPGRADE_CARD","is_prod":false,"is_daily":false,"chose_seed":false,"campfire_upgraded":1,"win_rate":0,"timestamp":1562166920,"path_taken":["M","?","M","$","?","E","?","M","T","?","M","M","R","?","R","BOSS","M","$","?","M","M","E"],"build_version":"2019-07-01","purchased_purges":1,"victory":false,"max_hp_per_floor":[66,60,60,60,60,60,60,60,60,60,60,60,60,60,60,60,60,60,60,60,60,60,60],"card_choices":[{"not_picked":["Slice","Dagger Spray","Accuracy"],"picked":"SKIP","floor":1},{"not_picked":["Accuracy","Cloak And Dagger"],"picked":"Poisoned Stab","floor":3},{"not_picked":["Sucker Punch","Dagger Throw"],"picked":"Endless Agony","floor":6},{"not_picked":["Heel Hook","Dagger Throw","Skewer"],"picked":"SKIP","floor":8},{"not_picked":["Tactician+1","Blade Dance+1"],"picked":"Terror+1","floor":10},{"not_picked":["Predator","Caltrops"],"picked":"Acrobatics+1","floor":11},{"not_picked":["Finisher","Skewer"],"picked":"Prepared+1","floor":12},{"not_picked":["Venomology+1","Phantasmal Killer+1"],"picked":"Burst+1","floor":16},{"not_picked":["Flechettes","Dagger Spray"],"picked":"PiercingWail+1","floor":18},{"not_picked":["Poisoned Stab","Heel Hook"],"picked":"Calculated Gamble+1","floor":21},{"not_picked":["Poisoned Stab","Flying Knee","Footwork"],"picked":"SKIP","floor":22}],"player_experience":1525123,"relics_obtained":[{"floor":6,"key":"Dead Branch"},{"floor":9,"key":"Toxic Egg 2"}],"event_choices":[{"damage_healed":0,"gold_gain":0,"player_choice":"Lose Max HP","damage_taken":0,"relics_obtained":["Golden Idol"],"max_hp_gain":0,"max_hp_loss":6,"event_name":"Golden Idol","floor":2,"gold_loss":0},{"damage_healed":0,"gold_gain":0,"player_choice":"Left Gold","damage_taken":0,"max_hp_gain":0,"max_hp_loss":0,"event_name":"World of Goop","floor":5,"gold_loss":52},{"cards_removed":["Strike_G"],"damage_healed":0,"gold_gain":0,"player_choice":"Card Removal","damage_taken":0,"max_hp_gain":0,"max_hp_loss":0,"event_name":"The Cleric","floor":14,"gold_loss":75},{"damage_healed":0,"gold_gain":0,"player_choice":"Ignored","damage_taken":0,"max_hp_gain":0,"max_hp_loss":0,"event_name":"The Mausoleum","floor":20,"gold_loss":0}],"is_beta":false,"boss_relics":[{"not_picked":["Orrery","Lizard Tail"],"picked":"Fusion Hammer"}],"items_purged_floors":[19],"is_endless":false,"potions_floor_spawned":[6,10,11,12,16,18],"killed_by":"Book of Stabbing","ascension_level":20}