{"path_per_floor":["M","$","?","M","?","R","M","M","T","M","M","M","R","?","R","B",null,"M","?","?","?","?","R","?","E","T","R","M","R","$","M","R"],"character_chosen":"THE_SILENT","items_purchased":["Infinite Blades"],"gold_per_floor":[117,42,42,53,53,53,66,79,131,143,156,166,166,166,166,271,271,286,286,286,286,286,286,201,227,227,227,247,247,66,81,81],"floor_reached":33,"campfire_rested":3,"playtime":2840,"current_hp_per_floor":[63,63,63,62,55,55,52,46,46,12,11,8,29,29,50,29,70,55,39,39,62,62,62,62,31,31,31,10,31,31,40,40],"items_purged":["Defend_G","Regret"],"gold":81,"score":255,"play_id":"34fd16d2-0f03-474f-a446-6c97d7810055","local_time":"20180304183121","is_prod":false,"is_daily":false,"is_ascension_mode":false,"campfire_upgraded":4,"timestamp":1520184681,"path_taken":["M","$","?","M","?","R","M","M","T","M","M","M","R","?","R","BOSS","M","?","?","?","?","R","?","E","T","R","M","R","$","M","R","BOSS"],"build_version":"2018-03-01-PROD1","purchased_purges":2,"victory":false,"master_deck":["Defend_G+1","Defend_G+1","Defend_G+1","Defend_G+1","Strike_G+1","Strike_G+1","Strike_G+1","Strike_G+1","Strike_G+1","Survivor","Neutralize","Burst+1","Dagger Throw","Bouncing Flask+1","Quick Slash","Cloak And Dagger","Burst","Deadly Poison+1","Finisher","Tactician","Parasite","Parasite","Regret","Poisoned Stab+1","Acrobatics+1","Doppelganger+1","Leg Sweep+1","Infinite Blades+1","Cloak And Dagger+1"],"max_hp_per_floor":[70,70,70,70,70,70,70,70,70,70,70,70,70,70,70,70,70,70,70,70,70,70,70,70,70,70,70,70,70,70,70,70],"relics":["Ring of the Snake","Kunai","Juzu Bracelet","Prayer Wheel","Calling Bell","Ancient Tea Set","Molten Egg 2","Dodecahedron","Nilry\u0027s Codex","Frozen Eye","Toxic Egg 2","Calipers"],"card_choices":[{"not_picked":["PiercingWail","Quick Slash"],"picked":"Dagger Throw"},{"not_picked":["Calculated Gamble","Riddle With Holes"],"picked":"Bouncing Flask"},{"not_picked":["Dodge and Roll","Eviscerate"],"picked":"Quick Slash"},{"not_picked":["Quick Slash","Dagger Spray"],"picked":"Cloak And Dagger"},{"not_picked":["Backflip","Masterful Stab"],"picked":"Burst"},{"not_picked":["Deflect","Underhanded Strike"],"picked":"Deadly Poison"},{"not_picked":["Eviscerate","Underhanded Strike"],"picked":"Finisher"},{"not_picked":["Corpse Explosion","Glass Knife"],"picked":"Tactician"},{"not_picked":["Terror","Blade Dance"],"picked":"Poisoned Stab"},{"not_picked":["Underhanded Strike","Bane"],"picked":"Acrobatics"},{"not_picked":["Dodge and Roll","PiercingWail"],"picked":"Doppelganger"},{"not_picked":["Dagger Throw","Acrobatics"],"picked":"Leg Sweep"},{"not_picked":["Predator","Backflip"],"picked":"Cloak And Dagger"}],"player_experience":67068,"potions_floor_usage":[18,25,25,28,31,33,33],"damage_taken":[{"damage":7.0,"enemies":"Jaw Worm","floor":1.0,"turns":6.0},{"damage":1.0,"enemies":"Small Slimes","floor":4.0,"turns":5.0},{"damage":3.0,"enemies":"Cultist","floor":7.0,"turns":3.0},{"damage":6.0,"enemies":"2 Fungi Beasts","floor":8.0,"turns":3.0},{"damage":34.0,"enemies":"Gremlin Gang","floor":10.0,"turns":4.0},{"damage":1.0,"enemies":"Looter","floor":11.0,"turns":3.0},{"damage":3.0,"enemies":"Blue Slaver","floor":12.0,"turns":3.0},{"damage":21,"enemies":"Hexaghost","floor":16,"turns":8},{"damage":15,"enemies":"Spheric Guardian","floor":18,"turns":4},{"damage":31,"enemies":"Slavers","floor":25,"turns":5},{"damage":21,"enemies":"Shell Parasite","floor":28,"turns":5},{"damage":3,"enemies":"Snake Plant","floor":31,"turns":4},{"damage":42,"enemies":"Collector","floor":33,"turns":5}],"event_choices":[{"event_name":"Big Fish","player_choice":"Box","floor":3.0,"damage_taken":0.0},{"event_name":"Scrap Ooze","player_choice":"success","floor":5.0,"damage_taken":7.0},{"event_name":"The Lab","player_choice":"Got Potions","floor":14.0,"damage_taken":0.0},{"event_name":"Cursed Tome","player_choice":"Obtained Book","floor":19,"damage_taken":0},{"event_name":"Vampires","player_choice":"Ignored","floor":20,"damage_taken":0},{"event_name":"The Library","player_choice":"Heal","floor":21,"damage_taken":0},{"event_name":"Back to Basics","player_choice":"Simplicity","floor":22,"damage_taken":0},{"event_name":"Addict","player_choice":"Obtained Relic","floor":24,"damage_taken":0}],"boss_relics":[{"not_picked":["Tiny House","Eternal Feather"],"picked":"Calling Bell"}],"potions_floor_spawned":[8,11,16,28,31],"seed_played":"-5147746667455051379","killed_by":"Collector","ascension_level":0,"is_trial":false}