{"gold_per_floor":[119,119,44,194,27,52,52,83,83,100,100,111,137,151,151,227,227,240,240,250,260,160,160,435,435,435,435,452,462,477,491,491,570,570,584,603,603,619,634,634],"floor_reached":40,"playtime":2492,"items_purged":["Strike_G","Masterful Stab"],"score":1070,"play_id":"9d2cf3e0-7f7a-429a-aca4-f2e0ff0f3cb5","local_time":"20190123144840","is_ascension_mode":true,"campfire_choices":[{"data":"Noxious Fumes","floor":7.0,"key":"SMITH"},{"data":"Neutralize","floor":11.0,"key":"SMITH"},{"data":"Unload","floor":15.0,"key":"SMITH"},{"data":"Well Laid Plans","floor":23.0,"key":"SMITH"},{"data":"Acrobatics","floor":25.0,"key":"SMITH"},{"data":"Tactician","floor":27.0,"key":"SMITH"},{"floor":32.0,"key":"REST"}],"neow_cost":"NONE","seed_source_timestamp":2967698982014,"circlet_count":0,"master_deck":["AscendersBane","Survivor","Neutralize+1","Doubt","Noxious Fumes+1","After Image","Unload+1","Acrobatics+1","Burst","Expertise","Eviscerate","Slice","Tools of the Trade","Venomology","Bane","Tactician+1","All Out Attack","Well Laid Plans+1","Decay","Regret","Acrobatics","Grand Finale","Wraith Form v2"],"special_seed":0,"relics":["Ring of the Snake","NeowsBlessing","Blue Candle","Bag of Preparation","The Specimen","Lantern","War Paint","Ornamental Fan","Pandora\u0027s Box","Question Card","Runic Pyramid"],"potions_floor_usage":[40,40,40],"damage_taken":[{"damage":0.0,"enemies":"Small Slimes","floor":1.0,"turns":1.0},{"damage":0.0,"enemies":"Lagavulin","floor":6.0,"turns":1.0},{"damage":0.0,"enemies":"Gremlin Nob","floor":8.0,"turns":1.0},{"damage":4.0,"enemies":"Jaw Worm","floor":10.0,"turns":4.0},{"damage":1.0,"enemies":"2 Louse","floor":12.0,"turns":4.0},{"damage":13.0,"enemies":"3 Sentries","floor":13.0,"turns":7.0},{"damage":1.0,"enemies":"Blue Slaver","floor":14.0,"turns":4.0},{"damage":26.0,"enemies":"Slime Boss","floor":16.0,"turns":10.0},{"damage":15.0,"enemies":"2 Thieves","floor":18.0,"turns":4.0},{"damage":9.0,"enemies":"Shell Parasite","floor":20.0,"turns":4.0},{"damage":23.0,"enemies":"Cultist and Chosen","floor":21.0,"turns":6.0},{"damage":10.0,"enemies":"Centurion and Healer","floor":28.0,"turns":5.0},{"damage":3.0,"enemies":"Snake Plant","floor":29.0,"turns":4.0},{"damage":3.0,"enemies":"3 Cultists","floor":30.0,"turns":3.0},{"damage":1.0,"enemies":"Cultist and Chosen","floor":31.0,"turns":3.0},{"damage":3.0,"enemies":"Collector","floor":33.0,"turns":6.0},{"damage":27.0,"enemies":"Orb Walker","floor":35.0,"turns":4.0},{"damage":10.0,"enemies":"3 Shapes","floor":36.0,"turns":3.0},{"damage":5.0,"enemies":"Maw","floor":38.0,"turns":7.0},{"damage":3,"enemies":"Sphere and 2 Shapes","floor":39,"turns":3},{"damage":21,"enemies":"Nemesis","floor":40,"turns":8}],"seed_played":"-6333794422497609141","potions_obtained":[{"floor":6.0,"key":"Swift Potion"},{"floor":12.0,"key":"PowerPotion"},{"floor":14.0,"key":"Explosive Potion"},{"floor":30.0,"key":"SteroidPotion"},{"floor":33.0,"key":"Ancient Potion"},{"floor":36.0,"key":"LiquidBronze"}],"is_trial":false,"path_per_floor":["M","?","$","?","$","E","R","E","T","M","R","M","E","M","R","B",null,"M","?","M","M","$","R","?","R","T","R","M","M","M","M","R","B",null,"M","M","?","M","M","E"],"character_chosen":"THE_SILENT","items_purchased":["Bag of Preparation"],"campfire_rested":1,"item_purchase_floors":[5],"current_hp_per_floor":[59,48,48,48,48,48,48,48,48,44,44,43,30,29,29,3,50,35,35,26,18,18,18,18,18,18,18,8,5,2,1,20,17,54,39,29,29,24,21,0],"gold":634,"neow_bonus":"THREE_ENEMY_KILL","is_prod":false,"is_daily":false,"chose_seed":false,"campfire_upgraded":6,"win_rate":0,"timestamp":1548226120,"path_taken":["M","?","$","?","?","E","R","E","T","M","R","M","E","M","R","BOSS","M","?","M","M","$","R","?","R","T","R","?","M","M","M","R","BOSS","M","M","?","M","M","E"],"build_version":"2019-01-17v2","purchased_purges":2,"victory":false,"max_hp_per_floor":[66,66,66,66,66,66,66,66,66,66,66,66,66,66,66,66,66,66,66,66,66,66,66,66,66,66,66,66,66,66,66,66,66,66,66,66,66,66,66,66],"card_choices":[{"not_picked":["Backflip","Bane","Dagger Spray"],"picked":"SKIP","floor":1.0},{"not_picked":["Quick Slash","Accuracy"],"picked":"Noxious Fumes","floor":6.0},{"not_picked":["Acrobatics","Cloak And Dagger","Setup"],"picked":"SKIP","floor":8.0},{"not_picked":["Backflip","Calculated Gamble"],"picked":"After Image","floor":10.0},{"not_picked":["Flying Knee","Underhanded Strike","Acrobatics"],"picked":"SKIP","floor":12.0},{"not_picked":["Cloak And Dagger","Die Die Die"],"picked":"Unload","floor":13.0},{"not_picked":["Choke","Dagger Throw"],"picked":"Acrobatics","floor":14.0},{"not_picked":["Tools of the Trade","Venomology"],"picked":"Burst","floor":16.0},{"not_picked":["Outmaneuver","Backflip"],"picked":"Well Laid Plans","floor":18.0},{"not_picked":["Setup","Terror","Deadly Poison"],"picked":"SKIP","floor":20.0},{"not_picked":["Leg Sweep","PiercingWail","Expertise"],"picked":"SKIP","floor":21.0},{"not_picked":["Caltrops","Dodge and Roll","Riddle With Holes+1"],"picked":"Acrobatics","floor":28.0},{"not_picked":["Quick Slash","All Out Attack+1","Blade Dance+1","Flechettes"],"picked":"SKIP","floor":29.0},{"not_picked":["Riddle With Holes","Predator","Backflip","Heel Hook"],"picked":"SKIP","floor":30.0},{"not_picked":["Setup","Prepared","Flying Knee","PiercingWail"],"picked":"SKIP","floor":31.0},{"not_picked":["A Thousand Cuts","Unload","Phantasmal Killer"],"picked":"Grand Finale","floor":33.0},{"not_picked":["Dagger Spray","Outmaneuver","Poisoned Stab","Terror"],"picked":"SKIP","floor":35.0},{"not_picked":["Catalyst","Outmaneuver+1","Dagger Spray+1"],"picked":"Wraith Form v2","floor":36.0},{"not_picked":["Masterful Stab","Underhanded Strike","Cloak And Dagger","Riddle With Holes"],"picked":"SKIP","floor":38.0},{"not_picked":["Dodge and Roll+1","Glass Knife","Quick Slash+1","All Out Attack"],"picked":"SKIP","floor":39}],"player_experience":2157786,"relics_obtained":[{"floor":6.0,"key":"The Specimen"},{"floor":8.0,"key":"Lantern"},{"floor":9.0,"key":"War Paint"},{"floor":13.0,"key":"Ornamental Fan"},{"floor":26.0,"key":"Question Card"}],"event_choices":[{"damage_healed":0.0,"max_hp_gain":0.0,"max_hp_loss":0.0,"gold_gain":0.0,"event_name":"Scrap Ooze","player_choice":"Success","floor":2.0,"gold_loss":0.0,"damage_taken":11.0,"relics_obtained":["Blue Candle"]},{"damage_healed":0.0,"max_hp_gain":0.0,"max_hp_loss":0.0,"gold_gain":150.0,"event_name":"Liars Game","player_choice":"AGREE","floor":4.0,"gold_loss":0.0,"damage_taken":0.0,"cards_obtained":["Doubt"]},{"damage_healed":0.0,"max_hp_gain":0.0,"max_hp_loss":0.0,"gold_gain":0.0,"event_name":"Forgotten Altar","player_choice":"Smashed Altar","floor":19.0,"gold_loss":0.0,"damage_taken":0.0,"cards_obtained":["Decay"]},{"damage_healed":0.0,"max_hp_gain":0.0,"max_hp_loss":0.0,"gold_gain":275.0,"event_name":"Golden Shrine","player_choice":"Desecrate","floor":24.0,"gold_loss":0.0,"damage_taken":0.0,"cards_obtained":["Regret"]},{"damage_healed":0.0,"max_hp_gain":0.0,"max_hp_loss":0.0,"gold_gain":0.0,"event_name":"Tomb of Lord Red Mask","player_choice":"Ignored","floor":37.0,"gold_loss":0.0,"damage_taken":0.0}],"is_beta":false,"boss_relics":[{"not_picked":["Tiny House","Busted Crown"],"picked":"Pandora\u0027s Box"},{"not_picked":["Coffee Dripper","Black Star"],"picked":"Runic Pyramid"}],"items_purged_floors":[3,22],"is_endless":false,"potions_floor_spawned":[6,12,14,18,29,30,33,36],"killed_by":"Nemesis","ascension_level":20}