{"gold_per_floor":[217,217,236,250,269,269,300,300,300,24,40,40,50,76,76,174,174,189,189,189,104,119,119,139,139,139,157,157,168,178,190,190,285,285,300,400,418,167,220,220,220,220,220,220,250,268,282,0,0,0],"floor_reached":51,"playtime":2251,"items_purged":["Strike_B","Strike_B"],"score":789,"play_id":"7a400cd1-ccef-4358-843f-f8e744aaee64","local_time":"20190616201153","is_ascension_mode":false,"campfire_choices":[{"data":"Dualcast","floor":6.0,"key":"SMITH"},{"floor":8.0,"key":"REST"},{"floor":12.0,"key":"REST"},{"data":"Defragment","floor":15.0,"key":"SMITH"},{"data":"Recycle","floor":23.0,"key":"SMITH"},{"data":"Heatsinks","floor":25.0,"key":"SMITH"},{"data":"Hologram","floor":28.0,"key":"SMITH"},{"data":"Redo","floor":32.0,"key":"SMITH"},{"data":"Storm","floor":40.0,"key":"SMITH"},{"floor":42.0,"key":"DIG"},{"floor":44.0,"key":"DIG"},{"floor":49,"key":"DIG"}],"neow_cost":"NONE","seed_source_timestamp":43263470394398,"circlet_count":0,"master_deck":["Strike_B","Defend_B","Defend_B","Defend_B","Defend_B","Zap","Dualcast+1","Redo+1","Creative AI","Recycle+1","Hologram+1","Defragment+1","Glacier","Seek","Creative AI","Heatsinks+1","Recycle+1","BootSequence+1","Storm+1","Impatience+1"],"special_seed":0,"relics":["Cracked Core","FaceOfCleric","Mummified Hand","Girya","Potion Belt","Incense Burner","Busted Crown","Blue Candle","Toxic Egg 2","Eternal Feather","Torii","Shovel","Juzu Bracelet","Sundial","Blood Vial","The Courier","Red Mask","Calipers"],"potions_floor_usage":[50,50,50],"damage_taken":[{"damage":5.0,"enemies":"Small Slimes","floor":1.0,"turns":3.0},{"damage":1.0,"enemies":"Cultist","floor":3.0,"turns":3.0},{"damage":1.0,"enemies":"Jaw Worm","floor":4.0,"turns":2.0},{"damage":7.0,"enemies":"3 Louse","floor":5.0,"turns":3.0},{"damage":62.0,"enemies":"3 Sentries","floor":7.0,"turns":6.0},{"damage":7.0,"enemies":"Looter","floor":11.0,"turns":4.0},{"damage":11.0,"enemies":"Exordium Wildlife","floor":13.0,"turns":4.0},{"damage":26.0,"enemies":"Gremlin Nob","floor":14.0,"turns":4.0},{"damage":0.0,"enemies":"The Guardian","floor":16.0,"turns":10.0},{"damage":0.0,"enemies":"Spheric Guardian","floor":18.0,"turns":3.0},{"damage":22.0,"enemies":"Colosseum Slavers","floor":19.0,"turns":4.0},{"damage":8.0,"enemies":"3 Byrds","floor":22.0,"turns":5.0},{"damage":8.0,"enemies":"3 Cultists","floor":24.0,"turns":5.0},{"damage":0.0,"enemies":"Chosen and Byrds","floor":27.0,"turns":6.0},{"damage":0.0,"enemies":"Sentry and Sphere","floor":29.0,"turns":4.0},{"damage":0.0,"enemies":"Centurion and Healer","floor":30.0,"turns":4.0},{"damage":0.0,"enemies":"Chosen and Byrds","floor":31.0,"turns":6.0},{"damage":9.0,"enemies":"Automaton","floor":33.0,"turns":9.0},{"damage":0.0,"enemies":"3 Darklings","floor":35.0,"turns":6.0},{"damage":0.0,"enemies":"Mind Bloom Boss Battle","floor":36.0,"turns":3.0},{"damage":6.0,"enemies":"3 Shapes","floor":37.0,"turns":4.0},{"damage":11.0,"enemies":"2 Orb Walkers","floor":39.0,"turns":5.0},{"damage":0.0,"enemies":"Giant Head","floor":45.0,"turns":6.0},{"damage":0.0,"enemies":"Maw","floor":46.0,"turns":6.0},{"damage":1.0,"enemies":"Sphere and 2 Shapes","floor":47.0,"turns":3.0},{"damage":36,"enemies":"Awakened One","floor":50,"turns":7}],"seed_played":"-7951152366976040143","potions_obtained":[{"floor":1.0,"key":"Weak Potion"},{"floor":7.0,"key":"Fire Potion"},{"floor":14.0,"key":"Strength Potion"},{"floor":16.0,"key":"Regen Potion"},{"floor":27.0,"key":"Fire Potion"},{"floor":29.0,"key":"Fire Potion"},{"floor":30.0,"key":"PowerPotion"},{"floor":36.0,"key":"PowerPotion"},{"floor":37.0,"key":"GamblersBrew"}],"is_trial":false,"path_per_floor":["M","?","M","M","M","R","E","R","T","$","M","R","M","E","R","B",null,"M","?","?","?","M","R","M","R","T","M","R","M","M","M","R","B",null,"M","?","M","$","?","R","?","R","T","R","E","M","M","?","R","B",null],"character_chosen":"DEFECT","items_purchased":["Potion Belt","PowerPotion","Storm","Impatience+1"],"campfire_rested":2,"item_purchase_floors":[10,10,38,38],"current_hp_per_floor":[70,70,70,70,64,64,3,26,26,26,20,44,34,9,9,10,83,84,63,63,63,56,56,49,49,49,50,50,51,52,53,53,45,92,93,94,89,89,79,91,91,96,96,96,97,98,98,98,99,64],"gold":0,"neow_bonus":"HUNDRED_GOLD","is_prod":false,"is_daily":false,"chose_seed":false,"campfire_upgraded":7,"win_rate":0,"timestamp":1560687113,"path_taken":["M","?","?","M","?","R","E","R","T","$","?","R","M","E","R","BOSS","M","?","?","?","?","R","M","R","T","M","R","M","M","M","R","BOSS","M","?","M","$","?","R","?","R","T","R","E","M","M","?","R","BOSS"],"build_version":"2019-01-23","purchased_purges":2,"victory":true,"max_hp_per_floor":[75,75,76,77,78,78,79,79,79,79,80,80,81,82,82,83,83,84,85,85,85,86,86,87,87,87,88,88,89,90,91,91,92,92,93,94,95,95,96,96,96,96,96,96,97,98,99,99,99,100],"card_choices":[{"not_picked":["Steam Power","Barrage"],"picked":"Redo","floor":1.0},{"not_picked":["Cold Snap","Stack"],"picked":"Ball Lightning","floor":3.0},{"not_picked":["Ball Lightning","Redo"],"picked":"Creative AI","floor":4.0},{"not_picked":["BootSequence","Hologram"],"picked":"Recycle","floor":5.0},{"not_picked":["FTL","Streamline"],"picked":"Hologram","floor":7.0},{"not_picked":["Steam Power","Undo"],"picked":"Defragment","floor":11.0},{"not_picked":["Aggregate","Amplify"],"picked":"Glacier","floor":13.0},{"not_picked":["Sunder","Redo"],"picked":"Seek","floor":14.0},{"not_picked":["Echo Form","Buffer"],"picked":"Creative AI","floor":16.0},{"not_picked":["Cold Snap"],"picked":"SKIP","floor":18.0},{"not_picked":[],"picked":"Heatsinks","floor":22.0},{"not_picked":["Compile Driver"],"picked":"SKIP","floor":24.0},{"not_picked":[],"picked":"Recycle+1","floor":27.0},{"not_picked":["Gash+1"],"picked":"SKIP","floor":29.0},{"not_picked":[],"picked":"BootSequence+1","floor":30.0},{"not_picked":["Darkness+1"],"picked":"SKIP","floor":31.0},{"not_picked":["Hologram+1"],"picked":"SKIP","floor":35.0},{"not_picked":["Stack+1"],"picked":"SKIP","floor":37.0},{"not_picked":["Doom and Gloom"],"picked":"SKIP","floor":45.0},{"not_picked":["FTL+1"],"picked":"SKIP","floor":46.0},{"not_picked":["Sweeping Beam"],"picked":"SKIP","floor":47.0}],"player_experience":5322052,"relics_obtained":[{"floor":7.0,"key":"Mummified Hand"},{"floor":9.0,"key":"Girya"},{"floor":14.0,"key":"Incense Burner"},{"floor":26.0,"key":"Toxic Egg 2"},{"floor":36.0,"key":"Torii"},{"floor":39.0,"key":"Shovel"},{"floor":42.0,"key":"Juzu Bracelet"},{"floor":43.0,"key":"Sundial"},{"floor":44.0,"key":"Blood Vial"},{"floor":45.0,"key":"The Courier"},{"floor":49,"key":"Calipers"}],"event_choices":[{"damage_healed":0.0,"max_hp_gain":0.0,"max_hp_loss":0.0,"gold_gain":0.0,"event_name":"FaceTrader","player_choice":"Trade","floor":2.0,"gold_loss":0.0,"damage_taken":0.0,"relics_obtained":["FaceOfCleric"]},{"damage_healed":0.0,"max_hp_gain":0.0,"max_hp_loss":0.0,"gold_gain":0.0,"event_name":"Colosseum","player_choice":"Fight","floor":19.0,"gold_loss":0.0,"damage_taken":0.0},{"damage_healed":0.0,"max_hp_gain":0.0,"max_hp_loss":0.0,"gold_gain":0.0,"event_name":"Colosseum","player_choice":"Fled From Nobs","floor":19.0,"gold_loss":0.0,"damage_taken":0.0},{"cards_removed":["Strike_B"],"damage_healed":0.0,"max_hp_gain":0.0,"max_hp_loss":0.0,"gold_gain":0.0,"event_name":"Back to Basics","player_choice":"Elegance","floor":20.0,"gold_loss":0.0,"damage_taken":0.0},{"damage_healed":0.0,"max_hp_gain":0.0,"max_hp_loss":0.0,"gold_gain":0.0,"event_name":"Addict","player_choice":"Obtained Relic","floor":21.0,"gold_loss":85.0,"damage_taken":0.0,"relics_obtained":["Blue Candle"]},{"damage_healed":0.0,"max_hp_gain":0.0,"max_hp_loss":0.0,"gold_gain":0.0,"event_name":"MindBloom","player_choice":"Fight","floor":36.0,"gold_loss":0.0,"damage_taken":0.0},{"damage_healed":0.0,"max_hp_gain":0.0,"max_hp_loss":0.0,"gold_gain":0.0,"event_name":"Mysterious Sphere","player_choice":"Fight","floor":39.0,"gold_loss":0.0,"damage_taken":0.0},{"cards_removed":["Ball Lightning"],"damage_healed":0.0,"max_hp_gain":0.0,"max_hp_loss":0.0,"gold_gain":0.0,"event_name":"Falling","player_choice":"Removed Attack","floor":41.0,"gold_loss":0.0,"damage_taken":0.0},{"damage_healed":0,"gold_gain":0,"player_choice":"Paid","damage_taken":0,"relics_obtained":["Red Mask"],"max_hp_gain":0,"max_hp_loss":0,"event_name":"Tomb of Lord Red Mask","floor":48,"gold_loss":282}],"is_beta":false,"boss_relics":[{"not_picked":["Runic Dome","Fusion Hammer"],"picked":"Busted Crown"},{"not_picked":["FrozenCore","Astrolabe"],"picked":"Eternal Feather"}],"items_purged_floors":[10,38],"is_endless":false,"potions_floor_spawned":[1,7,14,16,27,29,30,35,36,37],"ascension_level":0}