{"gold_per_floor":[365,365,375,375,393,393,238,306,386,386,411,436,436,456,456,579,579,595,595,610,510,510,549,563,563,563,601,416,416,436,476,476,604,604,617,638,367,383,383,423,442,442,442,485,503,503,503,503,503,503,503,503,503,536,536],"floor_reached":56,"playtime":4005,"items_purged":["Strike_G","All Out Attack","theJungle:Gourd"],"score":1504,"play_id":"a6c3612e-3ad4-4a04-9cf3-9371462cabf5","local_time":"20190615004940","is_ascension_mode":false,"campfire_choices":[{"data":"Acrobatics","floor":6.0,"key":"SMITH"},{"data":"Well Laid Plans","floor":10.0,"key":"SMITH"},{"data":"Tactician","floor":13.0,"key":"SMITH"},{"data":"Acrobatics","floor":15.0,"key":"SMITH"},{"data":"Grand Finale","floor":25.0,"key":"SMITH"},{"data":"Neutralize","floor":32.0,"key":"SMITH"},{"floor":42.0,"key":"RECALL"},{"data":"theJungle:Gourd","floor":49.0,"key":"SMITH"},{"data":"Survivor","floor":52.0,"key":"SMITH"}],"neow_cost":"PERCENT_DAMAGE","seed_source_timestamp":47239736927896,"circlet_count":0,"master_deck":["Survivor+1","Neutralize+1","Tactician+1","Acrobatics+1","Footwork","Well Laid Plans+1","Die Die Die","Acrobatics+1","Bouncing Flask","Grand Finale+1","theJungle:Gourd","theJungle:Gourd","theJungle:Gourd","theJungle:Gourd+1","After Image+1","Adrenaline+1"],"special_seed":0,"relics":["Ring of the Snake","Golden Idol","Shuriken","Pantograph","theJungle:SpiritDisease","Bottled Lightning","Spirit Poop","Bag of Preparation","theJungle:Creamberry","theJungle:WildMango","Bag of Marbles","Lizard Tail","Membership Card","theFactory:Remembrance","Omamori","Mummified Hand"],"potions_floor_usage":[],"damage_taken":[{"damage":0.0,"enemies":"2 Louse","floor":1.0,"turns":3.0},{"damage":1.0,"enemies":"Cultist","floor":3.0,"turns":4.0},{"damage":0.0,"enemies":"Jaw Worm","floor":5.0,"turns":4.0},{"damage":17.0,"enemies":"Gremlin Nob","floor":8.0,"turns":5.0},{"damage":9.0,"enemies":"Exordium Wildlife","floor":11.0,"turns":4.0},{"damage":0.0,"enemies":"3 Louse","floor":12.0,"turns":1.0},{"damage":0.0,"enemies":"Blue Slaver","floor":14.0,"turns":4.0},{"damage":23.0,"enemies":"Slime Boss","floor":16.0,"turns":11.0},{"damage":3.0,"enemies":"Shell Parasite","floor":18.0,"turns":4.0},{"damage":0.0,"enemies":"theJungle:5_Spyders","floor":20.0,"turns":4.0},{"damage":0.0,"enemies":"theJungle:Cassacara","floor":23.0,"turns":6.0},{"damage":0.0,"enemies":"theJungle:SlimyTreeVines","floor":24.0,"turns":6.0},{"damage":0.0,"enemies":"theJungle:2_Phrogs","floor":27.0,"turns":3.0},{"damage":0.0,"enemies":"theJungle:JungleHuntersEncounter","floor":30.0,"turns":1.0},{"damage":4.0,"enemies":"theJungle:Cassacara","floor":31.0,"turns":3.0},{"damage":36.0,"enemies":"theJungle:FunGuy","floor":33.0,"turns":8.0},{"damage":0.0,"enemies":"theFactory:2_Experiment_Personnel","floor":35.0,"turns":1.0},{"damage":0.0,"enemies":"theFactory:BigBot","floor":36.0,"turns":1.0},{"damage":0.0,"enemies":"theFactory:DefectiveSentry","floor":38.0,"turns":1.0},{"damage":0.0,"enemies":"theFactory:Manservantes","floor":40.0,"turns":1.0},{"damage":0.0,"enemies":"theFactory:Personnel_and_Big_Bot","floor":41.0,"turns":1.0},{"damage":0.0,"enemies":"theFactory:DrinkBrewer","floor":44.0,"turns":1.0},{"damage":0.0,"enemies":"theFactory:Big_Bot_Bundle","floor":45.0,"turns":1.0},{"damage":0.0,"enemies":"theFactory:Experiment01","floor":50.0,"turns":6.0},{"damage":0.0,"enemies":"Shield and Spear","floor":54.0,"turns":1.0},{"damage":0,"enemies":"The Heart","floor":55,"turns":2}],"seed_played":"-3276321572303810630","potions_obtained":[{"floor":1.0,"key":"AttackPotion"},{"floor":5.0,"key":"AttackPotion"},{"floor":16.0,"key":"LiquidBronze"},{"floor":27.0,"key":"Explosive Potion"},{"floor":35.0,"key":"GamblersBrew"},{"floor":36.0,"key":"SkillPotion"},{"floor":38.0,"key":"Block Potion"}],"is_trial":false,"path_per_floor":["M","?","M","?","M","R","$","?","T","R","M","M","R","M","R","B",null,"M","?","M","$","?","E","M","R","T","E","?","?","M","E","R","B",null,"M","M","$","M","?","E","M","R","T","E","M","?","$","?","R","B",null,"R","$","E","B",null],"character_chosen":"THE_SILENT","items_purchased":["Well Laid Plans","Membership Card"],"campfire_rested":0,"item_purchase_floors":[7,37],"current_hp_per_floor":[49,49,48,48,48,48,48,31,31,31,22,22,22,22,22,24,65,62,62,62,62,62,62,65,65,65,65,65,79,79,75,75,43,79,79,79,79,79,79,79,79,79,79,79,79,79,79,79,79,79,79,79,79,79,79],"gold":536,"neow_bonus":"TWO_FIFTY_GOLD","is_prod":false,"is_daily":false,"chose_seed":false,"campfire_upgraded":8,"win_rate":0,"timestamp":1560530980,"path_taken":["M","?","?","?","M","R","$","?","T","R","M","M","R","M","R","BOSS","M","?","M","$","?","E","M","R","T","E","?","?","M","E","R","BOSS","M","M","$","M","?","E","M","R","T","E","M","?","$","?","R","BOSS","R","$","E","BOSS"],"build_version":"2019-01-23","purchased_purges":3,"victory":true,"max_hp_per_floor":[70,70,70,65,65,65,65,65,65,65,65,65,65,65,65,65,65,65,65,65,65,65,65,65,65,65,65,65,79,79,79,79,79,79,79,79,79,79,79,79,79,79,79,79,79,79,79,79,79,79,79,79,79,79,79],"card_choices":[{"not_picked":["Poisoned Stab","Dodge and Roll"],"picked":"Tactician","floor":1.0},{"not_picked":["Quick Slash","Terror"],"picked":"Acrobatics","floor":3.0},{"not_picked":["Cloak And Dagger","Dodge and Roll"],"picked":"Footwork","floor":5.0},{"not_picked":["PiercingWail","Dagger Spray"],"picked":"Die Die Die","floor":8.0},{"not_picked":["Predator","Heel Hook"],"picked":"Acrobatics","floor":11.0},{"not_picked":["Blade Dance","Quick Slash","Concentrate"],"picked":"SKIP","floor":12.0},{"not_picked":["Deflect","Glass Knife"],"picked":"Bouncing Flask","floor":14.0},{"not_picked":["A Thousand Cuts","Tools of the Trade"],"picked":"Grand Finale","floor":16.0},{"not_picked":["Deflect+1","Terror","Setup+1"],"picked":"SKIP","floor":18.0},{"not_picked":["Distraction+1","Cloak And Dagger","Leg Sweep"],"picked":"SKIP","floor":20.0},{"not_picked":["Flying Knee","Footwork","Bane"],"picked":"SKIP","floor":23.0},{"not_picked":["Bane","Reflex","Backflip"],"picked":"SKIP","floor":24.0},{"not_picked":["Footwork","Prepared","Choke"],"picked":"SKIP","floor":27.0},{"not_picked":["Cloak And Dagger","Riddle With Holes+1","Endless Agony+1"],"picked":"SKIP","floor":30.0},{"not_picked":["Quick Slash","Finisher+1","Outmaneuver"],"picked":"SKIP","floor":31.0},{"not_picked":["Glass Knife+1","Burst+1"],"picked":"After Image+1","floor":33.0},{"not_picked":["Outmaneuver+1","Dagger Throw+1","Accuracy+1"],"picked":"SKIP","floor":35.0},{"not_picked":["Dash+1","Flying Knee+1","Slice"],"picked":"SKIP","floor":36.0},{"not_picked":["Slice","Flying Knee","Tactician+1"],"picked":"SKIP","floor":38.0},{"not_picked":["Outmaneuver+1","Sucker Punch+1"],"picked":"Adrenaline+1","floor":40.0},{"not_picked":["Dodge and Roll","Eviscerate+1","Underhanded Strike"],"picked":"SKIP","floor":41.0},{"not_picked":["Blur+1","Riddle With Holes+1","Deadly Poison+1"],"picked":"SKIP","floor":44.0},{"not_picked":["Backstab+1","Flying Knee","Terror+1"],"picked":"SKIP","floor":45.0},{"not_picked":["Blur+1","Cloak And Dagger+1","Slice+1"],"picked":"SKIP","floor":54.0}],"player_experience":5219557,"relics_obtained":[{"floor":8.0,"key":"Shuriken"},{"floor":9.0,"key":"Pantograph"},{"floor":23.0,"key":"Bottled Lightning"},{"floor":26.0,"key":"Spirit Poop"},{"floor":27.0,"key":"Bag of Preparation"},{"floor":31.0,"key":"Bag of Marbles"},{"floor":40.0,"key":"Omamori"},{"floor":44.0,"key":"Mummified Hand"}],"event_choices":[{"damage_healed":0.0,"max_hp_gain":0.0,"max_hp_loss":0.0,"gold_gain":0.0,"cards_transformed":["Strike_G"],"event_name":"Transmorgrifier","player_choice":"Transformed","floor":2.0,"gold_loss":0.0,"damage_taken":0.0,"cards_obtained":["All Out Attack"]},{"damage_healed":0.0,"max_hp_gain":0.0,"max_hp_loss":5.0,"gold_gain":0.0,"event_name":"Golden Idol","player_choice":"Lose Max HP","floor":4.0,"gold_loss":0.0,"damage_taken":0.0,"relics_obtained":["Golden Idol"]},{"damage_healed":0.0,"max_hp_gain":0.0,"max_hp_loss":0.0,"gold_gain":30.0,"event_name":"Dead Adventurer","player_choice":"Searched \u00273\u0027 times","floor":8.0,"gold_loss":0.0,"damage_taken":0.0}],"is_beta":false,"boss_relics":[{"not_picked":["Runic Dome","HoveringKite","Ring of the Serpent"]},{"not_picked":["Eternal Feather","Tiny House"],"picked":"Lizard Tail"}],"items_purged_floors":[7,21,37],"is_endless":false,"potions_floor_spawned":[1,5,16,27,30,35,36,38,40,50],"ascension_level":0}