{"gold_per_floor":[114,126,142,26,36,36,69,69,93,116,151,161,161,178,178,279,279,298,298,223,223,223,223,254,266,305,317,329,374,386,417,429,544,556,581,593,555,567,585,585,603,616,616,616,629,629,372,385,385,385],"floor_reached":51,"playtime":1818,"items_purged":["Strike_G","Defend_G","Defend_G"],"score":795,"play_id":"e645b461-f79e-46be-8a65-f764ef5128ef","local_time":"20181114173330","is_ascension_mode":false,"campfire_choices":[{"data":"Catalyst","floor":6.0,"key":"SMITH"},{"data":"Bouncing Flask","floor":13.0,"key":"SMITH"},{"data":"Well Laid Plans","floor":15.0,"key":"SMITH"},{"data":"Night Terror","floor":23.0,"key":"SMITH"},{"data":"Acrobatics","floor":25.0,"key":"SMITH"},{"data":"Tactician","floor":27.0,"key":"SMITH"},{"floor":30.0,"key":"REST"},{"floor":32.0,"key":"REST"},{"data":"Well Laid Plans","floor":40.0,"key":"SMITH"},{"data":"Neutralize","floor":46.0,"key":"SMITH"},{"data":"Adrenaline","floor":49.0,"key":"SMITH"}],"neow_cost":"NONE","seed_source_timestamp":23628719657168,"circlet_count":0,"master_deck":["Defend_G+1","Defend_G","Strike_G","Strike_G","Survivor","Neutralize+1","Unload","Tactician+1","Bouncing Flask+1","Catalyst+1","Well Laid Plans+1","Leg Sweep","Acrobatics+1","Night Terror+1","Acrobatics+1","Dagger Spray","Adrenaline+1","Adrenaline","Well Laid Plans+1","Acrobatics+1"],"special_seed":0,"relics":["Ring of the Snake","Art of War","Centennial Puzzle","Odd Mushroom","Anchor","Philosopher\u0027s Stone","MawBank","Smiling Mask","War Paint","Cursed Key","TwistedFunnel"],"potions_floor_usage":[50,50],"damage_taken":[{"damage":0.0,"enemies":"Cultist","floor":1.0,"turns":3.0},{"damage":0.0,"enemies":"Small Slimes","floor":2.0,"turns":4.0},{"damage":0.0,"enemies":"Jaw Worm","floor":3.0,"turns":3.0},{"damage":0.0,"enemies":"3 Louse","floor":5.0,"turns":3.0},{"damage":8.0,"enemies":"Lagavulin","floor":7.0,"turns":3.0},{"damage":9.0,"enemies":"The Mushroom Lair","floor":10.0,"turns":4.0},{"damage":0.0,"enemies":"Gremlin Nob","floor":11.0,"turns":3.0},{"damage":0.0,"enemies":"2 Fungi Beasts","floor":12.0,"turns":4.0},{"damage":0.0,"enemies":"Large Slime","floor":14.0,"turns":2.0},{"damage":15.0,"enemies":"Hexaghost","floor":16.0,"turns":7.0},{"damage":0.0,"enemies":"Spheric Guardian","floor":18.0,"turns":3.0},{"damage":0.0,"enemies":"Colosseum Slavers","floor":22.0,"turns":3.0},{"damage":12.0,"enemies":"Gremlin Leader","floor":24.0,"turns":4.0},{"damage":35.0,"enemies":"Slavers","floor":29.0,"turns":6.0},{"damage":8.0,"enemies":"2 Thieves","floor":31.0,"turns":3.0},{"damage":16.0,"enemies":"Collector","floor":33.0,"turns":3.0},{"damage":2.0,"enemies":"Orb Walker","floor":35.0,"turns":4.0},{"damage":0.0,"enemies":"3 Shapes","floor":38.0,"turns":4.0},{"damage":0.0,"enemies":"Jaw Worm Horde","floor":39.0,"turns":4.0},{"damage":10.0,"enemies":"Sphere and 2 Shapes","floor":41.0,"turns":5.0},{"damage":2.0,"enemies":"3 Darklings","floor":42.0,"turns":4.0},{"damage":0.0,"enemies":"Writhing Mass","floor":45.0,"turns":2.0},{"damage":0.0,"enemies":"Maw","floor":48.0,"turns":2.0},{"damage":0,"enemies":"Donu and Deca","floor":50,"turns":7}],"seed_played":"-3814538848156375017","potions_obtained":[{"floor":2.0,"key":"SkillPotion"},{"floor":3.0,"key":"AttackPotion"},{"floor":5.0,"key":"Fire Potion"},{"floor":11.0,"key":"Energy Potion"},{"floor":18.0,"key":"Fire Potion"},{"floor":29.0,"key":"Strength Potion"},{"floor":39.0,"key":"Dexterity Potion"},{"floor":41.0,"key":"GhostInAJar"}],"is_trial":false,"path_per_floor":["M","M","M","$","M","R","E","?","T","?","E","M","R","M","M","R","B",null,"M","?","$","?","?","R","E","R","T","R","?","E","R","M","R","B",null,"M","?","$","M","M","R","M","M","T","?","M","R","$","M","R","B",null],"character_chosen":"THE_SILENT","items_purchased":["Bouncing Flask","Catalyst","TwistedFunnel"],"campfire_rested":2,"item_purchase_floors":[4,4,47],"current_hp_per_floor":[70,70,70,70,70,70,62,67,67,58,58,58,58,58,58,43,75,75,75,75,61,61,61,49,49,49,49,49,14,38,30,54,38,80,78,78,78,78,78,78,68,66,66,66,66,66,66,66,66,66],"gold":385,"neow_bonus":"THREE_CARDS","is_prod":false,"is_daily":false,"chose_seed":false,"campfire_upgraded":9,"win_rate":0,"timestamp":1542188010,"path_taken":["M","?","M","$","M","R","E","?","T","?","E","M","R","M","R","BOSS","M","?","$","?","?","R","E","R","T","R","?","E","R","M","R","BOSS","M","?","$","?","M","R","M","M","T","?","M","R","$","M","R","BOSS"],"build_version":"2018-11-08","purchased_purges":3,"victory":true,"max_hp_per_floor":[70,70,70,70,70,70,70,75,75,75,75,75,75,75,75,75,75,75,75,75,80,80,80,80,80,80,80,80,80,80,80,80,80,80,80,80,80,80,80,80,80,80,80,80,80,80,80,80,80,80],"card_choices":[{"not_picked":["Dagger Throw","Blade Dance","Expertise"],"picked":"SKIP","floor":1.0},{"not_picked":["Underhanded Strike","Setup"],"picked":"Unload","floor":2.0},{"not_picked":["Infinite Blades","Acrobatics"],"picked":"Tactician","floor":3.0},{"not_picked":["Dodge and Roll","Backflip"],"picked":"Well Laid Plans","floor":5.0},{"not_picked":["Accuracy","Underhanded Strike"],"picked":"Leg Sweep","floor":7.0},{"not_picked":["Reflex","Flying Knee","Skewer"],"picked":"SKIP","floor":11.0},{"not_picked":["Outmaneuver","Slice","Flechettes"],"picked":"SKIP","floor":12.0},{"not_picked":["Footwork","Bane"],"picked":"Acrobatics","floor":14.0},{"not_picked":["Storm of Steel","Doppelganger"],"picked":"Night Terror","floor":16.0},{"not_picked":["Bane","Masterful Stab","Flechettes+1"],"picked":"SKIP","floor":18.0},{"not_picked":["Choke","Poisoned Stab+1","Flying Knee+1"],"picked":"SKIP","floor":24.0},{"not_picked":["Acrobatics+1","Setup","Masterful Stab"],"picked":"SKIP","floor":29.0},{"not_picked":["Crippling Poison+1","Noxious Fumes","Prepared"],"picked":"SKIP","floor":31.0},{"not_picked":["Unload","Bullet Time"],"picked":"Adrenaline","floor":33.0},{"not_picked":["Prepared","Backflip","Dagger Throw"],"picked":"SKIP","floor":35.0},{"not_picked":["Infinite Blades","Quick Slash+1"],"picked":"Well Laid Plans","floor":38.0},{"not_picked":["Prepared","Cloak And Dagger+1","Expertise+1"],"picked":"SKIP","floor":39.0},{"not_picked":["Prepared+1","Deadly Poison","Bane"],"picked":"SKIP","floor":41.0},{"not_picked":["Leg Sweep+1","Dagger Spray+1","Flying Knee+1"],"picked":"SKIP","floor":42.0},{"not_picked":["All Out Attack+1","Dodge and Roll","Quick Slash+1"],"picked":"SKIP","floor":45.0},{"not_picked":["Quick Slash+1","Cloak And Dagger"],"picked":"Acrobatics+1","floor":48.0}],"player_experience":1006643,"relics_obtained":[{"floor":7.0,"key":"Art of War"},{"floor":9.0,"key":"Centennial Puzzle"},{"floor":10.0,"key":"Odd Mushroom"},{"floor":11.0,"key":"Anchor"},{"floor":24.0,"key":"MawBank"},{"floor":26.0,"key":"Smiling Mask"},{"floor":29.0,"key":"War Paint"}],"event_choices":[{"damage_healed":0.0,"max_hp_gain":5.0,"max_hp_loss":0.0,"gold_gain":0.0,"event_name":"Big Fish","player_choice":"Donut","floor":8.0,"gold_loss":0.0,"damage_taken":0.0},{"damage_healed":0.0,"max_hp_gain":0.0,"max_hp_loss":0.0,"gold_gain":0.0,"event_name":"Mushrooms","player_choice":"Fought Mushrooms","floor":10.0,"gold_loss":0.0,"damage_taken":0.0},{"damage_healed":0.0,"max_hp_gain":0.0,"max_hp_loss":0.0,"gold_gain":0.0,"event_name":"Vampires","player_choice":"Ignored","floor":19.0,"gold_loss":0.0,"damage_taken":0.0},{"damage_healed":0.0,"max_hp_gain":5.0,"max_hp_loss":0.0,"gold_gain":0.0,"event_name":"Forgotten Altar","player_choice":"Shed Blood","floor":21.0,"gold_loss":0.0,"damage_taken":19.0},{"damage_healed":0.0,"max_hp_gain":0.0,"max_hp_loss":0.0,"gold_gain":0.0,"event_name":"Colosseum","player_choice":"Fight","floor":22.0,"gold_loss":0.0,"damage_taken":0.0},{"damage_healed":0.0,"max_hp_gain":0.0,"max_hp_loss":0.0,"gold_gain":0.0,"event_name":"Colosseum","player_choice":"Fled From Nobs","floor":22.0,"gold_loss":0.0,"damage_taken":0.0},{"damage_healed":0.0,"max_hp_gain":0.0,"max_hp_loss":0.0,"gold_gain":0.0,"cards_transformed":["Strike_G","Strike_G"],"event_name":"Drug Dealer","player_choice":"Became Test Subject","floor":28.0,"gold_loss":0.0,"damage_taken":0.0,"cards_obtained":["Acrobatics","Dagger Spray"]},{"damage_healed":0.0,"max_hp_gain":0.0,"max_hp_loss":0.0,"gold_gain":0.0,"event_name":"Duplicator","player_choice":"Copied","floor":36.0,"gold_loss":0.0,"damage_taken":0.0,"cards_obtained":["Adrenaline"]},{"cards_removed":["Defend_G"],"damage_healed":0.0,"max_hp_gain":0.0,"max_hp_loss":0.0,"gold_gain":0.0,"event_name":"Falling","player_choice":"Removed Skill","floor":44.0,"gold_loss":0.0,"damage_taken":0.0}],"is_beta":false,"boss_relics":[{"not_picked":["Ectoplasm","Lizard Tail"],"picked":"Philosopher\u0027s Stone"},{"not_picked":["Black Star","Sozu"],"picked":"Cursed Key"}],"items_purged_floors":[20,37,47],"is_endless":false,"potions_floor_spawned":[2,3,5,11,18,22,29,39,41,45],"ascension_level":0}