{"gold_per_floor":[114,114,19,169,188,188,223,223,277,310,185,185,196,210,210,284,284,299,319,319,336,336],"floor_reached":22,"playtime":702,"items_purged":["Doubt"],"score":438,"play_id":"22919be2-9747-43db-a2f3-4d4b5ade4c56","local_time":"20190107233608","is_ascension_mode":true,"campfire_choices":[{"data":"Footwork","floor":6,"key":"SMITH"},{"data":"Well Laid Plans","floor":8,"key":"SMITH"},{"data":"Deadly Poison","floor":12,"key":"SMITH"},{"data":"A Thousand Cuts","floor":15,"key":"SMITH"}],"neow_cost":"NONE","seed_source_timestamp":41367014685089,"circlet_count":0,"master_deck":["AscendersBane","Defend_G","Defend_G","Defend_G","Defend_G","Defend_G","Strike_G","Strike_G","Strike_G","Strike_G","Strike_G","Survivor","Neutralize","Footwork+1","Purity","Backflip","Well Laid Plans+1","A Thousand Cuts+1","Deadly Poison+1","Noxious Fumes","Infinite Blades","Corpse Explosion","Infinite Blades","Backflip"],"relics":["Ring of the Snake","NeowsBlessing","Vajra","Tiny Chest","Ninja Scroll","Runic Dome"],"potions_floor_usage":[10,19,20],"damage_taken":[{"damage":0,"enemies":"2 Louse","floor":1,"turns":1},{"damage":0,"enemies":"Jaw Worm","floor":5,"turns":1},{"damage":0,"enemies":"Lagavulin","floor":7,"turns":1},{"damage":45,"enemies":"Gremlin Nob","floor":10,"turns":6},{"damage":0,"enemies":"Cultist","floor":13,"turns":3},{"damage":0,"enemies":"Exordium Thugs","floor":14,"turns":4},{"damage":11,"enemies":"Hexaghost","floor":16,"turns":10},{"damage":7,"enemies":"Shell Parasite","floor":18,"turns":6},{"damage":5,"enemies":"3 Byrds","floor":19,"turns":5},{"damage":0,"enemies":"Colosseum Slavers","floor":20,"turns":1},{"damage":13,"enemies":"Centurion and Healer","floor":21,"turns":6},{"damage":36,"enemies":"Snecko","floor":22,"turns":3}],"seed_played":"-6293017736356646185","potions_obtained":[{"floor":7,"key":"EssenceOfSteel"},{"floor":13,"key":"SmokeBomb"},{"floor":16,"key":"Explosive Potion"}],"is_trial":false,"path_per_floor":["M","?","$","?","M","R","E","R","T","E","$","R","M","M","R","B",null,"M","M","?","M","M"],"character_chosen":"THE_SILENT","items_purchased":["Purity","Deadly Poison"],"campfire_rested":0,"item_purchase_floors":[3,11],"current_hp_per_floor":[59,64,64,64,64,64,64,64,64,19,19,19,19,19,19,8,55,48,43,43,30,0],"gold":336,"neow_bonus":"THREE_ENEMY_KILL","is_prod":false,"is_daily":false,"chose_seed":false,"campfire_upgraded":4,"win_rate":0,"timestamp":1546875368,"path_taken":["M","?","$","?","M","R","E","R","T","E","$","R","M","?","R","BOSS","M","M","?","M","M"],"build_version":"2019-01-03v4","purchased_purges":1,"victory":false,"max_hp_per_floor":[66,71,71,71,71,71,71,71,71,71,71,71,71,71,71,71,71,71,71,71,71,71],"card_choices":[{"not_picked":["Acrobatics","Quick Slash"],"picked":"Footwork","floor":1},{"not_picked":["Dodge and Roll","All Out Attack"],"picked":"Backflip","floor":5},{"not_picked":["Distraction","Poisoned Stab"],"picked":"Well Laid Plans","floor":7},{"not_picked":["Dodge and Roll","Flying Knee"],"picked":"A Thousand Cuts","floor":10},{"not_picked":["Slice","Sucker Punch"],"picked":"Noxious Fumes","floor":13},{"not_picked":["Poisoned Stab","Masterful Stab"],"picked":"Infinite Blades","floor":14},{"not_picked":["A Thousand Cuts","Venomology"],"picked":"Corpse Explosion","floor":16},{"not_picked":["PiercingWail","Acrobatics"],"picked":"Infinite Blades","floor":18},{"not_picked":["Riddle With Holes","Endless Agony","Flechettes"],"picked":"SKIP","floor":19},{"not_picked":["Riddle With Holes","Endless Agony","Flechettes"],"picked":"SKIP","floor":19},{"not_picked":["Deadly Poison","Dodge and Roll"],"picked":"Backflip","floor":21}],"player_experience":1838948,"relics_obtained":[{"floor":7,"key":"Vajra"},{"floor":9,"key":"Tiny Chest"},{"floor":10,"key":"Ninja Scroll"}],"event_choices":[{"damage_healed":0,"gold_gain":0,"player_choice":"Donut","damage_taken":0,"max_hp_gain":5,"max_hp_loss":0,"event_name":"Big Fish","floor":2,"gold_loss":0},{"damage_healed":0,"gold_gain":150,"player_choice":"AGREE","damage_taken":0,"max_hp_gain":0,"max_hp_loss":0,"event_name":"Liars Game","floor":4,"gold_loss":0,"cards_obtained":["Doubt"]},{"damage_healed":0,"gold_gain":0,"player_choice":"Fight","damage_taken":0,"max_hp_gain":0,"max_hp_loss":0,"event_name":"Colosseum","floor":20,"gold_loss":0},{"damage_healed":0,"gold_gain":0,"player_choice":"Fled From Nobs","damage_taken":0,"max_hp_gain":0,"max_hp_loss":0,"event_name":"Colosseum","floor":20,"gold_loss":0}],"is_beta":false,"boss_relics":[{"not_picked":["Orrery","Tiny House"],"picked":"Runic Dome"}],"items_purged_floors":[11],"is_endless":false,"potions_floor_spawned":[7,13,16,18],"killed_by":"Snecko","ascension_level":20}