{"gold_per_floor":[366,384,30,50,60,60,60,60,87,87,87,12,24,57,57,160,160,180,196,211,126,126,126,126,126,126,26,26,26,26,39,39,142,142,153,153,28,42,42,42,54,54,77,77,77,0,0,0,0,0],"floor_reached":51,"playtime":1362,"items_purged":["Bash","Iron Wave","Twin Strike"],"score":714,"play_id":"155ddfc7-497c-4d22-b746-ecbaf603c67c","local_time":"20181123210837","is_ascension_mode":false,"campfire_choices":[{"data":"Uppercut","floor":6.0,"key":"SMITH"},{"data":"Metallicize","floor":8.0,"key":"SMITH"},{"data":"Hemokinesis","floor":10.0,"key":"SMITH"},{"data":"Evolve","floor":15.0,"key":"SMITH"},{"data":"Phantasmal Killer","floor":23,"key":"SMITH"},{"data":"Bloodletting","floor":25,"key":"SMITH"},{"data":"Rupture","floor":28,"key":"SMITH"},{"data":"True Grit","floor":30,"key":"SMITH"},{"data":"Rampage","floor":32,"key":"SMITH"},{"data":"Double Tap","floor":40,"key":"SMITH"},{"data":"Second Wind","floor":42,"key":"SMITH"},{"data":"Shrug It Off","floor":44,"key":"SMITH"},{"floor":49,"key":"REST"}],"neow_cost":"CURSE","seed_source_timestamp":17210862263522,"circlet_count":0,"master_deck":["Metallicize+1","Hemokinesis+1","Uppercut+1","Infinite Blades","Evolve+1","Rupture+1","Phantasmal Killer+1","Headbutt","Shrug It Off+1","Rampage+1","Flex","Second Wind+1","True Grit+1","Dropkick+1","Backstab","Bloodletting+1","Double Tap+1","Reckless Charge","PiercingWail+1","Madness","Madness"],"special_seed":0,"relics":["Burning Blood","Orichalcum","PrismaticShard","Art of War","Boot","Pandora\u0027s Box","Self Forming Clay","Question Card","Busted Crown","Juzu Bracelet","Red Mask"],"potions_floor_usage":[33,50,50,50],"damage_taken":[{"damage":1.0,"enemies":"Cultist","floor":1.0,"turns":3.0},{"damage":3.0,"enemies":"Small Slimes","floor":2.0,"turns":4.0},{"damage":6.0,"enemies":"Jaw Worm","floor":4.0,"turns":4.0},{"damage":6.0,"enemies":"Gremlin Gang","floor":5.0,"turns":6.0},{"damage":2.0,"enemies":"Looter","floor":13.0,"turns":3.0},{"damage":4.0,"enemies":"Gremlin Nob","floor":14.0,"turns":4.0},{"damage":26.0,"enemies":"Slime Boss","floor":16.0,"turns":8.0},{"damage":4.0,"enemies":"Shell Parasite","floor":18.0,"turns":5.0},{"damage":22.0,"enemies":"2 Thieves","floor":19.0,"turns":4.0},{"damage":15.0,"enemies":"Snecko","floor":20.0,"turns":5.0},{"damage":7,"enemies":"Cultist and Chosen","floor":31,"turns":5},{"damage":55,"enemies":"Collector","floor":33,"turns":8},{"damage":6,"enemies":"Orb Walker","floor":35,"turns":3},{"damage":16,"enemies":"3 Darklings","floor":38,"turns":5},{"damage":12,"enemies":"Jaw Worm Horde","floor":41,"turns":5},{"damage":58,"enemies":"Awakened One","floor":50,"turns":9}],"seed_played":"8686091415222158377","potions_obtained":[{"floor":4.0,"key":"GamblersBrew"},{"floor":5.0,"key":"Explosive Potion"},{"floor":16.0,"key":"LiquidBronze"},{"floor":38,"key":"AttackPotion"}],"is_trial":false,"path_per_floor":["M","M","$","M","M","R","?","R","T","R","?","$","M","E","R","B",null,"M","M","M","?","?","R","?","R","T","$","R","$","R","M","R","B",null,"M","?","$","M","?","R","M","R","T","R","$","?","?","?","R","B",null],"character_chosen":"IRONCLAD","items_purchased":["Orichalcum","PrismaticShard"],"campfire_rested":1,"item_purchase_floors":[3,3],"current_hp_per_floor":[80,80,80,80,80,80,85,85,85,85,78,78,82,84,84,64,85,85,69,60,60,60,60,60,60,60,60,60,60,60,59,59,10,85,85,85,85,75,75,75,69,69,69,69,69,69,69,58,83,31],"gold":0,"neow_bonus":"TWO_FIFTY_GOLD","is_prod":false,"is_daily":false,"chose_seed":false,"campfire_upgraded":12,"win_rate":0,"timestamp":1542978517,"path_taken":["M","?","$","M","M","R","?","R","T","R","?","?","M","E","R","BOSS","M","?","M","?","?","R","?","R","T","?","R","$","R","M","R","BOSS","M","?","$","M","?","R","M","R","T","R","?","?","?","?","R","BOSS"],"build_version":"2018-11-15","purchased_purges":3,"victory":true,"max_hp_per_floor":[80,80,80,80,80,80,85,85,85,85,85,85,85,85,85,85,85,85,85,85,85,85,85,85,85,85,85,85,85,85,85,85,85,85,85,85,85,85,85,85,85,85,85,85,85,85,85,85,85,85],"card_choices":[{"not_picked":["Warcry","Armaments"],"picked":"Metallicize","floor":1.0},{"not_picked":["Twin Strike","Pummel"],"picked":"Hemokinesis","floor":2.0},{"not_picked":["Thunderclap","Twin Strike"],"picked":"Uppercut","floor":4.0},{"not_picked":["Conserve Battery","Ball Lightning"],"picked":"Infinite Blades","floor":5.0},{"not_picked":["Sweeping Beam","Perfected Strike"],"picked":"Evolve","floor":13.0},{"not_picked":["Clothesline","Cloak And Dagger"],"picked":"Rupture","floor":14.0},{"not_picked":["Envenom","Berserk"],"picked":"Phantasmal Killer","floor":16.0},{"not_picked":["Deflect","Slice"],"picked":"Dropkick+1","floor":18.0},{"not_picked":["Jack Of All Trades","Leap"],"picked":"Backstab","floor":19.0},{"not_picked":["Backflip","Iron Wave"],"picked":"Bloodletting","floor":20.0},{"not_picked":["Slice","Compile Driver+1","Reprogram","Deadly Poison"],"picked":"SKIP","floor":31},{"not_picked":["Mayhem","Biased Cognition","Electrodynamics"],"picked":"Double Tap","floor":33},{"not_picked":["Auto Shields"],"picked":"Reckless Charge","floor":35},{"not_picked":["Streamline+1"],"picked":"PiercingWail+1","floor":38},{"not_picked":["Storm+1","Blizzard+1"],"picked":"SKIP","floor":41}],"player_experience":1122217,"relics_obtained":[{"floor":9.0,"key":"Art of War"},{"floor":14.0,"key":"Boot"},{"floor":26,"key":"Question Card"},{"floor":43,"key":"Juzu Bracelet"}],"event_choices":[{"damage_healed":0.0,"max_hp_gain":5.0,"max_hp_loss":0.0,"gold_gain":0.0,"event_name":"Big Fish","player_choice":"Donut","floor":7.0,"gold_loss":0.0,"damage_taken":0.0},{"cards_removed":["Injury"],"damage_healed":0.0,"max_hp_gain":0.0,"max_hp_loss":0.0,"gold_gain":0.0,"event_name":"Golden Wing","player_choice":"Card Removal","floor":11.0,"gold_loss":0.0,"damage_taken":7.0},{"damage_healed":0.0,"max_hp_gain":0.0,"max_hp_loss":0.0,"gold_gain":0.0,"event_name":"Addict","player_choice":"Obtained Relic","floor":21.0,"gold_loss":85.0,"damage_taken":0.0,"relics_obtained":["Self Forming Clay"]},{"damage_healed":0,"gold_gain":0,"player_choice":"Ignored","damage_taken":0,"max_hp_gain":0,"max_hp_loss":0,"event_name":"The Mausoleum","floor":22,"gold_loss":0},{"damage_healed":0,"gold_gain":0,"player_choice":"Ignored","damage_taken":0,"max_hp_gain":0,"max_hp_loss":0,"event_name":"Vampires","floor":24,"gold_loss":0},{"cards_removed":["Feel No Pain"],"damage_healed":0,"gold_gain":0,"player_choice":"Removed Power","damage_taken":0,"max_hp_gain":0,"max_hp_loss":0,"event_name":"Falling","floor":36,"gold_loss":0},{"damage_healed":0,"gold_gain":0,"player_choice":"Memory 1","damage_taken":0,"max_hp_gain":0,"max_hp_loss":0,"event_name":"SensoryStone","floor":39,"gold_loss":0},{"damage_healed":0,"gold_gain":0,"player_choice":"Paid","damage_taken":0,"relics_obtained":["Red Mask"],"max_hp_gain":0,"max_hp_loss":0,"event_name":"Tomb of Lord Red Mask","floor":46,"gold_loss":77},{"damage_healed":0,"gold_gain":0,"player_choice":"Ignored","damage_taken":0,"max_hp_gain":0,"max_hp_loss":0,"event_name":"Mysterious Sphere","floor":47,"gold_loss":0},{"damage_healed":0,"gold_gain":0,"player_choice":"Embrace Madness","damage_taken":11,"max_hp_gain":0,"max_hp_loss":0,"event_name":"Winding Halls","floor":48,"gold_loss":0,"cards_obtained":["Madness","Madness"]}],"is_beta":false,"boss_relics":[{"not_picked":["Empty Cage","White Beast Statue"],"picked":"Pandora\u0027s Box"},{"not_picked":["Eternal Feather","Velvet Choker"],"picked":"Busted Crown"}],"items_purged_floors":[12,27,37],"is_endless":false,"potions_floor_spawned":[4,5,16,20,38],"ascension_level":0}