{"gold_per_floor":[121,133,145,172,197,209,241,253,565,577,622,654,666,678,690,774,786,814,826,853,755,783,795,819,860,872,909,921,959,987,1025,1037,1122,1134,1165,1193,1219,1245,1275,1287,1329,1341,1353,1393,1419,1461,1521,1565,1577,1589,1601,1613,1625,735,766,766],"floor_reached":57,"playtime":3235,"items_purged":["Strike_G"],"score":3854,"play_id":"2b0c4541-52f5-4bca-9d19-01a2574d8584","local_time":"20190205233617","is_ascension_mode":true,"campfire_choices":[{"data":"Neutralize","floor":6.0,"key":"SMITH"},{"data":"Terror","floor":8.0,"key":"SMITH"},{"data":"Grand Finale","floor":10.0,"key":"SMITH"},{"data":"Noxious Fumes","floor":13.0,"key":"SMITH"},{"data":"Dagger Throw","floor":15.0,"key":"SMITH"},{"data":"Acrobatics","floor":23.0,"key":"SMITH"},{"data":"Calculated Gamble","floor":32.0,"key":"SMITH"},{"data":"Expertise","floor":40.0,"key":"SMITH"},{"floor":49.0,"key":"RECALL"},{"data":"Tactician","floor":53.0,"key":"SMITH"}],"neow_cost":"NONE","seed_source_timestamp":30197469331746,"circlet_count":0,"master_deck":["AscendersBane","Defend_G+1","Defend_G","Defend_G","Defend_G","Defend_G","Survivor+1","Neutralize+1","Dagger Throw+1","Grand Finale+1","Terror+1","Escape Plan","Noxious Fumes+1","Adrenaline","Acrobatics+1","Dash","Infinite Blades","Backflip+1","Expertise+1","Adrenaline","Adrenaline","Calculated Gamble+1","Adrenaline","Acrobatics+1","Tactician+1"],"special_seed":0,"relics":["Ring of the Snake","MawBank","Old Coin","Tough Bandages","Coffee Dripper","Question Card","Mango","Juzu Bracelet","Bottled Tornado","Runic Pyramid","Meat on the Bone","Shuriken","Happy Flower","Bottled Flame","Nunchaku","Paper Crane","Sundial","Ornamental Fan","Cauldron","Gremlin Horn"],"potions_floor_usage":[],"damage_taken":[{"damage":0.0,"enemies":"Small Slimes","floor":1.0,"turns":4.0},{"damage":0.0,"enemies":"Jaw Worm","floor":4.0,"turns":3.0},{"damage":4.0,"enemies":"2 Louse","floor":5.0,"turns":4.0},{"damage":0.0,"enemies":"Looter","floor":7.0,"turns":3.0},{"damage":10.0,"enemies":"Gremlin Nob","floor":11.0,"turns":3.0},{"damage":6.0,"enemies":"Lots of Slimes","floor":12.0,"turns":6.0},{"damage":0.0,"enemies":"Hexaghost","floor":16.0,"turns":7.0},{"damage":0.0,"enemies":"3 Byrds","floor":18.0,"turns":5.0},{"damage":0.0,"enemies":"Spheric Guardian","floor":20.0,"turns":3.0},{"damage":1.0,"enemies":"Chosen and Byrds","floor":22.0,"turns":5.0},{"damage":1.0,"enemies":"3 Cultists","floor":24.0,"turns":6.0},{"damage":0.0,"enemies":"Book of Stabbing","floor":25.0,"turns":3.0},{"damage":0.0,"enemies":"Gremlin Leader","floor":27.0,"turns":3.0},{"damage":0.0,"enemies":"Slavers","floor":29.0,"turns":1.0},{"damage":0.0,"enemies":"Cultist and Chosen","floor":30.0,"turns":1.0},{"damage":0.0,"enemies":"Gremlin Leader","floor":31.0,"turns":3.0},{"damage":0.0,"enemies":"Champ","floor":33.0,"turns":8.0},{"damage":0.0,"enemies":"3 Darklings","floor":35.0,"turns":2.0},{"damage":0.0,"enemies":"Orb Walker","floor":36.0,"turns":1.0},{"damage":0.0,"enemies":"Sphere and 2 Shapes","floor":37.0,"turns":1.0},{"damage":0.0,"enemies":"4 Shapes","floor":38.0,"turns":1.0},{"damage":0.0,"enemies":"Spire Growth","floor":39.0,"turns":2.0},{"damage":0.0,"enemies":"Nemesis","floor":41.0,"turns":1.0},{"damage":0.0,"enemies":"Reptomancer","floor":44.0,"turns":2.0},{"damage":0.0,"enemies":"Writhing Mass","floor":45.0,"turns":3.0},{"damage":0.0,"enemies":"Nemesis","floor":46.0,"turns":1.0},{"damage":0.0,"enemies":"2 Orb Walkers","floor":47.0,"turns":2.0},{"damage":0.0,"enemies":"Giant Head","floor":48.0,"turns":2.0},{"damage":0.0,"enemies":"Awakened One","floor":50.0,"turns":5.0},{"damage":0.0,"enemies":"Time Eater","floor":51.0,"turns":6.0},{"damage":0.0,"enemies":"Shield and Spear","floor":55.0,"turns":1.0},{"damage":0,"enemies":"The Heart","floor":56,"turns":7}],"seed_played":"-5096886462914842564","potions_obtained":[{"floor":5.0,"key":"Fire Potion"},{"floor":12.0,"key":"Weak Potion"},{"floor":16.0,"key":"SkillPotion"},{"floor":18.0,"key":"SteroidPotion"},{"floor":20.0,"key":"Explosive Potion"},{"floor":25.0,"key":"Block Potion"},{"floor":30.0,"key":"Fire Potion"},{"floor":35.0,"key":"SkillPotion"}],"is_trial":false,"path_per_floor":["M","?","?","M","M","R","M","R","T","R","E","M","R","?","R","B",null,"M","?","M","?","M","R","M","E","T","E","?","E","M","E","R","B",null,"M","M","M","M","M","R","E","?","T","E","M","E","?","E","R","B","B",null,"R","$","E","B",null],"character_chosen":"THE_SILENT","items_purchased":["Sundial","Ornamental Fan","Cauldron","Swift Potion"],"campfire_rested":0,"item_purchase_floors":[54,54,54,54],"current_hp_per_floor":[59,39,39,39,35,35,35,35,35,35,25,19,19,24,24,24,59,59,59,59,59,58,58,57,57,57,71,46,46,46,46,46,46,79,79,79,79,79,79,79,79,79,79,79,79,79,79,79,79,79,79,87,87,87,87,87],"gold":766,"neow_bonus":"RANDOM_COMMON_RELIC","is_prod":false,"is_daily":false,"chose_seed":false,"campfire_upgraded":9,"win_rate":0,"timestamp":1549380977,"path_taken":["M","?","?","M","M","R","M","R","T","R","E","M","R","?","R","BOSS","M","?","M","?","?","R","M","E","T","E","?","E","M","E","R","BOSS","M","M","M","M","M","R","E","?","T","E","M","E","?","E","R","BOSS","BOSS","R","$","E","BOSS"],"build_version":"2019-01-23","purchased_purges":1,"victory":true,"max_hp_per_floor":[66,66,66,66,66,66,66,66,66,66,66,66,66,71,71,71,71,71,71,71,71,71,71,71,71,71,85,90,90,90,90,90,90,90,90,90,90,90,90,90,90,90,90,90,90,90,90,90,90,90,90,90,90,90,90,90],"card_choices":[{"not_picked":["Underhanded Strike","Quick Slash","Flying Knee"],"picked":"SKIP","floor":1.0},{"not_picked":["Sucker Punch","Prepared"],"picked":"Dagger Throw","floor":4.0},{"not_picked":["Expertise","Infinite Blades"],"picked":"Grand Finale","floor":5.0},{"not_picked":["Outmaneuver","Terror","Flying Knee"],"picked":"SKIP","floor":7.0},{"not_picked":["Outmaneuver","Flying Knee"],"picked":"Terror","floor":7.0},{"not_picked":["Concentrate","Die Die Die"],"picked":"Escape Plan","floor":11.0},{"not_picked":["PiercingWail","Infinite Blades"],"picked":"Noxious Fumes","floor":12.0},{"not_picked":["Storm of Steel","Wraith Form v2"],"picked":"Adrenaline","floor":16.0},{"not_picked":["Sucker Punch","Finisher"],"picked":"Acrobatics","floor":18.0},{"not_picked":["Cloak And Dagger","Infinite Blades"],"picked":"Backflip+1","floor":20.0},{"not_picked":["Footwork","Eviscerate"],"picked":"Expertise","floor":22.0},{"not_picked":["Outmaneuver","Catalyst","Flying Knee"],"picked":"SKIP","floor":24.0},{"not_picked":["Flying Knee","PiercingWail","Riddle With Holes"],"picked":"SKIP","floor":25.0},{"not_picked":["Dagger Throw","Catalyst","Blade Dance"],"picked":"Adrenaline","floor":27.0},{"not_picked":["Burst","Underhanded Strike+1","Bane"],"picked":"Adrenaline","floor":29.0},{"not_picked":["Flying Knee","Poisoned Stab","Accuracy"],"picked":"Calculated Gamble","floor":30.0},{"not_picked":["Quick Slash","Cloak And Dagger","Tools of the Trade","Outmaneuver+1"],"picked":"SKIP","floor":31.0},{"not_picked":["Bullet Time","Burst","Wraith Form v2"],"picked":"Adrenaline","floor":33.0},{"not_picked":["Flechettes","Prepared+1","Underhanded Strike"],"picked":"Acrobatics+1","floor":35.0},{"not_picked":["Poisoned Stab","Leg Sweep","Skewer","Dash+1"],"picked":"SKIP","floor":36.0},{"not_picked":["Finisher","Cloak And Dagger+1","Dagger Spray","Deadly Poison"],"picked":"SKIP","floor":37.0},{"not_picked":["Dagger Spray","Bane","Blur+1","Doppelganger"],"picked":"SKIP","floor":38.0},{"not_picked":["Underhanded Strike","Acrobatics","Expertise","Poisoned Stab"],"picked":"SKIP","floor":39.0},{"not_picked":["Dagger Spray+1","Escape Plan","Poisoned Stab","Underhanded Strike"],"picked":"SKIP","floor":41.0},{"not_picked":["Footwork","Predator","Acrobatics","Escape Plan"],"picked":"SKIP","floor":44.0},{"not_picked":["PiercingWail+1","Footwork","Backflip","Cloak And Dagger"],"picked":"SKIP","floor":45.0},{"not_picked":["Burst","Sucker Punch","All Out Attack","Unload"],"picked":"SKIP","floor":46.0},{"not_picked":["Dagger Spray","Underhanded Strike","After Image"],"picked":"Tactician","floor":48.0},{"not_picked":["Deflect","Caltrops+1","Flechettes","Tools of the Trade"],"picked":"SKIP","floor":55.0}],"player_experience":2554273,"relics_obtained":[{"floor":9.0,"key":"Old Coin"},{"floor":11.0,"key":"Tough Bandages"},{"floor":25.0,"key":"Question Card"},{"floor":27.0,"key":"Mango"},{"floor":29.0,"key":"Juzu Bracelet"},{"floor":31.0,"key":"Bottled Tornado"},{"floor":41.0,"key":"Meat on the Bone"},{"floor":43.0,"key":"Shuriken"},{"floor":44.0,"key":"Happy Flower"},{"floor":46.0,"key":"Bottled Flame"},{"floor":47.0,"key":"Nunchaku"},{"floor":48.0,"key":"Paper Crane"},{"floor":55.0,"key":"Gremlin Horn"}],"event_choices":[{"damage_healed":0.0,"max_hp_gain":0.0,"max_hp_loss":0.0,"gold_gain":0.0,"event_name":"Shining Light","player_choice":"Entered Light","floor":2.0,"gold_loss":0.0,"damage_taken":20.0,"cards_upgraded":["Survivor","Strike_G"]},{"damage_healed":0.0,"max_hp_gain":0.0,"max_hp_loss":0.0,"gold_gain":0.0,"event_name":"Liars Game","player_choice":"Ignored","floor":3.0,"gold_loss":0.0,"damage_taken":0.0},{"damage_healed":0.0,"max_hp_gain":5.0,"max_hp_loss":0.0,"gold_gain":0.0,"event_name":"Big Fish","player_choice":"Donut","floor":14.0,"gold_loss":0.0,"damage_taken":0.0},{"damage_healed":0.0,"max_hp_gain":0.0,"max_hp_loss":0.0,"gold_gain":0.0,"cards_transformed":["Strike_G","Strike_G"],"event_name":"Drug Dealer","player_choice":"Became Test Subject","floor":19.0,"gold_loss":0.0,"damage_taken":0.0,"cards_obtained":["Dash","Infinite Blades"]},{"cards_removed":["Strike_G"],"damage_healed":0.0,"max_hp_gain":0.0,"max_hp_loss":0.0,"gold_gain":0.0,"event_name":"Designer","player_choice":"Upgrade and Remove","floor":21.0,"gold_loss":110.0,"damage_taken":0.0,"cards_upgraded":["Defend_G"]},{"damage_healed":0.0,"max_hp_gain":5.0,"max_hp_loss":0.0,"gold_gain":0.0,"event_name":"Forgotten Altar","player_choice":"Shed Blood","floor":28.0,"gold_loss":0.0,"damage_taken":30.0},{"cards_removed":["Strike_G"],"damage_healed":0.0,"max_hp_gain":0.0,"max_hp_loss":0.0,"gold_gain":0.0,"event_name":"Falling","player_choice":"Removed Attack","floor":42.0,"gold_loss":0.0,"damage_taken":0.0},{"damage_healed":0.0,"max_hp_gain":0.0,"max_hp_loss":0.0,"gold_gain":0.0,"event_name":"Mysterious Sphere","player_choice":"Fight","floor":47.0,"gold_loss":0.0,"damage_taken":0.0}],"is_beta":false,"boss_relics":[{"not_picked":["WristBlade","Fusion Hammer"],"picked":"Coffee Dripper"},{"not_picked":["Tiny House","Eternal Feather"],"picked":"Runic Pyramid"}],"items_purged_floors":[54],"is_endless":false,"potions_floor_spawned":[5,12,16,18,20,25,30,35,44,45,46,48],"ascension_level":20}