{"gold_per_floor":[115,135,135,149,160,160,160,160,183,183,31,74,87,87,87,178,178,199,218,108,20,44,85,85,85,110,10,10,24,24,41,41,114,114,125,141,57,57,74,102,102,116,116,132,152,164,180,192,192,192,192,192,192,142,167,167],"floor_reached":57,"playtime":3495,"items_purged":["Strike_B","Strike_B","Parasite"],"score":2651,"play_id":"39fe2527-bd5e-4df5-a262-e65d0991d0d3","local_time":"20181220154520","is_ascension_mode":true,"campfire_choices":[{"data":"Consume","floor":6.0,"key":"SMITH"},{"data":"Zap","floor":8.0,"key":"SMITH"},{"data":"Dualcast","floor":10.0,"key":"SMITH"},{"data":"Hologram","floor":15.0,"key":"SMITH"},{"data":"Biased Cognition","floor":24.0,"key":"SMITH"},{"data":"Seek","floor":28.0,"key":"SMITH"},{"floor":30.0,"key":"RECALL"},{"data":"Glacier","floor":32.0,"key":"SMITH"},{"data":"Capacitor","floor":41.0,"key":"SMITH"},{"data":"Echo Form","floor":49.0,"key":"SMITH"},{"data":"Rainbow","floor":53.0,"key":"SMITH"}],"neow_cost":"NONE","seed_source_timestamp":16396382052752,"circlet_count":0,"master_deck":["AscendersBane","Strike_B","Strike_B","Defend_B","Defend_B","Zap+1","Dualcast+1","Seek+1","Ball Lightning","Consume+1","Glacier+1","Self Repair+1","Hologram+1","Biased Cognition+1","Ball Lightning","Genetic Algorithm+1","Core Surge","Sunder+1","Echo Form+1","Echo Form","Coolheaded","Core Surge","Hologram","Capacitor+1","Chill","Rainbow+1","Loop+1","Coolheaded","Coolheaded","Blizzard+1"],"special_seed":0,"relics":["Cracked Core","Bloody Idol","Bronze Scales","Potion Belt","Happy Flower","Velvet Choker","Blood Vial","Sozu","Smiling Mask","Pantograph","Unceasing Top"],"potions_floor_usage":[56,56],"damage_taken":[{"damage":2.0,"enemies":"Jaw Worm","floor":1.0,"turns":4.0},{"damage":0.0,"enemies":"Small Slimes","floor":2.0,"turns":3.0},{"damage":0.0,"enemies":"Cultist","floor":4.0,"turns":3.0},{"damage":1.0,"enemies":"2 Fungi Beasts","floor":5.0,"turns":4.0},{"damage":27.0,"enemies":"Gremlin Nob","floor":12.0,"turns":4.0},{"damage":0.0,"enemies":"Red Slaver","floor":13.0,"turns":4.0},{"damage":32.0,"enemies":"Slime Boss","floor":16.0,"turns":6.0},{"damage":3.0,"enemies":"Shell Parasite","floor":18.0,"turns":7.0},{"damage":4.0,"enemies":"Spheric Guardian","floor":19.0,"turns":4.0},{"damage":21.0,"enemies":"Snake Plant","floor":22.0,"turns":3.0},{"damage":19.0,"enemies":"Gremlin Leader","floor":23.0,"turns":6.0},{"damage":9.0,"enemies":"Snecko","floor":29.0,"turns":5.0},{"damage":6.0,"enemies":"Shelled Parasite and Fungi","floor":31.0,"turns":4.0},{"damage":18.0,"enemies":"Collector","floor":33.0,"turns":8.0},{"damage":17.0,"enemies":"3 Darklings","floor":35.0,"turns":5.0},{"damage":0.0,"enemies":"3 Shapes","floor":36.0,"turns":9.0},{"damage":55.0,"enemies":"Jaw Worm Horde","floor":39.0,"turns":6.0},{"damage":14.0,"enemies":"Nemesis","floor":40.0,"turns":9.0},{"damage":23.0,"enemies":"Sphere and 2 Shapes","floor":42.0,"turns":6.0},{"damage":8.0,"enemies":"3 Darklings","floor":44.0,"turns":6.0},{"damage":0.0,"enemies":"4 Shapes","floor":45.0,"turns":9.0},{"damage":0.0,"enemies":"Maw","floor":46.0,"turns":7.0},{"damage":8.0,"enemies":"Spire Growth","floor":47.0,"turns":5.0},{"damage":24.0,"enemies":"Writhing Mass","floor":48.0,"turns":6.0},{"damage":61.0,"enemies":"Donu and Deca","floor":50.0,"turns":19.0},{"damage":25.0,"enemies":"Awakened One","floor":51.0,"turns":13.0},{"damage":5,"enemies":"Shield and Spear","floor":55,"turns":8},{"damage":59,"enemies":"The Heart","floor":56,"turns":10}],"seed_played":"2710144533615690044","potions_obtained":[{"floor":2.0,"key":"Weak Potion"},{"floor":4.0,"key":"Explosive Potion"},{"floor":19.0,"key":"PowerPotion"},{"floor":23.0,"key":"LiquidBronze"},{"floor":31.0,"key":"Ancient Potion"}],"is_trial":false,"path_per_floor":["M","M","?","M","M","R","?","R","T","R","$","E","M","T","R","B",null,"M","M","?","$","M","E","R","?","T","$","R","M","R","M","R","B",null,"M","M","$","?","M","E","R","M","T","M","M","M","M","M","R","B","B",null,"R","$","E","B",null],"character_chosen":"DEFECT","items_purchased":["Self Repair","Core Surge","Core Surge"],"campfire_rested":0,"item_purchase_floors":[11,21,37],"current_hp_per_floor":[62,62,62,62,61,61,61,61,61,61,61,41,41,41,41,16,52,56,59,59,59,48,29,29,29,34,34,34,42,42,63,63,61,63,64,64,64,64,24,37,37,41,41,60,64,64,64,64,64,23,45,59,59,59,61,12],"gold":167,"neow_bonus":"ONE_RANDOM_RARE_CARD","is_prod":false,"is_daily":false,"chose_seed":false,"campfire_upgraded":10,"win_rate":0,"timestamp":1545291920,"path_taken":["M","M","?","M","M","R","?","R","T","R","?","E","?","?","R","BOSS","M","M","?","$","?","E","R","?","T","$","R","M","R","M","R","BOSS","M","M","$","?","M","E","R","?","T","M","M","?","?","M","R","BOSS","BOSS","R","$","E","BOSS"],"build_version":"2018-12-13","purchased_purges":3,"victory":true,"max_hp_per_floor":[71,71,71,71,71,71,64,64,64,64,64,64,64,64,64,64,64,64,64,64,64,64,64,64,64,64,64,64,64,64,64,64,64,64,64,64,64,64,64,64,64,64,64,64,64,64,64,64,64,64,64,64,64,61,61,61],"card_choices":[{"not_picked":["Reprogram","Lockon"],"picked":"Ball Lightning","floor":1.0},{"not_picked":["Barrage","Cold Snap"],"picked":"Consume","floor":2.0},{"not_picked":["Conserve Battery","Beam Cell"],"picked":"Glacier","floor":4.0},{"not_picked":["Beam Cell","Steam","FTL"],"picked":"SKIP","floor":5.0},{"not_picked":["Rip and Tear","Sweeping Beam","Hello World"],"picked":"SKIP","floor":12.0},{"not_picked":["Sweeping Beam","Compile Driver"],"picked":"Hologram","floor":13.0},{"not_picked":["Hyperbeam","Multi-Cast"],"picked":"Biased Cognition","floor":16.0},{"not_picked":["Go for the Eyes","Conserve Battery"],"picked":"Ball Lightning","floor":18.0},{"not_picked":["Conserve Battery+1","Cold Snap"],"picked":"Genetic Algorithm+1","floor":19.0},{"not_picked":["Sunder+1","Ball Lightning","Hello World"],"picked":"SKIP","floor":22.0},{"not_picked":["Ball Lightning","Hello World"],"picked":"Sunder+1","floor":22.0},{"not_picked":["Heatsinks+1","Redo+1","Consume"],"picked":"SKIP","floor":23.0},{"not_picked":["Beam Cell","BootSequence+1"],"picked":"Echo Form","floor":29.0},{"not_picked":["Rebound","Barrage","Sweeping Beam"],"picked":"SKIP","floor":31.0},{"not_picked":["Amplify","Biased Cognition"],"picked":"Echo Form","floor":33.0},{"not_picked":["Gash","Heatsinks+1","Leap"],"picked":"SKIP","floor":35.0},{"not_picked":["Gash","Steam"],"picked":"Coolheaded","floor":36.0},{"not_picked":["Gash","Leap"],"picked":"Hologram","floor":39.0},{"not_picked":["Gash+1","Steam Power"],"picked":"Capacitor","floor":40.0},{"not_picked":["Redo","Doom and Gloom","Chaos"],"picked":"SKIP","floor":42.0},{"not_picked":["Steam+1","Leap+1"],"picked":"Chill","floor":44.0},{"not_picked":["Beam Cell+1","Conserve Battery"],"picked":"Rainbow","floor":45.0},{"not_picked":["BootSequence","Undo"],"picked":"Loop+1","floor":46.0},{"not_picked":["Hologram","Steam"],"picked":"Coolheaded","floor":47.0},{"not_picked":["FTL","Conserve Battery"],"picked":"Coolheaded","floor":48.0},{"not_picked":["Fusion","BootSequence"],"picked":"Blizzard+1","floor":55}],"player_experience":1406904,"relics_obtained":[{"floor":9.0,"key":"Bronze Scales"},{"floor":12.0,"key":"Potion Belt"},{"floor":14.0,"key":"Happy Flower"},{"floor":23.0,"key":"Blood Vial"},{"floor":40.0,"key":"Smiling Mask"},{"floor":43.0,"key":"Pantograph"},{"floor":55,"key":"Unceasing Top"}],"event_choices":[{"damage_healed":0.0,"max_hp_gain":0.0,"max_hp_loss":0.0,"gold_gain":0.0,"event_name":"Liars Game","player_choice":"Ignored","floor":3.0,"gold_loss":0.0,"damage_taken":0.0},{"damage_healed":0.0,"max_hp_gain":0.0,"max_hp_loss":7.0,"gold_gain":0.0,"event_name":"Golden Idol","player_choice":"Lose Max HP","floor":7.0,"gold_loss":0.0,"damage_taken":0.0,"relics_obtained":["Golden Idol"]},{"cards_removed":["Defend_B"],"damage_healed":0.0,"max_hp_gain":0.0,"max_hp_loss":0.0,"gold_gain":0.0,"event_name":"Designer","player_choice":"Upgrade and Remove","floor":20.0,"gold_loss":110.0,"damage_taken":0.0,"cards_upgraded":["Self Repair"]},{"damage_healed":0.0,"max_hp_gain":0.0,"max_hp_loss":0.0,"gold_gain":0.0,"event_name":"Forgotten Altar","player_choice":"Gave Idol","floor":25.0,"relics_lost":["Golden Idol"],"gold_loss":0.0,"damage_taken":0.0,"relics_obtained":["Bloody Idol"]},{"cards_removed":["Defend_B"],"damage_healed":0.0,"max_hp_gain":0.0,"max_hp_loss":0.0,"gold_gain":0.0,"event_name":"Bonfire Elementals","player_choice":"Offered Basic","floor":38.0,"gold_loss":0.0,"damage_taken":0.0}],"is_beta":false,"boss_relics":[{"not_picked":["Snecko Eye","White Beast Statue"],"picked":"Velvet Choker"},{"not_picked":["Black Star","Philosopher\u0027s Stone"],"picked":"Sozu"}],"items_purged_floors":[11,27,54],"is_endless":false,"potions_floor_spawned":[2,4,19,23,31,39,42,44,45,47,55],"ascension_level":20}