{"gold_per_floor":[116,132,144,144,144,144,176,196,222,222,322,45,45,55,55,150,150,165,265,139,172,172,198,214,214,214,214,151,151,162,180,180,280,280,297,348,348,40,140,171,171,185,210,223,69,69,86,105,105,105],"floor_reached":51,"playtime":1460,"items_purged":["Strike_R","Strike_R","Strike_R+1","Defend_R","Defend_R"],"score":768,"play_id":"4b744479-3bde-4a11-95be-3385d7202402","local_time":"20190619224615","is_ascension_mode":false,"campfire_choices":[{"data":"Flex","floor":6.0,"key":"SMITH"},{"data":"Limit Break","floor":10.0,"key":"SMITH"},{"data":"Burning Pact","floor":13.0,"key":"SMITH"},{"data":"Heavy Blade","floor":15.0,"key":"SMITH"},{"data":"Strike_R","floor":25.0,"key":"PURGE"},{"data":"Bash+1","floor":27.0,"key":"PURGE"},{"data":"Strike_R+1","floor":29.0,"key":"PURGE"},{"data":"Defend_R","floor":32.0,"key":"PURGE"},{"data":"Defend_R","floor":41.0,"key":"PURGE"},{"data":"Shrug It Off","floor":46.0,"key":"PURGE"},{"data":"Evolve","floor":49.0,"key":"PURGE"}],"neow_cost":"NONE","seed_source_timestamp":45291000395300,"circlet_count":0,"master_deck":["Limit Break+1","Burning Pact+1","Flex+1","Trip","Heavy Blade+1","Reaper+1","Seeing Red+1","Exhume","Limit Break","Spot Weakness+1"],"special_seed":0,"relics":["Burning Blood","Happy Flower","Pen Nib","Membership Card","Fusion Hammer","Peace Pipe","Question Card","Bag of Preparation","Red Mask","Dream Catcher","Whetstone","Coffee Dripper","Charon\u0027s Ashes","ClockworkSouvenir","Paper Frog","FossilizedHelix","Singing Bowl","Smiling Mask","Brimstone"],"potions_floor_usage":[50,50,50],"damage_taken":[{"damage":0.0,"enemies":"2 Louse","floor":1.0,"turns":3.0},{"damage":0.0,"enemies":"Small Slimes","floor":2.0,"turns":3.0},{"damage":1.0,"enemies":"Cultist","floor":3.0,"turns":4.0},{"damage":27.0,"enemies":"Gremlin Nob","floor":7.0,"turns":4.0},{"damage":0.0,"enemies":"Exordium Thugs","floor":8.0,"turns":5.0},{"damage":0.0,"enemies":"3 Louse","floor":14.0,"turns":4.0},{"damage":33.0,"enemies":"The Guardian","floor":16.0,"turns":8.0},{"damage":4.0,"enemies":"Chosen","floor":18.0,"turns":4.0},{"damage":20.0,"enemies":"Colosseum Slavers","floor":19.0,"turns":4.0},{"damage":2.0,"enemies":"Colosseum Nobs","floor":19.0,"turns":3.0},{"damage":48.0,"enemies":"Masked Bandits","floor":21.0,"turns":5.0},{"damage":13.0,"enemies":"Slavers","floor":23.0,"turns":5.0},{"damage":23.0,"enemies":"Spheric Guardian","floor":24.0,"turns":5.0},{"damage":0.0,"enemies":"Snecko","floor":30.0,"turns":2.0},{"damage":6.0,"enemies":"Chosen and Byrds","floor":31.0,"turns":4.0},{"damage":28.0,"enemies":"Champ","floor":33.0,"turns":4.0},{"damage":0.0,"enemies":"Orb Walker","floor":35.0,"turns":1.0},{"damage":60.0,"enemies":"2 Orb Walkers","floor":36.0,"turns":4.0},{"damage":0.0,"enemies":"Mind Bloom Boss Battle","floor":39.0,"turns":2.0},{"damage":38.0,"enemies":"Nemesis","floor":40.0,"turns":5.0},{"damage":0.0,"enemies":"3 Shapes","floor":42.0,"turns":1.0},{"damage":5.0,"enemies":"3 Darklings","floor":44.0,"turns":3.0},{"damage":0.0,"enemies":"Jaw Worm Horde","floor":47.0,"turns":2.0},{"damage":0.0,"enemies":"Transient","floor":48.0,"turns":2.0},{"damage":0,"enemies":"Time Eater","floor":50,"turns":1}],"seed_played":"-8683411493044358403","potions_obtained":[{"floor":7.0,"key":"Energy Potion"},{"floor":8.0,"key":"SteroidPotion"},{"floor":16.0,"key":"Explosive Potion"},{"floor":23.0,"key":"FearPotion"},{"floor":30.0,"key":"SmokeBomb"},{"floor":39.0,"key":"SteroidPotion"},{"floor":42.0,"key":"FearPotion"},{"floor":44.0,"key":"Swift Potion"}],"is_trial":false,"path_per_floor":["M","M","M","?","?","R","E","M","T","R","?","$","R","M","R","B",null,"M","?","$","?","?","E","M","R","T","R","$","R","M","M","R","B",null,"M","?","?","$","?","E","R","M","T","M","$","R","M","M","R","B",null],"character_chosen":"IRONCLAD","items_purchased":["Membership Card","Trip","Bag of Preparation","ClockworkSouvenir","Paper Frog","Brimstone"],"campfire_rested":0,"item_purchase_floors":[12,12,20,38,38,45],"current_hp_per_floor":[80,80,80,80,64,64,43,49,49,49,49,49,49,55,55,28,80,80,80,80,40,40,46,43,43,43,43,43,43,49,66,66,44,80,80,80,76,76,76,78,78,80,80,82,82,82,84,86,86,86],"gold":105,"neow_bonus":"ONE_RANDOM_RARE_CARD","is_prod":false,"is_daily":false,"chose_seed":false,"campfire_upgraded":4,"win_rate":0,"timestamp":1560955575,"path_taken":["M","M","M","?","?","R","E","M","T","R","?","$","R","M","R","BOSS","M","?","$","?","?","E","M","R","T","R","$","R","?","M","R","BOSS","M","?","?","$","?","E","R","M","T","M","$","R","M","?","R","BOSS"],"build_version":"2019-01-23","purchased_purges":5,"victory":true,"max_hp_per_floor":[80,80,80,80,80,80,80,80,80,80,80,80,80,80,80,80,80,80,80,80,80,80,80,80,80,80,80,80,80,80,80,80,80,80,80,80,76,76,76,78,78,80,80,82,82,82,84,86,86,86],"card_choices":[{"not_picked":["Iron Wave","Headbutt"],"picked":"Shrug It Off","floor":1.0},{"not_picked":["Thunderclap","Armaments"],"picked":"Burning Pact","floor":2.0},{"not_picked":["Heavy Blade","Flame Barrier"],"picked":"Flex","floor":3.0},{"not_picked":["Whirlwind","Fiend Fire"],"picked":"Evolve","floor":7.0},{"not_picked":["Shrug It Off","Hemokinesis","True Grit"],"picked":"SKIP","floor":8.0},{"not_picked":["Intimidate","Cleave"],"picked":"Heavy Blade","floor":14.0},{"not_picked":["Brutality","Berserk"],"picked":"Reaper","floor":16.0},{"not_picked":["Burning Pact","Wild Strike+1","Heavy Blade"],"picked":"SKIP","floor":18.0},{"not_picked":["Carnage","Searing Blow","Battle Trance","Disarm"],"picked":"SKIP","floor":23.0},{"not_picked":["Metallicize+1","True Grit","Heavy Blade+1"],"picked":"Seeing Red+1","floor":24.0},{"not_picked":["Metallicize","Entrench","Sentinel","Cleave"],"picked":"SKIP","floor":30.0},{"not_picked":["Cleave","Searing Blow","Perfected Strike"],"picked":"Exhume","floor":31.0},{"not_picked":["Demon Form","Fiend Fire","Bludgeon"],"picked":"Limit Break","floor":33.0},{"not_picked":["Whirlwind","Heavy Blade+1","Headbutt+1","Clash"],"picked":"SKIP","floor":35.0},{"not_picked":["Body Slam","Clothesline","Rampage"],"picked":"Spot Weakness+1","floor":39.0},{"not_picked":["Warcry+1","Bludgeon","Iron Wave","Havoc"],"picked":"Singing Bowl","floor":40.0},{"not_picked":["Twin Strike+1","Perfected Strike+1","Rampage+1","Rupture+1"],"picked":"Singing Bowl","floor":42.0},{"not_picked":["Shrug It Off+1","Iron Wave","Armaments","Twin Strike+1"],"picked":"Singing Bowl","floor":44.0},{"not_picked":["Iron Wave","Havoc+1","Blood for Blood+1","Body Slam+1"],"picked":"Singing Bowl","floor":47.0},{"not_picked":["Immolate","Anger+1","Combust+1","Ghostly Armor"],"picked":"Singing Bowl","floor":48.0}],"player_experience":5476962,"relics_obtained":[{"floor":7.0,"key":"Happy Flower"},{"floor":9.0,"key":"Pen Nib"},{"floor":19.0,"key":"Peace Pipe"},{"floor":19.0,"key":"Question Card"},{"floor":21.0,"key":"Red Mask"},{"floor":23.0,"key":"Dream Catcher"},{"floor":26.0,"key":"Whetstone"},{"floor":36.0,"key":"Charon\u0027s Ashes"},{"floor":39.0,"key":"FossilizedHelix"},{"floor":40.0,"key":"Singing Bowl"},{"floor":43.0,"key":"Smiling Mask"}],"event_choices":[{"damage_healed":0.0,"max_hp_gain":0.0,"max_hp_loss":0.0,"gold_gain":0.0,"event_name":"Liars Game","player_choice":"Ignored","floor":4.0,"gold_loss":0.0,"damage_taken":0.0},{"damage_healed":0.0,"max_hp_gain":0.0,"max_hp_loss":0.0,"gold_gain":0.0,"event_name":"Shining Light","player_choice":"Entered Light","floor":5.0,"gold_loss":0.0,"damage_taken":16.0,"cards_upgraded":["Strike_R","Strike_R"]},{"damage_healed":0.0,"max_hp_gain":0.0,"max_hp_loss":0.0,"gold_gain":100.0,"event_name":"Wheel of Change","player_choice":"Gold","floor":11.0,"gold_loss":0.0,"damage_taken":0.0},{"damage_healed":0.0,"max_hp_gain":0.0,"max_hp_loss":0.0,"gold_gain":0.0,"event_name":"Colosseum","player_choice":"Fight","floor":19.0,"gold_loss":0.0,"damage_taken":0.0},{"damage_healed":0.0,"max_hp_gain":0.0,"max_hp_loss":0.0,"gold_gain":0.0,"event_name":"Colosseum","player_choice":"Fought Nobs","floor":19.0,"gold_loss":0.0,"damage_taken":0.0},{"damage_healed":0.0,"max_hp_gain":0.0,"max_hp_loss":0.0,"gold_gain":0.0,"event_name":"Masked Bandits","player_choice":"Fought Bandits","floor":21.0,"gold_loss":0.0,"damage_taken":0.0},{"damage_healed":0.0,"max_hp_gain":0.0,"max_hp_loss":0.0,"gold_gain":0.0,"event_name":"Vampires","player_choice":"Ignored","floor":22.0,"gold_loss":0.0,"damage_taken":0.0},{"damage_healed":0.0,"max_hp_gain":0.0,"max_hp_loss":0.0,"gold_gain":0.0,"event_name":"Mysterious Sphere","player_choice":"Fight","floor":36.0,"gold_loss":0.0,"damage_taken":0.0},{"damage_healed":0.0,"max_hp_gain":0.0,"max_hp_loss":4.0,"gold_gain":0.0,"event_name":"Winding Halls","player_choice":"Max HP","floor":37.0,"gold_loss":0.0,"damage_taken":0.0},{"damage_healed":0.0,"max_hp_gain":0.0,"max_hp_loss":0.0,"gold_gain":0.0,"event_name":"MindBloom","player_choice":"Fight","floor":39.0,"gold_loss":0.0,"damage_taken":0.0}],"is_beta":false,"boss_relics":[{"not_picked":["Tiny House","White Beast Statue"],"picked":"Fusion Hammer"},{"not_picked":["Runic Dome","Pandora\u0027s Box"],"picked":"Coffee Dripper"}],"items_purged_floors":[12,20,28,38,45],"is_endless":false,"potions_floor_spawned":[7,8,16,19,23,30,35,39,42,44,48],"ascension_level":0}