{"gold_per_floor":[118,135,35,45,45,45,77,92,92,92],"floor_reached":10,"playtime":384,"items_purged":["Strike_G"],"score":136,"play_id":"61edfb7f-b891-421c-8a9d-492554c8d2c2","local_time":"20190630163552","is_ascension_mode":true,"campfire_choices":[{"data":"Bane","floor":6.0,"key":"SMITH"}],"neow_cost":"NONE","seed_source_timestamp":6487147606209,"circlet_count":0,"master_deck":["AscendersBane","Defend_G","Defend_G","Defend_G","Defend_G","Defend_G","Strike_G","Strike_G","Strike_G","Survivor","Neutralize","Corpse Explosion","Noxious Fumes","Bane+1","Backflip","All Out Attack","Cloak And Dagger","Predator"],"special_seed":0,"relics":["Ring of the Snake","Question Card","Blue Candle"],"potions_floor_usage":[],"damage_taken":[{"damage":1.0,"enemies":"Jaw Worm","floor":1.0,"turns":4.0},{"damage":1.0,"enemies":"Cultist","floor":2.0,"turns":4.0},{"damage":2.0,"enemies":"2 Louse","floor":4.0,"turns":3.0},{"damage":23.0,"enemies":"Gremlin Nob","floor":7.0,"turns":4.0},{"damage":19.0,"enemies":"Exordium Thugs","floor":8.0,"turns":2.0}],"seed_played":"3599938233420771198","potions_obtained":[{"floor":2.0,"key":"Swift Potion"},{"floor":8.0,"key":"Fire Potion"}],"is_trial":false,"path_per_floor":["M","M","$","M","?","R","E","M","T","?"],"character_chosen":"THE_SILENT","items_purchased":["Backflip"],"campfire_rested":0,"item_purchase_floors":[3],"current_hp_per_floor":[58,57,57,55,55,55,32,13,13,13],"gold":92,"neow_bonus":"TRANSFORM_CARD","is_prod":false,"is_daily":false,"chose_seed":false,"campfire_upgraded":1,"win_rate":0,"timestamp":1561883752,"path_taken":["M","M","$","M","?","R","E","?","T","?"],"build_version":"2019-01-23","purchased_purges":1,"victory":false,"max_hp_per_floor":[66,66,66,66,66,66,66,66,66,66],"card_choices":[{"not_picked":["Slice","Dagger Spray"],"picked":"Noxious Fumes","floor":1.0},{"not_picked":["Quick Slash","Concentrate"],"picked":"Bane","floor":2.0},{"not_picked":["Deflect","Poisoned Stab"],"picked":"All Out Attack","floor":4.0},{"not_picked":["Cloak And Dagger","Blade Dance","Backflip"],"picked":"SKIP","floor":7.0},{"not_picked":["Bane","Tools of the Trade","PiercingWail"],"picked":"Predator","floor":8.0}],"player_experience":1500341,"relics_obtained":[{"floor":7.0,"key":"Question Card"},{"floor":9.0,"key":"Blue Candle"}],"event_choices":[{"damage_healed":0.0,"max_hp_gain":0.0,"max_hp_loss":0.0,"gold_gain":0.0,"event_name":"Match and Keep!","player_choice":"1 cards matched","floor":5.0,"gold_loss":0.0,"damage_taken":0.0,"cards_obtained":["Cloak And Dagger"]}],"is_beta":false,"boss_relics":[],"items_purged_floors":[3],"is_endless":false,"potions_floor_spawned":[2,8],"ascension_level":20}