{"gold_per_floor":[114,114,39,39,39,39,39,65,88,88,113,125,145,4,4,106,106,118,133,133,133],"floor_reached":21,"playtime":1787,"items_purged":["Strike_R","Defend_R"],"score":329,"play_id":"2f22d0ab-8dac-4b7c-8b7b-dcaf1ab0f8d1","local_time":"20190526005958","is_ascension_mode":true,"campfire_choices":[{"data":"Armaments","floor":6,"key":"SMITH"},{"data":"Flex","floor":10,"key":"SMITH"},{"data":"Warcry","floor":15,"key":"SMITH"}],"neow_cost":"NONE","seed_source_timestamp":133303459264818,"circlet_count":0,"master_deck":["Strike_R","Strike_R","Defend_R+1","Defend_R+1","Defend_R","Bash","Headbutt","Armaments+1","Flex+1","Rage","Feel No Pain+1","Warcry+1","Feel No Pain+1","Shrug It Off","Fiend Fire","Pommel Strike","Shockwave"],"relics":["Black Blood","NeowsBlessing","Regal Pillow","Frozen Egg 2","War Paint","Smiling Mask","Bottled Flame"],"potions_floor_usage":[19,21],"damage_taken":[{"damage":0,"enemies":"Small Slimes","floor":1,"turns":1},{"damage":0,"enemies":"Gremlin Nob","floor":8,"turns":1},{"damage":0,"enemies":"3 Sentries","floor":11,"turns":2},{"damage":1,"enemies":"2 Louse","floor":12,"turns":3},{"damage":0,"enemies":"Jaw Worm","floor":13,"turns":3},{"damage":35,"enemies":"The Guardian","floor":16,"turns":17},{"damage":84,"enemies":"3 Byrds","floor":18,"turns":11},{"damage":14,"enemies":"Shell Parasite","floor":19,"turns":7},{"damage":29,"enemies":"Snake Plant","floor":21,"turns":5}],"seed_played":"5801791124982069244","potions_obtained":[{"floor":8,"key":"FairyPotion"},{"floor":16,"key":"SpeedPotion"},{"floor":18,"key":"Regen Potion"}],"is_trial":false,"path_per_floor":["M","?","$","?","?","R","T","E","T","R","E","M","M","$","R","B",null,"M","M","?","M"],"character_chosen":"IRONCLAD","items_purchased":["Feel No Pain+1","Shrug It Off"],"campfire_rested":0,"item_purchase_floors":[14,14],"current_hp_per_floor":[78,71,71,64,64,64,64,70,70,70,76,80,80,80,80,51,73,18,29,29,0],"gold":133,"neow_bonus":"THREE_ENEMY_KILL","is_prod":false,"is_daily":false,"chose_seed":false,"campfire_upgraded":3,"win_rate":0,"timestamp":1558846798,"path_taken":["M","?","$","?","?","R","?","E","T","R","E","M","M","$","R","BOSS","M","M","?","M"],"build_version":"2019-01-23","purchased_purges":2,"victory":false,"max_hp_per_floor":[80,80,80,80,80,80,80,80,80,80,80,80,80,80,80,80,80,80,80,80,80],"card_choices":[{"not_picked":["Perfected Strike","Corruption"],"picked":"Headbutt","floor":1},{"not_picked":["Wild Strike","Warcry"],"picked":"Flex","floor":8},{"not_picked":["Second Wind","Wild Strike"],"picked":"Rage","floor":11},{"not_picked":["Power Through","Blood for Blood"],"picked":"Feel No Pain+1","floor":12},{"not_picked":["Bloodletting","Sentinel"],"picked":"Warcry","floor":13},{"not_picked":["Brutality+1","Offering"],"picked":"Fiend Fire","floor":16},{"not_picked":["Intimidate","Flex"],"picked":"Pommel Strike","floor":18},{"not_picked":["Sword Boomerang","Headbutt"],"picked":"Shockwave","floor":19}],"player_experience":146370,"relics_obtained":[{"floor":7,"key":"Frozen Egg 2"},{"floor":8,"key":"War Paint"},{"floor":9,"key":"Smiling Mask"},{"floor":11,"key":"Bottled Flame"}],"event_choices":[{"damage_healed":0,"gold_gain":0,"player_choice":"Success","damage_taken":7,"relics_obtained":["Regal Pillow"],"max_hp_gain":0,"max_hp_loss":0,"event_name":"Scrap Ooze","floor":2,"gold_loss":0},{"cards_removed":["Strike_R"],"damage_healed":0,"gold_gain":0,"player_choice":"Card Removal","damage_taken":7,"max_hp_gain":0,"max_hp_loss":0,"event_name":"Golden Wing","floor":4,"gold_loss":0},{"damage_healed":0,"gold_gain":0,"cards_transformed":["Strike_R"],"player_choice":"Change","damage_taken":0,"max_hp_gain":0,"max_hp_loss":0,"event_name":"Living Wall","floor":5,"gold_loss":0,"cards_obtained":["Armaments"]},{"damage_healed":0,"gold_gain":0,"player_choice":"Ignored","damage_taken":0,"max_hp_gain":0,"max_hp_loss":0,"event_name":"Vampires","floor":20,"gold_loss":0}],"is_beta":false,"boss_relics":[{"not_picked":["Runic Dome","Eternal Feather"],"picked":"Black Blood"}],"items_purged_floors":[3,14],"is_endless":false,"potions_floor_spawned":[8,16,18],"killed_by":"Snake Plant","ascension_level":8}