{"gold_per_floor":[111,36,36,36,211,211,241,255,255,255,7,23,43,77,77,179,179,197,197,217,236,251,251],"floor_reached":23,"playtime":2046,"items_purged":["Strike_G","Doubt"],"score":237,"play_id":"e54aa0ad-95e3-43e6-91fc-e1e6dc25d264","local_time":"20190809001350","is_ascension_mode":true,"campfire_choices":[{"data":"Blade Dance","floor":6.0,"key":"SMITH"},{"data":"Dash","floor":10.0,"key":"SMITH"},{"data":"Escape Plan","floor":15.0,"key":"SMITH"}],"neow_cost":"NONE","seed_source_timestamp":0,"circlet_count":0,"master_deck":["Strike_G","Strike_G","Strike_G","Defend_G","Defend_G","Defend_G","Defend_G","Defend_G","Survivor","Neutralize","Blade Dance+1","Infinite Blades","Dash+1","Escape Plan+1","Night Terror","Cloak And Dagger","Finisher"],"special_seed":0,"relics":["Ring of the Snake","NeowsBlessing","Mummified Hand","Centennial Puzzle","Pocketwatch","Bag of Marbles","Gremlin Horn","Cursed Key"],"potions_floor_usage":[],"damage_taken":[{"damage":0.0,"enemies":"Cultist","floor":1.0,"turns":1.0},{"damage":0.0,"enemies":"Gremlin Nob","floor":7.0,"turns":1.0},{"damage":0.0,"enemies":"Small Slimes","floor":8.0,"turns":2.0},{"damage":0.0,"enemies":"Jaw Worm","floor":12.0,"turns":2.0},{"damage":0.0,"enemies":"Blue Slaver","floor":13.0,"turns":2.0},{"damage":11.0,"enemies":"Lagavulin","floor":14.0,"turns":7.0},{"damage":44.0,"enemies":"Hexaghost","floor":16.0,"turns":15.0},{"damage":8.0,"enemies":"3 Byrds","floor":18.0,"turns":6.0},{"damage":12.0,"enemies":"Shell Parasite","floor":20.0,"turns":5.0},{"damage":32.0,"enemies":"Snake Plant","floor":21.0,"turns":7.0},{"damage":6,"enemies":"Chosen and Byrds","floor":22,"turns":7},{"damage":20,"enemies":"Slavers","floor":23,"turns":1}],"seed_played":"-3471421024574533845","potions_obtained":[{"floor":1.0,"key":"Dexterity Potion"},{"floor":8.0,"key":"GhostInAJar"},{"floor":13.0,"key":"Swift Potion"},{"floor":21.0,"key":"Strength Potion"},{"floor":22,"key":"Explosive Potion"}],"is_trial":false,"path_per_floor":["M","$","?","$","?","R","E","M","T","R","$","M","M","E","R","B",null,"M","?","M","M","M","E"],"character_chosen":"THE_SILENT","items_purchased":["Bag of Marbles"],"campfire_rested":0,"item_purchase_floors":[11],"current_hp_per_floor":[70,70,58,58,58,58,58,58,58,58,58,58,58,47,47,3,70,62,62,50,18,12,0],"gold":251,"neow_bonus":"THREE_ENEMY_KILL","is_prod":false,"is_daily":false,"chose_seed":false,"campfire_upgraded":3,"win_rate":0,"timestamp":1565302430,"path_taken":["M","?","?","$","?","R","E","M","T","R","?","M","M","E","R","BOSS","M","?","?","M","M","E"],"build_version":"2019-07-17","purchased_purges":2,"victory":false,"max_hp_per_floor":[70,70,70,70,70,70,70,70,70,70,70,70,70,70,70,70,70,70,70,70,70,70,70],"card_choices":[{"not_picked":["Heel Hook","Outmaneuver"],"picked":"Blade Dance","floor":1.0},{"not_picked":["Dagger Spray","Underhanded Strike"],"picked":"Infinite Blades","floor":7.0},{"not_picked":["Blade Dance","Bane"],"picked":"Dash","floor":8.0},{"not_picked":["Poisoned Stab","Masterful Stab","Prepared"],"picked":"SKIP","floor":12.0},{"not_picked":["Outmaneuver","Choke","Endless Agony"],"picked":"SKIP","floor":13.0},{"not_picked":["Dagger Spray","Die Die Die"],"picked":"Escape Plan","floor":14.0},{"not_picked":["After Image","Envenom"],"picked":"Night Terror","floor":16.0},{"not_picked":["Blade Dance","Deadly Poison+1","Calculated Gamble+1"],"picked":"SKIP","floor":18.0},{"not_picked":["Blade Dance","PiercingWail"],"picked":"Cloak And Dagger","floor":20.0},{"not_picked":["Cloak And Dagger+1","Deadly Poison+1","Deflect+1"],"picked":"SKIP","floor":21.0},{"not_picked":["Underhanded Strike","Flying Knee"],"picked":"Finisher","floor":22}],"player_experience":179947,"relics_obtained":[{"floor":7.0,"key":"Centennial Puzzle"},{"floor":9.0,"key":"Pocketwatch"},{"floor":14.0,"key":"Gremlin Horn"}],"event_choices":[{"damage_healed":0.0,"max_hp_gain":0.0,"max_hp_loss":0.0,"gold_gain":0.0,"event_name":"Scrap Ooze","player_choice":"Success","floor":3.0,"gold_loss":0.0,"damage_taken":12.0,"relics_obtained":["Mummified Hand"]},{"damage_healed":0.0,"max_hp_gain":0.0,"max_hp_loss":0.0,"gold_gain":175.0,"event_name":"Liars Game","player_choice":"AGREE","floor":5.0,"gold_loss":0.0,"damage_taken":0.0,"cards_obtained":["Doubt"]},{"cards_removed":["Strike_G"],"damage_healed":0.0,"max_hp_gain":0.0,"max_hp_loss":0.0,"gold_gain":0.0,"event_name":"Purifier","player_choice":"Purged","floor":19.0,"gold_loss":0.0,"damage_taken":0.0}],"is_beta":false,"boss_relics":[{"not_picked":["Astrolabe","Ectoplasm"],"picked":"Cursed Key"}],"items_purged_floors":[2,11],"is_endless":false,"potions_floor_spawned":[1,8,13,21,22],"killed_by":"Slavers","ascension_level":1}