{"gold_per_floor":[114,114,16,26,26,53,53,88,165,165,198,38,63,63,63,190,190,200,110,110,121,135,164,15,46,46,66,81,95,95,105,105,234,234,246,42,55,55,55,83,83,116,170,202,214,214,227,254,254,254,254],"floor_reached":52,"playtime":2597,"items_purged":["Strike_G","Strike_G","Strike_G","Strike_G"],"score":2377,"play_id":"82bb3f5b-8025-4eea-8a2b-d4e955e01539","local_time":"20181026225055","is_ascension_mode":true,"campfire_choices":[{"floor":7.0,"key":"REST"},{"data":"Envenom","floor":15.0,"key":"SMITH"},{"data":"Cloak And Dagger","floor":30.0,"key":"SMITH"},{"data":"A Thousand Cuts","floor":32.0,"key":"SMITH"},{"floor":41.0,"key":"REST"},{"data":"Adrenaline","floor":46,"key":"SMITH"},{"floor":49,"key":"REST"}],"neow_cost":"PERCENT_DAMAGE","seed_source_timestamp":111067324858628,"circlet_count":0,"master_deck":["Defend_G+1","Defend_G+1","Defend_G+1","Defend_G+1","Defend_G+1","Survivor+1","Neutralize+1","AscendersBane","Backflip+1","Infinite Blades+1","Escape Plan+1","A Thousand Cuts+1","Slice+1","Malaise+1","Die Die Die+1","Envenom+1","Footwork+1","Finisher+1","Blade Dance+1","Burst+1","Backstab+1","Accuracy+1","Cloak And Dagger+1","Leg Sweep+1","Venomology+1","Acrobatics+1","Well Laid Plans+1","Adrenaline+1"],"special_seed":0,"relics":["Ring of the Snake","AscensionHeart","Nunchaku","Oddly Smooth Stone","Blue Candle","Mercury Hourglass","Pen Nib","Strawberry","NegativeEmotionEnhancer","Bronze Scales","Potion Belt","Ornamental Fan","WristBlade","Mark of the Bloom","DragonStarHat","Bottled Lightning","Vajra","BalancedPeriapt","Ninja Scroll"],"potions_floor_usage":[44,44,45,45,45,47,48,48,48,50,51],"damage_taken":[{"damage":0.0,"enemies":"2 Louse","floor":1.0,"turns":3.0},{"damage":0.0,"enemies":"Cultist","floor":4.0,"turns":3.0},{"damage":29.0,"enemies":"Gremlin Nob","floor":6.0,"turns":4.0},{"damage":11.0,"enemies":"Lagavulin","floor":8.0,"turns":8.0},{"damage":0.0,"enemies":"3 Sentries","floor":11.0,"turns":5.0},{"damage":1.0,"enemies":"The Guardian","floor":16.0,"turns":10.0},{"damage":0.0,"enemies":"3 Byrds","floor":18.0,"turns":3.0},{"damage":14.0,"enemies":"Shell Parasite","floor":21.0,"turns":3.0},{"damage":8.0,"enemies":"Snecko","floor":22.0,"turns":6.0},{"damage":12.0,"enemies":"Gremlin Leader","floor":23.0,"turns":9.0},{"damage":12.0,"enemies":"Slavers","floor":25.0,"turns":3.0},{"damage":11.0,"enemies":"Snake Plant","floor":27.0,"turns":2.0},{"damage":2.0,"enemies":"Chosen and Byrds","floor":28.0,"turns":4.0},{"damage":0.0,"enemies":"Snecko","floor":29.0,"turns":4.0},{"damage":0.0,"enemies":"Sentry and Sphere","floor":31.0,"turns":1.0},{"damage":2.0,"enemies":"Collector","floor":33.0,"turns":6.0},{"damage":6.0,"enemies":"Orb Walker","floor":35.0,"turns":3.0},{"damage":0.0,"enemies":"3 Darklings","floor":37.0,"turns":1.0},{"damage":11.0,"enemies":"Reptomancer","floor":40.0,"turns":5.0},{"damage":0.0,"enemies":"Nemesis","floor":42.0,"turns":5.0},{"damage":0,"enemies":"Giant Head","floor":44,"turns":6},{"damage":0,"enemies":"Sphere and 2 Shapes","floor":45,"turns":3},{"damage":0,"enemies":"Spire Growth","floor":47,"turns":3},{"damage":11,"enemies":"Nemesis","floor":48,"turns":5},{"damage":15,"enemies":"Time Eater","floor":50,"turns":9},{"damage":0,"enemies":"Donu and Deca","floor":51,"turns":6}],"seed_played":"7771860540663658986","potions_obtained":[{"floor":2.0,"key":"FairyPotion"},{"floor":2.0,"key":"SneckoOil"},{"floor":6.0,"key":"GhostInAJar"},{"floor":16.0,"key":"Poison Potion"},{"floor":22.0,"key":"Fire Potion"},{"floor":23.0,"key":"Dexterity Potion"},{"floor":28.0,"key":"SkillPotion"},{"floor":31.0,"key":"Fire Potion"},{"floor":33.0,"key":"LiquidBronze"},{"floor":37.0,"key":"Regen Potion"},{"floor":44,"key":"Regen Potion"},{"floor":45,"key":"Explosive Potion"},{"floor":47,"key":"Regen Potion"}],"is_trial":false,"path_per_floor":["M","?","$","M","?","E","R","E","T","?","E","$","T","$","R","B",null,"M","$","?","M","M","E","$","E","T","M","M","M","R","M","R","B",null,"M","$","M","?","$","E","R","E","T","E","M","R","M","E","R","B","B"],"character_chosen":"THE_SILENT","items_purchased":["Infinite Blades","Escape Plan","Footwork","Finisher","Backstab","Well Laid Plans"],"campfire_rested":3,"item_purchase_floors":[3,3,12,12,24,36],"current_hp_per_floor":[45,45,45,46,46,19,39,30,30,27,29,29,36,36,36,44,72,76,76,76,63,56,49,49,39,39,29,28,32,32,33,33,40,76,71,71,81,81,81,70,70,70,70,70,70,70,70,59,59,44,44],"gold":254,"neow_bonus":"ONE_RARE_RELIC","is_prod":false,"is_daily":false,"chose_seed":false,"campfire_upgraded":4,"win_rate":0,"timestamp":1540565455,"path_taken":["M","?","$","M","?","E","R","E","T","?","E","$","?","$","R","BOSS","M","$","?","M","?","E","?","E","T","M","M","M","R","M","R","BOSS","M","$","M","?","?","E","R","E","T","E","?","R","M","E","R","BOSS","BOSS"],"build_version":"2018-10-25v2","purchased_purges":4,"victory":true,"max_hp_per_floor":[66,66,66,66,66,67,67,68,68,68,69,69,76,76,76,81,81,81,81,81,81,81,82,82,83,83,83,83,83,83,83,83,88,88,88,88,88,88,88,89,89,90,90,91,91,91,91,91,91,91,91],"card_choices":[{"not_picked":["Dodge and Roll","Bane"],"picked":"Backflip","floor":1.0},{"not_picked":["Slice","Prepared","Bane"],"picked":"SKIP","floor":4.0},{"not_picked":["Corpse Explosion","Venomology"],"picked":"Malaise","floor":6.0},{"not_picked":["A Thousand Cuts","A Thousand Cuts"],"picked":"Die Die Die","floor":8.0},{"not_picked":["Glass Knife","A Thousand Cuts"],"picked":"Envenom","floor":11.0},{"not_picked":["Dagger Throw","Bane"],"picked":"Blade Dance","floor":18.0},{"not_picked":["Slice","Poisoned Stab","Quick Slash"],"picked":"SKIP","floor":21.0},{"not_picked":["Dodge and Roll","Underhanded Strike","Bouncing Flask"],"picked":"SKIP","floor":22.0},{"not_picked":["Malaise","Storm of Steel"],"picked":"Burst","floor":23.0},{"not_picked":["Night Terror","Wraith Form v2","Tools of the Trade"],"picked":"SKIP","floor":25.0},{"not_picked":["Eviscerate","Backstab"],"picked":"Accuracy","floor":27.0},{"not_picked":["Blur","Slice+1"],"picked":"Cloak And Dagger","floor":28.0},{"not_picked":["Sucker Punch","Escape Plan"],"picked":"Leg Sweep","floor":29.0},{"not_picked":["PiercingWail","Cloak And Dagger","Underhanded Strike+1"],"picked":"SKIP","floor":31.0},{"not_picked":["Malaise","Doppelganger"],"picked":"Venomology","floor":33.0},{"not_picked":["Poisoned Stab","PiercingWail+1"],"picked":"Acrobatics+1","floor":35.0},{"not_picked":["Prepared","Quick Slash","Skewer+1"],"picked":"SKIP","floor":37.0},{"not_picked":["Grand Finale","Bullet Time","A Thousand Cuts"],"picked":"SKIP","floor":40.0},{"not_picked":["Crippling Poison+1","Expertise","Deflect"],"picked":"SKIP","floor":42},{"not_picked":["A Thousand Cuts","A Thousand Cuts"],"picked":"Adrenaline","floor":44},{"not_picked":["Distraction","Sucker Punch","Poisoned Stab"],"picked":"SKIP","floor":45},{"not_picked":["Dagger Spray","Concentrate","Sucker Punch"],"picked":"SKIP","floor":47},{"not_picked":["Wraith Form v2","Doppelganger","Burst"],"picked":"SKIP","floor":48}],"player_experience":405691,"relics_obtained":[{"floor":6.0,"key":"Oddly Smooth Stone"},{"floor":8.0,"key":"Blue Candle"},{"floor":9.0,"key":"Mercury Hourglass"},{"floor":11.0,"key":"Pen Nib"},{"floor":13.0,"key":"Strawberry"},{"floor":23.0,"key":"Bronze Scales"},{"floor":25.0,"key":"Potion Belt"},{"floor":26.0,"key":"Ornamental Fan"},{"floor":40.0,"key":"DragonStarHat"},{"floor":42,"key":"Bottled Lightning"},{"floor":43,"key":"Vajra"},{"floor":44,"key":"BalancedPeriapt"},{"floor":48,"key":"Ninja Scroll"}],"event_choices":[{"damage_healed":0.0,"max_hp_gain":0.0,"max_hp_loss":0.0,"gold_gain":0.0,"event_name":"The Lab","player_choice":"Got Potions","floor":2.0,"gold_loss":0.0,"damage_taken":0.0},{"damage_healed":0.0,"max_hp_gain":0.0,"max_hp_loss":0.0,"gold_gain":0.0,"event_name":"Match and Keep!","player_choice":"2 cards matched","floor":5.0,"gold_loss":0.0,"damage_taken":0.0,"cards_obtained":["A Thousand Cuts","Slice"]},{"cards_removed":["Strike_G"],"damage_healed":0.0,"max_hp_gain":0.0,"max_hp_loss":0.0,"gold_gain":0.0,"event_name":"Golden Wing","player_choice":"Card Removal","floor":10.0,"gold_loss":0.0,"damage_taken":7.0},{"damage_healed":0.0,"max_hp_gain":0.0,"max_hp_loss":0.0,"gold_gain":0.0,"event_name":"Ghosts","player_choice":"Ignored","floor":20.0,"gold_loss":0.0,"damage_taken":0.0},{"damage_healed":0.0,"max_hp_gain":0.0,"max_hp_loss":0.0,"gold_gain":0.0,"event_name":"MindBloom","player_choice":"Upgrade","floor":38.0,"gold_loss":0.0,"damage_taken":0.0,"cards_upgraded":["Defend_G","Defend_G","Defend_G","Defend_G","Defend_G","Survivor","Neutralize","Backflip","Infinite Blades","Escape Plan","Footwork","Finisher","Burst","Backstab","Leg Sweep","Venomology","Well Laid Plans"],"relics_obtained":["Mark of the Bloom"]}],"is_beta":false,"boss_relics":[{"not_picked":["Calling Bell","Ring of the Serpent"],"picked":"NegativeEmotionEnhancer"},{"not_picked":["Runic Pyramid","Lizard Tail"],"picked":"WristBlade"}],"items_purged_floors":[12,19,24,36],"is_endless":false,"potions_floor_spawned":[6,8,16,22,23,28,31,33,37,44,45,47],"ascension_level":20}