{"gold_per_floor":[117,117,129,4,23,58,58,87,110,136,153,153,170,170,170,241,241,253,267,279,291,301,301,336,336,336,355,384,398,448,476,476,553,553,567,567,579,591,610,635,501,501,501,516,543,562,573,606,606,606,606,606,606,219,251,251],"floor_reached":57,"playtime":4293,"items_purged":["Pain","Bouncing Flask","Riddle With Holes"],"score":3606,"play_id":"5642072b-80df-462c-bada-e0f034e9c872","local_time":"20190312194257","is_ascension_mode":true,"campfire_choices":[{"data":"Bouncing Flask","floor":7.0,"key":"SMITH"},{"data":"Deadly Poison","floor":12.0,"key":"SMITH"},{"data":"Neutralize","floor":15.0,"key":"SMITH"},{"data":"Adrenaline","floor":23.0,"key":"SMITH"},{"data":"Backflip","floor":25.0,"key":"SMITH"},{"floor":32.0,"key":"RECALL"},{"data":"Calculated Gamble","floor":42.0,"key":"SMITH"},{"data":"Expertise","floor":49.0,"key":"SMITH"},{"data":"Expertise","floor":53.0,"key":"SMITH"}],"neow_cost":"NONE","seed_source_timestamp":20149274539905,"circlet_count":0,"master_deck":["AscendersBane","Survivor+1","Neutralize+1","Predator","Deadly Poison+1","Bouncing Flask+1","Adrenaline+1","Corpse Explosion","Backflip+1","Leg Sweep","After Image","Concentrate","Prepared+1","PiercingWail","Escape Plan+1","Tactician+1","Storm of Steel","PiercingWail","Choke","Quick Slash","Poisoned Stab","Concentrate","Phantasmal Killer","Acrobatics+1","Expertise+1","Reflex+1","Calculated Gamble+1","Catalyst+1","Expertise+1"],"special_seed":0,"relics":["Ring of the Snake","NeowsBlessing","WarpedTongs","Smiling Mask","Bag of Preparation","Orichalcum","Potion Belt","Question Card","Runic Pyramid","Regal Pillow","Sundial","Strawberry","Pandora\u0027s Box","Bottled Flame","War Paint","Darkstone Periapt","Mummified Hand","Frozen Eye","Vajra"],"potions_floor_usage":[56,56,56],"damage_taken":[{"damage":0.0,"enemies":"Jaw Worm","floor":1.0,"turns":1.0},{"damage":0.0,"enemies":"Cultist","floor":3.0,"turns":1.0},{"damage":0.0,"enemies":"2 Louse","floor":5.0,"turns":1.0},{"damage":24.0,"enemies":"3 Sentries","floor":6.0,"turns":11.0},{"damage":10.0,"enemies":"Lagavulin","floor":8.0,"turns":6.0},{"damage":18.0,"enemies":"Gremlin Nob","floor":10.0,"turns":4.0},{"damage":3.0,"enemies":"Blue Slaver","floor":11.0,"turns":3.0},{"damage":0.0,"enemies":"Gremlin Gang","floor":13.0,"turns":3.0},{"damage":0.0,"enemies":"Hexaghost","floor":16.0,"turns":8.0},{"damage":6.0,"enemies":"Spheric Guardian","floor":18.0,"turns":5.0},{"damage":0.0,"enemies":"Shell Parasite","floor":19.0,"turns":5.0},{"damage":3.0,"enemies":"Shelled Parasite and Fungi","floor":20.0,"turns":7.0},{"damage":0.0,"enemies":"Centurion and Healer","floor":21.0,"turns":4.0},{"damage":0.0,"enemies":"3 Cultists","floor":22.0,"turns":3.0},{"damage":0.0,"enemies":"Book of Stabbing","floor":24.0,"turns":5.0},{"damage":0.0,"enemies":"Cultist and Chosen","floor":27.0,"turns":4.0},{"damage":0.0,"enemies":"Slavers","floor":28.0,"turns":3.0},{"damage":0.0,"enemies":"Sentry and Sphere","floor":29.0,"turns":6.0},{"damage":0.0,"enemies":"Gremlin Leader","floor":31.0,"turns":8.0},{"damage":0.0,"enemies":"Automaton","floor":33.0,"turns":9.0},{"damage":0.0,"enemies":"3 Shapes","floor":35.0,"turns":4.0},{"damage":0.0,"enemies":"Orb Walker","floor":37.0,"turns":3.0},{"damage":0.0,"enemies":"Maw","floor":38.0,"turns":6.0},{"damage":0.0,"enemies":"Jaw Worm Horde","floor":39.0,"turns":2.0},{"damage":0.0,"enemies":"Nemesis","floor":40.0,"turns":7.0},{"damage":0.0,"enemies":"Spire Growth","floor":44.0,"turns":3.0},{"damage":0.0,"enemies":"Reptomancer","floor":45.0,"turns":3.0},{"damage":2.0,"enemies":"3 Darklings","floor":46.0,"turns":3.0},{"damage":0.0,"enemies":"Jaw Worm Horde","floor":47.0,"turns":2.0},{"damage":0.0,"enemies":"Giant Head","floor":48.0,"turns":5.0},{"damage":15.0,"enemies":"Time Eater","floor":50.0,"turns":6.0},{"damage":0.0,"enemies":"Awakened One","floor":51.0,"turns":6.0},{"damage":0.0,"enemies":"Shield and Spear","floor":55.0,"turns":4.0},{"damage":60,"enemies":"The Heart","floor":56,"turns":7}],"seed_played":"-7300972987692535686","potions_obtained":[{"floor":5.0,"key":"Poison Potion"},{"floor":6.0,"key":"Ancient Potion"},{"floor":13.0,"key":"Ancient Potion"},{"floor":16.0,"key":"Weak Potion"},{"floor":19.0,"key":"Block Potion"},{"floor":20.0,"key":"Block Potion"},{"floor":22.0,"key":"LiquidBronze"},{"floor":27.0,"key":"GhostInAJar"},{"floor":31.0,"key":"SpeedPotion"},{"floor":37.0,"key":"Regen Potion"},{"floor":38.0,"key":"AttackPotion"},{"floor":40.0,"key":"EssenceOfSteel"},{"floor":46.0,"key":"AttackPotion"}],"is_trial":false,"path_per_floor":["M","?","M","$","M","E","R","E","T","E","M","R","M","T","R","B",null,"M","M","M","M","M","R","E","R","T","M","E","M","?","E","R","B",null,"M","?","M","M","M","E","$","R","T","M","E","M","M","E","R","B","B",null,"R","$","E","B",null],"character_chosen":"THE_SILENT","items_purchased":["Deadly Poison","Calculated Gamble","Frozen Eye","Strength Potion","SteroidPotion"],"campfire_rested":0,"item_purchase_floors":[4,41,54,54,54],"current_hp_per_floor":[59,59,59,59,59,35,35,25,25,7,4,4,4,4,4,4,51,45,45,42,42,42,42,42,42,42,42,42,42,42,49,49,49,67,67,67,67,67,67,67,67,67,67,67,67,65,65,73,73,58,58,69,69,69,69,9],"gold":251,"neow_bonus":"THREE_ENEMY_KILL","is_prod":false,"is_daily":false,"chose_seed":false,"campfire_upgraded":8,"win_rate":0,"timestamp":1552390977,"path_taken":["M","?","M","$","M","E","R","E","T","E","?","R","M","?","R","BOSS","M","M","M","M","M","R","E","R","T","M","E","?","?","E","R","BOSS","M","?","M","?","?","E","$","R","T","M","E","M","M","E","R","BOSS","BOSS","R","$","E","BOSS"],"build_version":"2019-01-23","purchased_purges":3,"victory":true,"max_hp_per_floor":[66,66,66,66,66,66,66,66,66,66,66,66,66,66,66,66,66,66,66,66,66,66,66,66,66,66,66,66,66,66,73,73,73,73,73,73,73,73,73,73,73,73,73,73,73,73,73,73,73,73,73,73,73,73,73,73],"card_choices":[{"not_picked":["Cloak And Dagger","Eviscerate"],"picked":"Predator","floor":1.0},{"not_picked":["Cloak And Dagger","Bane","Flying Knee"],"picked":"SKIP","floor":3.0},{"not_picked":["Backstab","Setup"],"picked":"Bouncing Flask","floor":5.0},{"not_picked":["Footwork","Backflip"],"picked":"Adrenaline","floor":6.0},{"not_picked":["Underhanded Strike","Setup"],"picked":"Corpse Explosion","floor":8.0},{"not_picked":["Bane","Endless Agony"],"picked":"Backflip","floor":10.0},{"not_picked":["Dagger Throw","Dagger Spray","Flying Knee"],"picked":"SKIP","floor":11.0},{"not_picked":["Slice","Outmaneuver"],"picked":"Leg Sweep","floor":13.0},{"not_picked":["Glass Knife","A Thousand Cuts","Phantasmal Killer"],"picked":"After Image","floor":16.0},{"not_picked":["Well Laid Plans","Sucker Punch","Setup"],"picked":"Concentrate","floor":18.0},{"not_picked":["Flechettes","Prepared","Terror","Dash"],"picked":"SKIP","floor":19.0},{"not_picked":["Dodge and Roll","Bouncing Flask","Poisoned Stab"],"picked":"Prepared+1","floor":20.0},{"not_picked":["Flechettes","Backstab","Eviscerate","Envenom"],"picked":"SKIP","floor":21.0},{"not_picked":["Slice","Noxious Fumes","Infinite Blades","Deadly Poison"],"picked":"SKIP","floor":22.0},{"not_picked":["Eviscerate","Dodge and Roll","Flying Knee","Quick Slash"],"picked":"SKIP","floor":24.0},{"not_picked":["Blade Dance","PiercingWail","Cloak And Dagger","Slice"],"picked":"SKIP","floor":27.0},{"not_picked":["Blade Dance","Cloak And Dagger","Slice"],"picked":"PiercingWail","floor":27.0},{"not_picked":["Distraction","Well Laid Plans","Phantasmal Killer"],"picked":"Escape Plan","floor":28.0},{"not_picked":["Infinite Blades+1","Blade Dance","Prepared","Riddle With Holes"],"picked":"SKIP","floor":29.0},{"not_picked":["Acrobatics","Blade Dance","Infinite Blades"],"picked":"Tactician+1","floor":31.0},{"not_picked":["Cloak And Dagger+1","Dodge and Roll","Bane+1"],"picked":"Acrobatics+1","floor":35.0},{"not_picked":["Dagger Spray","Backflip","Outmaneuver","Backstab"],"picked":"SKIP","floor":37.0},{"not_picked":["Sucker Punch","Prepared","Infinite Blades","Crippling Poison"],"picked":"SKIP","floor":38.0},{"not_picked":["Dagger Spray","Adrenaline","Bane"],"picked":"Reflex+1","floor":39.0},{"not_picked":["Cloak And Dagger","Flechettes","Doppelganger","Slice"],"picked":"SKIP","floor":40.0},{"not_picked":["Flying Knee","Flechettes","Tactician"],"picked":"Catalyst+1","floor":44.0},{"not_picked":["Dagger Throw+1","Acrobatics","Slice","Backflip"],"picked":"SKIP","floor":45.0},{"not_picked":["Well Laid Plans+1","Dodge and Roll","Heel Hook","Noxious Fumes+1"],"picked":"SKIP","floor":46.0},{"not_picked":["Prepared","Setup","Masterful Stab","Tactician+1"],"picked":"SKIP","floor":47.0},{"not_picked":["Eviscerate","Bane+1","Flying Knee"],"picked":"Expertise","floor":48.0},{"not_picked":["Dagger Throw","Blade Dance","Choke","Deadly Poison"],"picked":"SKIP","floor":55.0}],"player_experience":3522013,"relics_obtained":[{"floor":6.0,"key":"Smiling Mask"},{"floor":8.0,"key":"Bag of Preparation"},{"floor":9.0,"key":"Orichalcum"},{"floor":10.0,"key":"Potion Belt"},{"floor":14.0,"key":"Question Card"},{"floor":24.0,"key":"Regal Pillow"},{"floor":28.0,"key":"Sundial"},{"floor":31.0,"key":"Strawberry"},{"floor":40.0,"key":"Bottled Flame"},{"floor":43.0,"key":"War Paint"},{"floor":45.0,"key":"Darkstone Periapt"},{"floor":48.0,"key":"Mummified Hand"},{"floor":55.0,"key":"Vajra"}],"event_choices":[{"damage_healed":0.0,"max_hp_gain":0.0,"max_hp_loss":0.0,"gold_gain":0.0,"event_name":"Accursed Blacksmith","player_choice":"Rummage","floor":2.0,"gold_loss":0.0,"damage_taken":0.0,"relics_obtained":["WarpedTongs"],"cards_obtained":["Pain"]},{"damage_healed":0.0,"max_hp_gain":0.0,"max_hp_loss":0.0,"gold_gain":50.0,"event_name":"Nest","player_choice":"Stole From Cult","floor":30.0,"gold_loss":0.0,"damage_taken":0.0},{"damage_healed":0.0,"max_hp_gain":0.0,"max_hp_loss":0.0,"gold_gain":0.0,"cards_transformed":["Riddle With Holes"],"event_name":"Transmorgrifier","player_choice":"Transformed","floor":36.0,"gold_loss":0.0,"damage_taken":0.0,"cards_obtained":["Expertise"]}],"is_beta":false,"boss_relics":[{"not_picked":["Empty Cage","Black Star"],"picked":"Runic Pyramid"},{"not_picked":["Busted Crown","Orrery"],"picked":"Pandora\u0027s Box"}],"items_purged_floors":[4,41,54],"is_endless":false,"potions_floor_spawned":[5,6,13,16,19,20,22,27,31,37,38,40,46],"ascension_level":20}