{"gold_per_floor":[18,37,48,48,48,77,93,108,108,33,53,53,53,78,78,155,155,166,179,179,79,93,120,120,155,204,224,224,251,267,286,286,357,357,367,367,379,379,394,420,420,438,520,520,531,557,157,187,187,187,187,187,187,43,70,70],"floor_reached":57,"playtime":4149,"items_purged":["Strike_G","Strike_G","Defend_G","Infinite Blades+1"],"score":3778,"play_id":"ce184338-42c2-48e0-9eda-fa87c7aab9c2","local_time":"20190204181638","is_ascension_mode":true,"campfire_choices":[{"data":"Well Laid Plans","floor":15.0,"key":"SMITH"},{"data":"Acrobatics","floor":24.0,"key":"SMITH"},{"floor":32.0,"key":"RECALL"},{"data":"Calculated Gamble","floor":41.0,"key":"SMITH"},{"data":"Backflip","floor":44.0,"key":"SMITH"},{"data":"Heel Hook","floor":49.0,"key":"SMITH"},{"floor":53.0,"key":"REST"}],"neow_cost":"NO_GOLD","seed_source_timestamp":0,"circlet_count":0,"master_deck":["AscendersBane","Defend_G","Defend_G","Defend_G","Defend_G","Survivor","Neutralize+1","Endless Agony+1","Backstab","Escape Plan","Acrobatics+1","Well Laid Plans+1","Heel Hook+1","Backflip+1","Calculated Gamble+1"],"special_seed":0,"relics":["Ring of the Snake","Sundial","Tingsha","Thread and Needle","Dodecahedron","Black Star","Centennial Puzzle","Pen Nib","Shuriken","Molten Egg 2","Art of War","Bronze Scales","Singing Bowl","Orrery","FossilizedHelix","The Courier","Omamori","Mercury Hourglass","Membership Card","Lantern","Bottled Lightning","Happy Flower","Unceasing Top","Strawberry","Bag of Marbles","Oddly Smooth Stone"],"potions_floor_usage":[56],"damage_taken":[{"damage":0.0,"enemies":"2 Louse","floor":1.0,"turns":6.0},{"damage":0.0,"enemies":"Jaw Worm","floor":2.0,"turns":4.0},{"damage":0.0,"enemies":"Cultist","floor":3.0,"turns":4.0},{"damage":14.0,"enemies":"3 Sentries","floor":6.0,"turns":7.0},{"damage":4.0,"enemies":"Large Slime","floor":7.0,"turns":7.0},{"damage":0.0,"enemies":"2 Fungi Beasts","floor":8.0,"turns":3.0},{"damage":0.0,"enemies":"Blue Slaver","floor":11.0,"turns":3.0},{"damage":0.0,"enemies":"Lagavulin","floor":14.0,"turns":7.0},{"damage":4.0,"enemies":"The Guardian","floor":16.0,"turns":8.0},{"damage":7.0,"enemies":"2 Thieves","floor":18.0,"turns":5.0},{"damage":8.0,"enemies":"3 Byrds","floor":19.0,"turns":4.0},{"damage":0.0,"enemies":"3 Cultists","floor":22.0,"turns":3.0},{"damage":0.0,"enemies":"Book of Stabbing","floor":23.0,"turns":3.0},{"damage":0.0,"enemies":"Gremlin Leader","floor":25.0,"turns":3.0},{"damage":2.0,"enemies":"Cultist and Chosen","floor":27.0,"turns":7.0},{"damage":0.0,"enemies":"Book of Stabbing","floor":29.0,"turns":3.0},{"damage":0.0,"enemies":"Snake Plant","floor":30.0,"turns":3.0},{"damage":4.0,"enemies":"Shelled Parasite and Fungi","floor":31.0,"turns":3.0},{"damage":0.0,"enemies":"Collector","floor":33.0,"turns":2.0},{"damage":10.0,"enemies":"3 Darklings","floor":35.0,"turns":4.0},{"damage":1.0,"enemies":"3 Shapes","floor":37.0,"turns":5.0},{"damage":1.0,"enemies":"Writhing Mass","floor":39.0,"turns":3.0},{"damage":0.0,"enemies":"Reptomancer","floor":40.0,"turns":2.0},{"damage":0.0,"enemies":"4 Shapes","floor":42.0,"turns":6.0},{"damage":0.0,"enemies":"Sphere and 2 Shapes","floor":45.0,"turns":2.0},{"damage":44.0,"enemies":"Nemesis","floor":46.0,"turns":7.0},{"damage":0.0,"enemies":"Reptomancer","floor":48.0,"turns":2.0},{"damage":0.0,"enemies":"Donu and Deca","floor":50.0,"turns":3.0},{"damage":0.0,"enemies":"Awakened One","floor":51.0,"turns":3.0},{"damage":0.0,"enemies":"Shield and Spear","floor":55.0,"turns":3.0},{"damage":95,"enemies":"The Heart","floor":56,"turns":6}],"seed_played":"2740159809939778538","potions_obtained":[{"floor":1.0,"key":"Explosive Potion"},{"floor":8.0,"key":"Block Potion"},{"floor":11.0,"key":"GamblersBrew"},{"floor":16.0,"key":"SteroidPotion"},{"floor":28.0,"key":"GhostInAJar"}],"is_trial":false,"path_per_floor":["M","M","M","?","?","E","M","M","T","$","M","?","?","E","R","B",null,"M","M","?","$","M","E","R","E","T","M","?","E","M","M","R","B",null,"M","?","M","?","M","E","R","M","T","R","M","E","$","E","R","B","B",null,"R","$","E","B",null],"character_chosen":"THE_SILENT","items_purchased":["Membership Card","Lantern","Bottled Lightning","Strawberry"],"campfire_rested":1,"item_purchase_floors":[47,47,47,54],"current_hp_per_floor":[59,59,59,39,39,25,21,21,21,21,21,14,14,14,14,10,52,45,37,37,37,37,37,37,37,37,35,35,37,39,37,37,39,75,67,67,68,68,69,69,69,71,71,71,73,31,31,33,33,33,33,82,98,105,107,12],"gold":70,"neow_bonus":"TRANSFORM_TWO_CARDS","is_prod":false,"is_daily":false,"chose_seed":false,"campfire_upgraded":5,"win_rate":0,"timestamp":1549275398,"path_taken":["M","M","M","?","?","E","?","M","T","$","M","?","?","E","R","BOSS","M","M","?","$","M","E","R","E","T","M","?","E","?","M","R","BOSS","M","?","?","?","M","E","R","?","T","R","M","E","$","E","R","BOSS","BOSS","R","$","E","BOSS"],"build_version":"2019-01-23","purchased_purges":4,"victory":true,"max_hp_per_floor":[66,66,66,66,66,66,66,66,66,66,66,66,66,66,66,66,66,66,66,66,66,66,66,66,66,66,66,66,68,70,72,72,74,84,86,86,88,88,90,90,90,92,92,92,94,96,96,98,98,98,98,98,98,105,107,107],"card_choices":[{"not_picked":["Expertise","Backflip"],"picked":"Endless Agony","floor":1.0},{"not_picked":["Backstab","Flying Knee","Dagger Spray"],"picked":"SKIP","floor":2.0},{"not_picked":["Flying Knee","Dagger Spray"],"picked":"Backstab","floor":2.0},{"not_picked":["Reflex","Acrobatics"],"picked":"Escape Plan","floor":3.0},{"not_picked":["Cloak And Dagger","Terror"],"picked":"Acrobatics","floor":6.0},{"not_picked":["Poisoned Stab","Noxious Fumes","Setup"],"picked":"SKIP","floor":7.0},{"not_picked":["Deflect","Poisoned Stab","Flying Knee"],"picked":"SKIP","floor":8.0},{"not_picked":["Deflect","Accuracy","Dagger Throw"],"picked":"SKIP","floor":11.0},{"not_picked":["Tactician","Bane"],"picked":"Well Laid Plans","floor":14.0},{"not_picked":["PiercingWail","Bane+1"],"picked":"Heel Hook","floor":18.0},{"not_picked":["Blade Dance","Deflect","Dagger Throw"],"picked":"SKIP","floor":19.0},{"not_picked":["Bane","Flying Knee","Blur"],"picked":"SKIP","floor":22.0},{"not_picked":["Reflex","Infinite Blades","Finisher"],"picked":"SKIP","floor":23.0},{"not_picked":["Catalyst","Eviscerate","Quick Slash"],"picked":"SKIP","floor":25.0},{"not_picked":["Flying Knee+1","Flechettes+1","Well Laid Plans"],"picked":"SKIP","floor":27.0},{"not_picked":["Deadly Poison","Bouncing Flask","Flying Knee+1"],"picked":"Singing Bowl","floor":29.0},{"not_picked":["Quick Slash+1","Dagger Throw+1","Escape Plan"],"picked":"Singing Bowl","floor":30.0},{"not_picked":["Masterful Stab+1","Eviscerate+1","Crippling Poison"],"picked":"Singing Bowl","floor":31.0},{"not_picked":["Malaise","Storm of Steel","Corpse Explosion"],"picked":"Singing Bowl","floor":33.0},{"not_picked":["Distraction+1","Deadly Poison","Bouncing Flask"],"picked":"Singing Bowl","floor":34.0},{"not_picked":["Dagger Spray+1","Expertise","Cloak And Dagger"],"picked":"Singing Bowl","floor":34.0},{"not_picked":["Cloak And Dagger","Masterful Stab+1","Doppelganger"],"picked":"Singing Bowl","floor":34.0},{"not_picked":["Accuracy","Dodge and Roll","Outmaneuver"],"picked":"Singing Bowl","floor":34.0},{"not_picked":["Slice+1","PiercingWail+1","Underhanded Strike+1"],"picked":"Singing Bowl","floor":34.0},{"not_picked":["Backflip+1","Quick Slash+1","Flechettes+1"],"picked":"Singing Bowl","floor":35.0},{"not_picked":["PiercingWail","Dodge and Roll","Slice+1"],"picked":"Singing Bowl","floor":37.0},{"not_picked":["Blur","Sucker Punch+1","Terror"],"picked":"Singing Bowl","floor":39.0},{"not_picked":["Flying Knee+1","Riddle With Holes+1"],"picked":"Calculated Gamble","floor":40.0},{"not_picked":["Deflect","Calculated Gamble","Underhanded Strike+1"],"picked":"Singing Bowl","floor":42.0},{"not_picked":["PiercingWail","Blade Dance+1","Dagger Spray+1"],"picked":"Singing Bowl","floor":45.0},{"not_picked":["Sucker Punch+1","Setup","Deadly Poison"],"picked":"Singing Bowl","floor":46.0},{"not_picked":["Riddle With Holes+1","Blade Dance","Accuracy"],"picked":"Singing Bowl","floor":48.0},{"not_picked":["Escape Plan+1","Dodge and Roll+1","Backflip"],"picked":"Singing Bowl","floor":55.0}],"player_experience":1413971,"relics_obtained":[{"floor":6.0,"key":"Sundial"},{"floor":9.0,"key":"Tingsha"},{"floor":14.0,"key":"Dodecahedron"},{"floor":23.0,"key":"Centennial Puzzle"},{"floor":23.0,"key":"Pen Nib"},{"floor":25.0,"key":"Shuriken"},{"floor":25.0,"key":"Molten Egg 2"},{"floor":26.0,"key":"Art of War"},{"floor":29.0,"key":"Bronze Scales"},{"floor":29.0,"key":"Singing Bowl"},{"floor":40.0,"key":"FossilizedHelix"},{"floor":40.0,"key":"The Courier"},{"floor":46.0,"key":"Omamori"},{"floor":46.0,"key":"Mercury Hourglass"},{"floor":48.0,"key":"Happy Flower"},{"floor":48.0,"key":"Unceasing Top"},{"floor":55.0,"key":"Bag of Marbles"},{"floor":55.0,"key":"Oddly Smooth Stone"}],"event_choices":[{"damage_healed":0.0,"max_hp_gain":0.0,"max_hp_loss":0.0,"gold_gain":0.0,"event_name":"Shining Light","player_choice":"Entered Light","floor":4.0,"gold_loss":0.0,"damage_taken":20.0,"cards_upgraded":["Infinite Blades","Endless Agony"]},{"damage_healed":0.0,"max_hp_gain":0.0,"max_hp_loss":0.0,"gold_gain":0.0,"event_name":"Upgrade Shrine","player_choice":"Upgraded","floor":5.0,"gold_loss":0.0,"damage_taken":0.0,"cards_upgraded":["Neutralize"]},{"cards_removed":["Strike_G"],"damage_healed":0.0,"max_hp_gain":0.0,"max_hp_loss":0.0,"gold_gain":0.0,"event_name":"Golden Wing","player_choice":"Card Removal","floor":12.0,"gold_loss":0.0,"damage_taken":7.0},{"damage_healed":0.0,"max_hp_gain":0.0,"max_hp_loss":0.0,"gold_gain":0.0,"event_name":"Dead Adventurer","player_choice":"Searched \u00271\u0027 times","floor":13.0,"gold_loss":0.0,"damage_taken":0.0,"relics_obtained":["Thread and Needle"]},{"damage_healed":0.0,"max_hp_gain":0.0,"max_hp_loss":0.0,"gold_gain":0.0,"event_name":"Vampires","player_choice":"Ignored","floor":20.0,"gold_loss":0.0,"damage_taken":0.0},{"damage_healed":0.0,"max_hp_gain":0.0,"max_hp_loss":0.0,"gold_gain":0.0,"event_name":"Lab","player_choice":"Got Potions","floor":28.0,"gold_loss":0.0,"damage_taken":0.0},{"damage_healed":0.0,"max_hp_gain":0.0,"max_hp_loss":0.0,"gold_gain":0.0,"event_name":"Duplicator","player_choice":"Ignored","floor":36.0,"gold_loss":0.0,"damage_taken":0.0},{"damage_healed":0.0,"max_hp_gain":0.0,"max_hp_loss":0.0,"gold_gain":0.0,"cards_transformed":["Escape Plan"],"event_name":"Transmorgrifier","player_choice":"Transformed","floor":38.0,"gold_loss":0.0,"damage_taken":0.0,"cards_obtained":["Backflip"]}],"is_beta":true,"boss_relics":[{"not_picked":["Snecko Eye","Runic Pyramid"],"picked":"Black Star"},{"not_picked":["Lizard Tail","Velvet Choker"],"picked":"Orrery"}],"items_purged_floors":[10,21,47,54],"is_endless":false,"potions_floor_spawned":[1,8,11,16,19,23,30,33,37,40,42],"ascension_level":20}