{"gold_per_floor":[114,134,8,26,26,26,59,59,59,59,75,87,99,99,99,99],"floor_reached":16,"playtime":1638,"items_purged":["Strike_R"],"score":168,"play_id":"95a89e91-7ebb-4c77-a159-218c57910bcb","local_time":"20190731192802","is_ascension_mode":true,"campfire_choices":[{"data":"Barricade","floor":6,"key":"SMITH"},{"data":"Body Slam","floor":8,"key":"SMITH"},{"data":"Shrug It Off","floor":10,"key":"SMITH"},{"floor":15,"key":"REST"}],"neow_cost":"TEN_PERCENT_HP_LOSS","seed_source_timestamp":125640092614931,"circlet_count":0,"master_deck":["AscendersBane","Strike_R","Strike_R","Strike_R","Defend_R","Defend_R","Defend_R","Defend_R","Bash","Barricade+1","Power Through","Sword Boomerang","Pommel Strike","Shrug It Off+1","Body Slam+1","Feel No Pain","True Grit","Shrug It Off"],"relics":["Burning Blood","Gremlin Horn","Dodecahedron"],"potions_floor_usage":[7,7,16],"damage_taken":[{"damage":12,"enemies":"Jaw Worm","floor":1,"turns":8},{"damage":0,"enemies":"2 Louse","floor":2,"turns":5},{"damage":5,"enemies":"Cultist","floor":4,"turns":4},{"damage":22,"enemies":"Gremlin Nob","floor":7,"turns":4},{"damage":24,"enemies":"Gremlin Gang","floor":11,"turns":6},{"damage":0,"enemies":"2 Fungi Beasts","floor":12,"turns":3},{"damage":20,"enemies":"Exordium Wildlife","floor":13,"turns":8},{"damage":48,"enemies":"Hexaghost","floor":16,"turns":19}],"seed_played":"626586749529828946","potions_obtained":[{"floor":1,"key":"AttackPotion"},{"floor":2,"key":"EssenceOfSteel"},{"floor":4,"key":"Swift Potion"},{"floor":11,"key":"Weak Potion"}],"is_trial":false,"path_per_floor":["M","M","$","M","?","R","E","R","T","R","M","M","M","?","R","B"],"character_chosen":"IRONCLAD","items_purchased":["Pommel Strike"],"campfire_rested":1,"item_purchase_floors":[3],"current_hp_per_floor":[66,72,72,72,72,72,56,56,56,56,38,44,30,23,44,0],"gold":99,"neow_bonus":"THREE_RARE_CARDS","is_prod":false,"is_daily":false,"chose_seed":false,"campfire_upgraded":3,"win_rate":0,"timestamp":1564619282,"path_taken":["M","M","$","M","?","R","E","R","T","R","M","M","M","?","R","BOSS"],"build_version":"2019-07-17","purchased_purges":1,"victory":false,"max_hp_per_floor":[72,72,72,72,72,72,72,72,72,72,72,72,72,72,72,72],"card_choices":[{"not_picked":["Reaper","Limit Break"],"picked":"Barricade","floor":0},{"not_picked":["Fire Breathing","Flex"],"picked":"Power Through","floor":1},{"not_picked":["Armaments","Burning Pact"],"picked":"Sword Boomerang","floor":2},{"not_picked":["Dual Wield","Sword Boomerang"],"picked":"Shrug It Off","floor":4},{"not_picked":["Perfected Strike","Burning Pact"],"picked":"Body Slam","floor":7},{"not_picked":["Iron Wave","Searing Blow"],"picked":"Feel No Pain","floor":11},{"not_picked":["Bloodletting","Dropkick"],"picked":"True Grit","floor":12},{"not_picked":["Rupture","Pommel Strike"],"picked":"Shrug It Off","floor":13}],"player_experience":406856,"relics_obtained":[{"floor":7,"key":"Gremlin Horn"},{"floor":9,"key":"Dodecahedron"}],"event_choices":[{"damage_healed":0,"gold_gain":0,"player_choice":"Ignored","damage_taken":0,"max_hp_gain":0,"max_hp_loss":0,"event_name":"Liars Game","floor":5,"gold_loss":0},{"cards_removed":["Strike_R"],"damage_healed":0,"gold_gain":0,"player_choice":"Card Removal","damage_taken":7,"max_hp_gain":0,"max_hp_loss":0,"event_name":"Golden Wing","floor":14,"gold_loss":0}],"is_beta":false,"boss_relics":[],"items_purged_floors":[3],"is_endless":false,"potions_floor_spawned":[1,2,4,11],"killed_by":"Hexaghost","ascension_level":13}