{"gold_per_floor":[111,36,36,36,51,51,77,77,77,107,123,24,24,52,52,52],"floor_reached":16,"playtime":313,"items_purged":["Strike_G"],"score":262,"play_id":"047a01df-1c55-4ab4-90e8-103d6fbd23ec","local_time":"20181124225644","is_ascension_mode":true,"campfire_choices":[{"data":"Deadly Poison","floor":6,"key":"SMITH"},{"data":"Neutralize","floor":8,"key":"SMITH"},{"data":"Flechettes","floor":13,"key":"SMITH"},{"data":"Well Laid Plans","floor":15,"key":"SMITH"}],"neow_cost":"NONE","seed_source_timestamp":14526234110640,"circlet_count":0,"master_deck":["AscendersBane","Defend_G","Defend_G","Defend_G","Defend_G","Defend_G","Strike_G","Strike_G","Strike_G","Survivor","Neutralize+1","Prepared+1","Deadly Poison+1","Flechettes+1","Trip","Well Laid Plans+1"],"relics":["Ring of the Snake","NeowsBlessing","Ancient Tea Set","Lantern","Bronze Scales","Odd Mushroom"],"potions_floor_usage":[],"damage_taken":[{"damage":0,"enemies":"Cultist","floor":1,"turns":1},{"damage":0,"enemies":"2 Louse","floor":5,"turns":1},{"damage":0,"enemies":"Gremlin Nob","floor":7,"turns":1},{"damage":32,"enemies":"3 Sentries","floor":10,"turns":14},{"damage":0,"enemies":"Jaw Worm","floor":11,"turns":3},{"damage":1,"enemies":"The Mushroom Lair","floor":14,"turns":3},{"damage":20,"enemies":"Slime Boss","floor":16,"turns":3}],"seed_played":"4042074648498603474","potions_obtained":[{"floor":10,"key":"Explosive Potion"},{"floor":11,"key":"Fire Potion"}],"is_trial":false,"path_per_floor":["M","$","?","?","M","R","E","R","T","E","M","$","R","?","R","B"],"character_chosen":"THE_SILENT","items_purchased":["Trip"],"campfire_rested":0,"item_purchase_floors":[12],"current_hp_per_floor":[59,59,52,52,52,52,52,52,52,20,20,20,20,19,19,0],"gold":52,"neow_bonus":"THREE_ENEMY_KILL","is_prod":false,"is_daily":false,"chose_seed":false,"campfire_upgraded":4,"win_rate":0,"timestamp":1543071404,"path_taken":["M","$","?","?","?","R","E","R","T","E","M","?","R","?","R","BOSS"],"build_version":"2018-11-15","purchased_purges":1,"victory":false,"max_hp_per_floor":[66,66,66,66,66,66,66,66,66,66,66,66,66,66,66,66],"card_choices":[{"not_picked":["Dodge and Roll","Slice"],"picked":"Prepared","floor":1},{"not_picked":["Cloak And Dagger","Bane"],"picked":"Deadly Poison","floor":5},{"not_picked":["Distraction","Storm of Steel","Cloak And Dagger"],"picked":"SKIP","floor":7},{"not_picked":["Finisher","Distraction"],"picked":"Flechettes","floor":10},{"not_picked":["PiercingWail","Bane","Deflect"],"picked":"SKIP","floor":11},{"not_picked":["Dagger Spray","Poisoned Stab"],"picked":"Well Laid Plans","floor":14}],"player_experience":1153712,"relics_obtained":[{"floor":7,"key":"Ancient Tea Set"},{"floor":9,"key":"Lantern"},{"floor":10,"key":"Bronze Scales"},{"floor":14,"key":"Odd Mushroom"}],"event_choices":[{"cards_removed":["Strike_G"],"damage_healed":0,"gold_gain":0,"player_choice":"Card Removal","damage_taken":7,"max_hp_gain":0,"max_hp_loss":0,"event_name":"Golden Wing","floor":3,"gold_loss":0},{"damage_healed":0,"gold_gain":0,"player_choice":"Forge","damage_taken":0,"max_hp_gain":0,"max_hp_loss":0,"event_name":"Accursed Blacksmith","floor":4,"gold_loss":0,"cards_upgraded":["Prepared"]},{"damage_healed":0,"gold_gain":0,"player_choice":"Fought Mushrooms","damage_taken":0,"max_hp_gain":0,"max_hp_loss":0,"event_name":"Mushrooms","floor":14,"gold_loss":0}],"is_beta":true,"boss_relics":[],"items_purged_floors":[2],"is_endless":false,"potions_floor_spawned":[10,11,14],"killed_by":"Slime Boss","ascension_level":20}