{"gold_per_floor":[359,78,78,93,43,71,71,86,162,182,182,182,182,196,196,296,296,316,124,140,15,29,56,56,56,83,33,62,73,73,73,73,177,177,192,212,212,62,74,74,99,112,137,137,137,137,137,157,157,157,157,157,157,183,183],"floor_reached":56,"playtime":1680,"items_purged":["Decay","Decay","Strike_G","Defend_G"],"score":1268,"play_id":"cfb30020-5d7d-4f38-a8b4-0901d8f129ef","local_time":"20181211151519","is_ascension_mode":false,"campfire_choices":[{"data":"Noxious Fumes","floor":7.0,"key":"SMITH"},{"data":"Malaise","floor":11.0,"key":"SMITH"},{"data":"Glass Knife","floor":13.0,"key":"SMITH"},{"data":"Deadly Poison","floor":15.0,"key":"SMITH"},{"data":"Catalyst","floor":24.0,"key":"SMITH"},{"data":"Noxious Fumes","floor":30.0,"key":"SMITH"},{"data":"Neutralize","floor":32.0,"key":"SMITH"},{"data":"Wraith Form v2","floor":40,"key":"SMITH"},{"floor":44,"key":"RECALL"},{"data":"Purity","floor":47,"key":"SMITH"},{"data":"Venomology","floor":49,"key":"SMITH"},{"data":"Escape Plan","floor":52,"key":"SMITH"}],"neow_cost":"CURSE","seed_source_timestamp":9222289872088,"circlet_count":0,"master_deck":["Defend_G","Defend_G","Defend_G","Strike_G","Strike_G","Survivor","Neutralize+1","Deadly Poison+1","Glass Knife+1","Noxious Fumes+1","Malaise+1","Escape Plan+1","Purity+1","Well Laid Plans+1","Catalyst+1","Noxious Fumes+1","Wraith Form v2+1","Catalyst+1","Venomology+1"],"special_seed":0,"relics":["Ring of the Snake","Snake Skull","Orrery","Paper Crane","Dream Catcher","Anchor","Velvet Choker","Pantograph","Vajra","Strawberry"],"potions_floor_usage":[41,42,48,50,54,55,55,55],"damage_taken":[{"damage":0.0,"enemies":"2 Louse","floor":1.0,"turns":5.0},{"damage":0.0,"enemies":"Small Slimes","floor":4.0,"turns":3.0},{"damage":16.0,"enemies":"Gremlin Nob","floor":6.0,"turns":4.0},{"damage":1.0,"enemies":"Cultist","floor":8.0,"turns":3.0},{"damage":2.0,"enemies":"Blue Slaver","floor":10.0,"turns":3.0},{"damage":20.0,"enemies":"Looter","floor":14.0,"turns":4.0},{"damage":2.0,"enemies":"Hexaghost","floor":16.0,"turns":8.0},{"damage":4.0,"enemies":"Spheric Guardian","floor":18.0,"turns":5.0},{"damage":1.0,"enemies":"Chosen","floor":20.0,"turns":5.0},{"damage":2.0,"enemies":"Snake Plant","floor":22.0,"turns":2.0},{"damage":28.0,"enemies":"Slavers","floor":23.0,"turns":7.0},{"damage":2.0,"enemies":"Book of Stabbing","floor":28.0,"turns":5.0},{"damage":4.0,"enemies":"3 Cultists","floor":29.0,"turns":6.0},{"damage":25,"enemies":"Collector","floor":33,"turns":6},{"damage":0,"enemies":"Orb Walker","floor":35,"turns":3},{"damage":0,"enemies":"3 Shapes","floor":36,"turns":4},{"damage":0,"enemies":"Jaw Worm Horde","floor":39,"turns":4},{"damage":0,"enemies":"Reptomancer","floor":41,"turns":4},{"damage":0,"enemies":"Writhing Mass","floor":42,"turns":4},{"damage":0,"enemies":"Transient","floor":48,"turns":5},{"damage":12,"enemies":"Time Eater","floor":50,"turns":6},{"damage":15,"enemies":"Shield and Spear","floor":54,"turns":6},{"damage":36,"enemies":"The Heart","floor":55,"turns":8}],"seed_played":"-2486705570756368190","potions_obtained":[{"floor":4.0,"key":"Poison Potion"},{"floor":6.0,"key":"LiquidBronze"},{"floor":8.0,"key":"GamblersBrew"},{"floor":18.0,"key":"Fire Potion"},{"floor":22.0,"key":"SteroidPotion"},{"floor":29.0,"key":"Fire Potion"},{"floor":33,"key":"GamblersBrew"},{"floor":39,"key":"Weak Potion"},{"floor":42,"key":"Swift Potion"}],"is_trial":false,"path_per_floor":["M","$","?","M","?","E","R","M","T","M","R","?","R","M","R","B",null,"M","$","M","$","M","E","R","?","T","$","E","M","R","?","R","B",null,"M","M","?","$","M","R","E","M","T","R","?","?","R","M","R","B",null,"R","$","E","B",null],"character_chosen":"THE_SILENT","items_purchased":["Fire Potion","Glass Knife","Purity","Poison Potion"],"campfire_rested":0,"item_purchase_floors":[2,2,19,27],"current_hp_per_floor":[70,70,63,63,63,47,47,46,46,44,44,44,44,24,24,22,70,66,66,65,65,63,35,35,35,35,35,33,29,29,29,29,4,70,70,70,70,70,70,70,70,70,70,70,66,66,66,66,66,54,66,66,66,58,37],"gold":183,"neow_bonus":"TWO_FIFTY_GOLD","is_prod":false,"is_daily":false,"chose_seed":false,"campfire_upgraded":11,"win_rate":0,"timestamp":1544512519,"path_taken":["M","$","?","M","?","E","R","M","T","M","R","?","R","M","R","BOSS","M","$","M","$","M","E","R","?","T","$","E","M","R","?","R","BOSS","M","M","?","$","M","R","E","M","T","R","?","?","R","M","R","BOSS","R","$","E","BOSS"],"build_version":"2018-12-06","purchased_purges":4,"victory":true,"max_hp_per_floor":[70,70,70,70,70,70,70,70,70,70,70,70,70,70,70,70,70,70,70,70,70,70,70,70,70,70,70,70,70,70,70,70,70,70,70,70,70,70,70,70,70,70,70,70,66,66,66,66,66,66,66,66,66,73,73],"card_choices":[{"not_picked":["Backstab","Blade Dance"],"picked":"Deadly Poison","floor":1.0},{"not_picked":["PiercingWail","Dagger Throw"],"picked":"Noxious Fumes","floor":4.0},{"not_picked":["Choke","Slice","Blade Dance"],"picked":"SKIP","floor":6.0},{"not_picked":["Dodge and Roll","Dagger Throw","Setup"],"picked":"SKIP","floor":8.0},{"not_picked":["Dagger Spray","Reflex"],"picked":"Malaise","floor":10.0},{"not_picked":["Underhanded Strike","Eviscerate"],"picked":"Escape Plan","floor":14.0},{"not_picked":["Caltrops","Predator","Dagger Throw+1"],"picked":"SKIP","floor":18.0},{"not_picked":["Escape Plan","Sucker Punch"],"picked":"Well Laid Plans+1","floor":20.0},{"not_picked":["Blade Dance","Crippling Poison+1"],"picked":"Catalyst","floor":22.0},{"not_picked":["Backflip","Tools of the Trade"],"picked":"Noxious Fumes","floor":23.0},{"not_picked":["All Out Attack","Reflex","Dagger Throw+1"],"picked":"SKIP","floor":28.0},{"not_picked":["Bane+1","Dagger Throw","Slice"],"picked":"SKIP","floor":29.0},{"not_picked":["A Thousand Cuts","Doppelganger"],"picked":"Wraith Form v2","floor":33},{"not_picked":["Poisoned Stab","Dagger Spray"],"picked":"Catalyst+1","floor":35},{"not_picked":["Prepared+1","Finisher+1","Bane"],"picked":"SKIP","floor":36},{"not_picked":["Deadly Poison+1","Underhanded Strike"],"picked":"Venomology","floor":39},{"not_picked":["Predator+1","Flying Knee+1","Dodge and Roll+1"],"picked":"SKIP","floor":41},{"not_picked":["Concentrate","Outmaneuver+1","Blur+1"],"picked":"SKIP","floor":42},{"not_picked":["Outmaneuver+1","Quick Slash","Dagger Throw"],"picked":"SKIP","floor":48},{"not_picked":["Blade Dance","Infinite Blades","Choke"],"picked":"SKIP","floor":54}],"player_experience":1214596,"relics_obtained":[{"floor":6.0,"key":"Snake Skull"},{"floor":23.0,"key":"Paper Crane"},{"floor":26.0,"key":"Dream Catcher"},{"floor":28.0,"key":"Anchor"},{"floor":41,"key":"Pantograph"},{"floor":43,"key":"Vajra"},{"floor":54,"key":"Strawberry"}],"event_choices":[{"cards_removed":["Strike_G"],"damage_healed":0.0,"max_hp_gain":0.0,"max_hp_loss":0.0,"gold_gain":0.0,"event_name":"Golden Wing","player_choice":"Card Removal","floor":3.0,"gold_loss":0.0,"damage_taken":7.0},{"cards_removed":["Strike_G"],"damage_healed":0.0,"max_hp_gain":0.0,"max_hp_loss":0.0,"gold_gain":0.0,"event_name":"The Cleric","player_choice":"Card Removal","floor":5.0,"gold_loss":50.0,"damage_taken":0.0},{"damage_healed":0.0,"max_hp_gain":0.0,"max_hp_loss":0.0,"gold_gain":0.0,"event_name":"Wheel of Change","player_choice":"Cursed","floor":12.0,"gold_loss":0.0,"damage_taken":0.0,"cards_obtained":["Decay"]},{"cards_removed":["Defend_G"],"damage_healed":0.0,"max_hp_gain":0.0,"max_hp_loss":0.0,"gold_gain":0.0,"event_name":"Back to Basics","player_choice":"Elegance","floor":31.0,"gold_loss":0.0,"damage_taken":0.0},{"damage_healed":0,"gold_gain":0,"player_choice":"Ignored","damage_taken":0,"max_hp_gain":0,"max_hp_loss":0,"event_name":"Tomb of Lord Red Mask","floor":37,"gold_loss":0},{"damage_healed":0,"gold_gain":0,"player_choice":"Max HP","damage_taken":0,"max_hp_gain":0,"max_hp_loss":4,"event_name":"Winding Halls","floor":45,"gold_loss":0},{"damage_healed":0,"gold_gain":0,"player_choice":"Ignored","damage_taken":0,"max_hp_gain":0,"max_hp_loss":0,"event_name":"Mysterious Sphere","floor":46,"gold_loss":0}],"is_beta":false,"boss_relics":[{"not_picked":["Pandora\u0027s Box","Snecko Eye"],"picked":"Orrery"},{"not_picked":["Empty Cage","Ring of the Serpent"],"picked":"Velvet Choker"}],"items_purged_floors":[2,19,21,38],"is_endless":false,"potions_floor_spawned":[4,6,8,18,22,29,33,39,42,54],"ascension_level":0}