{"gold_per_floor":[113,113,133,152,152,152,170,170,170,185,185,201,201,214,214,214],"floor_reached":16,"playtime":234,"items_purged":[],"score":188,"play_id":"c0087b0f-11e6-4764-9c16-7fb2450cee8d","local_time":"20190224203839","is_ascension_mode":true,"campfire_choices":[{"data":"Chaos","floor":6,"key":"SMITH"},{"data":"Redo","floor":8,"key":"SMITH"},{"floor":11,"key":"REST"},{"data":"Zap","floor":13,"key":"SMITH"},{"floor":15,"key":"REST"}],"neow_cost":"NONE","seed_source_timestamp":607563376958636,"circlet_count":0,"master_deck":["AscendersBane","Strike_B","Strike_B","Strike_B","Defend_B","Defend_B","Defend_B","Defend_B","Zap+1","Dualcast","Cold Snap","Chaos+1","Ball Lightning","Redo+1","White Noise","Conserve Battery","Blizzard"],"relics":["Cracked Core","NeowsBlessing","Nunchaku","Ginger"],"potions_floor_usage":[],"damage_taken":[{"damage":0,"enemies":"2 Louse","floor":1,"turns":1},{"damage":0,"enemies":"Small Slimes","floor":3,"turns":1},{"damage":0,"enemies":"Jaw Worm","floor":4,"turns":1},{"damage":8,"enemies":"Blue Slaver","floor":7,"turns":2},{"damage":8,"enemies":"Exordium Thugs","floor":10,"turns":4},{"damage":8,"enemies":"Exordium Wildlife","floor":12,"turns":3},{"damage":16,"enemies":"2 Fungi Beasts","floor":14,"turns":3},{"damage":0,"enemies":"The Guardian","floor":16,"turns":2}],"seed_played":"-7149852514392504392","potions_obtained":[{"floor":1,"key":"SteroidPotion"},{"floor":3,"key":"Ancient Potion"}],"is_trial":false,"path_per_floor":["M","?","M","M","?","R","M","R","T","M","R","M","R","M","R","B"],"character_chosen":"DEFECT","items_purchased":[],"campfire_rested":2,"item_purchase_floors":[],"current_hp_per_floor":[64,29,29,29,22,22,14,14,14,6,27,19,19,3,24,24],"gold":214,"neow_bonus":"THREE_ENEMY_KILL","is_prod":false,"is_daily":false,"chose_seed":false,"campfire_upgraded":3,"win_rate":0,"timestamp":1551011919,"path_taken":["M","?","M","M","?","R","M","R","T","M","R","M","R","?","R","BOSS"],"build_version":"2019-01-23","purchased_purges":0,"victory":false,"max_hp_per_floor":[71,71,71,71,71,71,71,71,71,71,71,71,71,71,71,71],"card_choices":[{"not_picked":["Capacitor","Melter"],"picked":"Cold Snap","floor":1},{"not_picked":["Gash","Heatsinks"],"picked":"Chaos","floor":3},{"not_picked":["Stack","Rip and Tear"],"picked":"Ball Lightning","floor":4},{"not_picked":["Streamline","Storm"],"picked":"Redo","floor":7},{"not_picked":["Double Energy","Undo"],"picked":"White Noise","floor":10},{"not_picked":["Stack","Melter"],"picked":"Conserve Battery","floor":12},{"not_picked":["Double Energy","Capacitor"],"picked":"Blizzard","floor":14}],"player_experience":978353,"relics_obtained":[{"floor":9,"key":"Ginger"}],"event_choices":[{"damage_healed":0,"gold_gain":0,"player_choice":"Success","damage_taken":35,"relics_obtained":["Nunchaku"],"max_hp_gain":0,"max_hp_loss":0,"event_name":"Scrap Ooze","floor":2,"gold_loss":0},{"cards_removed":["Strike_B"],"damage_healed":0,"gold_gain":0,"player_choice":"Card Removal","damage_taken":7,"max_hp_gain":0,"max_hp_loss":0,"event_name":"Golden Wing","floor":5,"gold_loss":0}],"is_beta":false,"boss_relics":[],"items_purged_floors":[],"is_endless":false,"potions_floor_spawned":[1,3,10],"killed_by":"The Guardian","ascension_level":20}