{"gold_per_floor":[111,125,125,143,156,184,184,233,233,245,245,245,261,107,107,185,185,200,200,212,212,23,23,51,51,51,71,88,100,119,133,133,209,209,227,237,112,112,112,141,141,151,151,171,171,171,171,197,197,197,197,197,197,47,72,72],"floor_reached":57,"playtime":4532,"items_purged":["Strike_G","Strike_G+1","Strike_G+1","Defend_G+1"],"score":3168,"play_id":"629ce228-cebf-4e33-b9a4-93daf6bd823a","local_time":"20190216185113","is_ascension_mode":true,"campfire_choices":[{"data":"Deadly Poison","floor":7.0,"key":"SMITH"},{"data":"Deadly Poison","floor":12.0,"key":"SMITH"},{"data":"Neutralize","floor":15.0,"key":"SMITH"},{"data":"Well Laid Plans","floor":23.0,"key":"SMITH"},{"data":"Well Laid Plans","floor":25.0,"key":"SMITH"},{"data":"Acrobatics","floor":32.0,"key":"SMITH"},{"data":"Footwork","floor":41.0,"key":"SMITH"},{"floor":46.0,"key":"RECALL"},{"data":"Malaise","floor":49.0,"key":"SMITH"},{"data":"Malaise","floor":53.0,"key":"SMITH"}],"neow_cost":"NONE","seed_source_timestamp":30905272669423,"circlet_count":0,"master_deck":["AscendersBane","Defend_G+1","Defend_G+1","Defend_G+1","Survivor","Neutralize+1","Well Laid Plans+1","Deadly Poison+1","Well Laid Plans+1","After Image","Deadly Poison+1","Infinite Blades","Footwork+1","Malaise+1","PiercingWail+1","Grand Finale","Tactician+1","Acrobatics+1","Malaise+1"],"special_seed":0,"relics":["Ring of the Snake","NeowsBlessing","Gremlin Horn","PreservedInsect","Coffee Dripper","Nilry\u0027s Codex","Anchor","Mango","Busted Crown","Bottled Lightning","Pocketwatch","Nunchaku","Bottled Tornado"],"potions_floor_usage":[],"damage_taken":[{"damage":0.0,"enemies":"Jaw Worm","floor":1.0,"turns":1.0},{"damage":0.0,"enemies":"2 Louse","floor":2.0,"turns":1.0},{"damage":0.0,"enemies":"Small Slimes","floor":4.0,"turns":1.0},{"damage":11.0,"enemies":"Exordium Wildlife","floor":5.0,"turns":4.0},{"damage":30.0,"enemies":"Lagavulin","floor":6.0,"turns":14.0},{"damage":0.0,"enemies":"Blue Slaver","floor":10.0,"turns":5.0},{"damage":8.0,"enemies":"Exordium Thugs","floor":13.0,"turns":6.0},{"damage":0.0,"enemies":"Hexaghost","floor":16.0,"turns":9.0},{"damage":3.0,"enemies":"3 Byrds","floor":18.0,"turns":6.0},{"damage":0.0,"enemies":"Chosen","floor":20.0,"turns":6.0},{"damage":0.0,"enemies":"Book of Stabbing","floor":24.0,"turns":7.0},{"damage":0.0,"enemies":"Snake Plant","floor":27.0,"turns":6.0},{"damage":1.0,"enemies":"Centurion and Healer","floor":28.0,"turns":5.0},{"damage":3.0,"enemies":"Chosen and Byrds","floor":29.0,"turns":9.0},{"damage":12.0,"enemies":"3 Cultists","floor":30.0,"turns":4.0},{"damage":0.0,"enemies":"Centurion and Healer","floor":31.0,"turns":4.0},{"damage":0.0,"enemies":"Champ","floor":33.0,"turns":8.0},{"damage":1.0,"enemies":"3 Shapes","floor":35.0,"turns":9.0},{"damage":15.0,"enemies":"3 Darklings","floor":36.0,"turns":4.0},{"damage":17.0,"enemies":"Reptomancer","floor":40.0,"turns":6.0},{"damage":0.0,"enemies":"Maw","floor":42.0,"turns":8.0},{"damage":1.0,"enemies":"4 Shapes","floor":44.0,"turns":3.0},{"damage":0.0,"enemies":"Nemesis","floor":48.0,"turns":5.0},{"damage":7.0,"enemies":"Awakened One","floor":50.0,"turns":11.0},{"damage":0.0,"enemies":"Donu and Deca","floor":51.0,"turns":9.0},{"damage":27.0,"enemies":"Shield and Spear","floor":55.0,"turns":8.0},{"damage":30,"enemies":"The Heart","floor":56,"turns":10}],"seed_played":"2840849169328889832","potions_obtained":[{"floor":1.0,"key":"Weak Potion"},{"floor":4.0,"key":"EssenceOfSteel"},{"floor":10.0,"key":"Swift Potion"},{"floor":18.0,"key":"SpeedPotion"},{"floor":27.0,"key":"SpeedPotion"},{"floor":33.0,"key":"GhostInAJar"},{"floor":35.0,"key":"Regen Potion"},{"floor":36.0,"key":"GhostInAJar"},{"floor":55.0,"key":"Fire Potion"}],"is_trial":false,"path_per_floor":["M","M","?","M","M","E","R","T","T","M","?","R","M","$","R","B",null,"M","?","M","?","$","R","E","R","T","M","M","M","M","M","R","B",null,"M","M","$","?","$","E","R","M","T","M","?","R","?","E","R","B","B",null,"R","$","E","B",null],"character_chosen":"THE_SILENT","items_purchased":["Footwork","Grand Finale"],"campfire_rested":0,"item_purchase_floors":[14,22],"current_hp_per_floor":[59,59,59,59,48,18,18,18,18,18,18,18,10,10,10,10,52,49,28,28,28,28,28,28,28,42,42,41,38,26,26,26,26,67,66,65,65,65,65,48,48,48,48,47,47,47,47,47,47,40,40,70,70,70,43,13],"gold":72,"neow_bonus":"THREE_ENEMY_KILL","is_prod":false,"is_daily":false,"chose_seed":false,"campfire_upgraded":9,"win_rate":0,"timestamp":1550314273,"path_taken":["M","M","?","M","M","E","R","?","T","M","?","R","M","$","R","BOSS","M","?","M","?","$","R","E","R","T","M","M","M","M","M","R","BOSS","M","M","$","?","?","E","R","M","T","M","?","R","?","E","R","BOSS","BOSS","R","$","E","BOSS"],"build_version":"2019-01-23","purchased_purges":4,"victory":true,"max_hp_per_floor":[66,66,66,66,66,66,66,66,66,66,66,66,66,66,66,66,66,66,66,66,66,66,66,66,66,80,80,80,80,80,80,80,80,80,80,80,80,80,80,80,80,80,80,80,80,80,80,80,80,80,80,80,80,80,80,80],"card_choices":[{"not_picked":["Concentrate","Distraction"],"picked":"Well Laid Plans","floor":1.0},{"not_picked":["Outmaneuver","Finisher"],"picked":"Deadly Poison","floor":2.0},{"not_picked":["Blade Dance","Slice","Crippling Poison"],"picked":"SKIP","floor":4.0},{"not_picked":["Underhanded Strike","Bane"],"picked":"Well Laid Plans","floor":5.0},{"not_picked":["Accuracy","Backflip"],"picked":"After Image","floor":6.0},{"not_picked":["Acrobatics","PiercingWail"],"picked":"Deadly Poison","floor":10.0},{"not_picked":["Heel Hook","Deadly Poison"],"picked":"Infinite Blades","floor":13.0},{"not_picked":["Storm of Steel","Doppelganger"],"picked":"Malaise","floor":16.0},{"not_picked":["Expertise","Cloak And Dagger"],"picked":"PiercingWail+1","floor":18.0},{"not_picked":["Flechettes","Dodge and Roll","Prepared"],"picked":"SKIP","floor":20.0},{"not_picked":["Glass Knife","Footwork"],"picked":"Tactician","floor":24.0},{"not_picked":["Dodge and Roll","Bane","Prepared"],"picked":"SKIP","floor":27.0},{"not_picked":["Deadly Poison","Riddle With Holes"],"picked":"Acrobatics","floor":28.0},{"not_picked":["Noxious Fumes+1","Dodge and Roll","Deadly Poison"],"picked":"SKIP","floor":29.0},{"not_picked":["Distraction","Glass Knife","Deflect"],"picked":"SKIP","floor":30.0},{"not_picked":["Terror+1","Cloak And Dagger","Dodge and Roll"],"picked":"SKIP","floor":31.0},{"not_picked":["Doppelganger","Unload"],"picked":"Malaise","floor":33.0},{"not_picked":["Sucker Punch+1"],"picked":"SKIP","floor":35.0},{"not_picked":["Heel Hook"],"picked":"SKIP","floor":36.0},{"not_picked":["Outmaneuver"],"picked":"SKIP","floor":40.0},{"not_picked":["Bane"],"picked":"SKIP","floor":42.0},{"not_picked":["Terror+1"],"picked":"SKIP","floor":44.0},{"not_picked":["Slice"],"picked":"SKIP","floor":48.0},{"not_picked":["Sucker Punch"],"picked":"SKIP","floor":55.0}],"player_experience":2827810,"relics_obtained":[{"floor":6.0,"key":"Gremlin Horn"},{"floor":8.0,"key":"PreservedInsect"},{"floor":19.0,"key":"Nilry\u0027s Codex"},{"floor":24.0,"key":"Anchor"},{"floor":26.0,"key":"Mango"},{"floor":40.0,"key":"Bottled Lightning"},{"floor":43.0,"key":"Pocketwatch"},{"floor":48.0,"key":"Nunchaku"},{"floor":55.0,"key":"Bottled Tornado"}],"event_choices":[{"damage_healed":0.0,"max_hp_gain":0.0,"max_hp_loss":0.0,"gold_gain":0.0,"event_name":"Liars Game","player_choice":"Ignored","floor":3.0,"gold_loss":0.0,"damage_taken":0.0},{"cards_removed":["Strike_G"],"damage_healed":0.0,"max_hp_gain":0.0,"max_hp_loss":0.0,"gold_gain":0.0,"event_name":"Living Wall","player_choice":"Forget","floor":11.0,"gold_loss":0.0,"damage_taken":0.0},{"damage_healed":0.0,"max_hp_gain":0.0,"max_hp_loss":0.0,"gold_gain":0.0,"event_name":"Cursed Tome","player_choice":"Obtained Book","floor":19.0,"gold_loss":0.0,"damage_taken":21.0},{"damage_healed":0.0,"max_hp_gain":0.0,"max_hp_loss":0.0,"gold_gain":0.0,"event_name":"Back to Basics","player_choice":"Simplicity","floor":21.0,"gold_loss":0.0,"damage_taken":0.0,"cards_upgraded":["Defend_G","Defend_G","Defend_G","Defend_G","Defend_G","Strike_G","Strike_G","Strike_G"]},{"damage_healed":0.0,"max_hp_gain":0.0,"max_hp_loss":0.0,"gold_gain":0.0,"event_name":"Accursed Blacksmith","player_choice":"Forge","floor":38.0,"gold_loss":0.0,"damage_taken":0.0,"cards_upgraded":["Tactician"]},{"cards_removed":["Defend_G"],"damage_healed":0.0,"max_hp_gain":0.0,"max_hp_loss":0.0,"gold_gain":0.0,"event_name":"Falling","player_choice":"Removed Skill","floor":45.0,"gold_loss":0.0,"damage_taken":0.0},{"cards_removed":["Strike_G"],"damage_healed":0.0,"max_hp_gain":0.0,"max_hp_loss":0.0,"gold_gain":0.0,"event_name":"Purifier","player_choice":"Purged","floor":47.0,"gold_loss":0.0,"damage_taken":0.0}],"is_beta":false,"boss_relics":[{"not_picked":["Calling Bell","Runic Dome"],"picked":"Coffee Dripper"},{"not_picked":["Eternal Feather","Cursed Key"],"picked":"Busted Crown"}],"items_purged_floors":[14,22,37,54],"is_endless":false,"potions_floor_spawned":[1,4,10,18,27,29,33,35,36,55],"ascension_level":20}