{"gold_per_floor":[116,266,266,276,7,7,41,41,68,96,112,112,139,12,12,90,90,106,123,48,64,78,78,113,128,158,158,184,184,184,234,234,309,309,326,246,246,22,39,39,66,96,120,120,171,204,204,231,231,231,231,231,231,21,53,53],"floor_reached":57,"playtime":3212,"items_purged":["Strike_B","Strike_B","Defend_B"],"score":2945,"play_id":"78816935-a958-406a-9b63-40bc782a437c","local_time":"20190511162821","is_ascension_mode":true,"campfire_choices":[{"data":"Apotheosis","floor":6.0,"key":"SMITH"},{"floor":8.0,"key":"REST"},{"floor":12.0,"key":"REST"},{"floor":15.0,"key":"DIG"},{"floor":23.0,"key":"DIG"},{"floor":27.0,"key":"DIG"},{"floor":29.0,"key":"DIG"},{"floor":32.0,"key":"DIG"},{"floor":40.0,"key":"DIG"},{"floor":44.0,"key":"DIG"},{"floor":47.0,"key":"RECALL"},{"floor":49,"key":"DIG"},{"floor":53,"key":"DIG"}],"neow_cost":"NONE","seed_source_timestamp":11151102827366,"circlet_count":0,"master_deck":["AscendersBane","Defend_B","Defend_B","Defend_B","Zap","Dualcast","Compile Driver","Cold Snap","Apotheosis+1","Recycle","Echo Form","Ball Lightning","Cold Snap","Coolheaded","Genetic Algorithm","Creative AI","Loop","Self Repair","Redo","Machine Learning","Fusion","Sunder","Meteor Strike","Buffer+1","Genetic Algorithm","Creative AI+1","Skim","Defragment+1","Biased Cognition+1","Hologram"],"special_seed":0,"relics":["Philosopher\u0027s Stone","Shovel","Vajra","Gambling Chip","Odd Mushroom","WingedGreaves","Runic Pyramid","Potion Belt","The Courier","Tiny Chest","Meat on the Bone","Frozen Egg 2","Pen Nib","Molten Egg 2","Fusion Hammer","Blood Vial","Symbiotic Virus","Girya","Regal Pillow","Turnip","Mummified Hand","Omamori","Shuriken","Pantograph","Sundial","Art of War"],"potions_floor_usage":[56,56],"damage_taken":[{"damage":4.0,"enemies":"Cultist","floor":1.0,"turns":4.0},{"damage":12.0,"enemies":"Small Slimes","floor":4.0,"turns":4.0},{"damage":24.0,"enemies":"3 Sentries","floor":7.0,"turns":10.0},{"damage":28.0,"enemies":"Gremlin Nob","floor":10.0,"turns":4.0},{"damage":1.0,"enemies":"2 Louse","floor":11.0,"turns":3.0},{"damage":11.0,"enemies":"The Mushroom Lair","floor":13.0,"turns":4.0},{"damage":11.0,"enemies":"Slime Boss","floor":16.0,"turns":6.0},{"damage":0.0,"enemies":"Spheric Guardian","floor":18.0,"turns":8.0},{"damage":16.0,"enemies":"Shell Parasite","floor":19.0,"turns":6.0},{"damage":1.0,"enemies":"Centurion and Healer","floor":21.0,"turns":6.0},{"damage":25.0,"enemies":"Snake Plant","floor":22.0,"turns":5.0},{"damage":31.0,"enemies":"Book of Stabbing","floor":24.0,"turns":7.0},{"damage":12.0,"enemies":"3 Cultists","floor":25.0,"turns":7.0},{"damage":42.0,"enemies":"Gremlin Leader","floor":28.0,"turns":7.0},{"damage":5.0,"enemies":"Collector","floor":33.0,"turns":9.0},{"damage":4.0,"enemies":"3 Shapes","floor":35.0,"turns":6.0},{"damage":25.0,"enemies":"3 Darklings","floor":39.0,"turns":6.0},{"damage":0.0,"enemies":"Nemesis","floor":41.0,"turns":9.0},{"damage":15.0,"enemies":"Reptomancer","floor":42.0,"turns":6.0},{"damage":31.0,"enemies":"2 Orb Walkers","floor":45.0,"turns":4.0},{"damage":0.0,"enemies":"Nemesis","floor":46.0,"turns":11.0},{"damage":32,"enemies":"Reptomancer","floor":48,"turns":6},{"damage":7,"enemies":"Awakened One","floor":50,"turns":6},{"damage":30,"enemies":"Donu and Deca","floor":51,"turns":7},{"damage":39,"enemies":"Shield and Spear","floor":55,"turns":7},{"damage":25,"enemies":"The Heart","floor":56,"turns":8}],"seed_played":"7200144077214612156","potions_obtained":[{"floor":10.0,"key":"Regen Potion"},{"floor":13.0,"key":"Regen Potion"},{"floor":19.0,"key":"SteroidPotion"},{"floor":22.0,"key":"Explosive Potion"},{"floor":24.0,"key":"GamblersBrew"},{"floor":25.0,"key":"Strength Potion"},{"floor":39.0,"key":"Swift Potion"},{"floor":42.0,"key":"Explosive Potion"},{"floor":45.0,"key":"SkillPotion"},{"floor":48,"key":"GamblersBrew"}],"is_trial":false,"path_per_floor":["M","?","?","M","$","R","E","R","T","E","M","R","?","$","R","B",null,"M","M","$","M","M","R","E","M","T","R","E","R","?","?","R","B",null,"M","$","?","$","M","R","E","E","T","R","?","E","R","E","R","B","B",null,"R","$","E","B",null],"character_chosen":"DEFECT","items_purchased":["Apotheosis","Recycle","Coolheaded","Genetic Algorithm","Skim","Defragment+1","Sundial"],"campfire_rested":2,"item_purchase_floors":[5,5,14,14,38,38,54],"current_hp_per_floor":[60,60,53,41,41,41,17,38,38,10,9,30,19,19,19,8,55,70,68,68,71,66,66,45,53,53,53,30,30,30,30,30,47,65,71,71,71,71,66,66,71,71,71,71,40,62,62,51,51,56,50,66,66,66,61,53],"gold":53,"neow_bonus":"BOSS_RELIC","is_prod":false,"is_daily":false,"chose_seed":false,"campfire_upgraded":1,"win_rate":0,"timestamp":1557563301,"path_taken":["M","?","?","M","$","R","E","R","T","E","M","R","?","$","R","BOSS","M","M","$","M","M","R","E","M","T","R","E","R","?","?","R","BOSS","M","$","?","$","?","R","E","E","T","R","?","E","R","E","R","BOSS","BOSS","R","$","E","BOSS"],"build_version":"2019-01-23","purchased_purges":3,"victory":true,"max_hp_per_floor":[71,71,71,71,71,71,71,71,71,71,71,71,71,71,71,71,71,71,71,71,71,71,71,71,71,71,71,71,71,71,71,71,71,71,71,71,71,71,71,71,71,71,71,71,71,71,71,71,71,71,71,71,71,71,71,71],"card_choices":[{"not_picked":["Turbo","Barrage"],"picked":"Compile Driver","floor":1.0},{"not_picked":["Beam Cell","Ball Lightning"],"picked":"Cold Snap","floor":4.0},{"not_picked":["Defragment","Sunder"],"picked":"Echo Form","floor":7.0},{"not_picked":["FTL","Leap"],"picked":"Ball Lightning","floor":10.0},{"not_picked":["Ball Lightning","Sweeping Beam","Redo"],"picked":"SKIP","floor":11.0},{"not_picked":["Ball Lightning","Fusion"],"picked":"Cold Snap","floor":13.0},{"not_picked":["Rainbow","Core Surge"],"picked":"Creative AI","floor":16.0},{"not_picked":["Barrage","Reinforced Body"],"picked":"Loop","floor":18.0},{"not_picked":["Sweeping Beam","Go for the Eyes"],"picked":"Self Repair","floor":19.0},{"not_picked":["Redo","Steam","Tempest"],"picked":"SKIP","floor":21.0},{"not_picked":["Steam","Tempest"],"picked":"Redo","floor":21.0},{"not_picked":["Ball Lightning","Hologram+1"],"picked":"Machine Learning","floor":22.0},{"not_picked":["Ball Lightning","Gash"],"picked":"Fusion","floor":24.0},{"not_picked":["Rebound","Rip and Tear","Compile Driver"],"picked":"SKIP","floor":25.0},{"not_picked":["Conserve Battery+1","Beam Cell+1","Steam Power"],"picked":"SKIP","floor":28.0},{"not_picked":["Seek","Thunder Strike+1"],"picked":"Buffer+1","floor":33.0},{"not_picked":["Lockon+1","Rebound+1"],"picked":"Genetic Algorithm","floor":35.0},{"not_picked":["Steam","Stack","Cold Snap+1"],"picked":"SKIP","floor":39.0},{"not_picked":["Gash+1","Cold Snap+1","Beam Cell+1"],"picked":"SKIP","floor":41.0},{"not_picked":["Leap+1","Ball Lightning+1"],"picked":"Biased Cognition+1","floor":42.0},{"not_picked":["Rebound+1","Streamline+1"],"picked":"Hologram","floor":45.0},{"not_picked":["Leap+1","Steam","Sweeping Beam+1"],"picked":"SKIP","floor":46.0},{"not_picked":["Aggregate","Gash+1","Static Discharge+1"],"picked":"SKIP","floor":48},{"not_picked":["Barrage+1","Steam","Compile Driver+1"],"picked":"SKIP","floor":55}],"player_experience":4694943,"relics_obtained":[{"floor":7.0,"key":"Shovel"},{"floor":9.0,"key":"Vajra"},{"floor":10.0,"key":"Gambling Chip"},{"floor":13.0,"key":"Odd Mushroom"},{"floor":15.0,"key":"WingedGreaves"},{"floor":23.0,"key":"Potion Belt"},{"floor":24.0,"key":"The Courier"},{"floor":26.0,"key":"Tiny Chest"},{"floor":27.0,"key":"Meat on the Bone"},{"floor":28.0,"key":"Frozen Egg 2"},{"floor":29.0,"key":"Pen Nib"},{"floor":32.0,"key":"Molten Egg 2"},{"floor":40.0,"key":"Blood Vial"},{"floor":41.0,"key":"Symbiotic Virus"},{"floor":42.0,"key":"Girya"},{"floor":44.0,"key":"Regal Pillow"},{"floor":45.0,"key":"Turnip"},{"floor":46.0,"key":"Mummified Hand"},{"floor":48,"key":"Omamori"},{"floor":49,"key":"Shuriken"},{"floor":53,"key":"Pantograph"},{"floor":55,"key":"Art of War"}],"event_choices":[{"damage_healed":0.0,"max_hp_gain":0.0,"max_hp_loss":0.0,"gold_gain":150.0,"event_name":"Liars Game","player_choice":"AGREE","floor":2.0,"gold_loss":0.0,"damage_taken":0.0,"cards_obtained":["Doubt"]},{"cards_removed":["Doubt"],"damage_healed":0.0,"max_hp_gain":0.0,"max_hp_loss":0.0,"gold_gain":0.0,"event_name":"Golden Wing","player_choice":"Card Removal","floor":3.0,"gold_loss":0.0,"damage_taken":7.0},{"damage_healed":0.0,"max_hp_gain":0.0,"max_hp_loss":0.0,"gold_gain":0.0,"event_name":"Mushrooms","player_choice":"Fought Mushrooms","floor":13.0,"gold_loss":0.0,"damage_taken":0.0},{"damage_healed":0.0,"max_hp_gain":0.0,"max_hp_loss":0.0,"gold_gain":0.0,"cards_transformed":["Strike_B","Strike_B"],"event_name":"Drug Dealer","player_choice":"Became Test Subject","floor":30.0,"gold_loss":0.0,"damage_taken":0.0,"cards_obtained":["Sunder","Meteor Strike"]},{"damage_healed":0.0,"max_hp_gain":0.0,"max_hp_loss":0.0,"gold_gain":50.0,"event_name":"Nest","player_choice":"Stole From Cult","floor":31.0,"gold_loss":0.0,"damage_taken":0.0},{"damage_healed":0.0,"max_hp_gain":0.0,"max_hp_loss":0.0,"gold_gain":0.0,"event_name":"Match and Keep!","player_choice":"1 cards matched","floor":37.0,"gold_loss":0.0,"damage_taken":0.0,"cards_obtained":["Creative AI"]},{"damage_healed":0.0,"max_hp_gain":0.0,"max_hp_loss":0.0,"gold_gain":0.0,"event_name":"Mysterious Sphere","player_choice":"Fight","floor":45.0,"gold_loss":0.0,"damage_taken":0.0}],"is_beta":false,"boss_relics":[{"not_picked":["Eternal Feather","Lizard Tail"],"picked":"Runic Pyramid"},{"not_picked":["White Beast Statue","Sozu"],"picked":"Fusion Hammer"}],"items_purged_floors":[20,36,38],"is_endless":false,"potions_floor_spawned":[10,13,19,22,24,25,39,42,45,48],"ascension_level":20}