{"gold_per_floor":[110,122,47,47,47,78,78,112,112,139,149,178,195,224,224,295,295,307,39,51,66,66,66,101,117,140,175,175,210,210,210,210,288,288,308,308,318,255,255,285,77,112,136,136,149,149,159,190,190,190,190,190,190,6,39,39],"floor_reached":57,"playtime":3730,"items_purged":["Strike_B","Streamline","Conserve Battery","Zap"],"score":3643,"play_id":"a42cd1af-6b94-48cb-b732-4124189ec9a7","local_time":"20190316105625","is_ascension_mode":true,"campfire_choices":[{"data":"Defragment","floor":7.0,"key":"SMITH"},{"data":"Chaos","floor":15.0,"key":"SMITH"},{"data":"Recycle","floor":23.0,"key":"SMITH"},{"data":"Biased Cognition","floor":28.0,"key":"SMITH"},{"data":"Buffer","floor":32.0,"key":"SMITH"},{"floor":44.0,"key":"RECALL"},{"data":"Biased Cognition","floor":49.0,"key":"SMITH"},{"data":"Coolheaded","floor":53.0,"key":"SMITH"}],"neow_cost":"NONE","seed_source_timestamp":0,"circlet_count":0,"master_deck":["AscendersBane","Dualcast","Defragment+1","Streamline","Glacier","Self Repair","Cold Snap","Core Surge+1","Recycle+1","Chaos+1","Echo Form","Glacier","Beam Cell+1","Buffer+1","Coolheaded+1","Chill+1","Biased Cognition+1","Glacier","Biased Cognition+1","Hologram","Turbo","Glacier","Seek","Skim","Glacier","Defragment+1"],"special_seed":0,"relics":["Cracked Core","NeowsBlessing","Kunai","Du-Vu Doll","Cables","Matryoshka","Shuriken","Lantern","Nunchaku","Pandora\u0027s Box","Membership Card","Whetstone","Omamori","Regal Pillow","Blue Candle","Runic Pyramid","Bronze Scales","Pocketwatch","Bag of Preparation","Strange Spoon","Art of War","Bag of Marbles","Bottled Flame","DollysMirror","Strawberry"],"potions_floor_usage":[],"damage_taken":[{"damage":0.0,"enemies":"Cultist","floor":1.0,"turns":1.0},{"damage":0.0,"enemies":"2 Louse","floor":2.0,"turns":1.0},{"damage":0.0,"enemies":"Gremlin Nob","floor":6.0,"turns":1.0},{"damage":10.0,"enemies":"3 Sentries","floor":8.0,"turns":7.0},{"damage":10.0,"enemies":"Lagavulin","floor":10.0,"turns":7.0},{"damage":2.0,"enemies":"Jaw Worm","floor":11.0,"turns":4.0},{"damage":15.0,"enemies":"Gremlin Nob","floor":12.0,"turns":4.0},{"damage":2.0,"enemies":"2 Fungi Beasts","floor":13.0,"turns":3.0},{"damage":0.0,"enemies":"Lagavulin","floor":14.0,"turns":8.0},{"damage":5.0,"enemies":"Slime Boss","floor":16.0,"turns":10.0},{"damage":0.0,"enemies":"2 Thieves","floor":18.0,"turns":5.0},{"damage":6.0,"enemies":"Shell Parasite","floor":20.0,"turns":6.0},{"damage":0.0,"enemies":"Centurion and Healer","floor":21.0,"turns":7.0},{"damage":37.0,"enemies":"Gremlin Leader","floor":24.0,"turns":8.0},{"damage":0.0,"enemies":"Sentry and Sphere","floor":25.0,"turns":6.0},{"damage":0.0,"enemies":"Book of Stabbing","floor":27.0,"turns":7.0},{"damage":16.0,"enemies":"Gremlin Leader","floor":29.0,"turns":11.0},{"damage":0.0,"enemies":"Automaton","floor":33.0,"turns":13.0},{"damage":6.0,"enemies":"Orb Walker","floor":35.0,"turns":3.0},{"damage":0.0,"enemies":"3 Shapes","floor":37.0,"turns":7.0},{"damage":0.0,"enemies":"Reptomancer","floor":40.0,"turns":16.0},{"damage":0.0,"enemies":"Nemesis","floor":42.0,"turns":9.0},{"damage":0.0,"enemies":"Transient","floor":45.0,"turns":6.0},{"damage":0.0,"enemies":"Jaw Worm Horde","floor":47.0,"turns":4.0},{"damage":0.0,"enemies":"Giant Head","floor":48.0,"turns":6.0},{"damage":0.0,"enemies":"Time Eater","floor":50.0,"turns":11.0},{"damage":0.0,"enemies":"Awakened One","floor":51.0,"turns":16.0},{"damage":0,"enemies":"Shield and Spear","floor":55,"turns":18},{"damage":39,"enemies":"The Heart","floor":56,"turns":14}],"seed_played":"3915998604309462963","potions_obtained":[{"floor":1.0,"key":"Energy Potion"},{"floor":2.0,"key":"LiquidBronze"},{"floor":10.0,"key":"Weak Potion"},{"floor":11.0,"key":"FearPotion"},{"floor":18.0,"key":"Energy Potion"},{"floor":29.0,"key":"Energy Potion"},{"floor":40.0,"key":"SteroidPotion"},{"floor":42.0,"key":"SkillPotion"},{"floor":48.0,"key":"SkillPotion"},{"floor":55,"key":"SkillPotion"}],"is_trial":false,"path_per_floor":["M","M","$","T","?","E","R","E","T","E","M","E","M","E","R","B",null,"M","$","M","M","?","R","E","M","T","E","R","E","?","?","R","B",null,"M","?","M","$","T","E","$","E","T","R","M","?","M","E","R","B","B",null,"R","$","E","B",null],"character_chosen":"DEFECT","items_purchased":["Membership Card","Glacier","Strange Spoon","Seek","DollysMirror"],"campfire_rested":0,"item_purchase_floors":[19,41,41,41,54],"current_hp_per_floor":[64,64,64,64,69,69,69,59,59,56,61,46,51,58,58,60,72,72,72,73,76,76,76,46,60,60,67,67,58,58,36,36,43,72,66,61,75,75,75,81,81,81,81,81,81,81,81,81,81,81,81,81,81,81,88,56],"gold":39,"neow_bonus":"THREE_ENEMY_KILL","is_prod":false,"is_daily":false,"chose_seed":false,"campfire_upgraded":7,"win_rate":0,"timestamp":1552704985,"path_taken":["M","M","?","?","?","E","R","E","T","E","M","E","M","E","R","BOSS","M","$","M","M","?","R","E","M","T","E","R","E","?","?","R","BOSS","M","?","M","$","?","E","$","E","T","R","?","?","M","E","R","BOSS","BOSS","R","$","E","BOSS"],"build_version":"2019-01-23","purchased_purges":4,"victory":true,"max_hp_per_floor":[71,71,71,71,76,76,76,76,76,76,76,76,76,76,76,76,76,76,76,76,76,76,76,76,76,76,76,76,76,76,81,81,81,81,81,81,81,81,81,81,81,81,81,81,81,81,81,81,81,81,81,81,81,81,88,88],"card_choices":[{"not_picked":["Scrape","Hologram"],"picked":"Defragment","floor":1.0},{"not_picked":["Hologram","Steam"],"picked":"Streamline","floor":2.0},{"not_picked":["Genetic Algorithm","Steam"],"picked":"Glacier","floor":6.0},{"not_picked":["Melter","Steam"],"picked":"Self Repair","floor":8.0},{"not_picked":["Hologram","Coolheaded"],"picked":"Capacitor","floor":10.0},{"not_picked":["Double Energy","Beam Cell"],"picked":"Cold Snap","floor":11.0},{"not_picked":["Chill","Cold Snap"],"picked":"Core Surge","floor":12.0},{"not_picked":["Loop","Genetic Algorithm"],"picked":"Recycle","floor":13.0},{"not_picked":["Conserve Battery","Compile Driver"],"picked":"Chaos","floor":14.0},{"not_picked":["Amplify","Thunder Strike"],"picked":"Echo Form","floor":16.0},{"not_picked":["Steam Power","Compile Driver"],"picked":"Chill+1","floor":18.0},{"not_picked":["Static Discharge","Cold Snap","Compile Driver"],"picked":"SKIP","floor":20.0},{"not_picked":["Ball Lightning","Barrage","Genetic Algorithm"],"picked":"SKIP","floor":21.0},{"not_picked":["Redo","Hello World+1"],"picked":"Biased Cognition","floor":24.0},{"not_picked":["Steam+1","Self Repair","Rebound"],"picked":"SKIP","floor":25.0},{"not_picked":["Compile Driver+1","White Noise","Ball Lightning"],"picked":"SKIP","floor":27.0},{"not_picked":["Aggregate","BootSequence","Scrape"],"picked":"SKIP","floor":29.0},{"not_picked":["All For One","Creative AI"],"picked":"Biased Cognition","floor":33.0},{"not_picked":["Stack","Rebound+1"],"picked":"Hologram","floor":35.0},{"not_picked":["Steam Power+1","Barrage"],"picked":"Turbo","floor":37.0},{"not_picked":["Steam Power+1","Sweeping Beam","Rip and Tear"],"picked":"SKIP","floor":40.0},{"not_picked":["Hyperbeam","White Noise+1"],"picked":"Skim","floor":42.0},{"not_picked":["Steam","Compile Driver+1","Chaos+1"],"picked":"SKIP","floor":45.0},{"not_picked":["Compile Driver","Beam Cell","Cold Snap+1"],"picked":"SKIP","floor":47.0},{"not_picked":["BootSequence","Barrage","FTL"],"picked":"SKIP","floor":48.0},{"not_picked":["Hologram","Ball Lightning+1"],"picked":"Defragment+1","floor":55}],"player_experience":3621491,"relics_obtained":[{"floor":4.0,"key":"Kunai"},{"floor":6.0,"key":"Du-Vu Doll"},{"floor":8.0,"key":"Cables"},{"floor":9.0,"key":"Matryoshka"},{"floor":10.0,"key":"Shuriken"},{"floor":12.0,"key":"Lantern"},{"floor":14.0,"key":"Nunchaku"},{"floor":24.0,"key":"Whetstone"},{"floor":26.0,"key":"Omamori"},{"floor":27.0,"key":"Regal Pillow"},{"floor":29.0,"key":"Blue Candle"},{"floor":39.0,"key":"Bronze Scales"},{"floor":39.0,"key":"Pocketwatch"},{"floor":40.0,"key":"Bag of Preparation"},{"floor":42.0,"key":"Art of War"},{"floor":43.0,"key":"Bag of Marbles"},{"floor":48.0,"key":"Bottled Flame"},{"floor":55,"key":"Strawberry"}],"event_choices":[{"damage_healed":0.0,"max_hp_gain":5.0,"max_hp_loss":0.0,"gold_gain":0.0,"event_name":"Big Fish","player_choice":"Donut","floor":5.0,"gold_loss":0.0,"damage_taken":0.0},{"damage_healed":0.0,"max_hp_gain":0.0,"max_hp_loss":0.0,"gold_gain":0.0,"event_name":"The Mausoleum","player_choice":"Ignored","floor":22.0,"gold_loss":0.0,"damage_taken":0.0},{"damage_healed":0.0,"max_hp_gain":0.0,"max_hp_loss":0.0,"gold_gain":0.0,"cards_transformed":["Sweeping Beam","Melter"],"event_name":"Drug Dealer","player_choice":"Became Test Subject","floor":30.0,"gold_loss":0.0,"damage_taken":0.0,"cards_obtained":["Conserve Battery","Glacier"]},{"damage_healed":0.0,"max_hp_gain":5.0,"max_hp_loss":0.0,"gold_gain":0.0,"event_name":"Forgotten Altar","player_choice":"Shed Blood","floor":31.0,"gold_loss":0.0,"damage_taken":27.0},{"damage_healed":0.0,"max_hp_gain":0.0,"max_hp_loss":0.0,"gold_gain":0.0,"event_name":"The Woman in Blue","player_choice":"Bought 0 Potions","floor":36.0,"gold_loss":0.0,"damage_taken":0.0},{"cards_removed":["Capacitor"],"damage_healed":0.0,"max_hp_gain":0.0,"max_hp_loss":0.0,"gold_gain":0.0,"event_name":"Falling","player_choice":"Removed Power","floor":46.0,"gold_loss":0.0,"damage_taken":0.0}],"is_beta":false,"boss_relics":[{"not_picked":["Eternal Feather","Fusion Hammer"],"picked":"Pandora\u0027s Box"},{"not_picked":["Inserter","White Beast Statue"],"picked":"Runic Pyramid"}],"items_purged_floors":[3,19,38,54],"is_endless":false,"potions_floor_spawned":[1,2,10,11,18,29,37,40,42,48,55],"ascension_level":20}