{"gold_per_floor":[130,158,184,271,300,312,343,355,367,379,409,208,208,28,28,107,107,126,126,86,136,136,136,170,180,180,180,191,209,238,100,100,178,178,195,250,85,85,85,85,113,127,127,137,137,165,165,177,177,177,177,177,177,27,62,62],"floor_reached":57,"playtime":2295,"items_purged":["Strike_G","Strike_G","Blade Dance","Dash"],"score":3276,"play_id":"4333a38d-c5d9-4fc4-87b4-a142b3cd2bcc","local_time":"20190807144056","is_ascension_mode":true,"campfire_choices":[{"data":"Neutralize","floor":6.0,"key":"SMITH"},{"data":"Catalyst","floor":10.0,"key":"SMITH"},{"data":"Bouncing Flask","floor":15.0,"key":"SMITH"},{"data":"Noxious Fumes","floor":23.0,"key":"SMITH"},{"data":"Acrobatics","floor":27.0,"key":"SMITH"},{"data":"Prepared","floor":32.0,"key":"SMITH"},{"data":"Calculated Gamble","floor":40.0,"key":"SMITH"},{"data":"Reflex","floor":45.0,"key":"SMITH"},{"floor":49.0,"key":"RECALL"},{"data":"Purity","floor":53.0,"key":"SMITH"}],"neow_cost":"NONE","seed_source_timestamp":938933741884900,"circlet_count":0,"master_deck":["AscendersBane","Survivor","Neutralize+1","Catalyst+1","Calculated Gamble+1","Bouncing Flask+1","Corpse Explosion","Acrobatics+1","Noxious Fumes+1","Grand Finale","Prepared+1","After Image","Die Die Die","Infinite Blades","Reflex+1","Acrobatics","Well Laid Plans","Purity+1","Neutralize"],"special_seed":0,"relics":["Ring of the Snake","MawBank","FossilizedHelix","Busted Crown","Mercury Hourglass","Bottled Lightning","Pocketwatch","Pandora\u0027s Box","Tough Bandages","Blood Vial","Potion Belt","Unceasing Top"],"potions_floor_usage":[],"damage_taken":[{"damage":7.0,"enemies":"Jaw Worm","floor":1.0,"turns":6.0},{"damage":4.0,"enemies":"Small Slimes","floor":2.0,"turns":5.0},{"damage":7.0,"enemies":"Cultist","floor":3.0,"turns":5.0},{"damage":5.0,"enemies":"Looter","floor":5.0,"turns":5.0},{"damage":3.0,"enemies":"2 Fungi Beasts","floor":7.0,"turns":5.0},{"damage":8.0,"enemies":"3 Louse","floor":11.0,"turns":7.0},{"damage":0.0,"enemies":"The Guardian","floor":16.0,"turns":5.0},{"damage":11.0,"enemies":"2 Thieves","floor":18.0,"turns":2.0},{"damage":3.0,"enemies":"Gremlin Leader","floor":24.0,"turns":7.0},{"damage":0.0,"enemies":"3 Byrds","floor":25.0,"turns":3.0},{"damage":0.0,"enemies":"Centurion and Healer","floor":28.0,"turns":3.0},{"damage":0.0,"enemies":"Shelled Parasite and Fungi","floor":29.0,"turns":2.0},{"damage":20.0,"enemies":"Book of Stabbing","floor":30.0,"turns":4.0},{"damage":0.0,"enemies":"Collector","floor":33.0,"turns":5.0},{"damage":6.0,"enemies":"Orb Walker","floor":35.0,"turns":3.0},{"damage":5.0,"enemies":"2 Orb Walkers","floor":36.0,"turns":3.0},{"damage":0.0,"enemies":"Reptomancer","floor":41.0,"turns":3.0},{"damage":0.0,"enemies":"3 Shapes","floor":42.0,"turns":2.0},{"damage":0.0,"enemies":"Maw","floor":44.0,"turns":4.0},{"damage":0.0,"enemies":"Nemesis","floor":46.0,"turns":5.0},{"damage":0.0,"enemies":"Spire Growth","floor":48.0,"turns":2.0},{"damage":0.0,"enemies":"Awakened One","floor":50.0,"turns":3.0},{"damage":0.0,"enemies":"Donu and Deca","floor":51.0,"turns":3.0},{"damage":0.0,"enemies":"Shield and Spear","floor":55.0,"turns":2.0},{"damage":0,"enemies":"The Heart","floor":56,"turns":6}],"seed_played":"-6634196767961308589","potions_obtained":[{"floor":1.0,"key":"AttackPotion"},{"floor":2.0,"key":"GhostInAJar"},{"floor":7.0,"key":"Energy Potion"},{"floor":18.0,"key":"GhostInAJar"},{"floor":28.0,"key":"Strength Potion"},{"floor":29.0,"key":"EntropicBrew"},{"floor":35.0,"key":"Block Potion"},{"floor":42.0,"key":"Fire Potion"},{"floor":48.0,"key":"SmokeBomb"}],"is_trial":false,"path_per_floor":["M","M","M","?","M","R","M","?","T","R","M","$","?","$","R","B",null,"M","?","$","?","?","R","E","M","T","R","M","M","E","$","R","B",null,"M","?","$","?","?","R","E","M","T","M","R","E","?","M","R","B","B",null,"R","$","E","B",null],"character_chosen":"THE_SILENT","items_purchased":["Calculated Gamble","Poison Potion","Bouncing Flask","Noxious Fumes","Grand Finale","Prepared","Well Laid Plans"],"campfire_rested":0,"item_purchase_floors":[12,12,14,20,31,31,37],"current_hp_per_floor":[52,48,41,30,25,25,22,22,22,22,14,14,14,14,14,14,53,42,42,42,42,42,42,39,39,39,39,39,39,19,19,19,19,54,48,43,43,33,33,33,33,35,35,37,37,39,39,41,41,43,45,61,61,61,63,65],"gold":62,"neow_bonus":"RANDOM_COMMON_RELIC","is_prod":false,"is_daily":false,"chose_seed":false,"campfire_upgraded":9,"win_rate":0,"timestamp":1565160056,"path_taken":["M","M","M","?","M","R","M","?","T","R","?","$","?","$","R","BOSS","M","?","$","?","?","R","E","?","T","R","M","M","E","$","R","BOSS","M","?","$","?","?","R","E","?","T","M","R","E","?","M","R","BOSS","BOSS","R","$","E","BOSS"],"build_version":"2019-07-17","purchased_purges":4,"victory":true,"max_hp_per_floor":[66,66,66,66,66,66,66,66,66,66,66,66,66,66,66,66,66,66,66,66,66,66,66,66,66,66,66,66,66,66,66,66,66,66,66,66,66,66,66,66,66,66,66,66,66,66,66,66,66,66,66,66,66,66,66,66],"card_choices":[{"not_picked":["Heel Hook","Blur","Outmaneuver"],"picked":"SKIP","floor":1.0},{"not_picked":["Flying Knee","Bane","Infinite Blades"],"picked":"SKIP","floor":2.0},{"not_picked":["Cloak And Dagger","Dagger Throw","Outmaneuver"],"picked":"SKIP","floor":3.0},{"not_picked":["Expertise","Distraction","Endless Agony"],"picked":"SKIP","floor":5.0},{"not_picked":["Dagger Spray","Catalyst","Acrobatics"],"picked":"SKIP","floor":7.0},{"not_picked":["Dagger Spray","Acrobatics"],"picked":"Catalyst","floor":7.0},{"not_picked":["Dagger Spray","Slice","Eviscerate"],"picked":"SKIP","floor":11.0},{"not_picked":["Phantasmal Killer","Doppelganger"],"picked":"Corpse Explosion","floor":16.0},{"not_picked":["Dash"],"picked":"SKIP","floor":18.0},{"not_picked":["Slice"],"picked":"SKIP","floor":24.0},{"not_picked":["Bane"],"picked":"SKIP","floor":25.0},{"not_picked":["Bane"],"picked":"SKIP","floor":25.0},{"not_picked":["Outmaneuver+1"],"picked":"SKIP","floor":28.0},{"not_picked":["Choke"],"picked":"SKIP","floor":29.0},{"not_picked":["Slice+1"],"picked":"SKIP","floor":30.0},{"not_picked":[],"picked":"After Image","floor":33.0},{"not_picked":["Bane"],"picked":"SKIP","floor":35.0},{"not_picked":[],"picked":"Purity","floor":38.0},{"not_picked":["Blur"],"picked":"SKIP","floor":41.0},{"not_picked":["Terror"],"picked":"SKIP","floor":42.0},{"not_picked":["Terror"],"picked":"SKIP","floor":44.0},{"not_picked":["Terror"],"picked":"SKIP","floor":46.0},{"not_picked":["Prepared"],"picked":"SKIP","floor":48.0},{"not_picked":["Sucker Punch"],"picked":"SKIP","floor":55.0}],"player_experience":747704,"relics_obtained":[{"floor":9.0,"key":"FossilizedHelix"},{"floor":24.0,"key":"Mercury Hourglass"},{"floor":26.0,"key":"Bottled Lightning"},{"floor":30.0,"key":"Pocketwatch"},{"floor":36.0,"key":"Tough Bandages"},{"floor":41.0,"key":"Blood Vial"},{"floor":46.0,"key":"Potion Belt"},{"floor":55.0,"key":"Unceasing Top"}],"event_choices":[{"damage_healed":0.0,"max_hp_gain":0.0,"max_hp_loss":0.0,"gold_gain":75.0,"event_name":"World of Goop","player_choice":"Gather Gold","floor":4.0,"gold_loss":0.0,"damage_taken":11.0},{"cards_removed":["Strike_G"],"damage_healed":0.0,"max_hp_gain":0.0,"max_hp_loss":0.0,"gold_gain":0.0,"event_name":"Bonfire Elementals","player_choice":"Offered Basic","floor":8.0,"gold_loss":0.0,"damage_taken":0.0},{"damage_healed":0.0,"max_hp_gain":0.0,"max_hp_loss":0.0,"gold_gain":0.0,"event_name":"Shining Light","player_choice":"Ignored","floor":13.0,"gold_loss":0.0,"damage_taken":0.0},{"damage_healed":0.0,"max_hp_gain":0.0,"max_hp_loss":0.0,"gold_gain":0.0,"event_name":"The Library","player_choice":"Read","floor":19.0,"gold_loss":0.0,"damage_taken":0.0,"cards_obtained":["Acrobatics"]},{"damage_healed":0.0,"max_hp_gain":0.0,"max_hp_loss":0.0,"gold_gain":50.0,"event_name":"Nest","player_choice":"Stole From Cult","floor":21.0,"gold_loss":0.0,"damage_taken":0.0},{"damage_healed":0.0,"max_hp_gain":0.0,"max_hp_loss":0.0,"gold_gain":0.0,"event_name":"Lab","player_choice":"Got Potions","floor":22.0,"gold_loss":0.0,"damage_taken":0.0},{"damage_healed":0.0,"max_hp_gain":0.0,"max_hp_loss":0.0,"gold_gain":0.0,"event_name":"Mysterious Sphere","player_choice":"Fight","floor":36.0,"gold_loss":0.0,"damage_taken":0.0},{"damage_healed":0.0,"max_hp_gain":0.0,"max_hp_loss":0.0,"gold_gain":0.0,"event_name":"SensoryStone","player_choice":"Memory 3","floor":38.0,"gold_loss":0.0,"damage_taken":10.0},{"cards_removed":["Envenom"],"damage_healed":0.0,"max_hp_gain":0.0,"max_hp_loss":0.0,"gold_gain":0.0,"event_name":"Purifier","player_choice":"Purged","floor":39.0,"gold_loss":0.0,"damage_taken":0.0},{"damage_healed":0.0,"max_hp_gain":0.0,"max_hp_loss":0.0,"gold_gain":0.0,"event_name":"Match and Keep!","player_choice":"1 cards matched","floor":47.0,"gold_loss":0.0,"damage_taken":0.0,"cards_obtained":["Neutralize"]}],"is_beta":false,"boss_relics":[{"not_picked":["Eternal Feather","Fusion Hammer"],"picked":"Busted Crown"},{"not_picked":["Runic Dome","HoveringKite"],"picked":"Pandora\u0027s Box"}],"items_purged_floors":[12,14,37,54],"is_endless":false,"potions_floor_spawned":[1,2,7,18,28,29,35,42,48],"ascension_level":20}