{"gold_per_floor":[115,129,54,74,87,87,107,107,184,209,221,221,231,258,258,336,336,353,79,79,91,105,105,140,158,185,185,215,115,150,98,98,170,170,181,181,181,200,255,255,289,511,511,511,546,562,289,305,305,305,305,305,305,61,89,89],"floor_reached":57,"playtime":5278,"items_purged":["Strike_B","Strike_B","Strike_B","Strike_B"],"score":3120,"play_id":"d20dbe43-cfde-43f0-ae24-799c610f8681","local_time":"20190322022318","is_ascension_mode":true,"campfire_choices":[{"data":"Rip and Tear","floor":6.0,"key":"SMITH"},{"data":"Zap","floor":8.0,"key":"SMITH"},{"data":"Sunder","floor":12.0,"key":"SMITH"},{"data":"Panacea","floor":15.0,"key":"SMITH"},{"floor":23.0,"key":"REST"},{"floor":27.0,"key":"REST"},{"floor":32.0,"key":"RECALL"},{"floor":40.0,"key":"REST"},{"floor":44,"key":"REST"},{"floor":49,"key":"REST"},{"floor":53,"key":"REST"}],"neow_cost":"TEN_PERCENT_HP_LOSS","seed_source_timestamp":47058577417220,"circlet_count":0,"master_deck":["AscendersBane","Defend_B+1","Defend_B","Defend_B","Defend_B+1","Zap+1","Dualcast","Secret Weapon","Panacea+1","Chill","Rip and Tear+1","Chill","Reboot","Sunder+1","Echo Form","Defragment+1","Necronomicurse","White Noise+1","Coolheaded+1","Undo+1","Turbo+1","Core Surge","White Noise+1","Madness+1","Madness+1","White Noise+1","Coolheaded+1","Coolheaded+1","Recycle+1","Defragment+1","Coolheaded+1","Turbo+1","Coolheaded+1","Heatsinks","BootSequence+1","Skim+1","White Noise+1"],"special_seed":0,"relics":["Cracked Core","Matryoshka","Dead Branch","War Paint","Fusion Hammer","Toxic Egg 2","Necronomicon","Dream Catcher","Omamori","Oddly Smooth Stone","Potion Belt","Red Mask","Philosopher\u0027s Stone","Emotion Chip","The Courier","Bronze Scales","Incense Burner","Happy Flower"],"potions_floor_usage":[41,56,56,56],"damage_taken":[{"damage":1.0,"enemies":"Cultist","floor":1.0,"turns":3.0},{"damage":0.0,"enemies":"2 Louse","floor":2.0,"turns":3.0},{"damage":7.0,"enemies":"Jaw Worm","floor":4.0,"turns":3.0},{"damage":7.0,"enemies":"2 Fungi Beasts","floor":5.0,"turns":3.0},{"damage":6.0,"enemies":"Large Slime","floor":7.0,"turns":4.0},{"damage":8.0,"enemies":"Lagavulin","floor":10.0,"turns":6.0},{"damage":0.0,"enemies":"Blue Slaver","floor":11.0,"turns":3.0},{"damage":0.0,"enemies":"Exordium Thugs","floor":13.0,"turns":3.0},{"damage":10.0,"enemies":"3 Sentries","floor":14.0,"turns":5.0},{"damage":0.0,"enemies":"Slime Boss","floor":16.0,"turns":8.0},{"damage":1.0,"enemies":"3 Byrds","floor":18.0,"turns":3.0},{"damage":1.0,"enemies":"Shell Parasite","floor":21.0,"turns":2.0},{"damage":0.0,"enemies":"Chosen and Byrds","floor":22.0,"turns":5.0},{"damage":22.0,"enemies":"Slavers","floor":24.0,"turns":5.0},{"damage":0.0,"enemies":"Snecko","floor":25.0,"turns":3.0},{"damage":0.0,"enemies":"Gremlin Leader","floor":28.0,"turns":5.0},{"damage":0.0,"enemies":"Masked Bandits","floor":30.0,"turns":3.0},{"damage":41.0,"enemies":"Champ","floor":33.0,"turns":8.0},{"damage":9.0,"enemies":"Orb Walker","floor":35.0,"turns":2.0},{"damage":9.0,"enemies":"3 Darklings","floor":38.0,"turns":2.0},{"damage":0.0,"enemies":"2 Orb Walkers","floor":39.0,"turns":4.0},{"damage":34,"enemies":"Reptomancer","floor":41,"turns":5},{"damage":0,"enemies":"Nemesis","floor":45,"turns":3},{"damage":0,"enemies":"Writhing Mass","floor":46,"turns":4},{"damage":0,"enemies":"Sphere and 2 Shapes","floor":48,"turns":2},{"damage":0,"enemies":"Time Eater","floor":50,"turns":20},{"damage":5,"enemies":"Donu and Deca","floor":51,"turns":8},{"damage":0,"enemies":"Shield and Spear","floor":55,"turns":4},{"damage":10,"enemies":"The Heart","floor":56,"turns":11}],"seed_played":"8945666162758937213","potions_obtained":[{"floor":5.0,"key":"EssenceOfSteel"},{"floor":10.0,"key":"Swift Potion"},{"floor":14.0,"key":"Fire Potion"},{"floor":16.0,"key":"Fire Potion"},{"floor":21.0,"key":"Strength Potion"},{"floor":25.0,"key":"Dexterity Potion"},{"floor":45,"key":"Explosive Potion"},{"floor":46,"key":"FearPotion"},{"floor":48,"key":"Swift Potion"}],"is_trial":false,"path_per_floor":["M","M","$","M","M","R","M","R","T","E","M","R","M","E","R","B",null,"M","$","?","M","M","R","E","M","T","R","E","$","?","$","R","B",null,"M","?","?","M","?","R","E","?","T","R","E","M","$","M","R","B","B",null,"R","$","E","B",null],"character_chosen":"DEFECT","items_purchased":["Toxic Egg 2","Turbo+1","Coolheaded+1","SkillPotion","Turbo+1","AttackPotion","BootSequence+1","Skim+1"],"campfire_rested":6,"item_purchase_floors":[19,31,47,47,47,47,54,54],"current_hp_per_floor":[63,63,63,56,49,49,43,43,43,35,35,35,35,25,25,25,54,53,53,32,31,31,50,28,28,28,47,47,47,47,47,47,6,50,41,29,29,20,20,39,5,5,5,24,24,24,24,24,43,43,38,58,64,64,64,54],"gold":89,"neow_bonus":"RANDOM_COLORLESS_2","is_prod":false,"is_daily":false,"chose_seed":false,"campfire_upgraded":4,"win_rate":0,"timestamp":1553192598,"path_taken":["M","M","$","?","M","R","?","R","T","E","M","R","M","E","R","BOSS","M","$","?","M","M","R","E","M","T","R","E","$","?","$","R","BOSS","M","?","?","M","?","R","E","?","T","R","E","?","?","M","R","BOSS","BOSS","R","$","E","BOSS"],"build_version":"2019-01-23","purchased_purges":4,"victory":true,"max_hp_per_floor":[64,64,64,64,64,64,64,64,64,64,64,64,64,64,64,64,64,64,64,64,64,64,64,64,64,64,64,64,64,64,64,64,64,64,64,64,64,64,64,64,64,64,64,64,64,64,64,64,64,64,64,64,64,64,64,64],"card_choices":[{"not_picked":["Hologram","Darkness"],"picked":"Chill","floor":1.0},{"not_picked":["Go for the Eyes","Stack"],"picked":"Rip and Tear","floor":2.0},{"not_picked":["Sweeping Beam","Steam","Leap"],"picked":"SKIP","floor":4.0},{"not_picked":["Go for the Eyes","Meteor Strike"],"picked":"Chill","floor":5.0},{"not_picked":["Beam Cell","Loop","Heatsinks"],"picked":"SKIP","floor":7.0},{"not_picked":["Static Discharge","Rebound"],"picked":"Reboot","floor":10.0},{"not_picked":["Heatsinks","Sweeping Beam"],"picked":"Sunder","floor":11.0},{"not_picked":["Steam","Tempest","Force Field"],"picked":"SKIP","floor":13.0},{"not_picked":["Compile Driver","Conserve Battery","Static Discharge"],"picked":"SKIP","floor":14.0},{"not_picked":["Rainbow","All For One"],"picked":"Echo Form","floor":16.0},{"not_picked":["Undo","Rip and Tear"],"picked":"Defragment+1","floor":18.0},{"not_picked":["Steam+1","Redo+1","Ball Lightning"],"picked":"SKIP","floor":21.0},{"not_picked":["Reinforced Body+1","Coolheaded+1"],"picked":"White Noise+1","floor":22.0},{"not_picked":["Darkness+1","Thunder Strike"],"picked":"Coolheaded+1","floor":24.0},{"not_picked":["Leap+1","Loop","Rip and Tear"],"picked":"SKIP","floor":25.0},{"not_picked":["Barrage","Rebound"],"picked":"Undo+1","floor":27.0},{"not_picked":["Fusion+1","Gash","Compile Driver"],"picked":"SKIP","floor":28.0},{"not_picked":["Rainbow+1","Thunder Strike"],"picked":"Core Surge","floor":33.0},{"not_picked":["Cold Snap","Stack+1"],"picked":"White Noise+1","floor":35.0},{"not_picked":["Beam Cell","Turbo+1","Barrage"],"picked":"SKIP","floor":38.0},{"not_picked":["Coolheaded+1","Machine Learning"],"picked":"White Noise+1","floor":39.0},{"not_picked":["Hello World","Aggregate+1"],"picked":"Coolheaded+1","floor":41},{"not_picked":["Leap+1","Conserve Battery+1"],"picked":"Coolheaded+1","floor":44},{"not_picked":["Leap+1","All For One"],"picked":"Recycle+1","floor":45},{"not_picked":["Barrage","Go for the Eyes+1"],"picked":"Defragment+1","floor":46},{"not_picked":["Aggregate+1","Force Field+1"],"picked":"Coolheaded+1","floor":48},{"not_picked":["Gash","Leap+1"],"picked":"Heatsinks","floor":53},{"not_picked":["Reprogram+1","Stack+1"],"picked":"White Noise+1","floor":55}],"player_experience":3780295,"relics_obtained":[{"floor":9.0,"key":"Matryoshka"},{"floor":10.0,"key":"Dead Branch"},{"floor":14.0,"key":"War Paint"},{"floor":20.0,"key":"Necronomicon"},{"floor":24.0,"key":"Dream Catcher"},{"floor":26.0,"key":"Omamori"},{"floor":26.0,"key":"Oddly Smooth Stone"},{"floor":28.0,"key":"Potion Belt"},{"floor":30.0,"key":"Red Mask"},{"floor":39.0,"key":"Emotion Chip"},{"floor":41,"key":"The Courier"},{"floor":43,"key":"Bronze Scales"},{"floor":45,"key":"Incense Burner"},{"floor":55,"key":"Happy Flower"}],"event_choices":[{"damage_healed":0.0,"max_hp_gain":0.0,"max_hp_loss":0.0,"gold_gain":0.0,"event_name":"Cursed Tome","player_choice":"Obtained Book","floor":20.0,"gold_loss":0.0,"damage_taken":21.0},{"damage_healed":0.0,"max_hp_gain":0.0,"max_hp_loss":0.0,"gold_gain":0.0,"event_name":"Masked Bandits","player_choice":"Fought Bandits","floor":30.0,"gold_loss":0.0,"damage_taken":0.0},{"damage_healed":0.0,"max_hp_gain":0.0,"max_hp_loss":0.0,"gold_gain":0.0,"event_name":"Winding Halls","player_choice":"Embrace Madness","floor":36.0,"gold_loss":0.0,"damage_taken":12.0,"cards_obtained":["Madness","Madness"]},{"damage_healed":0.0,"max_hp_gain":0.0,"max_hp_loss":0.0,"gold_gain":0.0,"event_name":"The Moai Head","player_choice":"Ignored","floor":37.0,"gold_loss":0.0,"damage_taken":0.0},{"damage_healed":0.0,"max_hp_gain":0.0,"max_hp_loss":0.0,"gold_gain":0.0,"event_name":"Mysterious Sphere","player_choice":"Fight","floor":39.0,"gold_loss":0.0,"damage_taken":0.0},{"damage_healed":0,"gold_gain":222,"player_choice":"Wore Mask","damage_taken":0,"max_hp_gain":0,"max_hp_loss":0,"event_name":"Tomb of Lord Red Mask","floor":42,"gold_loss":0}],"is_beta":false,"boss_relics":[{"not_picked":["Tiny House","Lizard Tail"],"picked":"Fusion Hammer"},{"not_picked":["FrozenCore","Nuclear Battery"],"picked":"Philosopher\u0027s Stone"}],"items_purged_floors":[3,29,47,54],"is_endless":false,"potions_floor_spawned":[5,10,14,16,21,22,25,45,46,48],"ascension_level":20}