{"gold_per_floor":[111,121,121,196,196,196,215,230,230,230,246,261,286,304,304,379,379,353,370,285,103,103,103,117,127,152,152,152,152,168,185,185,259,259,271,287,162,179,179,179,190,206,206,206,236,236,236,236,236,236,236],"floor_reached":51,"playtime":2889,"items_purged":["Strike_G","Strike_G"],"score":1362,"play_id":"32798515-809f-44ce-a267-a1c8281eb8f4","local_time":"20190317114500","is_ascension_mode":true,"campfire_choices":[{"data":"Well Laid Plans","floor":6.0,"key":"SMITH"},{"data":"Neutralize","floor":10.0,"key":"SMITH"},{"data":"Poisoned Stab","floor":15.0,"key":"SMITH"},{"data":"Calculated Gamble","floor":23.0,"key":"SMITH"},{"data":"Reflex","floor":28.0,"key":"SMITH"},{"data":"Impatience","floor":32.0,"key":"SMITH"},{"data":"Prepared","floor":40.0,"key":"SMITH"},{"data":"Tactician","floor":44.0,"key":"SMITH"},{"floor":47.0,"key":"RECALL"},{"data":"Well Laid Plans","floor":49.0,"key":"SMITH"}],"neow_cost":"NONE","seed_source_timestamp":291953005749738,"circlet_count":0,"master_deck":["AscendersBane","Defend_G","Defend_G","Defend_G","Defend_G","Defend_G","Strike_G","Strike_G","Survivor","Neutralize+1","Well Laid Plans+1","Deadly Poison","Poisoned Stab+1","Acrobatics+1","PiercingWail+1","Adrenaline+1","Reflex+1","Calculated Gamble+1","Wraith Form v2","Backflip","Well Laid Plans+1","Impatience+1","After Image","Flechettes","Acrobatics","Grand Finale","Prepared+1","Tactician+1"],"special_seed":0,"relics":["Ring of the Snake","NeowsBlessing","Tingsha","Nunchaku","Orrery","War Paint","Vajra","Busted Crown","Juzu Bracelet","Unceasing Top"],"potions_floor_usage":[],"damage_taken":[{"damage":0.0,"enemies":"2 Louse","floor":1.0,"turns":1.0},{"damage":0.0,"enemies":"Jaw Worm","floor":2.0,"turns":1.0},{"damage":0.0,"enemies":"Small Slimes","floor":7.0,"turns":1.0},{"damage":4.0,"enemies":"Red Slaver","floor":8.0,"turns":6.0},{"damage":1.0,"enemies":"2 Fungi Beasts","floor":11.0,"turns":4.0},{"damage":5.0,"enemies":"3 Louse","floor":12.0,"turns":4.0},{"damage":17.0,"enemies":"3 Sentries","floor":13.0,"turns":13.0},{"damage":6.0,"enemies":"Lots of Slimes","floor":14.0,"turns":3.0},{"damage":15.0,"enemies":"The Guardian","floor":16.0,"turns":11.0},{"damage":16.0,"enemies":"2 Thieves","floor":18.0,"turns":4.0},{"damage":14.0,"enemies":"Spheric Guardian","floor":19.0,"turns":7.0},{"damage":2.0,"enemies":"Snecko","floor":24.0,"turns":7.0},{"damage":8.0,"enemies":"Centurion and Healer","floor":25.0,"turns":9.0},{"damage":2.0,"enemies":"Snake Plant","floor":30.0,"turns":3.0},{"damage":2.0,"enemies":"Cultist and Chosen","floor":31.0,"turns":7.0},{"damage":8.0,"enemies":"Automaton","floor":33.0,"turns":10.0},{"damage":9.0,"enemies":"3 Darklings","floor":35.0,"turns":4.0},{"damage":5.0,"enemies":"Orb Walker","floor":36.0,"turns":3.0},{"damage":2.0,"enemies":"4 Shapes","floor":38.0,"turns":2.0},{"damage":16.0,"enemies":"Spire Growth","floor":41.0,"turns":3.0},{"damage":6.0,"enemies":"Maw","floor":42.0,"turns":6.0},{"damage":0.0,"enemies":"Giant Head","floor":45.0,"turns":4.0},{"damage":16.0,"enemies":"Awakened One","floor":50.0,"turns":8.0},{"damage":51,"enemies":"Time Eater","floor":51,"turns":4}],"seed_played":"2787452850386770536","potions_obtained":[{"floor":2.0,"key":"GamblersBrew"},{"floor":5.0,"key":"Dexterity Potion"},{"floor":13.0,"key":"PowerPotion"},{"floor":14.0,"key":"FearPotion"},{"floor":19.0,"key":"GhostInAJar"},{"floor":38.0,"key":"Dexterity Potion"},{"floor":41.0,"key":"GhostInAJar"}],"is_trial":false,"path_per_floor":["M","M","?","?","?","R","M","M","T","R","M","M","E","M","R","B",null,"M","M","?","$","?","R","M","M","T","?","R","?","M","M","R","B",null,"M","M","$","M","?","R","M","M","T","R","E","T","R","?","R","B","B"],"character_chosen":"THE_SILENT","items_purchased":["Impatience","Prepared"],"campfire_rested":0,"item_purchase_floors":[21,37],"current_hp_per_floor":[59,59,64,53,53,53,53,49,49,49,48,43,26,20,20,5,55,39,25,25,25,25,25,23,15,15,15,15,15,13,11,11,3,54,45,40,40,38,38,38,22,16,16,16,16,16,16,58,58,42,0],"gold":236,"neow_bonus":"THREE_ENEMY_KILL","is_prod":false,"is_daily":false,"chose_seed":false,"campfire_upgraded":9,"win_rate":0,"timestamp":1552790700,"path_taken":["M","M","?","?","?","R","M","M","T","R","M","M","E","?","R","BOSS","M","M","?","$","?","R","M","M","T","?","R","?","M","M","R","BOSS","M","M","$","?","?","R","M","M","T","R","E","?","R","?","R","BOSS","BOSS"],"build_version":"2019-01-23","purchased_purges":2,"victory":false,"max_hp_per_floor":[66,66,71,71,71,71,71,71,71,71,71,71,71,71,71,71,71,71,71,71,71,71,71,71,71,71,71,71,71,71,71,71,71,71,71,71,71,71,71,71,71,71,71,71,71,71,71,58,58,58,58],"card_choices":[{"not_picked":["Quick Slash","Underhanded Strike","Slice"],"picked":"SKIP","floor":1.0},{"not_picked":["Deadly Poison","Accuracy"],"picked":"Well Laid Plans","floor":2.0},{"not_picked":["Bane","Blade Dance","Accuracy"],"picked":"SKIP","floor":7.0},{"not_picked":["Sucker Punch","Prepared"],"picked":"Cloak And Dagger","floor":8.0},{"not_picked":["Dagger Throw","Expertise"],"picked":"Deadly Poison","floor":11.0},{"not_picked":["Flying Knee","Well Laid Plans"],"picked":"Poisoned Stab","floor":12.0},{"not_picked":["Blade Dance","Sucker Punch"],"picked":"Acrobatics","floor":13.0},{"not_picked":["Prepared","Endless Agony"],"picked":"PiercingWail","floor":14.0},{"not_picked":["Envenom","Storm of Steel"],"picked":"Adrenaline","floor":16.0},{"not_picked":["Outmaneuver","Slice"],"picked":"Reflex","floor":17.0},{"not_picked":["Endless Agony","PiercingWail"],"picked":"Calculated Gamble","floor":17.0},{"not_picked":["Infinite Blades","Dagger Spray"],"picked":"Wraith Form v2","floor":17.0},{"not_picked":["Escape Plan","Bane+1"],"picked":"Backflip","floor":18.0},{"not_picked":["Deadly Poison+1","Poisoned Stab"],"picked":"Well Laid Plans","floor":19.0},{"not_picked":["Underhanded Strike","Poisoned Stab+1","Terror"],"picked":"SKIP","floor":24.0},{"not_picked":["Deflect","Noxious Fumes","Crippling Poison"],"picked":"SKIP","floor":25.0},{"not_picked":["Infinite Blades+1","Acrobatics"],"picked":"Flechettes","floor":30.0},{"not_picked":["Quick Slash","Cloak And Dagger"],"picked":"Acrobatics","floor":31.0},{"not_picked":["Venomology","Doppelganger"],"picked":"Grand Finale","floor":33.0},{"not_picked":["PiercingWail"],"picked":"SKIP","floor":35.0},{"not_picked":["Backflip"],"picked":"SKIP","floor":36.0},{"not_picked":["Bane"],"picked":"SKIP","floor":38.0},{"not_picked":["Infinite Blades"],"picked":"SKIP","floor":41.0},{"not_picked":[],"picked":"Tactician","floor":42.0},{"not_picked":["Bane"],"picked":"SKIP","floor":45.0}],"player_experience":126650,"relics_obtained":[{"floor":9.0,"key":"Tingsha"},{"floor":13.0,"key":"Nunchaku"},{"floor":26.0,"key":"Vajra"},{"floor":45.0,"key":"Juzu Bracelet"},{"floor":46.0,"key":"Unceasing Top"}],"event_choices":[{"damage_healed":0.0,"max_hp_gain":5.0,"max_hp_loss":0.0,"gold_gain":0.0,"event_name":"Big Fish","player_choice":"Donut","floor":3.0,"gold_loss":0.0,"damage_taken":0.0},{"damage_healed":0.0,"max_hp_gain":0.0,"max_hp_loss":0.0,"gold_gain":75.0,"event_name":"World of Goop","player_choice":"Gather Gold","floor":4.0,"gold_loss":0.0,"damage_taken":11.0},{"damage_healed":0.0,"max_hp_gain":0.0,"max_hp_loss":0.0,"gold_gain":0.0,"event_name":"Lab","player_choice":"Got Potions","floor":5.0,"gold_loss":0.0,"damage_taken":0.0},{"damage_healed":0.0,"max_hp_gain":0.0,"max_hp_loss":0.0,"gold_gain":0.0,"event_name":"Addict","player_choice":"Obtained Relic","floor":20.0,"gold_loss":85.0,"damage_taken":0.0,"relics_obtained":["War Paint"]},{"damage_healed":0.0,"max_hp_gain":0.0,"max_hp_loss":0.0,"gold_gain":0.0,"event_name":"The Library","player_choice":"Read","floor":22.0,"gold_loss":0.0,"damage_taken":0.0,"cards_obtained":["After Image"]},{"cards_removed":["Strike_G"],"damage_healed":0.0,"max_hp_gain":0.0,"max_hp_loss":0.0,"gold_gain":0.0,"event_name":"Back to Basics","player_choice":"Elegance","floor":27.0,"gold_loss":0.0,"damage_taken":0.0},{"damage_healed":0.0,"max_hp_gain":0.0,"max_hp_loss":0.0,"gold_gain":0.0,"event_name":"Upgrade Shrine","player_choice":"Upgraded","floor":29.0,"gold_loss":0.0,"damage_taken":0.0,"cards_upgraded":["Acrobatics"]},{"cards_removed":["Cloak And Dagger"],"damage_healed":0.0,"max_hp_gain":0.0,"max_hp_loss":0.0,"gold_gain":0.0,"event_name":"Falling","player_choice":"Removed Skill","floor":39.0,"gold_loss":0.0,"damage_taken":0.0},{"damage_healed":58.0,"max_hp_gain":0.0,"max_hp_loss":13.0,"gold_gain":0.0,"event_name":"The Moai Head","player_choice":"Heal","floor":48.0,"gold_loss":0.0,"damage_taken":0.0}],"is_beta":false,"boss_relics":[{"not_picked":["Calling Bell","Lizard Tail"],"picked":"Orrery"},{"not_picked":["Snecko Eye","WristBlade"],"picked":"Busted Crown"}],"items_purged_floors":[21,37],"is_endless":false,"potions_floor_spawned":[2,7,13,14,19,24,30,38,41],"killed_by":"Time Eater","ascension_level":20}