{"gold_per_floor":[217,232,407,420,79,79,79,79,79,91,31,45,76,91,91,190,190,205,405,315,144,162,162,191,191,191,203,220,235,235,247,247,344,344,361,236,254,268,268,268,293,293,293,293,313,325,325,335,335,335],"floor_reached":51,"playtime":3259,"items_purged":["Doubt","Strike_G","Strike_G"],"score":759,"play_id":"fc57d8cc-cfcd-405f-9784-f046441b56bd","local_time":"20181022233256","is_ascension_mode":false,"campfire_choices":[{"data":"Grand Finale","floor":6.0,"key":"SMITH"},{"data":"Deep Breath","floor":8.0,"key":"SMITH"},{"data":"Neutralize","floor":10.0,"key":"SMITH"},{"data":"Noxious Fumes","floor":15.0,"key":"SMITH"},{"data":"Catalyst","floor":23.0,"key":"SMITH"},{"data":"Night Terror","floor":25.0,"key":"SMITH"},{"floor":32.0,"key":"REST"},{"data":"Well Laid Plans","floor":40,"key":"SMITH"},{"data":"Acrobatics","floor":42,"key":"SMITH"},{"data":"Burst","floor":44,"key":"SMITH"},{"floor":47,"key":"REST"},{"data":"Acrobatics","floor":49,"key":"SMITH"}],"neow_cost":"NONE","seed_source_timestamp":53669656794617,"circlet_count":0,"master_deck":["Defend_G","Defend_G","Defend_G","Defend_G+1","Defend_G","Strike_G","Strike_G","Survivor","Neutralize+1","Poisoned Stab","Grand Finale+1","Deep Breath+1","Noxious Fumes+1","Burst+1","Acrobatics+1","Night Terror+1","Acrobatics","Catalyst+1","Leg Sweep","Die Die Die","Deadly Poison","Acrobatics+1","Acrobatics","Venomology","Well Laid Plans+1","Writhe","Crippling Poison+1"],"special_seed":0,"relics":["Ring of the Serpent","MawBank","Darkstone Periapt","Velvet Choker","Gremlin Horn","Shuriken","Toxic Egg 2","Bottled Tornado"],"potions_floor_usage":[38,41,41,41,41,41,41,45,45,45,46,48,50,50,50,50,50,50,50],"damage_taken":[{"damage":1.0,"enemies":"Jaw Worm","floor":1.0,"turns":5.0},{"damage":0.0,"enemies":"Small Slimes","floor":2.0,"turns":4.0},{"damage":4.0,"enemies":"Cultist","floor":4.0,"turns":6.0},{"damage":0.0,"enemies":"Gremlin Nob","floor":7.0,"turns":1.0},{"damage":25.0,"enemies":"Exordium Thugs","floor":12.0,"turns":5.0},{"damage":28.0,"enemies":"3 Sentries","floor":13.0,"turns":9.0},{"damage":1.0,"enemies":"Red Slaver","floor":14.0,"turns":4.0},{"damage":2.0,"enemies":"Hexaghost","floor":16.0,"turns":7.0},{"damage":0.0,"enemies":"Chosen","floor":18.0,"turns":3.0},{"damage":4.0,"enemies":"Spheric Guardian","floor":22.0,"turns":5.0},{"damage":13.0,"enemies":"Gremlin Leader","floor":24.0,"turns":6.0},{"damage":1.0,"enemies":"Centurion and Healer","floor":27.0,"turns":4.0},{"damage":1.0,"enemies":"Snake Plant","floor":28.0,"turns":3.0},{"damage":0.0,"enemies":"Shelled Parasite and Fungi","floor":29.0,"turns":4.0},{"damage":15.0,"enemies":"Colosseum Slavers","floor":30.0,"turns":7.0},{"damage":3.0,"enemies":"Centurion and Healer","floor":31.0,"turns":8.0},{"damage":44.0,"enemies":"Collector","floor":33.0,"turns":8.0},{"damage":11.0,"enemies":"3 Darklings","floor":35.0,"turns":3.0},{"damage":3,"enemies":"Orb Walker","floor":37,"turns":3},{"damage":11,"enemies":"Sphere and 2 Shapes","floor":38,"turns":4},{"damage":12,"enemies":"Nemesis","floor":41,"turns":3},{"damage":8,"enemies":"Transient","floor":45,"turns":5},{"damage":2,"enemies":"Writhing Mass","floor":46,"turns":4},{"damage":6,"enemies":"Jaw Worm Horde","floor":48,"turns":3},{"damage":28,"enemies":"Donu and Deca","floor":50,"turns":8}],"seed_played":"6380298366002004381","potions_obtained":[{"floor":12.0,"key":"Block Potion"},{"floor":14.0,"key":"Block Potion"},{"floor":16.0,"key":"FearPotion"},{"floor":22.0,"key":"Weak Potion"},{"floor":24.0,"key":"SneckoOil"},{"floor":27.0,"key":"EntropicBrew"},{"floor":35.0,"key":"SneckoOil"},{"floor":41,"key":"GhostInAJar"},{"floor":46,"key":"EssenceOfSteel"}],"is_trial":false,"path_per_floor":["M","M","?","M","$","R","E","R","T","R","$","M","E","M","R","B",null,"M","?","?","$","M","R","E","R","T","M","M","M","?","M","R","B",null,"M","$","M","M","?","R","E","R","T","R","M","M","R","M","R","B"],"character_chosen":"THE_SILENT","items_purchased":["Grand Finale","Deep Breath","SmokeBomb","Noxious Fumes","Catalyst"],"campfire_rested":2,"item_purchase_floors":[5,5,5,11,21],"current_hp_per_floor":[69,69,69,65,65,65,65,65,65,65,65,40,12,11,11,9,70,70,70,70,70,66,66,53,53,53,52,51,51,36,33,54,10,70,59,59,56,45,69,69,57,57,57,57,49,47,69,63,63,35],"gold":335,"neow_bonus":"HUNDRED_GOLD","is_prod":false,"is_daily":false,"chose_seed":false,"campfire_upgraded":10,"win_rate":0,"timestamp":1540222376,"path_taken":["M","M","?","?","$","R","E","R","T","R","$","M","E","M","R","BOSS","M","?","?","$","M","R","E","R","T","M","M","M","?","?","R","BOSS","M","$","M","M","?","R","E","R","T","R","M","M","R","M","R","BOSS"],"build_version":"2018-10-18","purchased_purges":3,"victory":true,"max_hp_per_floor":[70,70,70,70,70,70,70,70,70,70,70,70,70,70,70,70,70,70,70,70,70,70,70,70,70,70,70,70,70,70,70,70,70,70,70,70,70,70,76,76,76,76,76,76,76,76,76,76,76,76],"card_choices":[{"not_picked":["Prepared","Dodge and Roll","Outmaneuver"],"picked":"SKIP","floor":1.0},{"not_picked":["Distraction","Bane","Dodge and Roll"],"picked":"SKIP","floor":2.0},{"not_picked":["Distraction","Bane"],"picked":"Poisoned Stab","floor":4.0},{"not_picked":["Masterful Stab","Infinite Blades","Flying Knee"],"picked":"SKIP","floor":12.0},{"not_picked":["Dagger Throw","Expertise"],"picked":"Burst","floor":13.0},{"not_picked":["Reflex","Poisoned Stab"],"picked":"Acrobatics","floor":14.0},{"not_picked":["A Thousand Cuts","Die Die Die"],"picked":"Night Terror","floor":16.0},{"not_picked":["Cloak And Dagger+1","Calculated Gamble"],"picked":"Acrobatics","floor":18.0},{"not_picked":["Predator","Terror+1"],"picked":"Leg Sweep","floor":22.0},{"not_picked":["Quick Slash+1","Blade Dance+1","Flechettes"],"picked":"SKIP","floor":24.0},{"not_picked":["Dagger Throw","Flechettes+1"],"picked":"Die Die Die","floor":27.0},{"not_picked":["Quick Slash","Outmaneuver"],"picked":"Deadly Poison","floor":28.0},{"not_picked":["Reflex","Blur+1"],"picked":"Acrobatics","floor":29.0},{"not_picked":["Dodge and Roll+1","Cloak And Dagger"],"picked":"Acrobatics","floor":31.0},{"not_picked":["A Thousand Cuts","Die Die Die"],"picked":"Venomology","floor":33.0},{"not_picked":["Underhanded Strike+1","Distraction","Blur+1"],"picked":"SKIP","floor":35.0},{"not_picked":["Dodge and Roll+1","Deadly Poison"],"picked":"Well Laid Plans","floor":37},{"not_picked":["PiercingWail+1","Accuracy+1","Blade Dance+1"],"picked":"SKIP","floor":38},{"not_picked":["Poisoned Stab","Skewer+1","Bouncing Flask"],"picked":"SKIP","floor":41},{"not_picked":["Distraction+1","Blade Dance+1","Finisher+1"],"picked":"SKIP","floor":45},{"not_picked":["Dodge and Roll+1","Heel Hook","Glass Knife"],"picked":"SKIP","floor":46},{"not_picked":["Underhanded Strike+1","Cloak And Dagger+1"],"picked":"Crippling Poison+1","floor":48}],"player_experience":535802,"relics_obtained":[{"floor":9.0,"key":"MawBank"},{"floor":13.0,"key":"Darkstone Periapt"},{"floor":24.0,"key":"Gremlin Horn"},{"floor":26.0,"key":"Shuriken"},{"floor":41,"key":"Toxic Egg 2"},{"floor":43,"key":"Bottled Tornado"}],"event_choices":[{"damage_healed":0.0,"max_hp_gain":0.0,"max_hp_loss":0.0,"gold_gain":175.0,"event_name":"Liars Game","player_choice":"AGREE","floor":3.0,"gold_loss":0.0,"damage_taken":0.0,"cards_obtained":["Doubt"]},{"damage_healed":0.0,"max_hp_gain":0.0,"max_hp_loss":0.0,"gold_gain":200.0,"event_name":"Wheel of Change","player_choice":"Gold","floor":19.0,"gold_loss":0.0,"damage_taken":0.0},{"cards_removed":["Strike_G"],"damage_healed":0.0,"max_hp_gain":0.0,"max_hp_loss":0.0,"gold_gain":0.0,"event_name":"Designer","player_choice":"Upgrade and Remove","floor":20.0,"gold_loss":90.0,"damage_taken":0.0,"cards_upgraded":["Defend_G"]},{"damage_healed":0.0,"max_hp_gain":0.0,"max_hp_loss":0.0,"gold_gain":0.0,"event_name":"Colosseum","player_choice":"Fight","floor":30.0,"gold_loss":0.0,"damage_taken":0.0},{"damage_healed":0.0,"max_hp_gain":0.0,"max_hp_loss":0.0,"gold_gain":0.0,"event_name":"Colosseum","player_choice":"Fled From Nobs","floor":30.0,"gold_loss":0.0,"damage_taken":0.0},{"damage_healed":18,"gold_gain":0,"player_choice":"Writhe","damage_taken":0,"max_hp_gain":0,"max_hp_loss":0,"event_name":"Winding Halls","floor":39,"gold_loss":0,"cards_obtained":["Writhe"]}],"is_beta":false,"boss_relics":[{"not_picked":["Fusion Hammer","Calling Bell"],"picked":"Velvet Choker"},{"not_picked":["Philosopher\u0027s Stone","Lizard Tail"],"picked":"Ring of the Serpent"}],"items_purged_floors":[5,21,36],"is_endless":false,"potions_floor_spawned":[12,14,16,22,24,27,29,31,35,41,46],"ascension_level":0}