{"gold_per_floor":[112,262,22,22,32,32,67,84,84,111,130,155,155,166,166,240,240,213,26,50,66,16,48,67,98,98,98,118,118,168,168],"floor_reached":31,"playtime":1207,"items_purged":["Doubt","Strike_G","Strike_G"],"score":635,"play_id":"efa83a6d-5a89-42cf-a9e1-20d67c8e93a0","local_time":"20181006140742","is_ascension_mode":true,"campfire_choices":[{"data":"Neutralize","floor":6.0,"key":"SMITH"},{"data":"Glass Knife","floor":13.0,"key":"SMITH"},{"data":"Flechettes","floor":15.0,"key":"SMITH"},{"data":"Terror","floor":27,"key":"SMITH"},{"data":"Footwork","floor":29,"key":"SMITH"}],"neow_cost":"NONE","seed_source_timestamp":345848923463991,"circlet_count":0,"master_deck":["Defend_G","Defend_G","Defend_G","Defend_G","Defend_G","Strike_G","Strike_G","Strike_G","Survivor","Neutralize+1","AscendersBane","Reflex","Well Laid Plans","Glass Knife+1","Terror+1","Calculated Gamble","Prepared","Flechettes+1","Grand Finale","Footwork+1","Concentrate","Reflex+1","Dagger Throw"],"special_seed":0,"relics":["Ring of the Snake","NeowsBlessing","Pear","Mummified Hand","Ornamental Fan","Bag of Preparation","White Beast Statue","Smiling Mask","Bag of Marbles","Question Card","Bottled Flame"],"potions_floor_usage":[23,28,28],"damage_taken":[{"damage":0.0,"enemies":"Jaw Worm","floor":1.0,"turns":1.0},{"damage":0.0,"enemies":"Small Slimes","floor":5.0,"turns":1.0},{"damage":0.0,"enemies":"Gremlin Nob","floor":7.0,"turns":1.0},{"damage":0.0,"enemies":"Cultist","floor":8.0,"turns":3.0},{"damage":27.0,"enemies":"3 Sentries","floor":10.0,"turns":11.0},{"damage":14.0,"enemies":"Exordium Thugs","floor":11.0,"turns":5.0},{"damage":8.0,"enemies":"Lagavulin","floor":12.0,"turns":6.0},{"damage":1.0,"enemies":"Red Slaver","floor":14.0,"turns":2.0},{"damage":10.0,"enemies":"The Guardian","floor":16.0,"turns":10.0},{"damage":20.0,"enemies":"2 Thieves","floor":18.0,"turns":4.0},{"damage":0.0,"enemies":"3 Byrds","floor":21.0,"turns":3.0},{"damage":24,"enemies":"Slavers","floor":23,"turns":12},{"damage":5,"enemies":"Cultist and Chosen","floor":24,"turns":5},{"damage":0,"enemies":"Gremlin Leader","floor":25,"turns":4},{"damage":6,"enemies":"Centurion and Healer","floor":28,"turns":6},{"damage":24,"enemies":"Sentry and Sphere","floor":31,"turns":4}],"seed_played":"-1763313634662256577","potions_obtained":[{"floor":10.0,"key":"SpeedPotion"},{"floor":12.0,"key":"AttackPotion"},{"floor":14.0,"key":"Strength Potion"},{"floor":16.0,"key":"Regen Potion"},{"floor":18.0,"key":"LiquidBronze"},{"floor":21.0,"key":"Block Potion"},{"floor":23,"key":"GamblersBrew"},{"floor":24,"key":"Block Potion"},{"floor":28,"key":"Explosive Potion"}],"is_trial":false,"path_per_floor":["M","?","$","?","M","R","E","M","T","E","M","E","R","M","R","B",null,"M","$","T","M","$","E","M","E","T","R","M","R","?"],"character_chosen":"THE_SILENT","items_purchased":["Reflex","Well Laid Plans","Footwork"],"campfire_rested":0,"item_purchase_floors":[3,3,19],"current_hp_per_floor":[59,59,59,59,59,59,69,69,69,42,28,20,20,19,19,9,59,53,53,53,53,53,29,24,24,24,24,18,18,18,0],"gold":168,"neow_bonus":"THREE_ENEMY_KILL","is_prod":false,"is_daily":false,"chose_seed":false,"campfire_upgraded":5,"win_rate":0,"timestamp":1538806062,"path_taken":["M","?","$","?","M","R","E","M","T","E","M","E","R","?","R","BOSS","M","?","?","M","$","E","M","E","T","R","M","R","?","?"],"build_version":"2018-10-04v2","purchased_purges":3,"victory":false,"max_hp_per_floor":[66,66,66,66,66,66,76,76,76,76,76,76,76,76,76,76,76,76,76,76,76,76,76,76,76,76,76,76,76,76,76],"card_choices":[{"not_picked":["PiercingWail","Outmaneuver","Quick Slash"],"picked":"SKIP","floor":1.0},{"not_picked":["Dodge and Roll","Sucker Punch"],"picked":"Terror","floor":5.0},{"not_picked":["Caltrops","Reflex"],"picked":"Calculated Gamble","floor":7.0},{"not_picked":["Endless Agony","Dodge and Roll"],"picked":"Prepared","floor":8.0},{"not_picked":["Finisher","Quick Slash","Blade Dance"],"picked":"SKIP","floor":10.0},{"not_picked":["Prepared","Bouncing Flask","Calculated Gamble"],"picked":"SKIP","floor":11.0},{"not_picked":["Catalyst","Dodge and Roll"],"picked":"Flechettes","floor":12.0},{"not_picked":["Slice","Prepared","Poisoned Stab"],"picked":"SKIP","floor":14.0},{"not_picked":["Venomology","Glass Knife"],"picked":"Grand Finale","floor":16.0},{"not_picked":["Bane","Terror","Cloak And Dagger"],"picked":"SKIP","floor":18.0},{"not_picked":["Dodge and Roll","Underhanded Strike","Quick Slash"],"picked":"SKIP","floor":21.0},{"not_picked":["Dash","Flechettes"],"picked":"Concentrate","floor":23},{"not_picked":["Backflip","Deadly Poison"],"picked":"Reflex+1","floor":24},{"not_picked":["Slice+1","Night Terror","Bane"],"picked":"SKIP","floor":25},{"not_picked":["Deflect","Poisoned Stab","Quick Slash"],"picked":"Dagger Throw","floor":28}],"player_experience":203118,"relics_obtained":[{"floor":7.0,"key":"Pear"},{"floor":9.0,"key":"Mummified Hand"},{"floor":10.0,"key":"Ornamental Fan"},{"floor":12.0,"key":"Bag of Preparation"},{"floor":20.0,"key":"Smiling Mask"},{"floor":23,"key":"Bag of Marbles"},{"floor":25,"key":"Question Card"},{"floor":26,"key":"Bottled Flame"}],"event_choices":[{"event_name":"Liars Game","player_choice":"agreed","floor":2.0,"damage_taken":0.0},{"event_name":"Match and Keep!","player_choice":"1 cards matched","floor":4.0,"damage_taken":0.0},{"event_name":"The Joust","player_choice":"Bet on Murderer","floor":30,"damage_taken":0}],"is_beta":false,"boss_relics":[{"not_picked":["Velvet Choker","Snecko Eye"],"picked":"White Beast Statue"}],"items_purged_floors":[3,19,22],"is_endless":false,"potions_floor_spawned":[10,12,14,16,18,21,23,24,25,28],"killed_by":"Sentry and Sphere","ascension_level":17}