{"gold_per_floor":[116,116,116,39,39,83],"floor_reached":6,"playtime":308,"items_purged":[],"score":42,"play_id":"4ce9e32c-23e3-4d40-99ae-f62b94b2413d","local_time":"20180720143434","daily_mods":["Draft"],"is_ascension_mode":false,"campfire_choices":[],"neow_cost":"","seed_source_timestamp":0,"circlet_count":0,"master_deck":["Setup+1","Sucker Punch","Outmaneuver","Backflip","Calculated Gamble","Masterful Stab","Predator","Prepared+1","Slice","Dagger Spray","Quick Slash","Slice","Crippling Poison","Acrobatics","Accuracy","Accuracy"],"relics":["Ring of the Snake","Golden Idol","Bottled Tornado"],"potions_floor_usage":[],"damage_taken":[{"damage":0,"enemies":"2 Louse","floor":1,"turns":2},{"damage":28,"enemies":"Gremlin Nob","floor":6,"turns":4}],"seed_played":"-5115115848521585871","potions_obtained":[{"floor":1,"key":"AttackPotion"}],"is_trial":true,"path_per_floor":["M","?","?","$","?"],"character_chosen":"THE_SILENT","items_purchased":["Accuracy"],"campfire_rested":0,"item_purchase_floors":[4],"current_hp_per_floor":[70,70,53,53,53,25],"gold":83,"neow_bonus":"","is_prod":false,"is_daily":false,"chose_seed":false,"campfire_upgraded":0,"win_rate":0,"timestamp":1532090074,"path_taken":["M","?","?","$","?","E"],"build_version":"2018-07-19v2","purchased_purges":0,"victory":false,"max_hp_per_floor":[70,70,70,70,70,70],"card_choices":[{"not_picked":["Eviscerate","Deflect"],"picked":"Setup","floor":0},{"not_picked":["Outmaneuver","Backflip"],"picked":"Sucker Punch","floor":0},{"not_picked":["Quick Slash","Cloak And Dagger"],"picked":"Outmaneuver","floor":0},{"not_picked":["Concentrate","Eviscerate"],"picked":"Backflip","floor":0},{"not_picked":["All Out Attack","Cloak And Dagger"],"picked":"Calculated Gamble","floor":0},{"not_picked":["Flying Knee","PiercingWail"],"picked":"Masterful Stab","floor":0},{"not_picked":["Footwork","Terror"],"picked":"Predator","floor":0},{"not_picked":["Terror","PiercingWail"],"picked":"Prepared","floor":0},{"not_picked":["Backflip","Deflect"],"picked":"Slice","floor":0},{"not_picked":["Outmaneuver","Skewer"],"picked":"Dagger Spray","floor":0},{"not_picked":["Predator","Outmaneuver"],"picked":"Quick Slash","floor":0},{"not_picked":["Underhanded Strike","PiercingWail"],"picked":"Slice","floor":0},{"not_picked":["Outmaneuver","Bane"],"picked":"Crippling Poison","floor":0},{"not_picked":["Catalyst","Heel Hook"],"picked":"Acrobatics","floor":0},{"not_picked":["Skewer","Endless Agony"],"picked":"Accuracy","floor":0},{"not_picked":["Expertise","Outmaneuver","Poisoned Stab"],"picked":"SKIP","floor":1},{"not_picked":["Choke","Dagger Throw","Phantasmal Killer"],"picked":"SKIP","floor":6}],"player_experience":339010,"relics_obtained":[{"floor":6,"key":"Bottled Tornado"}],"event_choices":[{"event_name":"Accursed Blacksmith","player_choice":"Forge","floor":2,"damage_taken":0},{"event_name":"Golden Idol","player_choice":"Take Damage","floor":3,"damage_taken":0},{"event_name":"Living Wall","player_choice":"Grow","floor":5,"damage_taken":0}],"is_beta":false,"boss_relics":[],"items_purged_floors":[],"is_endless":false,"potions_floor_spawned":[1],"killed_by":"Gremlin Nob","ascension_level":0}