{"gold_per_floor":[115,126,126,143,162,178,178,9,9,35,35,185,204,104,104,181,181,158,158,158,75,91,91,126,126,126,126,1,12,44,57,57,129,129,144,144,157,257,267,267,300,300,369,369,369,73,104,114,114,114,114],"floor_reached":52,"playtime":2919,"items_purged":["Strike_B","Doubt","Strike_B","Strike_B+1"],"score":1971,"play_id":"1d4ace2d-bf5d-44ef-9b68-d2de8d3786f9","local_time":"20190214114833","is_ascension_mode":true,"campfire_choices":[{"data":"Static Discharge","floor":7.0,"key":"SMITH"},{"data":"Buffer","floor":11.0,"key":"SMITH"},{"data":"Zap","floor":15.0,"key":"SMITH"},{"data":"Hologram","floor":23.0,"key":"SMITH"},{"data":"Hologram","floor":25.0,"key":"SMITH"},{"data":"Thunder Strike","floor":27.0,"key":"SMITH"},{"floor":32.0,"key":"REST"},{"data":"Tempest","floor":40,"key":"SMITH"},{"data":"Tempest","floor":42,"key":"SMITH"},{"data":"Echo Form","floor":44,"key":"SMITH"},{"data":"Meteor Strike","floor":49,"key":"SMITH"}],"neow_cost":"TEN_PERCENT_HP_LOSS","seed_source_timestamp":0,"circlet_count":0,"master_deck":["AscendersBane","Strike_B+1","Defend_B","Defend_B","Defend_B","Defend_B","Zap+1","Dualcast","Thunder Strike+1","Ball Lightning","Hologram+1","Turbo","Static Discharge+1","Self Repair","Buffer+1","Echo Form+1","Recycle","Hologram+1","Doom and Gloom+1","Meteor Strike+1","Tempest+1","Static Discharge+1","Tempest+1","Hologram+1"],"special_seed":0,"relics":["Cracked Core","Whetstone","Ancient Tea Set","Snecko Eye","Symbiotic Virus","Gambling Chip","Shuriken","Coffee Dripper","StoneCalendar","Blue Candle","The Courier","Strange Spoon","Bag of Preparation"],"potions_floor_usage":[51,51],"damage_taken":[{"damage":3.0,"enemies":"Small Slimes","floor":1.0,"turns":3.0},{"damage":1.0,"enemies":"Cultist","floor":2.0,"turns":3.0},{"damage":8.0,"enemies":"2 Louse","floor":4.0,"turns":2.0},{"damage":8.0,"enemies":"Looter","floor":5.0,"turns":2.0},{"damage":29.0,"enemies":"Exordium Wildlife","floor":6.0,"turns":4.0},{"damage":8.0,"enemies":"Gremlin Nob","floor":10.0,"turns":3.0},{"damage":0.0,"enemies":"2 Fungi Beasts","floor":13.0,"turns":5.0},{"damage":22.0,"enemies":"Slime Boss","floor":16.0,"turns":7.0},{"damage":22.0,"enemies":"2 Thieves","floor":18.0,"turns":4.0},{"damage":11.0,"enemies":"Spheric Guardian","floor":22.0,"turns":4.0},{"damage":11.0,"enemies":"Book of Stabbing","floor":24.0,"turns":4.0},{"damage":9.0,"enemies":"Shelled Parasite and Fungi","floor":29.0,"turns":3.0},{"damage":24.0,"enemies":"Slavers","floor":30.0,"turns":4.0},{"damage":0.0,"enemies":"Snake Plant","floor":31.0,"turns":3.0},{"damage":0.0,"enemies":"Champ","floor":33.0,"turns":7.0},{"damage":11.0,"enemies":"3 Darklings","floor":35.0,"turns":4.0},{"damage":0.0,"enemies":"Orb Walker","floor":37.0,"turns":2.0},{"damage":0.0,"enemies":"Mind Bloom Boss Battle","floor":38.0,"turns":2.0},{"damage":0,"enemies":"Writhing Mass","floor":39,"turns":3},{"damage":0,"enemies":"Reptomancer","floor":41,"turns":2},{"damage":3,"enemies":"Giant Head","floor":47,"turns":3},{"damage":0,"enemies":"4 Shapes","floor":48,"turns":2},{"damage":20,"enemies":"Time Eater","floor":50,"turns":4},{"damage":14,"enemies":"Donu and Deca","floor":51,"turns":3}],"seed_played":"-2410254897906299585","potions_obtained":[{"floor":5.0,"key":"FocusPotion"},{"floor":6.0,"key":"Fruit Juice"},{"floor":13.0,"key":"GamblersBrew"},{"floor":16.0,"key":"GamblersBrew"},{"floor":24.0,"key":"SteroidPotion"},{"floor":31.0,"key":"Fire Potion"},{"floor":37.0,"key":"PowerPotion"}],"is_trial":false,"path_per_floor":["M","M","?","M","M","M","R","$","T","E","R","?","M","$","R","B",null,"M","?","?","$","M","R","E","R","T","R","$","M","E","M","R","B",null,"M","$","M","?","M","R","E","R","T","R","?","$","E","M","R","B","B",null],"character_chosen":"DEFECT","items_purchased":["Self Repair","Swift Potion","Recycle","Strange Spoon"],"campfire_rested":1,"item_purchase_floors":[8,8,21,46],"current_hp_per_floor":[61,60,60,52,44,20,20,20,20,19,19,19,26,26,26,11,55,40,40,40,40,36,36,32,32,32,32,32,30,6,6,26,33,60,63,63,63,69,69,69,69,69,69,69,69,69,66,66,66,53,46],"gold":114,"neow_bonus":"THREE_RARE_CARDS","is_prod":false,"is_daily":false,"chose_seed":false,"campfire_upgraded":10,"win_rate":0,"timestamp":1550116113,"path_taken":["M","M","?","M","M","?","R","$","T","E","R","?","M","$","R","BOSS","M","?","?","$","M","R","E","R","T","R","$","M","E","M","R","BOSS","M","$","M","?","M","R","E","R","T","R","?","$","E","M","R","BOSS","BOSS"],"build_version":"2019-01-23","purchased_purges":4,"victory":true,"max_hp_per_floor":[64,64,64,64,64,69,69,69,69,69,69,69,69,69,69,69,69,69,69,69,69,69,69,69,69,69,69,69,69,69,69,69,69,69,69,69,69,69,69,69,69,69,69,69,69,69,69,69,69,69,69],"card_choices":[{"not_picked":["Reboot","Seek"],"picked":"Thunder Strike","floor":0.0},{"not_picked":["Compile Driver","Gash","Rebound"],"picked":"SKIP","floor":1.0},{"not_picked":["Cold Snap","Leap"],"picked":"Ball Lightning","floor":2.0},{"not_picked":["Force Field","Cold Snap"],"picked":"Turbo","floor":4.0},{"not_picked":["Double Energy","Loop"],"picked":"Static Discharge","floor":5.0},{"not_picked":["Compile Driver","Hologram","Hello World"],"picked":"SKIP","floor":6.0},{"not_picked":["Hologram","Sweeping Beam"],"picked":"Buffer","floor":10.0},{"not_picked":["Barrage","Compile Driver","Go for the Eyes"],"picked":"SKIP","floor":13.0},{"not_picked":["Meteor Strike","Creative AI"],"picked":"Echo Form","floor":16.0},{"not_picked":["Streamline","Conserve Battery","Ball Lightning"],"picked":"SKIP","floor":18.0},{"not_picked":["Streamline","Conserve Battery","Ball Lightning"],"picked":"SKIP","floor":18.0},{"not_picked":["Ball Lightning","Turbo","Darkness"],"picked":"SKIP","floor":22.0},{"not_picked":["Gash","Blizzard"],"picked":"Hologram","floor":24.0},{"not_picked":["Streamline","Compile Driver","Static Discharge"],"picked":"SKIP","floor":29.0},{"not_picked":["Conserve Battery","Compile Driver","Sweeping Beam"],"picked":"SKIP","floor":30.0},{"not_picked":["Capacitor","Leap"],"picked":"Doom and Gloom+1","floor":31.0},{"not_picked":["Multi-Cast","Thunder Strike"],"picked":"Meteor Strike","floor":33.0},{"not_picked":["Gash","Loop"],"picked":"Tempest","floor":35.0},{"not_picked":["Self Repair","Go for the Eyes"],"picked":"Static Discharge+1","floor":37.0},{"not_picked":["Darkness","Consume","Recycle"],"picked":"SKIP","floor":39},{"not_picked":["Scrape+1","Conserve Battery"],"picked":"Tempest","floor":41},{"not_picked":["Ball Lightning","Biased Cognition"],"picked":"Hologram+1","floor":47},{"not_picked":["Conserve Battery","Reprogram+1","Redo+1"],"picked":"SKIP","floor":48}],"player_experience":2713997,"relics_obtained":[{"floor":9.0,"key":"Whetstone"},{"floor":10.0,"key":"Ancient Tea Set"},{"floor":24.0,"key":"Symbiotic Virus"},{"floor":26.0,"key":"Gambling Chip"},{"floor":30.0,"key":"Shuriken"},{"floor":38.0,"key":"StoneCalendar"},{"floor":41,"key":"Blue Candle"},{"floor":43,"key":"The Courier"},{"floor":47,"key":"Bag of Preparation"}],"event_choices":[{"damage_healed":0.0,"max_hp_gain":0.0,"max_hp_loss":0.0,"gold_gain":0.0,"event_name":"Match and Keep!","player_choice":"1 cards matched","floor":3.0,"gold_loss":0.0,"damage_taken":0.0,"cards_obtained":["Hologram"]},{"damage_healed":0.0,"max_hp_gain":0.0,"max_hp_loss":0.0,"gold_gain":150.0,"event_name":"Liars Game","player_choice":"AGREE","floor":12.0,"gold_loss":0.0,"damage_taken":0.0,"cards_obtained":["Doubt"]},{"damage_healed":0.0,"max_hp_gain":0.0,"max_hp_loss":0.0,"gold_gain":0.0,"event_name":"Ghosts","player_choice":"Ignored","floor":19.0,"gold_loss":0.0,"damage_taken":0.0},{"damage_healed":0.0,"max_hp_gain":0.0,"max_hp_loss":0.0,"gold_gain":0.0,"event_name":"Vampires","player_choice":"Ignored","floor":20.0,"gold_loss":0.0,"damage_taken":0.0},{"damage_healed":0.0,"max_hp_gain":0.0,"max_hp_loss":0.0,"gold_gain":0.0,"event_name":"MindBloom","player_choice":"Fight","floor":38.0,"gold_loss":0.0,"damage_taken":0.0},{"damage_healed":0,"gold_gain":0,"player_choice":"Ignored","damage_taken":0,"max_hp_gain":0,"max_hp_loss":0,"event_name":"Tomb of Lord Red Mask","floor":45,"gold_loss":0}],"is_beta":false,"boss_relics":[{"not_picked":["Busted Crown","Eternal Feather"],"picked":"Snecko Eye"},{"not_picked":["Philosopher\u0027s Stone","Velvet Choker"],"picked":"Coffee Dripper"}],"items_purged_floors":[8,14,28,46],"is_endless":false,"potions_floor_spawned":[5,6,13,16,24,29,31,37,39,48],"ascension_level":20}