{"gold_per_floor":[115,115,131,231,251,251,270,281,334,409,409,36,56,56,56,156,156,176,76,76,76,76,76,89,116,116,116,130,130,130,143,143,242,242,259,274,289,336,68,99,114,114,114,129,129,39,49,0,0,0,0,0,0,26,26],"floor_reached":55,"playtime":1895,"items_purged":["Strike_G","Strike_G","Strike_G"],"score":807,"play_id":"fe0a46a6-aa10-4ad7-b51d-1e7b96494bbc","local_time":"20190731232512","is_ascension_mode":false,"campfire_choices":[{"data":"Blade Dance","floor":6.0,"key":"SMITH"},{"data":"Well Laid Plans","floor":11.0,"key":"SMITH"},{"data":"Bouncing Flask","floor":15.0,"key":"SMITH"},{"data":"Accuracy","floor":23.0,"key":"SMITH"},{"data":"Backflip","floor":30.0,"key":"SMITH"},{"data":"Dagger Throw","floor":32.0,"key":"SMITH"},{"floor":45.0,"key":"RECALL"},{"data":"Deep Breath","floor":49.0,"key":"SMITH"},{"data":"Grand Finale","floor":52.0,"key":"SMITH"}],"neow_cost":"TEN_PERCENT_HP_LOSS","seed_source_timestamp":367118298382300,"circlet_count":0,"master_deck":["Defend_G","Defend_G","Defend_G","Defend_G","Defend_G","Survivor","Neutralize+1","Blade Dance+1","Dagger Throw+1","Well Laid Plans+1","Backflip+1","Bouncing Flask+1","Accuracy+1","Grand Finale+1","Escape Plan","Prepared+1","Acrobatics+1","Deep Breath+1","Escape Plan+1"],"special_seed":0,"relics":["Ring of the Snake","Blood Vial","Torii","Sozu","Blue Candle","Strawberry","Question Card","Orrery","Oddly Smooth Stone","Anchor","Pen Nib","Red Mask","Tingsha"],"potions_floor_usage":[],"damage_taken":[{"damage":1.0,"enemies":"Jaw Worm","floor":1.0,"turns":4.0},{"damage":0.0,"enemies":"Cultist","floor":3.0,"turns":4.0},{"damage":0.0,"enemies":"Small Slimes","floor":5.0,"turns":3.0},{"damage":5.0,"enemies":"3 Louse","floor":7.0,"turns":3.0},{"damage":3.0,"enemies":"2 Fungi Beasts","floor":8.0,"turns":3.0},{"damage":2.0,"enemies":"Blue Slaver","floor":13.0,"turns":3.0},{"damage":1.0,"enemies":"The Guardian","floor":16.0,"turns":9.0},{"damage":2.0,"enemies":"2 Thieves","floor":18.0,"turns":4.0},{"damage":1.0,"enemies":"Chosen","floor":24.0,"turns":4.0},{"damage":19.0,"enemies":"Slavers","floor":25.0,"turns":6.0},{"damage":2.0,"enemies":"Centurion and Healer","floor":28.0,"turns":6.0},{"damage":0.0,"enemies":"Shelled Parasite and Fungi","floor":31.0,"turns":7.0},{"damage":33.0,"enemies":"Automaton","floor":33.0,"turns":9.0},{"damage":7.0,"enemies":"3 Shapes","floor":35.0,"turns":3.0},{"damage":0.0,"enemies":"Orb Walker","floor":36.0,"turns":2.0},{"damage":2.0,"enemies":"Writhing Mass","floor":37.0,"turns":5.0},{"damage":16.0,"enemies":"2 Orb Walkers","floor":38.0,"turns":4.0},{"damage":0.0,"enemies":"Giant Head","floor":40.0,"turns":5.0},{"damage":0.0,"enemies":"3 Darklings","floor":41.0,"turns":1.0},{"damage":0.0,"enemies":"Sphere and 2 Shapes","floor":44.0,"turns":2.0},{"damage":0.0,"enemies":"Spire Growth","floor":47.0,"turns":3.0},{"damage":0.0,"enemies":"Donu and Deca","floor":50.0,"turns":5.0},{"damage":0.0,"enemies":"Shield and Spear","floor":54.0,"turns":3.0},{"damage":60,"enemies":"The Heart","floor":55,"turns":7}],"seed_played":"6924961126363073180","potions_obtained":[{"floor":5.0,"key":"SkillPotion"},{"floor":8.0,"key":"Strength Potion"},{"floor":13.0,"key":"Fire Potion"}],"is_trial":false,"path_per_floor":["M","?","M","?","M","R","M","M","T","?","R","$","M","$","R","B",null,"M","$","?","?","?","R","M","E","T","$","M","T","R","M","R","B",null,"M","M","M","?","$","E","M","?","T","M","R","$","M","?","R","B",null,"R","$","E","B"],"character_chosen":"THE_SILENT","items_purchased":["Torii","Oddly Smooth Stone","Deep Breath"],"campfire_rested":0,"item_purchase_floors":[12,39,46],"current_hp_per_floor":[62,62,62,62,62,62,57,54,54,43,43,43,43,43,43,44,63,61,61,61,61,61,61,62,51,51,51,51,51,51,53,53,22,70,63,65,65,51,51,53,55,48,48,50,50,50,52,52,52,54,70,70,70,70,10],"gold":26,"neow_bonus":"TRANSFORM_TWO_CARDS","is_prod":false,"is_daily":false,"chose_seed":false,"campfire_upgraded":8,"win_rate":0,"timestamp":1564586712,"path_taken":["M","?","?","?","M","R","?","M","T","?","R","$","M","?","R","BOSS","M","$","?","?","?","R","M","E","T","?","?","?","R","M","R","BOSS","M","M","M","?","?","E","M","?","T","M","R","$","?","?","R","BOSS","R","$","E","BOSS"],"build_version":"2019-07-17","purchased_purges":3,"victory":false,"max_hp_per_floor":[63,63,63,63,63,63,63,63,63,63,63,63,63,63,63,63,63,63,63,63,63,63,63,63,70,70,70,70,70,70,70,70,70,70,70,70,70,70,70,70,70,70,70,70,70,70,70,70,70,70,70,70,70,70,70],"card_choices":[{"not_picked":["Acrobatics","Reflex","Leg Sweep"],"picked":"SKIP","floor":1.0},{"not_picked":["PiercingWail","Flying Knee","Poisoned Stab"],"picked":"SKIP","floor":3.0},{"not_picked":["Quick Slash","Poisoned Stab"],"picked":"Well Laid Plans","floor":5.0},{"not_picked":["Dagger Throw","PiercingWail","Dodge and Roll"],"picked":"SKIP","floor":7.0},{"not_picked":["Flying Knee","Outmaneuver"],"picked":"Backflip","floor":8.0},{"not_picked":["Expertise","Dagger Spray"],"picked":"Bouncing Flask","floor":13.0},{"not_picked":["Noxious Fumes+1","Bane"],"picked":"Accuracy","floor":18.0},{"not_picked":["Skewer","Deflect","Dagger Throw"],"picked":"SKIP","floor":24.0},{"not_picked":["Backstab+1","Blur","Quick Slash"],"picked":"SKIP","floor":25.0},{"not_picked":["Deflect","Blur","Skewer"],"picked":"SKIP","floor":28.0},{"not_picked":["Leg Sweep+1","Dodge and Roll+1","Deflect","Dagger Throw"],"picked":"SKIP","floor":31.0},{"not_picked":["Burst","Unload","Tools of the Trade"],"picked":"Grand Finale","floor":33.0},{"not_picked":["Outmaneuver","Terror","Quick Slash+1"],"picked":"Escape Plan","floor":34.0},{"not_picked":["Slice","Endless Agony","Riddle With Holes"],"picked":"Prepared+1","floor":35.0},{"not_picked":["Accuracy+1","Blade Dance","Malaise","Bane+1"],"picked":"SKIP","floor":36.0},{"not_picked":["Bane+1","Underhanded Strike","Quick Slash"],"picked":"Acrobatics+1","floor":37.0},{"not_picked":["Sucker Punch","Poisoned Stab+1","Bane+1","Deadly Poison+1"],"picked":"SKIP","floor":40.0},{"not_picked":["Backflip+1","Blur+1","Escape Plan+1","Underhanded Strike"],"picked":"SKIP","floor":41.0},{"not_picked":["Endless Agony","Distraction","Quick Slash+1","PiercingWail"],"picked":"SKIP","floor":44.0},{"not_picked":["Dagger Spray","Underhanded Strike+1","Blade Dance","Dash"],"picked":"SKIP","floor":47.0},{"not_picked":["Night Terror","Underhanded Strike+1","Flying Knee"],"picked":"Escape Plan+1","floor":54.0}],"player_experience":706986,"relics_obtained":[{"floor":9.0,"key":"Blood Vial"},{"floor":25.0,"key":"Strawberry"},{"floor":29.0,"key":"Question Card"},{"floor":40.0,"key":"Anchor"},{"floor":43.0,"key":"Pen Nib"},{"floor":54.0,"key":"Tingsha"}],"event_choices":[{"damage_healed":0.0,"max_hp_gain":0.0,"max_hp_loss":0.0,"gold_gain":0.0,"event_name":"Accursed Blacksmith","player_choice":"Forge","floor":2.0,"gold_loss":0.0,"damage_taken":0.0,"cards_upgraded":["Neutralize"]},{"damage_healed":0.0,"max_hp_gain":0.0,"max_hp_loss":0.0,"gold_gain":100.0,"event_name":"Golden Shrine","player_choice":"Pray","floor":4.0,"gold_loss":0.0,"damage_taken":0.0},{"damage_healed":0.0,"max_hp_gain":0.0,"max_hp_loss":0.0,"gold_gain":75.0,"event_name":"World of Goop","player_choice":"Gather Gold","floor":10.0,"gold_loss":0.0,"damage_taken":11.0},{"damage_healed":0.0,"max_hp_gain":0.0,"max_hp_loss":0.0,"gold_gain":0.0,"event_name":"The Mausoleum","player_choice":"Opened","floor":20.0,"gold_loss":0.0,"damage_taken":0.0,"relics_obtained":["Blue Candle"]},{"damage_healed":0.0,"max_hp_gain":0.0,"max_hp_loss":0.0,"gold_gain":0.0,"event_name":"Vampires","player_choice":"Ignored","floor":21.0,"gold_loss":0.0,"damage_taken":0.0},{"damage_healed":0.0,"max_hp_gain":0.0,"max_hp_loss":0.0,"gold_gain":0.0,"event_name":"Cursed Tome","player_choice":"Ignored","floor":22.0,"gold_loss":0.0,"damage_taken":0.0},{"damage_healed":0.0,"max_hp_gain":0.0,"max_hp_loss":0.0,"gold_gain":0.0,"event_name":"Mysterious Sphere","player_choice":"Fight","floor":38.0,"gold_loss":0.0,"damage_taken":0.0},{"damage_healed":0.0,"max_hp_gain":0.0,"max_hp_loss":0.0,"gold_gain":0.0,"event_name":"Wheel of Change","player_choice":"Damaged","floor":42.0,"gold_loss":0.0,"damage_taken":7.0},{"damage_healed":0.0,"max_hp_gain":0.0,"max_hp_loss":0.0,"gold_gain":0.0,"event_name":"Tomb of Lord Red Mask","player_choice":"Paid","floor":48.0,"gold_loss":49.0,"damage_taken":0.0,"relics_obtained":["Red Mask"]}],"is_beta":false,"boss_relics":[{"not_picked":["Black Star","Velvet Choker"],"picked":"Sozu"},{"not_picked":["Tiny House","Lizard Tail"],"picked":"Orrery"}],"items_purged_floors":[12,19,39],"is_endless":false,"potions_floor_spawned":[5,8,13,25,31,33,35,37,44,54],"killed_by":"The Heart","ascension_level":0}