{"gold_per_floor":[109,125,143,68,68,68,95,108,108,134,134,149,149,39,39,112,112,132,4,14,14,26,26,26,39,64,64,84,111,121,154,154,154],"floor_reached":33,"playtime":1525,"items_purged":[],"score":654,"play_id":"eb9dbe6b-3128-4b17-abec-68c0a673ed82","local_time":"20190223165153","is_ascension_mode":true,"campfire_choices":[{"data":"Zap","floor":6.0,"key":"SMITH"},{"data":"Coolheaded","floor":13.0,"key":"SMITH"},{"data":"Defragment","floor":15.0,"key":"SMITH"},{"data":"Turbo","floor":23.0,"key":"SMITH"},{"data":"Hologram","floor":27.0,"key":"SMITH"},{"floor":32,"key":"REST"}],"neow_cost":"NONE","seed_source_timestamp":0,"circlet_count":0,"master_deck":["AscendersBane","Strike_B+1","Defend_B","Defend_B","Defend_B","Defend_B","Zap+1","Dualcast","Go for the Eyes","Tempest","Coolheaded+1","Ball Lightning","Compile Driver","Turbo+1","Coolheaded","Defragment+1","Reboot","Static Discharge+1","Seek+1","Conserve Battery+1","Capacitor","Glacier","Stack","Stack","Hologram+1","Turbo","Glacier","Undo","Cold Snap+1","Biased Cognition","Heatsinks"],"special_seed":0,"relics":["Cracked Core","NeowsBlessing","Bag of Preparation","Thread and Needle","Oddly Smooth Stone","Astrolabe","Strawberry","Vajra","Dream Catcher","Red Mask"],"potions_floor_usage":[],"damage_taken":[{"damage":0.0,"enemies":"Small Slimes","floor":1.0,"turns":1.0},{"damage":0.0,"enemies":"Jaw Worm","floor":2.0,"turns":1.0},{"damage":0.0,"enemies":"Cultist","floor":3.0,"turns":1.0},{"damage":19.0,"enemies":"3 Sentries","floor":7.0,"turns":9.0},{"damage":11.0,"enemies":"Large Slime","floor":8.0,"turns":5.0},{"damage":7.0,"enemies":"Gremlin Nob","floor":10.0,"turns":3.0},{"damage":0.0,"enemies":"Blue Slaver","floor":12.0,"turns":2.0},{"damage":0.0,"enemies":"The Guardian","floor":16.0,"turns":12.0},{"damage":11.0,"enemies":"Shell Parasite","floor":18.0,"turns":4.0},{"damage":0.0,"enemies":"Spheric Guardian","floor":20.0,"turns":4.0},{"damage":11.0,"enemies":"Cultist and Chosen","floor":22.0,"turns":6.0},{"damage":0.0,"enemies":"Centurion and Healer","floor":25.0,"turns":14.0},{"damage":0.0,"enemies":"Snecko","floor":28.0,"turns":6.0},{"damage":11.0,"enemies":"Slavers","floor":29.0,"turns":5.0},{"damage":0.0,"enemies":"3 Cultists","floor":30.0,"turns":9.0},{"damage":16,"enemies":"Masked Bandits","floor":31,"turns":6},{"damage":34,"enemies":"Champ","floor":33,"turns":15}],"seed_played":"-5557222593949975998","potions_obtained":[{"floor":2.0,"key":"Energy Potion"},{"floor":3.0,"key":"Strength Potion"},{"floor":8.0,"key":"SpeedPotion"},{"floor":10.0,"key":"SneckoOil"},{"floor":20.0,"key":"Regen Potion"},{"floor":22.0,"key":"Weak Potion"},{"floor":25.0,"key":"FocusPotion"}],"is_trial":false,"path_per_floor":["M","M","M","?","?","R","E","M","T","E","T","M","R","$","R","B",null,"M","$","M","?","M","R","?","M","T","R","M","E","M","?","R","B"],"character_chosen":"DEFECT","items_purchased":["Defragment","Coolheaded","Glacier","Stack"],"campfire_rested":1,"item_purchase_floors":[14,14,19,19],"current_hp_per_floor":[64,64,64,64,43,43,24,13,13,6,6,6,6,6,6,6,55,44,44,44,24,28,28,35,35,35,35,35,24,24,8,32,0],"gold":154,"neow_bonus":"THREE_ENEMY_KILL","is_prod":false,"is_daily":false,"chose_seed":false,"campfire_upgraded":5,"win_rate":0,"timestamp":1550911913,"path_taken":["M","M","M","?","?","R","E","M","T","E","?","?","R","$","R","BOSS","M","$","M","?","M","R","?","M","T","R","M","E","?","?","R","BOSS"],"build_version":"2019-01-23","purchased_purges":0,"victory":false,"max_hp_per_floor":[71,71,71,71,71,71,71,71,71,71,71,71,71,71,71,71,71,71,71,71,76,76,76,83,83,83,83,83,83,83,83,83,83],"card_choices":[{"not_picked":["Sweeping Beam","Lockon"],"picked":"Go for the Eyes","floor":1.0},{"not_picked":["Sweeping Beam","Leap"],"picked":"Tempest","floor":2.0},{"not_picked":["Hologram","Fission"],"picked":"Coolheaded","floor":3.0},{"not_picked":["Static Discharge","Rebound"],"picked":"Ball Lightning","floor":7.0},{"not_picked":["Steam","Gash"],"picked":"Compile Driver","floor":8.0},{"not_picked":["Barrage","Recycle"],"picked":"Turbo","floor":10.0},{"not_picked":["Go for the Eyes","Aggregate"],"picked":"Coolheaded","floor":12.0},{"not_picked":["Rainbow","Meteor Strike"],"picked":"Reboot","floor":16.0},{"not_picked":["Hologram","Sweeping Beam+1"],"picked":"Capacitor","floor":18.0},{"not_picked":["Leap","Ball Lightning"],"picked":"Stack","floor":20.0},{"not_picked":["Rebound","Self Repair"],"picked":"Hologram","floor":22.0},{"not_picked":["Machine Learning","Go for the Eyes"],"picked":"Turbo","floor":25.0},{"not_picked":["Stack","Self Repair"],"picked":"Glacier","floor":28.0},{"not_picked":["Beam Cell","Tempest"],"picked":"Undo","floor":29.0},{"not_picked":["Streamline","Go for the Eyes"],"picked":"Cold Snap+1","floor":30.0},{"not_picked":["Conserve Battery","Sweeping Beam"],"picked":"Biased Cognition","floor":31},{"not_picked":["Rip and Tear","Ball Lightning"],"picked":"Heatsinks","floor":32}],"player_experience":937467,"relics_obtained":[{"floor":7.0,"key":"Bag of Preparation"},{"floor":10.0,"key":"Thread and Needle"},{"floor":11.0,"key":"Oddly Smooth Stone"},{"floor":26.0,"key":"Vajra"},{"floor":29.0,"key":"Dream Catcher"},{"floor":31,"key":"Red Mask"}],"event_choices":[{"cards_removed":["Strike_B"],"damage_healed":0.0,"max_hp_gain":0.0,"max_hp_loss":0.0,"gold_gain":0.0,"event_name":"The Cleric","player_choice":"Card Removal","floor":4.0,"gold_loss":75.0,"damage_taken":0.0},{"damage_healed":0.0,"max_hp_gain":0.0,"max_hp_loss":0.0,"gold_gain":0.0,"event_name":"Shining Light","player_choice":"Entered Light","floor":5.0,"gold_loss":0.0,"damage_taken":21.0,"cards_upgraded":["Strike_B","Strike_B"]},{"damage_healed":0.0,"max_hp_gain":5.0,"max_hp_loss":0.0,"gold_gain":0.0,"event_name":"Forgotten Altar","player_choice":"Shed Blood","floor":21.0,"gold_loss":0.0,"damage_taken":25.0},{"damage_healed":0.0,"max_hp_gain":0.0,"max_hp_loss":0.0,"gold_gain":0.0,"event_name":"WeMeetAgain","player_choice":"Gave Potion","floor":24.0,"gold_loss":0.0,"damage_taken":0.0,"relics_obtained":["Strawberry"]},{"damage_healed":0,"gold_gain":0,"player_choice":"Fought Bandits","damage_taken":0,"max_hp_gain":0,"max_hp_loss":0,"event_name":"Masked Bandits","floor":31,"gold_loss":0}],"is_beta":false,"boss_relics":[{"not_picked":["Coffee Dripper","White Beast Statue"],"picked":"Astrolabe"}],"items_purged_floors":[],"is_endless":false,"potions_floor_spawned":[2,3,8,10,20,22,25],"killed_by":"Champ","ascension_level":20}