{"gold_per_floor":[116,127,47,47,63,97,97,129,153,153,163,182,208,208,208,313,313,328,344,344,357,370,404,404,429,429,448,463,482,302,315,315,412,412,431,448,184,195,195,221,221,249,273,305,205,222,222,102,102,102,102,102,102,136,136],"floor_reached":56,"playtime":3608,"items_purged":["Phantasmal Killer","Flying Knee","Dash","Eviscerate"],"score":1686,"play_id":"8418f8d8-4795-47ec-bb97-6ed7da490276","local_time":"20190305205406","is_ascension_mode":true,"campfire_choices":[{"data":"Neutralize","floor":7.0,"key":"SMITH"},{"data":"Acrobatics","floor":10.0,"key":"SMITH"},{"data":"Reflex","floor":15.0,"key":"SMITH"},{"data":"Bullet Time","floor":24.0,"key":"SMITH"},{"data":"Burst","floor":32.0,"key":"SMITH"},{"data":"Well Laid Plans","floor":47.0,"key":"SMITH"},{"floor":49.0,"key":"RECALL"},{"data":"Acrobatics","floor":52.0,"key":"SMITH"}],"neow_cost":"NONE","seed_source_timestamp":288536321682990,"circlet_count":0,"master_deck":["Survivor","Neutralize+1","Heel Hook","Acrobatics+1","Footwork+1","Backflip","Backflip","Blur","Well Laid Plans+1","Reflex+1","Concentrate","Burst+1","Phantasmal Killer","Choke","Bullet Time+1","A Thousand Cuts","Outmaneuver","Crippling Poison","Prepared","Acrobatics+1","Terror+1","Tactician+1","Grand Finale","Deep Breath+1"],"special_seed":0,"relics":["Runic Dome","Anchor","PreservedInsect","Omamori","The Courier","Pandora\u0027s Box","Enchiridion","Ancient Tea Set","Darkstone Periapt","Toxic Egg 2","Happy Flower","Busted Crown","Incense Burner","Juzu Bracelet","Blood Vial","Oddly Smooth Stone"],"potions_floor_usage":[],"damage_taken":[{"damage":0.0,"enemies":"Cultist","floor":1.0,"turns":4.0},{"damage":0.0,"enemies":"Small Slimes","floor":2.0,"turns":4.0},{"damage":2.0,"enemies":"2 Louse","floor":5.0,"turns":2.0},{"damage":33.0,"enemies":"3 Sentries","floor":6.0,"turns":14.0},{"damage":16.0,"enemies":"Gremlin Nob","floor":8.0,"turns":6.0},{"damage":9.0,"enemies":"Gremlin Gang","floor":11.0,"turns":8.0},{"damage":0.0,"enemies":"Exordium Thugs","floor":12.0,"turns":6.0},{"damage":0.0,"enemies":"Lagavulin","floor":13.0,"turns":7.0},{"damage":0.0,"enemies":"The Guardian","floor":16.0,"turns":19.0},{"damage":8.0,"enemies":"2 Thieves","floor":18.0,"turns":3.0},{"damage":10.0,"enemies":"Spheric Guardian","floor":19.0,"turns":4.0},{"damage":0.0,"enemies":"Cultist and Chosen","floor":21.0,"turns":6.0},{"damage":0.0,"enemies":"Snake Plant","floor":22.0,"turns":5.0},{"damage":2.0,"enemies":"Book of Stabbing","floor":23.0,"turns":5.0},{"damage":0.0,"enemies":"Gremlin Leader","floor":25.0,"turns":4.0},{"damage":10.0,"enemies":"Sentry and Sphere","floor":27.0,"turns":7.0},{"damage":3.0,"enemies":"Snecko","floor":28.0,"turns":3.0},{"damage":0.0,"enemies":"Centurion and Healer","floor":29.0,"turns":6.0},{"damage":4.0,"enemies":"Shelled Parasite and Fungi","floor":31.0,"turns":5.0},{"damage":0.0,"enemies":"Automaton","floor":33.0,"turns":6.0},{"damage":0.0,"enemies":"Orb Walker","floor":35.0,"turns":3.0},{"damage":0.0,"enemies":"3 Darklings","floor":36.0,"turns":5.0},{"damage":0.0,"enemies":"Maw","floor":38.0,"turns":5.0},{"damage":0.0,"enemies":"Giant Head","floor":40.0,"turns":5.0},{"damage":9.0,"enemies":"Reptomancer","floor":42.0,"turns":5.0},{"damage":0.0,"enemies":"Nemesis","floor":44.0,"turns":5.0},{"damage":0.0,"enemies":"Jaw Worm Horde","floor":46.0,"turns":4.0},{"damage":15.0,"enemies":"Time Eater","floor":50.0,"turns":5.0},{"damage":0,"enemies":"Shield and Spear","floor":54,"turns":2},{"damage":28,"enemies":"The Heart","floor":55,"turns":6}],"seed_played":"-1297666892030304407","potions_obtained":[{"floor":5.0,"key":"Ancient Potion"},{"floor":6.0,"key":"Block Potion"},{"floor":12.0,"key":"LiquidBronze"},{"floor":16.0,"key":"Energy Potion"},{"floor":19.0,"key":"PowerPotion"},{"floor":27.0,"key":"GhostInAJar"},{"floor":29.0,"key":"Swift Potion"},{"floor":46.0,"key":"Ancient Potion"},{"floor":54,"key":"SteroidPotion"}],"is_trial":false,"path_per_floor":["M","M","$","?","M","E","R","E","T","R","M","M","E","?","R","B",null,"M","M","?","M","M","E","R","E","T","M","M","M","$","M","R","B",null,"M","M","$","M","?","E","?","E","T","E","$","M","R","$","R","B",null,"R","$","E","B",null],"character_chosen":"THE_SILENT","items_purchased":["Footwork","Backflip","Happy Flower","Deep Breath+1","GhostInAJar","GhostInAJar"],"campfire_rested":0,"item_purchase_floors":[3,3,30,37,37,37],"current_hp_per_floor":[70,70,70,70,68,35,35,19,19,19,10,10,10,10,10,10,70,62,52,36,36,36,34,34,34,34,24,21,21,21,17,17,17,70,70,70,70,70,66,66,66,57,57,57,57,59,59,59,59,46,66,66,66,66,38],"gold":136,"neow_bonus":"BOSS_RELIC","is_prod":false,"is_daily":false,"chose_seed":false,"campfire_upgraded":7,"win_rate":0,"timestamp":1551790446,"path_taken":["M","M","?","?","M","E","R","E","T","R","M","M","E","?","R","BOSS","M","?","?","M","M","E","R","E","T","M","M","M","$","M","R","BOSS","M","M","$","M","?","E","?","E","T","E","$","M","R","?","R","BOSS","R","$","E","BOSS"],"build_version":"2019-01-23","purchased_purges":4,"victory":true,"max_hp_per_floor":[70,70,70,70,70,70,70,70,70,70,70,70,70,70,70,70,70,70,70,70,70,70,70,70,70,70,70,70,70,70,70,70,70,70,70,70,70,70,66,66,66,66,66,66,66,66,66,66,66,66,66,66,66,66,66],"card_choices":[{"not_picked":["Poisoned Stab","Sucker Punch"],"picked":"Heel Hook","floor":1.0},{"not_picked":["Caltrops","Concentrate"],"picked":"Acrobatics","floor":2.0},{"not_picked":["Cloak And Dagger","Storm of Steel"],"picked":"Backflip","floor":5.0},{"not_picked":["Phantasmal Killer","Endless Agony"],"picked":"Blur","floor":6.0},{"not_picked":["Deadly Poison","Dagger Throw"],"picked":"Well Laid Plans","floor":8.0},{"not_picked":["Prepared","Terror"],"picked":"Reflex","floor":11.0},{"not_picked":["Underhanded Strike","Sucker Punch","Backflip"],"picked":"SKIP","floor":12.0},{"not_picked":["Underhanded Strike","Cloak And Dagger"],"picked":"Concentrate","floor":13.0},{"not_picked":["Die Die Die","Doppelganger"],"picked":"Burst","floor":16.0},{"not_picked":["PiercingWail","Cloak And Dagger+1","Slice+1"],"picked":"SKIP","floor":18.0},{"not_picked":["Quick Slash","Outmaneuver","Slice"],"picked":"SKIP","floor":19.0},{"not_picked":["Deadly Poison","PiercingWail"],"picked":"Prepared","floor":21.0},{"not_picked":["Deflect","Flying Knee"],"picked":"Acrobatics","floor":22.0},{"not_picked":["Distraction+1","Quick Slash","Backflip"],"picked":"SKIP","floor":23.0},{"not_picked":["Dash","Finisher","Caltrops"],"picked":"SKIP","floor":25.0},{"not_picked":["Malaise+1","Deflect+1"],"picked":"Terror+1","floor":27.0},{"not_picked":["Underhanded Strike+1","Poisoned Stab","Blade Dance+1"],"picked":"SKIP","floor":28.0},{"not_picked":["Bane","Infinite Blades"],"picked":"Tactician+1","floor":29.0},{"not_picked":["Slice","Riddle With Holes","Bouncing Flask+1"],"picked":"SKIP","floor":31.0},{"not_picked":["Wraith Form v2","A Thousand Cuts"],"picked":"Grand Finale","floor":33.0},{"not_picked":["Quick Slash"],"picked":"SKIP","floor":35.0},{"not_picked":["Poisoned Stab+1"],"picked":"SKIP","floor":36.0},{"not_picked":["Outmaneuver+1"],"picked":"SKIP","floor":38.0},{"not_picked":["Slice"],"picked":"SKIP","floor":40.0},{"not_picked":["Deflect+1"],"picked":"SKIP","floor":42.0},{"not_picked":["Well Laid Plans"],"picked":"SKIP","floor":44.0},{"not_picked":["Reflex+1"],"picked":"SKIP","floor":46.0},{"not_picked":["Predator"],"picked":"SKIP","floor":54}],"player_experience":23726,"relics_obtained":[{"floor":6.0,"key":"Anchor"},{"floor":8.0,"key":"PreservedInsect"},{"floor":9.0,"key":"Omamori"},{"floor":13.0,"key":"The Courier"},{"floor":20.0,"key":"Enchiridion"},{"floor":23.0,"key":"Ancient Tea Set"},{"floor":25.0,"key":"Darkstone Periapt"},{"floor":26.0,"key":"Toxic Egg 2"},{"floor":40.0,"key":"Incense Burner"},{"floor":42.0,"key":"Juzu Bracelet"},{"floor":44.0,"key":"Blood Vial"},{"floor":54,"key":"Oddly Smooth Stone"}],"event_choices":[{"damage_healed":0.0,"max_hp_gain":0.0,"max_hp_loss":0.0,"gold_gain":0.0,"event_name":"The Cleric","player_choice":"Leave","floor":4.0,"gold_loss":0.0,"damage_taken":0.0},{"damage_healed":0.0,"max_hp_gain":0.0,"max_hp_loss":0.0,"gold_gain":0.0,"event_name":"Accursed Blacksmith","player_choice":"Forge","floor":14.0,"gold_loss":0.0,"damage_taken":0.0,"cards_upgraded":["Footwork"]},{"damage_healed":0.0,"max_hp_gain":0.0,"max_hp_loss":0.0,"gold_gain":0.0,"event_name":"Cursed Tome","player_choice":"Obtained Book","floor":20.0,"gold_loss":0.0,"damage_taken":16.0},{"damage_healed":0.0,"max_hp_gain":0.0,"max_hp_loss":4.0,"gold_gain":0.0,"event_name":"Winding Halls","player_choice":"Max HP","floor":39.0,"gold_loss":0.0,"damage_taken":0.0},{"damage_healed":0.0,"max_hp_gain":0.0,"max_hp_loss":0.0,"gold_gain":0.0,"event_name":"SensoryStone","player_choice":"Memory 1","floor":41.0,"gold_loss":0.0,"damage_taken":0.0}],"is_beta":false,"boss_relics":[{"not_picked":["Philosopher\u0027s Stone","Black Star"],"picked":"Pandora\u0027s Box"},{"not_picked":["Fusion Hammer","Eternal Feather"],"picked":"Busted Crown"}],"items_purged_floors":[30,37,45,48],"is_endless":false,"potions_floor_spawned":[5,6,12,16,19,25,27,29,38,46,54],"ascension_level":3}