{"gold_per_floor":[19,32,52,66,84,84,103,103,130,130,141,141,200,200,200,305,305,320,235,86,118,18,18,44,60,60,60,60,60,73,85,85,182,182,195,209,4,17,17,43,55,92,129,153,165,192,214,226,238,250],"floor_reached":51,"playtime":1144,"items_purged":["Defend_B","Defend_B","Turbo"],"score":834,"play_id":"f581740a-4820-4eaa-818d-d36da5430869","local_time":"20190615153326","is_ascension_mode":false,"campfire_choices":[{"data":"Storm","floor":6.0,"key":"SMITH"},{"data":"Biased Cognition","floor":8.0,"key":"SMITH"},{"data":"Dualcast","floor":10.0,"key":"SMITH"},{"data":"Biased Cognition","floor":12.0,"key":"SMITH"},{"data":"Buffer","floor":15.0,"key":"SMITH"},{"data":"Storm","floor":23,"key":"SMITH"},{"data":"Zap","floor":27,"key":"SMITH"},{"data":"Fission","floor":32,"key":"SMITH"},{"data":"Creative AI","floor":41,"key":"SMITH"},{"data":"Loop","floor":45,"key":"SMITH"},{"data":"Loop","floor":49,"key":"SMITH"}],"neow_cost":"NO_GOLD","seed_source_timestamp":18160020970044,"circlet_count":0,"master_deck":["Zap+1","Dualcast+1","Biased Cognition+1","Hologram","Self Repair","Storm+1","Biased Cognition+1","Buffer+1","Chill+1","White Noise+1","Defragment+1","Storm+1","Fission+1","Creative AI+1","Loop+1","Loop+1","Capacitor","White Noise+1","Self Repair+1","Defragment+1","Impatience+1","Magnetism"],"special_seed":0,"relics":["Cracked Core","Anchor","Tiny Chest","Astrolabe","PreservedInsect","Red Mask","Blood Vial","Pear","Empty Cage","MawBank","Toxic Egg 2","Strawberry"],"potions_floor_usage":[50,50],"damage_taken":[{"damage":1.0,"enemies":"Cultist","floor":1.0,"turns":3.0},{"damage":0.0,"enemies":"Small Slimes","floor":2.0,"turns":3.0},{"damage":0.0,"enemies":"2 Louse","floor":3.0,"turns":1.0},{"damage":7.0,"enemies":"Large Slime","floor":4.0,"turns":5.0},{"damage":9.0,"enemies":"Blue Slaver","floor":5.0,"turns":3.0},{"damage":10.0,"enemies":"Looter","floor":7.0,"turns":2.0},{"damage":0.0,"enemies":"2 Fungi Beasts","floor":11.0,"turns":2.0},{"damage":11.0,"enemies":"Gremlin Nob","floor":13.0,"turns":3.0},{"damage":0.0,"enemies":"Slime Boss","floor":16.0,"turns":3.0},{"damage":0.0,"enemies":"3 Byrds","floor":18.0,"turns":3.0},{"damage":2,"enemies":"Masked Bandits","floor":21,"turns":3},{"damage":0,"enemies":"Shell Parasite","floor":25,"turns":2},{"damage":0,"enemies":"3 Cultists","floor":30,"turns":2},{"damage":0,"enemies":"Snake Plant","floor":31,"turns":3},{"damage":6,"enemies":"Automaton","floor":33,"turns":4},{"damage":0,"enemies":"3 Darklings","floor":35,"turns":2},{"damage":0,"enemies":"Orb Walker","floor":36,"turns":2},{"damage":0,"enemies":"Jaw Worm Horde","floor":38,"turns":3},{"damage":0,"enemies":"Giant Head","floor":40,"turns":3},{"damage":0,"enemies":"Reptomancer","floor":42,"turns":3},{"damage":0,"enemies":"4 Shapes","floor":44,"turns":3},{"damage":0,"enemies":"Maw","floor":46,"turns":3},{"damage":4,"enemies":"Jaw Worm Horde","floor":47,"turns":2},{"damage":27,"enemies":"Time Eater","floor":50,"turns":4}],"seed_played":"-485871683195237445","potions_obtained":[{"floor":1.0,"key":"FearPotion"},{"floor":4.0,"key":"Poison Potion"},{"floor":7.0,"key":"Poison Potion"},{"floor":16.0,"key":"Dexterity Potion"},{"floor":18.0,"key":"Fire Potion"},{"floor":30,"key":"SkillPotion"},{"floor":40,"key":"Weak Potion"}],"is_trial":false,"path_per_floor":["M","M","M","M","M","R","M","R","T","R","M","R","E","?","R","B",null,"M","?","$","?","$","R","T","M","T","R","?","$","M","M","R","B",null,"M","M","$","M","?","E","R","E","T","M","R","M","M","?","R","B",null],"character_chosen":"DEFECT","items_purchased":["Storm","Capacitor"],"campfire_rested":0,"item_purchase_floors":[20,37],"current_hp_per_floor":[74,74,74,74,65,65,62,62,62,62,62,62,58,51,51,58,75,75,75,75,75,75,75,75,75,85,85,85,85,85,85,85,85,85,85,85,85,85,85,85,85,85,92,92,92,92,92,82,82,64],"gold":262,"neow_bonus":"THREE_RARE_CARDS","is_prod":false,"is_daily":false,"chose_seed":false,"campfire_upgraded":11,"win_rate":0,"timestamp":1560584006,"path_taken":["M","?","M","M","M","R","M","R","T","R","M","R","E","?","R","BOSS","M","?","$","?","$","R","?","M","T","R","?","?","M","M","R","BOSS","M","M","$","M","?","E","R","E","T","M","R","M","M","?","R","BOSS"],"build_version":"2019-01-23","purchased_purges":3,"victory":true,"max_hp_per_floor":[75,75,75,75,75,75,75,75,75,75,75,75,75,75,75,75,75,75,75,75,75,75,75,75,75,85,85,85,85,85,85,85,85,85,85,85,85,85,85,85,85,85,92,92,92,92,92,92,92,92],"card_choices":[{"not_picked":["Machine Learning","Meteor Strike"],"picked":"Biased Cognition","floor":0.0},{"not_picked":["Gash","Beam Cell"],"picked":"Hologram","floor":1.0},{"not_picked":["Stack","Fusion","Compile Driver"],"picked":"SKIP","floor":2.0},{"not_picked":["Undo","Turbo"],"picked":"Self Repair","floor":3.0},{"not_picked":["Coolheaded","Sweeping Beam"],"picked":"Ball Lightning","floor":4.0},{"not_picked":["Steam","White Noise"],"picked":"Storm","floor":5.0},{"not_picked":["Rebound","Aggregate"],"picked":"Turbo","floor":7.0},{"not_picked":["Compile Driver","Beam Cell"],"picked":"Biased Cognition","floor":11.0},{"not_picked":["Turbo","Compile Driver"],"picked":"Buffer","floor":13.0},{"not_picked":["Buffer","Echo Form"],"picked":"Core Surge","floor":16.0},{"not_picked":["Darkness","Hologram","Ball Lightning+1"],"picked":"SKIP","floor":18.0},{"not_picked":["Compile Driver","Streamline","Steam"],"picked":"SKIP","floor":25},{"not_picked":["Cold Snap+1","Coolheaded+1"],"picked":"Fission","floor":30},{"not_picked":["Leap","Conserve Battery","Turbo"],"picked":"SKIP","floor":31},{"not_picked":["Multi-Cast","All For One"],"picked":"Creative AI","floor":33},{"not_picked":["Blizzard","Gash+1"],"picked":"Loop","floor":35},{"not_picked":["Gash","Sweeping Beam"],"picked":"Loop","floor":36},{"not_picked":["Hologram","Compile Driver+1","Beam Cell+1"],"picked":"SKIP","floor":38},{"not_picked":["Rebound+1","Cold Snap","Ball Lightning"],"picked":"SKIP","floor":40},{"not_picked":["Rebound+1","Cold Snap","Ball Lightning"],"picked":"SKIP","floor":40},{"not_picked":["Reinforced Body","Aggregate+1","Barrage+1"],"picked":"SKIP","floor":42},{"not_picked":["Go for the Eyes+1","BootSequence+1"],"picked":"White Noise+1","floor":44},{"not_picked":["Turbo+1","Leap+1"],"picked":"Self Repair+1","floor":46},{"not_picked":["Barrage+1","Buffer"],"picked":"Defragment+1","floor":47},{"not_picked":["Jack Of All Trades+1","Dark Shackles+1"],"picked":"Impatience+1","floor":48},{"not_picked":["Deep Breath+1","Impatience+1"],"picked":"Magnetism","floor":48}],"player_experience":5246347,"relics_obtained":[{"floor":9.0,"key":"Anchor"},{"floor":13.0,"key":"Tiny Chest"},{"floor":21,"key":"Red Mask"},{"floor":24,"key":"Blood Vial"},{"floor":26,"key":"Pear"},{"floor":40,"key":"MawBank"},{"floor":42,"key":"Toxic Egg 2"},{"floor":43,"key":"Strawberry"}],"event_choices":[{"cards_removed":["Strike_B"],"damage_healed":0.0,"max_hp_gain":0.0,"max_hp_loss":0.0,"gold_gain":0.0,"event_name":"Golden Wing","player_choice":"Card Removal","floor":14.0,"gold_loss":0.0,"damage_taken":7.0},{"damage_healed":0.0,"max_hp_gain":0.0,"max_hp_loss":0.0,"gold_gain":0.0,"event_name":"Addict","player_choice":"Obtained Relic","floor":19.0,"gold_loss":85.0,"damage_taken":0.0,"relics_obtained":["PreservedInsect"]},{"damage_healed":0,"gold_gain":0,"player_choice":"Fought Bandits","damage_taken":0,"max_hp_gain":0,"max_hp_loss":0,"event_name":"Masked Bandits","floor":21,"gold_loss":0},{"cards_removed":["Defend_B"],"damage_healed":0,"gold_gain":0,"player_choice":"Elegance","damage_taken":0,"max_hp_gain":0,"max_hp_loss":0,"event_name":"Back to Basics","floor":28,"gold_loss":0},{"cards_removed":["Core Surge"],"damage_healed":0,"gold_gain":0,"player_choice":"Removed Attack","damage_taken":0,"max_hp_gain":0,"max_hp_loss":0,"event_name":"Falling","floor":39,"gold_loss":0},{"damage_healed":0,"gold_gain":0,"player_choice":"Memory 3","damage_taken":10,"max_hp_gain":0,"max_hp_loss":0,"event_name":"SensoryStone","floor":48,"gold_loss":0}],"is_beta":false,"boss_relics":[{"not_picked":["Busted Crown","Runic Pyramid"],"picked":"Astrolabe"},{"not_picked":["Lizard Tail","Black Star"],"picked":"Empty Cage"}],"items_purged_floors":[20,22,37],"is_endless":false,"potions_floor_spawned":[1,4,7,11,16,18,30,36,40,42,47],"ascension_level":0}