{"gold_per_floor":[110,110,35,51,70,70,35,35,35,47,47,47,59,59],"floor_reached":14,"playtime":281,"items_purged":["Strike_G"],"score":160,"play_id":"298c99c5-e138-4c1c-b7bf-fb0fac505355","local_time":"20190128165031","is_ascension_mode":true,"campfire_choices":[{"data":"Poisoned Stab","floor":6.0,"key":"SMITH"},{"data":"Neutralize","floor":8.0,"key":"SMITH"},{"data":"Caltrops","floor":12,"key":"SMITH"}],"neow_cost":"NONE","seed_source_timestamp":24624885404086,"circlet_count":0,"master_deck":["AscendersBane","Defend_G","Defend_G","Defend_G","Defend_G","Defend_G","Strike_G","Strike_G","Strike_G","Strike_G","Survivor","Neutralize+1","Caltrops+1","Poisoned Stab+1","Backstab","Footwork"],"special_seed":0,"relics":["Ring of the Snake","NeowsBlessing","WingedGreaves"],"potions_floor_usage":[],"damage_taken":[{"damage":0.0,"enemies":"Small Slimes","floor":1.0,"turns":1.0},{"damage":0.0,"enemies":"Jaw Worm","floor":4.0,"turns":1.0},{"damage":0.0,"enemies":"2 Louse","floor":5.0,"turns":1.0},{"damage":5,"enemies":"Exordium Wildlife","floor":10,"turns":8},{"damage":1,"enemies":"3 Louse","floor":13,"turns":4},{"damage":0,"enemies":"Lagavulin","floor":14,"turns":1}],"seed_played":"-6716180933828011617","potions_obtained":[{"floor":1.0,"key":"Weak Potion"},{"floor":10,"key":"GamblersBrew"}],"is_trial":false,"path_per_floor":["M","?","$","M","M","R","?","R","T","M","$","R","M","E"],"character_chosen":"THE_SILENT","items_purchased":[],"campfire_rested":0,"item_purchase_floors":[],"current_hp_per_floor":[59,48,48,48,48,48,64,64,64,59,59,59,58,58],"gold":59,"neow_bonus":"THREE_ENEMY_KILL","is_prod":false,"is_daily":false,"chose_seed":false,"campfire_upgraded":3,"win_rate":0,"timestamp":1548665431,"path_taken":["M","?","$","M","M","R","?","R","T","M","?","R","?","E"],"build_version":"2019-01-23","purchased_purges":1,"victory":false,"max_hp_per_floor":[66,66,66,66,66,66,66,66,66,66,66,66,66,66],"card_choices":[{"not_picked":["Accuracy","Dagger Throw","Slice"],"picked":"SKIP","floor":1.0},{"not_picked":["Deflect","Dagger Throw"],"picked":"Caltrops","floor":4.0},{"not_picked":["Bane","Prepared"],"picked":"Poisoned Stab","floor":5.0},{"not_picked":["Backflip","Backstab","All Out Attack"],"picked":"SKIP","floor":10},{"not_picked":["Backflip","All Out Attack"],"picked":"Backstab","floor":10},{"not_picked":["Dagger Spray","Dodge and Roll"],"picked":"Footwork","floor":13}],"player_experience":2351362,"relics_obtained":[],"event_choices":[{"damage_healed":0.0,"max_hp_gain":0.0,"max_hp_loss":0.0,"gold_gain":0.0,"event_name":"Scrap Ooze","player_choice":"Success","floor":2.0,"gold_loss":0.0,"damage_taken":11.0,"relics_obtained":["WingedGreaves"]},{"damage_healed":16.0,"max_hp_gain":0.0,"max_hp_loss":0.0,"gold_gain":0.0,"event_name":"The Cleric","player_choice":"Healed","floor":7.0,"gold_loss":35.0,"damage_taken":0.0}],"is_beta":false,"boss_relics":[],"items_purged_floors":[3],"is_endless":false,"potions_floor_spawned":[1,10,13],"killed_by":"Lagavulin","ascension_level":20}