{"gold_per_floor":[116,116,135,210,223,223,223,223,246,246],"floor_reached":10,"playtime":209,"items_purged":[],"score":112,"play_id":"e1355e94-016c-45be-93f0-ec74cd6520bf","local_time":"20181219220335","is_ascension_mode":true,"campfire_choices":[{"data":"True Grit","floor":6.0,"key":"SMITH"},{"data":"Corruption","floor":8.0,"key":"SMITH"}],"neow_cost":"NONE","seed_source_timestamp":6466451579573,"circlet_count":0,"master_deck":["AscendersBane","Strike_R","Strike_R","Strike_R","Strike_R","Strike_R","Defend_R","Defend_R","Defend_R","Defend_R","Bash","Corruption+1","True Grit+1"],"special_seed":0,"relics":["Burning Blood","Lantern","Centennial Puzzle","Golden Idol","Potion Belt"],"potions_floor_usage":[10,10],"damage_taken":[{"damage":11.0,"enemies":"Jaw Worm","floor":1.0,"turns":4.0},{"damage":0.0,"enemies":"2 Louse","floor":3.0,"turns":3.0},{"damage":1.0,"enemies":"Cultist","floor":5.0,"turns":4.0},{"damage":51,"enemies":"Lagavulin","floor":10,"turns":8}],"seed_played":"5437413302669648471","potions_obtained":[{"floor":1.0,"key":"PowerPotion"},{"floor":3.0,"key":"Poison Potion"}],"is_trial":false,"path_per_floor":["M","?","M","?","M","R","?","R","T","E"],"character_chosen":"IRONCLAD","items_purchased":[],"campfire_rested":0,"item_purchase_floors":[],"current_hp_per_floor":[63,45,51,40,45,45,45,45,45,0],"gold":246,"neow_bonus":"RANDOM_COMMON_RELIC","is_prod":false,"is_daily":false,"chose_seed":false,"campfire_upgraded":2,"win_rate":0,"timestamp":1545228215,"path_taken":["M","?","M","?","M","R","?","R","T","E"],"build_version":"2018-12-13","purchased_purges":0,"victory":false,"max_hp_per_floor":[75,75,75,75,75,75,68,68,68,68],"card_choices":[{"not_picked":["Combust","Anger","Fire Breathing"],"picked":"SKIP","floor":1.0},{"not_picked":["Wild Strike","Shockwave"],"picked":"Corruption","floor":3.0},{"not_picked":["Wild Strike","Armaments"],"picked":"True Grit","floor":5.0}],"player_experience":1390635,"relics_obtained":[{"floor":9.0,"key":"Potion Belt"}],"event_choices":[{"damage_healed":0.0,"max_hp_gain":0.0,"max_hp_loss":0.0,"gold_gain":0.0,"event_name":"Scrap Ooze","player_choice":"Success","floor":2.0,"gold_loss":0.0,"damage_taken":18.0,"relics_obtained":["Centennial Puzzle"]},{"damage_healed":0.0,"max_hp_gain":0.0,"max_hp_loss":0.0,"gold_gain":75.0,"event_name":"World of Goop","player_choice":"Gather Gold","floor":4.0,"gold_loss":0.0,"damage_taken":11.0},{"damage_healed":0.0,"max_hp_gain":0.0,"max_hp_loss":7.0,"gold_gain":0.0,"event_name":"Golden Idol","player_choice":"Lose Max HP","floor":7.0,"gold_loss":0.0,"damage_taken":0.0,"relics_obtained":["Golden Idol"]}],"is_beta":false,"boss_relics":[],"items_purged_floors":[],"is_endless":false,"potions_floor_spawned":[1,3,5],"killed_by":"Lagavulin","ascension_level":20}