{"gold_per_floor":[113,113,133,133,58,58,68,80,160,180,191,191,211,211,211,306,306,324,338,94,94,105,105,120,120,200,219,238,32,43,67,67,67],"floor_reached":33,"playtime":1595,"items_purged":["Strike_R","Headbutt","Defend_R"],"score":352,"play_id":"635f17b7-7922-4327-b1b1-545ba12d616b","local_time":"20190727163006","is_ascension_mode":true,"campfire_choices":[{"data":"Carnage","floor":6,"key":"SMITH"},{"data":"Carnage","floor":12,"key":"SMITH"},{"data":"Inflame","floor":15,"key":"SMITH"},{"data":"Whirlwind","floor":23,"key":"SMITH"},{"data":"Bludgeon","floor":25,"key":"SMITH"},{"floor":32,"key":"REST"}],"neow_cost":"TEN_PERCENT_HP_LOSS","seed_source_timestamp":617408812360587,"circlet_count":0,"master_deck":["Defend_R","Defend_R","Defend_R","Bash","Dropkick","Iron Wave","Carnage+1","Carnage+1","Pommel Strike","Clash","Pommel Strike","Inflame+1","Bludgeon+1","Whirlwind+1","Body Slam","Entrench","Intimidate","Body Slam+1","Inflame","Spot Weakness","Anger+1","Battle Trance+1","Metallicize"],"relics":["Burning Blood","Mercury Hourglass","Orrery","Enchiridion","Self Forming Clay","Bronze Scales"],"potions_floor_usage":[19,22,24,30,33,33],"damage_taken":[{"damage":0,"enemies":"2 Louse","floor":1,"turns":3},{"damage":1,"enemies":"Cultist","floor":3,"turns":3},{"damage":3,"enemies":"Small Slimes","floor":7,"turns":3},{"damage":3,"enemies":"Blue Slaver","floor":8,"turns":2},{"damage":17,"enemies":"Exordium Wildlife","floor":10,"turns":4},{"damage":0,"enemies":"3 Louse","floor":11,"turns":2},{"damage":3,"enemies":"Blue Slaver","floor":13,"turns":2},{"damage":7,"enemies":"Slime Boss","floor":16,"turns":7},{"damage":1,"enemies":"3 Byrds","floor":18,"turns":3},{"damage":24,"enemies":"Shell Parasite","floor":19,"turns":3},{"damage":24,"enemies":"Snake Plant","floor":22,"turns":3},{"damage":12,"enemies":"Chosen and Byrds","floor":24,"turns":3},{"damage":14,"enemies":"Cultist and Chosen","floor":27,"turns":4},{"damage":8,"enemies":"Sentry and Sphere","floor":28,"turns":3},{"damage":10,"enemies":"Snecko","floor":30,"turns":3},{"damage":42,"enemies":"Collector","floor":33,"turns":3}],"seed_played":"-7399673997396206314","potions_obtained":[{"floor":3,"key":"PowerPotion"},{"floor":8,"key":"FearPotion"},{"floor":10,"key":"BloodPotion"},{"floor":18,"key":"Explosive Potion"},{"floor":22,"key":"AttackPotion"},{"floor":28,"key":"AttackPotion"},{"floor":30,"key":"Weak Potion"}],"is_trial":false,"path_per_floor":["M","?","M","?","$","R","M","M","T","M","M","R","M","?","R","B",null,"M","M","$","?","M","R","M","R","T","M","M","$","M","T","R","B"],"character_chosen":"IRONCLAD","items_purchased":["Inflame","Spot Weakness","Metallicize"],"campfire_rested":1,"item_purchase_floors":[20,20,29],"current_hp_per_floor":[72,72,72,65,65,65,68,71,71,60,66,66,69,62,62,61,69,72,54,54,38,38,38,32,32,32,24,22,22,18,18,39,0],"gold":67,"neow_bonus":"TRANSFORM_TWO_CARDS","is_prod":false,"is_daily":false,"chose_seed":false,"campfire_upgraded":5,"win_rate":0,"timestamp":1564263006,"path_taken":["M","?","M","?","$","R","M","?","T","M","M","R","M","?","R","BOSS","M","M","$","?","M","R","M","R","T","M","M","$","M","?","R","BOSS"],"build_version":"2019-07-17","purchased_purges":3,"victory":false,"max_hp_per_floor":[72,72,72,72,72,72,72,72,72,72,72,72,72,72,72,72,72,72,72,72,72,72,72,72,72,72,72,72,72,72,72,72,72],"card_choices":[{"not_picked":["Cleave","Heavy Blade"],"picked":"Iron Wave","floor":1},{"not_picked":["Thunderclap","Heavy Blade"],"picked":"Carnage","floor":3},{"not_picked":["Armaments","Cleave"],"picked":"Pommel Strike","floor":7},{"not_picked":["Blood for Blood","Uppercut"],"picked":"Clash","floor":8},{"not_picked":["Rupture","Armaments"],"picked":"Pommel Strike","floor":10},{"not_picked":["Body Slam","Twin Strike"],"picked":"Inflame","floor":11},{"not_picked":["Dual Wield","Perfected Strike","Wild Strike"],"picked":"SKIP","floor":13},{"not_picked":["Reaper","Berserk"],"picked":"Bludgeon","floor":16},{"not_picked":["Thunderclap","Perfected Strike"],"picked":"Whirlwind","floor":17},{"not_picked":["Thunderclap","Iron Wave"],"picked":"Body Slam","floor":17},{"not_picked":["Body Slam","Clash"],"picked":"Entrench","floor":17},{"not_picked":["Flex","Twin Strike"],"picked":"Intimidate","floor":17},{"not_picked":["Cleave","Metallicize+1"],"picked":"Body Slam+1","floor":18},{"not_picked":["Carnage","Headbutt","Body Slam"],"picked":"SKIP","floor":19},{"not_picked":["Havoc+1","Clash","Corruption"],"picked":"SKIP","floor":22},{"not_picked":["Dark Embrace","Wild Strike+1","Warcry"],"picked":"SKIP","floor":24},{"not_picked":["Whirlwind","Havoc"],"picked":"Anger+1","floor":27},{"not_picked":["Havoc+1","Clothesline+1"],"picked":"Battle Trance+1","floor":28},{"not_picked":["Blood for Blood","Clash+1","Armaments"],"picked":"SKIP","floor":30}],"player_experience":342082,"relics_obtained":[{"floor":9,"key":"Mercury Hourglass"},{"floor":21,"key":"Enchiridion"},{"floor":26,"key":"Self Forming Clay"},{"floor":31,"key":"Bronze Scales"}],"event_choices":[{"damage_healed":0,"gold_gain":0,"cards_transformed":["Strike_R"],"player_choice":"Change","damage_taken":0,"max_hp_gain":0,"max_hp_loss":0,"event_name":"Living Wall","floor":2,"gold_loss":0,"cards_obtained":["Carnage"]},{"damage_healed":0,"gold_gain":0,"player_choice":"Damaged","damage_taken":7,"max_hp_gain":0,"max_hp_loss":0,"event_name":"Wheel of Change","floor":4,"gold_loss":0},{"cards_removed":["Strike_R"],"damage_healed":0,"gold_gain":0,"player_choice":"Card Removal","damage_taken":7,"max_hp_gain":0,"max_hp_loss":0,"event_name":"Golden Wing","floor":14,"gold_loss":0},{"damage_healed":0,"gold_gain":0,"player_choice":"Obtained Book","damage_taken":16,"max_hp_gain":0,"max_hp_loss":0,"event_name":"Cursed Tome","floor":21,"gold_loss":0}],"is_beta":false,"boss_relics":[{"not_picked":["Coffee Dripper","Empty Cage"],"picked":"Orrery"}],"items_purged_floors":[5,20,29],"is_endless":false,"potions_floor_spawned":[3,8,10,18,22,28,30],"killed_by":"Collector","ascension_level":9}