{"gold_per_floor":[114,125,50,50,62,62,88,88,118,118,136,136,136,162,162,233,233,253,253,143,161,173,173,173],"floor_reached":24,"playtime":896,"items_purged":["Strike_G"],"score":401,"play_id":"c5a81c80-64f9-4d52-a5f8-ebe0faf777e3","local_time":"20190216133641","is_ascension_mode":true,"campfire_choices":[{"data":"Calculated Gamble","floor":6,"key":"SMITH"},{"data":"Blade Dance","floor":8,"key":"SMITH"},{"data":"Neutralize","floor":12,"key":"SMITH"},{"data":"Masterful Stab","floor":15,"key":"SMITH"},{"floor":23,"key":"REST"}],"neow_cost":"PERCENT_DAMAGE","seed_source_timestamp":325281425489132,"circlet_count":0,"master_deck":["AscendersBane","Defend_G","Defend_G+1","Defend_G+1","Defend_G","Strike_G","Survivor","Neutralize+1","Blade Dance+1","Calculated Gamble+1","Terror+1","Masterful Stab+1","Malaise","Backflip","Envenom+1","Well Laid Plans+1"],"relics":["Ring of the Serpent","Darkstone Periapt","Tiny Chest","Frozen Egg 2","FossilizedHelix","Question Card"],"potions_floor_usage":[2,16,24],"damage_taken":[{"damage":0,"enemies":"Jaw Worm","floor":1,"turns":5},{"damage":0,"enemies":"2 Louse","floor":2,"turns":3},{"damage":0,"enemies":"Cultist","floor":5,"turns":3},{"damage":12,"enemies":"3 Sentries","floor":7,"turns":11},{"damage":0,"enemies":"Exordium Thugs","floor":11,"turns":5},{"damage":0,"enemies":"Lagavulin","floor":14,"turns":6},{"damage":12,"enemies":"Slime Boss","floor":16,"turns":13},{"damage":14,"enemies":"2 Thieves","floor":18,"turns":4},{"damage":0,"enemies":"Chosen","floor":21,"turns":4},{"damage":22,"enemies":"Sentry and Sphere","floor":22,"turns":8},{"damage":32,"enemies":"Slavers","floor":24,"turns":6}],"seed_played":"-2218732741819380679","potions_obtained":[{"floor":2,"key":"Fruit Juice"},{"floor":5,"key":"GhostInAJar"},{"floor":11,"key":"LiquidBronze"},{"floor":16,"key":"GhostInAJar"}],"is_trial":false,"path_per_floor":["M","M","$","?","M","R","E","R","T","?","M","R","T","E","R","B",null,"M","T","?","M","M","R","E"],"character_chosen":"THE_SILENT","items_purchased":[],"campfire_rested":1,"item_purchase_floors":[],"current_hp_per_floor":[44,49,49,28,28,28,16,16,16,16,16,16,16,16,16,4,54,40,40,40,40,18,39,7],"gold":173,"neow_bonus":"TRANSFORM_TWO_CARDS","is_prod":false,"is_daily":false,"chose_seed":false,"campfire_upgraded":4,"win_rate":0,"timestamp":1550295401,"path_taken":["M","M","$","?","M","R","E","R","T","?","?","R","?","E","R","BOSS","M","?","?","M","?","R","E"],"build_version":"2019-01-23","purchased_purges":1,"victory":false,"max_hp_per_floor":[66,71,71,71,71,71,71,71,71,71,71,71,71,71,71,71,71,71,71,71,71,71,71,71],"card_choices":[{"not_picked":["Prepared","Slice"],"picked":"Terror","floor":1},{"not_picked":["Dodge and Roll","Sucker Punch","Catalyst"],"picked":"SKIP","floor":2},{"not_picked":["Bane","Deadly Poison"],"picked":"Masterful Stab","floor":5},{"not_picked":["Eviscerate","Heel Hook","Flechettes"],"picked":"SKIP","floor":7},{"not_picked":["Flying Knee","Deadly Poison"],"picked":"Malaise","floor":11},{"not_picked":["Crippling Poison","Prepared"],"picked":"Backflip","floor":14},{"not_picked":["Storm of Steel","Night Terror"],"picked":"Envenom+1","floor":16},{"not_picked":["Eviscerate","Catalyst","Outmaneuver"],"picked":"SKIP","floor":18},{"not_picked":["Tactician","Dagger Spray","Slice"],"picked":"Well Laid Plans+1","floor":21},{"not_picked":["Distraction","Eviscerate","Outmaneuver","Leg Sweep"],"picked":"SKIP","floor":22}],"player_experience":780662,"relics_obtained":[{"floor":7,"key":"Darkstone Periapt"},{"floor":9,"key":"Tiny Chest"},{"floor":13,"key":"Frozen Egg 2"},{"floor":14,"key":"FossilizedHelix"},{"floor":19,"key":"Question Card"}],"event_choices":[{"damage_healed":0,"gold_gain":0,"player_choice":"Entered Light","damage_taken":21,"max_hp_gain":0,"max_hp_loss":0,"event_name":"Shining Light","floor":4,"gold_loss":0,"cards_upgraded":["Terror","Defend_G"]},{"cards_removed":["Defend_G"],"damage_healed":0,"gold_gain":0,"player_choice":"Offered Basic","damage_taken":0,"max_hp_gain":0,"max_hp_loss":0,"event_name":"Bonfire Elementals","floor":10,"gold_loss":0},{"cards_removed":["Strike_G"],"damage_healed":0,"gold_gain":0,"player_choice":"Upgrade and Remove","damage_taken":0,"max_hp_gain":0,"max_hp_loss":0,"event_name":"Designer","floor":20,"gold_loss":110,"cards_upgraded":["Defend_G"]}],"is_beta":false,"boss_relics":[{"not_picked":["Eternal Feather","Velvet Choker"],"picked":"Ring of the Serpent"}],"items_purged_floors":[3],"is_endless":false,"potions_floor_spawned":[2,5,11,16,18,22],"killed_by":"Slavers","ascension_level":15}