{"gold_per_floor":[219,219,231,231,156,156,188,200,200,200,228,228,238,272,272,343,343,355,355,195,222,63,93,93,128,128,128,128,158,171,181,181,258,308,325,325,341,216,261,261,287,287,287,287,4,4,22,22,22,22,22],"floor_reached":52,"playtime":2028,"items_purged":["Strike_B","Strike_B","Defend_B","Defend_B"],"score":2450,"play_id":"d10cf151-bf9c-42b8-90da-5aee8cc36fde","local_time":"20181024185449","is_ascension_mode":true,"campfire_choices":[{"data":"Zap","floor":6.0,"key":"SMITH"},{"data":"Streamline","floor":10.0,"key":"SMITH"},{"floor":12.0,"key":"REST"},{"data":"Dualcast","floor":15.0,"key":"SMITH"},{"floor":24.0,"key":"REST"},{"data":"Streamline","floor":27.0,"key":"SMITH"},{"floor":32.0,"key":"REST"},{"data":"Coolheaded","floor":40,"key":"SMITH"},{"data":"Redo","floor":42,"key":"SMITH"},{"data":"Leap","floor":44,"key":"SMITH"},{"data":"Ball Lightning","floor":46,"key":"SMITH"},{"data":"Conserve Battery","floor":49,"key":"SMITH"}],"neow_cost":"NONE","seed_source_timestamp":379394202092899,"circlet_count":0,"master_deck":["Strike_B+1","Defend_B","Defend_B","Zap+1","Dualcast+1","AscendersBane","Hologram+1","Ball Lightning+1","Streamline+1","Rebound","Conserve Battery+1","Streamline+1","Hologram+1","Sweeping Beam","Leap+1","Gash+1","Redo+1","Cold Snap","Coolheaded+1","Streamline+1"],"special_seed":0,"relics":["Cracked Core","DreamHouse","Happy Flower","Lantern","Meat on the Bone","Dodecahedron","Regal Pillow","Omamori","Runic Pyramid","Boot","Question Card","DataDisk","Gremlin Horn","Potion Belt","IndustrialRevolution","Tiny House","Hope","Pen Nib","Kunai"],"potions_floor_usage":[39,41,41,50,51],"damage_taken":[{"damage":2.0,"enemies":"Jaw Worm","floor":1.0,"turns":2.0},{"damage":2.0,"enemies":"2 Louse","floor":3.0,"turns":2.0},{"damage":25.0,"enemies":"Lagavulin","floor":7.0,"turns":6.0},{"damage":0.0,"enemies":"Small Slimes","floor":8.0,"turns":2.0},{"damage":25.0,"enemies":"3 Sentries","floor":11.0,"turns":6.0},{"damage":0.0,"enemies":"Blue Slaver","floor":13.0,"turns":1.0},{"damage":20.0,"enemies":"Lagavulin","floor":14.0,"turns":5.0},{"damage":29.0,"enemies":"Slime Boss","floor":16.0,"turns":8.0},{"damage":18.0,"enemies":"2 Thieves","floor":18.0,"turns":4.0},{"damage":29.0,"enemies":"Gremlin Leader","floor":23.0,"turns":6.0},{"damage":30.0,"enemies":"Slavers","floor":25.0,"turns":4.0},{"damage":43.0,"enemies":"Book of Stabbing","floor":29.0,"turns":4.0},{"damage":7.0,"enemies":"Shell Parasite","floor":30.0,"turns":4.0},{"damage":7.0,"enemies":"Centurion and Healer","floor":31.0,"turns":4.0},{"damage":15.0,"enemies":"Automaton","floor":33.0,"turns":10.0},{"damage":0.0,"enemies":"3 Shapes","floor":35.0,"turns":4.0},{"damage":25.0,"enemies":"3 Darklings","floor":37.0,"turns":4.0},{"damage":30,"enemies":"2 Orb Walkers","floor":39,"turns":4},{"damage":0,"enemies":"Reptomancer","floor":41,"turns":3},{"damage":12,"enemies":"Jaw Worm Horde","floor":47,"turns":3},{"damage":10,"enemies":"Awakened One","floor":50,"turns":14},{"damage":52,"enemies":"Donu and Deca","floor":51,"turns":7}],"seed_played":"3040958619505321187","potions_obtained":[{"floor":1.0,"key":"SpacePotion"},{"floor":3.0,"key":"SpacePotion"},{"floor":7.0,"key":"SteroidPotion"},{"floor":16.0,"key":"GamblersBrew"},{"floor":29.0,"key":"Poison Potion"},{"floor":30.0,"key":"SteroidPotion"},{"floor":34.0,"key":"Ancient Potion"},{"floor":35.0,"key":"FocusPotion"},{"floor":47,"key":"SteroidPotion"}],"is_trial":false,"path_per_floor":["M","?","M","?","?","R","E","M","T","R","E","R","M","E","R","B",null,"M","?","$","T","$","E","R","E","T","R","T","E","M","M","R","B",null,"M","?","M","$","?","R","E","R","T","R","$","R","M","?","R","B","B"],"character_chosen":"DEFECT","items_purchased":["Hologram","Sweeping Beam","Leap","Regen Potion","SpeedPotion"],"campfire_rested":3,"item_purchase_floors":[20,20,22,45,45],"current_hp_per_floor":[62,67,65,42,42,42,17,29,29,29,16,53,53,45,45,28,64,46,46,46,46,46,29,66,48,48,48,48,17,22,27,64,49,74,74,74,49,49,31,31,43,43,43,43,43,43,43,77,77,77,77],"gold":22,"neow_bonus":"HUNDRED_GOLD","is_prod":false,"is_daily":false,"chose_seed":false,"campfire_upgraded":9,"win_rate":0,"timestamp":1540378489,"path_taken":["M","?","M","?","?","R","E","M","T","R","E","R","?","E","R","BOSS","M","?","$","?","$","E","R","E","T","R","?","E","M","M","R","BOSS","M","?","M","$","?","R","E","R","T","R","?","R","M","?","R","BOSS","BOSS"],"build_version":"2018-10-18","purchased_purges":4,"victory":true,"max_hp_per_floor":[71,76,76,76,76,76,76,76,76,76,76,76,76,76,76,76,76,76,76,76,76,76,76,76,76,76,76,76,76,76,76,76,76,81,81,77,77,77,77,77,77,77,77,77,77,77,77,77,77,77,77],"card_choices":[{"not_picked":["Double Energy","Cold Snap","Leap"],"picked":"SKIP","floor":1.0},{"not_picked":["Scrape","Compile Driver"],"picked":"Hologram","floor":3.0},{"not_picked":["Compile Driver","Cold Snap"],"picked":"Ball Lightning","floor":7.0},{"not_picked":["Rebound","Sweeping Beam"],"picked":"Streamline","floor":8.0},{"not_picked":["Barrage","Hologram"],"picked":"Glacier","floor":11.0},{"not_picked":["Melter","Force Field"],"picked":"Rebound","floor":13.0},{"not_picked":["Genetic Algorithm","Self Repair"],"picked":"Electrodynamics","floor":14.0},{"not_picked":["Rainbow","Thunder Strike"],"picked":"Seek","floor":16.0},{"not_picked":["Turbo","Steam"],"picked":"Conserve Battery","floor":18.0},{"not_picked":["Compile Driver","Leap"],"picked":"Gash+1","floor":23.0},{"not_picked":["Cold Snap","Defragment","Hologram"],"picked":"Redo","floor":25.0},{"not_picked":["Scrape","Stack","Defragment","Biased Cognition"],"picked":"SKIP","floor":29.0},{"not_picked":["Genetic Algorithm","Static Discharge+1","Blizzard+1","Redo"],"picked":"SKIP","floor":30.0},{"not_picked":["Double Energy","Steam","Sweeping Beam"],"picked":"Cold Snap","floor":31.0},{"not_picked":["Reboot","Multi-Cast","Amplify"],"picked":"Seek","floor":33.0},{"not_picked":["Turbo","Conserve Battery","Compile Driver"],"picked":"Coolheaded","floor":34.0},{"not_picked":["Steam","Coolheaded","Leap","Blizzard"],"picked":"SKIP","floor":35.0},{"not_picked":["Sweeping Beam","Turbo","Rebound+1","Capacitor+1"],"picked":"SKIP","floor":37.0},{"not_picked":["Turbo","Tempest","Biased Cognition"],"picked":"Streamline+1","floor":41},{"not_picked":["BootSequence+1","Melter","Coolheaded"],"picked":"Glacier+1","floor":47}],"player_experience":372050,"relics_obtained":[{"floor":7.0,"key":"Meat on the Bone"},{"floor":9.0,"key":"Dodecahedron"},{"floor":11.0,"key":"Regal Pillow"},{"floor":14.0,"key":"Omamori"},{"floor":21.0,"key":"Boot"},{"floor":23.0,"key":"Question Card"},{"floor":25.0,"key":"DataDisk"},{"floor":26.0,"key":"Gremlin Horn"},{"floor":28.0,"key":"Potion Belt"},{"floor":29.0,"key":"IndustrialRevolution"},{"floor":39,"key":"Hope"},{"floor":41,"key":"Pen Nib"},{"floor":43,"key":"Kunai"}],"event_choices":[{"damage_healed":0.0,"max_hp_gain":5.0,"max_hp_loss":0.0,"gold_gain":0.0,"event_name":"Big Fish","player_choice":"Donut","floor":2.0,"gold_loss":0.0,"damage_taken":0.0},{"damage_healed":0.0,"max_hp_gain":0.0,"max_hp_loss":0.0,"gold_gain":0.0,"event_name":"Shining Light","player_choice":"Entered Light","floor":4.0,"gold_loss":0.0,"damage_taken":23.0,"cards_upgraded":["Strike_B","Hologram"]},{"cards_removed":["Strike_B"],"damage_healed":0.0,"max_hp_gain":0.0,"max_hp_loss":0.0,"gold_gain":0.0,"event_name":"The Cleric","player_choice":"Card Removal","floor":5.0,"gold_loss":75.0,"damage_taken":0.0},{"damage_healed":0.0,"max_hp_gain":0.0,"max_hp_loss":0.0,"gold_gain":0.0,"event_name":"The Library","player_choice":"Read","floor":19.0,"gold_loss":0.0,"damage_taken":0.0,"cards_obtained":["Streamline"]},{"damage_healed":0.0,"max_hp_gain":0.0,"max_hp_loss":4.0,"gold_gain":0.0,"event_name":"Winding Halls","player_choice":"Max HP","floor":36.0,"gold_loss":0.0,"damage_taken":0.0},{"damage_healed":0,"gold_gain":0,"player_choice":"Fight","damage_taken":0,"max_hp_gain":0,"max_hp_loss":0,"event_name":"Mysterious Sphere","floor":39,"gold_loss":0},{"damage_healed":34,"gold_gain":0,"player_choice":"Heal","damage_taken":0,"max_hp_gain":0,"max_hp_loss":0,"event_name":"MindBloom","floor":48,"gold_loss":0,"cards_obtained":["Doubt"]}],"is_beta":false,"boss_relics":[{"not_picked":["Cursed Key","Nine"],"picked":"Runic Pyramid"},{"not_picked":["Velvet Choker","PortableAltar"],"picked":"Tiny House"}],"items_purged_floors":[20,22,38,45],"is_endless":false,"potions_floor_spawned":[1,3,7,16,29,30,35,47],"ascension_level":20}