{"gold_per_floor":[110,110,120,131,148,148,177,195,195,195,195,45,45,74,74,74],"floor_reached":16,"playtime":409,"items_purged":["Pain"],"score":200,"play_id":"0ede19b6-6605-4454-a5d0-4aebc66c875d","local_time":"20190327141355","is_ascension_mode":true,"campfire_choices":[{"data":"True Grit","floor":6.0,"key":"SMITH"},{"data":"Juggernaut","floor":11.0,"key":"SMITH"},{"data":"Bash","floor":13.0,"key":"SMITH"},{"data":"Evolve","floor":15.0,"key":"SMITH"}],"neow_cost":"NONE","seed_source_timestamp":8598965287129,"circlet_count":0,"master_deck":["AscendersBane","Strike_R","Strike_R","Strike_R","Strike_R+1","Strike_R","Defend_R","Defend_R+1","Defend_R","Defend_R","Bash+1","Evolve+1","True Grit+1","Shrug It Off","Bloodletting","Juggernaut+1","Dropkick","Burning Pact"],"special_seed":0,"relics":["Burning Blood","NeowsBlessing","WarpedTongs","Odd Mushroom","Matryoshka"],"potions_floor_usage":[16],"damage_taken":[{"damage":0.0,"enemies":"Jaw Worm","floor":1.0,"turns":1.0},{"damage":0.0,"enemies":"Cultist","floor":3.0,"turns":2.0},{"damage":1.0,"enemies":"Small Slimes","floor":4.0,"turns":2.0},{"damage":13.0,"enemies":"Red Slaver","floor":5.0,"turns":6.0},{"damage":19.0,"enemies":"The Mushroom Lair","floor":7.0,"turns":6.0},{"damage":8.0,"enemies":"Looter","floor":8.0,"turns":4.0},{"damage":28.0,"enemies":"Gremlin Nob","floor":14.0,"turns":4.0},{"damage":8,"enemies":"Hexaghost","floor":16,"turns":9}],"seed_played":"8574551251627981383","potions_obtained":[{"floor":5.0,"key":"Block Potion"},{"floor":14.0,"key":"Poison Potion"}],"is_trial":false,"path_per_floor":["M","?","M","M","M","R","?","M","T","?","R","$","R","E","R","B"],"character_chosen":"IRONCLAD","items_purchased":["Dropkick"],"campfire_rested":0,"item_purchase_floors":[12],"current_hp_per_floor":[74,74,75,75,68,68,55,53,53,30,30,30,30,8,8,0],"gold":74,"neow_bonus":"THREE_ENEMY_KILL","is_prod":false,"is_daily":false,"chose_seed":false,"campfire_upgraded":4,"win_rate":0,"timestamp":1553667235,"path_taken":["M","?","M","M","?","R","?","M","T","?","R","$","R","E","R","BOSS"],"build_version":"2019-01-23","purchased_purges":1,"victory":false,"max_hp_per_floor":[75,75,75,75,75,75,75,75,75,75,75,75,75,75,75,75],"card_choices":[{"not_picked":["Sword Boomerang","Heavy Blade"],"picked":"Evolve","floor":1.0},{"not_picked":["Sentinel","Clash"],"picked":"True Grit","floor":3.0},{"not_picked":["Hemokinesis","Thunderclap"],"picked":"Shrug It Off","floor":4.0},{"not_picked":["Pommel Strike","Clothesline","Shrug It Off"],"picked":"SKIP","floor":5.0},{"not_picked":["Twin Strike","Armaments"],"picked":"Bloodletting","floor":7.0},{"not_picked":["Heavy Blade","Ghostly Armor"],"picked":"Juggernaut","floor":8.0},{"not_picked":["Warcry","Shockwave"],"picked":"Burning Pact","floor":14.0}],"player_experience":3898274,"relics_obtained":[{"floor":7.0,"key":"Odd Mushroom"},{"floor":14.0,"key":"Matryoshka"}],"event_choices":[{"damage_healed":0.0,"max_hp_gain":0.0,"max_hp_loss":0.0,"gold_gain":0.0,"event_name":"Accursed Blacksmith","player_choice":"Rummage","floor":2.0,"gold_loss":0.0,"damage_taken":0.0,"relics_obtained":["WarpedTongs"],"cards_obtained":["Pain"]},{"damage_healed":0.0,"max_hp_gain":0.0,"max_hp_loss":0.0,"gold_gain":0.0,"event_name":"Mushrooms","player_choice":"Fought Mushrooms","floor":7.0,"gold_loss":0.0,"damage_taken":0.0},{"damage_healed":0.0,"max_hp_gain":0.0,"max_hp_loss":0.0,"gold_gain":0.0,"event_name":"Shining Light","player_choice":"Entered Light","floor":10.0,"gold_loss":0.0,"damage_taken":23.0,"cards_upgraded":["Defend_R","Strike_R"]}],"is_beta":false,"boss_relics":[],"items_purged_floors":[12],"is_endless":false,"potions_floor_spawned":[5,14],"killed_by":"Hexaghost","ascension_level":20}