{"gold_per_floor":[19,94,111,34,50,50,80,80,80,80,94,108,68,80,80,158,158,173,173,57,57,68,68,68,79,79,79,104,4,4,4,4,80,80,97,109,109,109,34,60,80,80,80,110,110,122,122,135,135,135,135,135,135,7,34,34],"floor_reached":57,"playtime":2754,"items_purged":["Pain","Strike_B"],"score":3081,"play_id":"54af4020-00b5-441c-ac5f-b60a952c03fa","local_time":"20190417215551","is_ascension_mode":true,"campfire_choices":[{"data":"Zap","floor":6.0,"key":"SMITH"},{"data":"Darkness","floor":10.0,"key":"SMITH"},{"data":"Consume","floor":15.0,"key":"SMITH"},{"data":"Seek","floor":23.0,"key":"SMITH"},{"data":"Loop","floor":27.0,"key":"SMITH"},{"data":"Hologram","floor":30.0,"key":"SMITH"},{"data":"Ghostly","floor":32.0,"key":"SMITH"},{"floor":42.0,"key":"RECALL"},{"data":"Coolheaded","floor":45.0,"key":"SMITH"},{"data":"Recycle","floor":47.0,"key":"SMITH"},{"data":"Ghostly","floor":49.0,"key":"SMITH"},{"data":"Ghostly","floor":53.0,"key":"SMITH"}],"neow_cost":"NO_GOLD","seed_source_timestamp":143805552608752,"circlet_count":0,"master_deck":["AscendersBane","Strike_B","Defend_B","Defend_B","Defend_B","Defend_B","Zap+1","Dualcast","Core Surge","Chill","Ball Lightning","Seek+1","Cold Snap","Consume+1","Darkness+1","Turbo","Coolheaded+1","Glacier","Core Surge","Loop+1","Hologram+1","Ghostly+1","Ghostly+1","Ghostly+1","Defragment+1","Recycle+1","Fission","Redo+1","Go for the Eyes+1","Force Field+1","Double Energy+1","Defragment","Chill+1"],"special_seed":0,"relics":["Cracked Core","Nunchaku","Bottled Lightning","Black Star","WarpedTongs","Calipers","Mango","Bottled Flame","Runic Pyramid","Vajra","Pantograph","Sundial","Ornamental Fan","Toxic Egg 2","Torii","Centennial Puzzle"],"potions_floor_usage":[56,56],"damage_taken":[{"damage":10.0,"enemies":"Small Slimes","floor":1.0,"turns":2.0},{"damage":5.0,"enemies":"2 Louse","floor":3.0,"turns":2.0},{"damage":0.0,"enemies":"Cultist","floor":5.0,"turns":3.0},{"damage":31.0,"enemies":"Lagavulin","floor":7.0,"turns":7.0},{"damage":2.0,"enemies":"Red Slaver","floor":11.0,"turns":3.0},{"damage":0.0,"enemies":"Exordium Thugs","floor":12.0,"turns":4.0},{"damage":4.0,"enemies":"Exordium Wildlife","floor":14.0,"turns":7.0},{"damage":13.0,"enemies":"Hexaghost","floor":16.0,"turns":8.0},{"damage":9.0,"enemies":"Spheric Guardian","floor":18.0,"turns":4.0},{"damage":2.0,"enemies":"2 Thieves","floor":22.0,"turns":3.0},{"damage":0.0,"enemies":"Sentry and Sphere","floor":25.0,"turns":6.0},{"damage":23.0,"enemies":"Book of Stabbing","floor":28.0,"turns":6.0},{"damage":0.0,"enemies":"Automaton","floor":33.0,"turns":12.0},{"damage":0.0,"enemies":"3 Darklings","floor":35.0,"turns":7.0},{"damage":6.0,"enemies":"Orb Walker","floor":36.0,"turns":4.0},{"damage":0.0,"enemies":"Giant Head","floor":40.0,"turns":10.0},{"damage":0.0,"enemies":"4 Shapes","floor":41.0,"turns":6.0},{"damage":4.0,"enemies":"Reptomancer","floor":44.0,"turns":8.0},{"damage":0.0,"enemies":"Writhing Mass","floor":46.0,"turns":5.0},{"damage":0.0,"enemies":"Transient","floor":48.0,"turns":6.0},{"damage":0.0,"enemies":"Donu and Deca","floor":50.0,"turns":13.0},{"damage":0.0,"enemies":"Awakened One","floor":51.0,"turns":13.0},{"damage":31,"enemies":"Shield and Spear","floor":55,"turns":10},{"damage":37,"enemies":"The Heart","floor":56,"turns":11}],"seed_played":"-4823008774368059865","potions_obtained":[{"floor":1.0,"key":"SkillPotion"},{"floor":11.0,"key":"Regen Potion"},{"floor":12.0,"key":"SteroidPotion"},{"floor":14.0,"key":"Fire Potion"},{"floor":18.0,"key":"Explosive Potion"},{"floor":33.0,"key":"SkillPotion"},{"floor":36.0,"key":"Swift Potion"},{"floor":44.0,"key":"PowerPotion"}],"is_trial":false,"path_per_floor":["M","?","M","$","M","R","E","?","T","R","M","M","$","M","R","B",null,"M","?","$","T","M","R","?","M","T","R","E","$","R","$","R","B",null,"M","M","?","?","?","E","M","R","T","E","R","M","R","M","R","B","B",null,"R","$","E","B",null],"character_chosen":"DEFECT","items_purchased":["Seek","Glacier","Loop","FocusPotion","Defragment"],"campfire_rested":0,"item_purchase_floors":[4,13,20,54,54],"current_hp_per_floor":[54,43,38,38,38,38,7,7,7,7,5,5,5,16,16,3,54,45,45,45,45,43,43,35,35,35,35,26,26,26,26,26,26,43,43,37,37,37,37,37,37,37,37,33,33,33,33,33,33,47,47,47,47,47,16,4],"gold":34,"neow_bonus":"THREE_RARE_CARDS","is_prod":false,"is_daily":false,"chose_seed":false,"campfire_upgraded":11,"win_rate":0,"timestamp":1555509351,"path_taken":["M","?","M","$","M","R","E","?","T","R","M","?","$","M","R","BOSS","M","?","?","?","M","R","?","M","T","R","E","$","R","?","R","BOSS","M","M","?","?","?","E","?","R","T","E","R","M","R","M","R","BOSS","BOSS","R","$","E","BOSS"],"build_version":"2019-01-23","purchased_purges":2,"victory":true,"max_hp_per_floor":[71,71,71,71,71,71,71,71,71,71,71,71,71,71,71,71,71,71,71,71,71,71,71,35,35,35,35,49,49,49,49,49,49,49,49,49,47,47,47,47,47,47,47,47,47,47,47,47,47,47,47,47,47,47,47,47],"card_choices":[{"not_picked":["Hyperbeam","Machine Learning"],"picked":"Core Surge","floor":0.0},{"not_picked":["Aggregate","Steam Power"],"picked":"Chill","floor":1.0},{"not_picked":["Cold Snap","Stack"],"picked":"Ball Lightning","floor":3.0},{"not_picked":["Hologram","Conserve Battery"],"picked":"Cold Snap","floor":5.0},{"not_picked":["Heatsinks","Leap"],"picked":"Consume","floor":7.0},{"not_picked":["Chill","Ball Lightning"],"picked":"Turbo","floor":11.0},{"not_picked":["Go for the Eyes","Ball Lightning"],"picked":"Coolheaded","floor":12.0},{"not_picked":["Cold Snap","Rebound","Gash"],"picked":"SKIP","floor":14.0},{"not_picked":["Meteor Strike","Rainbow"],"picked":"Core Surge","floor":16.0},{"not_picked":["Ball Lightning","Chaos","Turbo"],"picked":"SKIP","floor":18.0},{"not_picked":["Sweeping Beam+1","Loop"],"picked":"Hologram","floor":22.0},{"not_picked":["Force Field","Recycle"],"picked":"Defragment+1","floor":25.0},{"not_picked":["Heatsinks","Sunder+1"],"picked":"Recycle","floor":28.0},{"not_picked":["Electrodynamics","Hyperbeam"],"picked":"Fission","floor":33.0},{"not_picked":["Rebound+1","Loop+1"],"picked":"Redo+1","floor":35.0},{"not_picked":["Hologram","Static Discharge","Scrape"],"picked":"SKIP","floor":36.0},{"not_picked":["Streamline","FTL","Leap"],"picked":"SKIP","floor":40.0},{"not_picked":["Lockon","Machine Learning"],"picked":"Go for the Eyes+1","floor":41.0},{"not_picked":["Compile Driver","Static Discharge"],"picked":"Force Field+1","floor":44.0},{"not_picked":["Turbo+1","Darkness+1"],"picked":"Double Energy+1","floor":46.0},{"not_picked":["Barrage","Streamline","Lockon"],"picked":"SKIP","floor":48.0},{"not_picked":["Darkness+1","Barrage"],"picked":"Chill+1","floor":55}],"player_experience":4368716,"relics_obtained":[{"floor":7.0,"key":"Nunchaku"},{"floor":9.0,"key":"Bottled Lightning"},{"floor":26.0,"key":"Calipers"},{"floor":28.0,"key":"Mango"},{"floor":28.0,"key":"Bottled Flame"},{"floor":40.0,"key":"Vajra"},{"floor":40.0,"key":"Pantograph"},{"floor":43.0,"key":"Sundial"},{"floor":44.0,"key":"Ornamental Fan"},{"floor":44.0,"key":"Toxic Egg 2"},{"floor":55,"key":"Torii"},{"floor":55,"key":"Centennial Puzzle"}],"event_choices":[{"damage_healed":0.0,"max_hp_gain":0.0,"max_hp_loss":0.0,"gold_gain":75.0,"event_name":"World of Goop","player_choice":"Gather Gold","floor":2.0,"gold_loss":0.0,"damage_taken":11.0},{"damage_healed":0.0,"max_hp_gain":0.0,"max_hp_loss":0.0,"gold_gain":0.0,"cards_transformed":["Strike_B"],"event_name":"Transmorgrifier","player_choice":"Transformed","floor":8.0,"gold_loss":0.0,"damage_taken":0.0,"cards_obtained":["Darkness"]},{"damage_healed":0.0,"max_hp_gain":0.0,"max_hp_loss":0.0,"gold_gain":0.0,"event_name":"Accursed Blacksmith","player_choice":"Rummage","floor":19.0,"gold_loss":0.0,"damage_taken":0.0,"relics_obtained":["WarpedTongs"],"cards_obtained":["Pain"]},{"damage_healed":0.0,"max_hp_gain":0.0,"max_hp_loss":36.0,"gold_gain":0.0,"event_name":"Ghosts","player_choice":"Became a Ghost","floor":24.0,"gold_loss":0.0,"damage_taken":0.0,"cards_obtained":["Ghostly","Ghostly","Ghostly"]},{"damage_healed":0.0,"max_hp_gain":0.0,"max_hp_loss":2.0,"gold_gain":0.0,"event_name":"Winding Halls","player_choice":"Max HP","floor":37.0,"gold_loss":0.0,"damage_taken":0.0},{"damage_healed":0.0,"max_hp_gain":0.0,"max_hp_loss":0.0,"gold_gain":0.0,"event_name":"Mysterious Sphere","player_choice":"Ignored","floor":38.0,"gold_loss":0.0,"damage_taken":0.0},{"cards_removed":["Strike_B"],"damage_healed":0.0,"max_hp_gain":0.0,"max_hp_loss":0.0,"gold_gain":0.0,"event_name":"Designer","player_choice":"Single Remove","floor":39.0,"gold_loss":75.0,"damage_taken":0.0}],"is_beta":false,"boss_relics":[{"not_picked":["White Beast Statue","Tiny House"],"picked":"Black Star"},{"not_picked":["Philosopher\u0027s Stone","Busted Crown"],"picked":"Runic Pyramid"}],"items_purged_floors":[20,29],"is_endless":false,"potions_floor_spawned":[1,11,12,14,18,33,36,41,44],"ascension_level":20}