{"path_per_floor":["M","?","$","M","$","E","M","E","T","?","M","M","R","M","R","B",null,"M","M","$","?","$","R","E","R","T","M","E","$","E","M","R","B",null,"M","?","M","M","$","E","R","M","T","M","M","M","M","E","R","B"],"character_chosen":"THE_SILENT","items_purchased":["Terror","Vajra","Dodecahedron","Kunai"],"gold_per_floor":[114,114,40,55,55,85,100,130,130,80,95,110,110,425,425,525,525,540,555,155,155,155,155,185,185,185,200,230,230,260,275,275,375,375,390,405,420,435,110,140,140,155,155,170,185,200,215,245,245,245],"floor_reached":51,"campfire_rested":0,"playtime":2201,"current_hp_per_floor":[70,70,70,70,70,70,70,68,68,68,77,87,87,87,87,64,87,87,87,87,87,87,87,87,87,93,93,93,93,93,93,93,93,93,93,93,93,91,91,93,93,93,99,98,99,99,93,97,97,98],"items_purged":["Injury"],"gold":245,"score":1156,"play_id":"b369ee21-a702-4b4a-956e-59e36fbea9fb","local_time":"20180418125856","daily_mods":["Draft","Night Terrors","Vintage"],"is_prod":false,"is_daily":true,"chose_seed":false,"is_ascension_mode":false,"campfire_upgraded":5,"timestamp":1524027536,"path_taken":["M","?","$","?","$","E","M","E","T","?","M","M","R","M","R","BOSS","M","M","$","?","?","R","E","R","T","?","E","$","E","M","R","BOSS","M","?","?","M","$","E","R","M","T","M","?","M","M","E","R","BOSS"],"build_version":"2018-04-12","seed_source_timestamp":0,"purchased_purges":3,"victory":true,"master_deck":["Calculated Gamble+1","Cloak And Dagger","Reflex+1","Acrobatics+1","Dagger Spray+1","Underhanded Strike","Slice","Sucker Punch+1","Leg Sweep+1","Slice","Dagger Throw","Endless Agony","Prepared+1","Backflip","Terror+1","Escape Plan","Envenom+1","Tactician+1","Deflect+1","Parasite"],"max_hp_per_floor":[70,70,70,70,70,70,70,70,70,70,77,87,87,87,87,87,87,87,87,87,87,87,87,87,87,93,93,93,93,93,93,93,93,93,93,93,93,93,93,93,93,93,99,99,99,99,99,101,101,101],"relics":["Ring of the Snake","Ninja Scroll","Blue Candle","Blood Vial","Regal Pillow","Letter Opener","Darkstone Periapt","Strawberry","Old Coin","Snake Skull","Cursed Key","Gambling Chip","Calipers","Vajra","Dodecahedron","Nloth\u0027s Gift","Bag of Preparation","Meat on the Bone","Paper Crane","Molten Egg 2","Oddly Smooth Stone","Orichalcum","Unceasing Top","Black Star","War Paint","Girya","Matryoshka","Art of War","Kunai","Frozen Egg 2","Toxic Egg 2","Singing Bowl","Mummified Hand","Bottled Flame","Pen Nib","Whetstone","Happy Flower","Bronze Scales","Lantern","Omamori"],"card_choices":[{"not_picked":["Outmaneuver","Sucker Punch"],"picked":"Calculated Gamble","floor":0},{"not_picked":["Backflip","Dodge and Roll"],"picked":"Cloak And Dagger","floor":0},{"not_picked":["Dodge and Roll","Finisher"],"picked":"Reflex","floor":0},{"not_picked":["Leg Sweep","Flying Knee"],"picked":"Acrobatics","floor":0},{"not_picked":["Sucker Punch","Choke"],"picked":"Prepared","floor":0},{"not_picked":["Sucker Punch","Underhanded Strike"],"picked":"Dagger Spray","floor":0},{"not_picked":["Outmaneuver","Poisoned Stab"],"picked":"Underhanded Strike","floor":0},{"not_picked":["Bane","Blade Dance"],"picked":"Slice","floor":0},{"not_picked":["Riddle With Holes","Masterful Stab"],"picked":"Sucker Punch","floor":0},{"not_picked":["Bane","Distraction"],"picked":"Leg Sweep","floor":0},{"not_picked":["Quick Slash","Deadly Poison"],"picked":"Slice","floor":0},{"not_picked":["Deadly Poison","Sucker Punch"],"picked":"Dagger Throw","floor":0},{"not_picked":["Outmaneuver","Dodge and Roll"],"picked":"Endless Agony","floor":0},{"not_picked":["Infinite Blades","Riddle With Holes"],"picked":"Prepared","floor":0},{"not_picked":["Quick Slash","Outmaneuver"],"picked":"Backflip","floor":0},{"not_picked":["Flying Knee","Riddle With Holes"],"picked":"Escape Plan","floor":6},{"not_picked":["Tools of the Trade","Adrenaline"],"picked":"Envenom","floor":16},{"not_picked":["Dagger Spray","Acrobatics"],"picked":"Tactician","floor":30},{"not_picked":["Noxious Fumes","Bane"],"picked":"Deflect","floor":36}],"player_experience":411548,"potions_floor_usage":[11,16,24,28,50],"damage_taken":[{"damage":0,"enemies":"Jaw Worm","floor":1,"turns":2},{"damage":0,"enemies":"2 Louse","floor":4,"turns":1},{"damage":0,"enemies":"Gremlin Nob","floor":6,"turns":2},{"damage":0,"enemies":"Cultist","floor":7,"turns":2},{"damage":2,"enemies":"3 Sentries","floor":8,"turns":5},{"damage":0,"enemies":"Large Slime","floor":11,"turns":2},{"damage":0,"enemies":"3 Louse","floor":12,"turns":1},{"damage":0,"enemies":"2 Fungi Beasts","floor":14,"turns":1},{"damage":23,"enemies":"Hexaghost","floor":16,"turns":6},{"damage":0,"enemies":"Shell Parasite","floor":18,"turns":3},{"damage":0,"enemies":"Chosen","floor":19,"turns":2},{"damage":0,"enemies":"Book of Stabbing","floor":24,"turns":2},{"damage":0,"enemies":"3 Cultists","floor":27,"turns":1},{"damage":0,"enemies":"Gremlin Leader","floor":28,"turns":3},{"damage":0,"enemies":"Slavers","floor":30,"turns":3},{"damage":0,"enemies":"Sentry and Sphere","floor":31,"turns":2},{"damage":0,"enemies":"Automaton","floor":33,"turns":3},{"damage":0,"enemies":"Orb Walker","floor":35,"turns":2},{"damage":0,"enemies":"…Ò√ÿ‘≤«Ú","floor":36,"turns":3},{"damage":0,"enemies":"3 Shapes","floor":37,"turns":1},{"damage":2,"enemies":"Sphere and 2 Shapes","floor":38,"turns":3},{"damage":0,"enemies":"2 Orb Walkers","floor":40,"turns":3},{"damage":0,"enemies":"4 Shapes","floor":42,"turns":1},{"damage":1,"enemies":"3 Darklings","floor":44,"turns":3},{"damage":0,"enemies":"Maw","floor":45,"turns":2},{"damage":0,"enemies":"Sphere and 2 Shapes","floor":46,"turns":1},{"damage":6,"enemies":"4 Shapes","floor":47,"turns":1},{"damage":0,"enemies":"Giant Head","floor":48,"turns":2},{"damage":1,"enemies":"Awakened One","floor":50,"turns":7}],"event_choices":[{"event_name":"Living Wall","player_choice":"Grow","floor":2,"damage_taken":0},{"event_name":"The Cleric","player_choice":"Card Removal","floor":10,"damage_taken":0},{"event_name":"N\u0027loth","player_choice":"Traded a Pear","floor":21,"damage_taken":0},{"event_name":"Mysterious Sphere","player_choice":"Fight","floor":36,"damage_taken":0}],"boss_relics":[{"not_picked":["Runic Dome","White Beast Statue"],"picked":"Cursed Key"},{"not_picked":["Snecko Eye","Sozu"],"picked":"Black Star"}],"potions_floor_spawned":[1,7,11,14,19,27,31,35,36,40,45,48],"seed_played":"-4643760058957999775","ascension_level":0,"is_trial":false}