{"gold_per_floor":[213,224,23,23,40,40,60,80,80,1,1,14,14,30,30,101,101,118,168,184,184,26,38,0,0,0,0,14,14,14,14,14,88,88,107,207,82,93,112,112,112,112,159,159,159,178,178,198,198,198],"floor_reached":51,"playtime":1392,"items_purged":["Strike_B","Defend_B","Defend_B"],"score":1107,"play_id":"d4f0eaad-5bfa-4942-907b-b948add54256","local_time":"20190201071456","is_ascension_mode":true,"campfire_choices":[{"data":"Dualcast","floor":6,"key":"SMITH"},{"data":"Defragment","floor":11,"key":"SMITH"},{"data":"Zap","floor":15,"key":"SMITH"},{"data":"Darkness","floor":25,"key":"SMITH"},{"data":"Biased Cognition","floor":27,"key":"SMITH"},{"data":"Capacitor","floor":29,"key":"SMITH"},{"data":"Capacitor","floor":32,"key":"SMITH"},{"data":"Fission","floor":40,"key":"SMITH"},{"data":"Coolheaded","floor":42,"key":"SMITH"},{"data":"Seek","floor":44,"key":"SMITH"},{"data":"Amplify","floor":47,"key":"SMITH"},{"floor":49,"key":"REST"}],"neow_cost":"NONE","seed_source_timestamp":18509886231701,"circlet_count":0,"master_deck":["AscendersBane","Strike_B+1","Defend_B","Defend_B","Zap+1","Dualcast+1","Capacitor+1","Capacitor+1","Tempest","Streamline","Defragment+1","Chill+1","Biased Cognition+1","Darkness+1","Coolheaded+1","Go for the Eyes+1","Amplify+1","Fission+1","Cold Snap+1","Cold Snap","Cold Snap","Coolheaded+1","Darkness+1","Seek+1","Jack Of All Trades","Parasite","Recycle"],"relics":["Cracked Core","Meat on the Bone","Runic Pyramid","WingedGreaves","Orrery","Pocketwatch","Regal Pillow"],"potions_floor_usage":[],"damage_taken":[{"damage":3,"enemies":"Jaw Worm","floor":1,"turns":4},{"damage":1,"enemies":"Cultist","floor":2,"turns":3},{"damage":0,"enemies":"2 Louse","floor":5,"turns":3},{"damage":8,"enemies":"Red Slaver","floor":7,"turns":3},{"damage":17,"enemies":"Large Slime","floor":8,"turns":6},{"damage":11,"enemies":"2 Fungi Beasts","floor":12,"turns":3},{"damage":7,"enemies":"Looter","floor":14,"turns":3},{"damage":16,"enemies":"Hexaghost","floor":16,"turns":10},{"damage":12,"enemies":"3 Byrds","floor":18,"turns":6},{"damage":13,"enemies":"Shell Parasite","floor":20,"turns":5},{"damage":3,"enemies":"Sentry and Sphere","floor":23,"turns":5},{"damage":9,"enemies":"Centurion and Healer","floor":28,"turns":6},{"damage":15,"enemies":"Colosseum Slavers","floor":30,"turns":6},{"damage":14,"enemies":"Collector","floor":33,"turns":8},{"damage":0,"enemies":"Orb Walker","floor":35,"turns":4},{"damage":13,"enemies":"Mind Bloom Boss Battle","floor":36,"turns":6},{"damage":10,"enemies":"3 Darklings","floor":38,"turns":7},{"damage":0,"enemies":"Maw","floor":39,"turns":8},{"damage":0,"enemies":"Spire Growth","floor":46,"turns":5},{"damage":12,"enemies":"Writhing Mass","floor":48,"turns":6},{"damage":31,"enemies":"Time Eater","floor":50,"turns":9}],"seed_played":"-630976304130462711","potions_obtained":[{"floor":2,"key":"Energy Potion"},{"floor":7,"key":"Strength Potion"},{"floor":20,"key":"AttackPotion"}],"is_trial":false,"path_per_floor":["M","M","$","?","M","R","M","M","T","$","R","M","?","M","R","B",null,"M","?","M","?","$","M","?","R","T","R","M","R","?","$","R","B",null,"M","?","$","M","M","R","?","R","T","R","?","M","R","M","R","B",null],"character_chosen":"DEFECT","items_purchased":["Capacitor","Tempest","Defragment","Coolheaded"],"campfire_rested":1,"item_purchase_floors":[3,3,10,22],"current_hp_per_floor":[61,60,60,60,60,60,52,35,35,35,35,36,15,20,20,16,57,45,38,37,37,37,46,46,46,46,46,37,37,34,34,34,32,61,61,48,48,38,38,38,38,38,38,38,38,38,38,38,71,40],"gold":198,"neow_bonus":"HUNDRED_GOLD","is_prod":false,"is_daily":false,"chose_seed":false,"campfire_upgraded":11,"win_rate":0,"timestamp":1548976496,"path_taken":["M","M","$","?","?","R","M","M","T","$","R","M","?","M","R","BOSS","M","?","?","?","$","?","?","R","T","R","M","R","?","$","R","BOSS","M","?","$","M","M","R","?","R","T","R","?","M","R","M","R","BOSS"],"build_version":"2019-01-23","purchased_purges":3,"victory":true,"max_hp_per_floor":[71,71,71,71,71,71,71,71,71,71,71,71,71,71,71,71,71,71,71,71,71,71,71,71,71,71,71,71,71,71,71,71,71,71,71,71,71,71,71,71,71,71,71,71,71,71,71,71,71,71],"card_choices":[{"not_picked":["Stack","BootSequence","Reinforced Body"],"picked":"SKIP","floor":1},{"not_picked":["Leap","Rebound"],"picked":"Capacitor","floor":2},{"not_picked":["Compile Driver","All For One","Redo"],"picked":"SKIP","floor":5},{"not_picked":["Barrage","Compile Driver"],"picked":"Streamline","floor":7},{"not_picked":["Gash","Stack","Barrage"],"picked":"SKIP","floor":8},{"not_picked":["Turbo","Redo"],"picked":"Chill","floor":12},{"not_picked":["Streamline","Leap","Conserve Battery"],"picked":"SKIP","floor":14},{"not_picked":["Fission","Machine Learning"],"picked":"Biased Cognition","floor":16},{"not_picked":["Force Field","Coolheaded"],"picked":"Darkness","floor":18},{"not_picked":["Compile Driver","Skim","Sweeping Beam"],"picked":"SKIP","floor":20},{"not_picked":["Blizzard","Turbo"],"picked":"Go for the Eyes+1","floor":23},{"not_picked":["Redo","Hologram","Force Field"],"picked":"SKIP","floor":28},{"not_picked":["Machine Learning","Rainbow"],"picked":"Amplify","floor":33},{"not_picked":["Steam Power","Gash"],"picked":"Fission","floor":34},{"not_picked":["Redo","Tempest+1"],"picked":"Cold Snap+1","floor":34},{"not_picked":["Reinforced Body","Sweeping Beam"],"picked":"Cold Snap","floor":34},{"not_picked":["Stack+1","Steam"],"picked":"Cold Snap","floor":34},{"not_picked":["FTL","Stack"],"picked":"Coolheaded+1","floor":35},{"not_picked":["Leap","Cold Snap"],"picked":"Darkness+1","floor":36},{"not_picked":["Stack","Compile Driver","Go for the Eyes"],"picked":"SKIP","floor":38},{"not_picked":["Stack","Storm"],"picked":"Seek","floor":39},{"not_picked":["Mayhem","Impatience"],"picked":"Jack Of All Trades","floor":41},{"not_picked":["Redo","Turbo","Rebound"],"picked":"SKIP","floor":46},{"not_picked":["Compile Driver","Static Discharge"],"picked":"Recycle","floor":48}],"player_experience":2442353,"relics_obtained":[{"floor":9,"key":"Meat on the Bone"},{"floor":26,"key":"WingedGreaves"},{"floor":36,"key":"Pocketwatch"},{"floor":43,"key":"Regal Pillow"}],"event_choices":[{"cards_removed":["Strike_B"],"damage_healed":0,"gold_gain":0,"player_choice":"Offered Basic","damage_taken":0,"max_hp_gain":0,"max_hp_loss":0,"event_name":"Bonfire Elementals","floor":4,"gold_loss":0},{"damage_healed":0,"gold_gain":0,"player_choice":"Entered Light","damage_taken":21,"max_hp_gain":0,"max_hp_loss":0,"event_name":"Shining Light","floor":13,"gold_loss":0,"cards_upgraded":["Strike_B","Chill"]},{"damage_healed":0,"gold_gain":50,"player_choice":"Touch","damage_taken":7,"max_hp_gain":0,"max_hp_loss":0,"event_name":"FaceTrader","floor":19,"gold_loss":0},{"cards_removed":["Strike_B"],"damage_healed":0,"gold_gain":0,"player_choice":"Purged","damage_taken":0,"max_hp_gain":0,"max_hp_loss":0,"event_name":"Purifier","floor":21,"gold_loss":0},{"damage_healed":0,"gold_gain":0,"player_choice":"Paid Fearfully","damage_taken":0,"max_hp_gain":0,"max_hp_loss":0,"event_name":"Masked Bandits","floor":24,"gold_loss":38},{"damage_healed":0,"gold_gain":0,"player_choice":"Fight","damage_taken":0,"max_hp_gain":0,"max_hp_loss":0,"event_name":"Colosseum","floor":30,"gold_loss":0},{"damage_healed":0,"gold_gain":0,"player_choice":"Fled From Nobs","damage_taken":0,"max_hp_gain":0,"max_hp_loss":0,"event_name":"Colosseum","floor":30,"gold_loss":0},{"damage_healed":0,"gold_gain":0,"player_choice":"Fight","damage_taken":0,"max_hp_gain":0,"max_hp_loss":0,"event_name":"MindBloom","floor":36,"gold_loss":0},{"damage_healed":0,"gold_gain":0,"player_choice":"Memory 1","damage_taken":0,"max_hp_gain":0,"max_hp_loss":0,"event_name":"SensoryStone","floor":41,"gold_loss":0},{"damage_healed":0,"gold_gain":0,"player_choice":"Ignored","damage_taken":0,"max_hp_gain":0,"max_hp_loss":0,"event_name":"Mysterious Sphere","floor":45,"gold_loss":0}],"is_beta":false,"boss_relics":[{"not_picked":["Empty Cage","Eternal Feather"],"picked":"Runic Pyramid"},{"not_picked":["Calling Bell","Pandora\u0027s Box"],"picked":"Orrery"}],"items_purged_floors":[3,22,37],"is_endless":false,"potions_floor_spawned":[2,7,14,20,30,38,39,46],"ascension_level":16}