{"gold_per_floor":[110,127,140,65,82,82,82,102,151,187,187,218,218,249,249,343,343,363,388,402,72,108,141,141,176,176,10,48,69,93,116,116,116],"floor_reached":33,"playtime":1430,"items_purged":["Strike_B","Strike_B","Strike_B"],"score":654,"play_id":"8f34fb13-5155-480c-b5d8-d60e6ac811ad","local_time":"20190222232240","is_ascension_mode":true,"campfire_choices":[{"data":"Turbo","floor":6.0,"key":"SMITH"},{"data":"Dualcast","floor":11.0,"key":"SMITH"},{"data":"Blizzard","floor":15.0,"key":"SMITH"},{"data":"Sunder","floor":32,"key":"SMITH"}],"neow_cost":"NONE","seed_source_timestamp":443368916555737,"circlet_count":0,"master_deck":["AscendersBane","Strike_B","Defend_B","Defend_B","Defend_B+1","Defend_B","Zap+1","Dualcast+1","Turbo+1","Self Repair","Cold Snap+1","Compile Driver+1","Skim+1","Fission+1","Conserve Battery+1","Blizzard+1","Biased Cognition","Reinforced Body+1","Streamline+1","FTL","Gash+1","Sunder+1","Undo+1","Fusion+1"],"special_seed":0,"relics":["Cracked Core","War Paint","Golden Idol","Omamori","Toxic Egg 2","Whetstone","Letter Opener","Nuclear Battery","TheAbacus","Red Mask","Juzu Bracelet","The Courier","Bottled Flame","Bag of Marbles","Pen Nib"],"potions_floor_usage":[23,25,33],"damage_taken":[{"damage":4.0,"enemies":"Jaw Worm","floor":1.0,"turns":4.0},{"damage":6.0,"enemies":"Cultist","floor":2.0,"turns":3.0},{"damage":0.0,"enemies":"Small Slimes","floor":3.0,"turns":4.0},{"damage":7.0,"enemies":"Blue Slaver","floor":5.0,"turns":4.0},{"damage":14.0,"enemies":"Red Slaver","floor":8.0,"turns":3.0},{"damage":28.0,"enemies":"3 Sentries","floor":10.0,"turns":8.0},{"damage":8.0,"enemies":"Lagavulin","floor":12.0,"turns":7.0},{"damage":18.0,"enemies":"3 Sentries","floor":14.0,"turns":11.0},{"damage":9.0,"enemies":"Hexaghost","floor":16.0,"turns":10.0},{"damage":0,"enemies":"Spheric Guardian","floor":18,"turns":4},{"damage":0,"enemies":"2 Thieves","floor":19,"turns":3},{"damage":21,"enemies":"3 Cultists","floor":20,"turns":6},{"damage":1,"enemies":"Masked Bandits","floor":22,"turns":3},{"damage":4,"enemies":"Book of Stabbing","floor":23,"turns":4},{"damage":19,"enemies":"Slavers","floor":25,"turns":5},{"damage":32,"enemies":"Gremlin Leader","floor":28,"turns":6},{"damage":0,"enemies":"Centurion and Healer","floor":29,"turns":3},{"damage":0,"enemies":"Snecko","floor":30,"turns":3},{"damage":0,"enemies":"Cultist and Chosen","floor":31,"turns":5},{"damage":52,"enemies":"Automaton","floor":33,"turns":8}],"seed_played":"-7605080234402177917","potions_obtained":[{"floor":1.0,"key":"Strength Potion"},{"floor":10.0,"key":"Dexterity Potion"},{"floor":12.0,"key":"FocusPotion"},{"floor":16.0,"key":"Ancient Potion"},{"floor":19,"key":"Strength Potion"},{"floor":23,"key":"Swift Potion"},{"floor":25,"key":"LiquidBronze"}],"is_trial":false,"path_per_floor":["M","M","M","$","M","R","?","M","T","E","R","E","?","E","R","B",null,"M","M","M","$","?","E","T","E","T","$","E","M","M","M","R","B"],"character_chosen":"DEFECT","items_purchased":["TheAbacus","Sunder"],"campfire_rested":0,"item_purchase_floors":[21,27],"current_hp_per_floor":[60,54,61,61,61,61,61,54,54,33,33,32,32,21,21,19,53,60,64,50,50,56,59,59,47,47,47,22,22,29,36,36,0],"gold":116,"neow_bonus":"RANDOM_COMMON_RELIC","is_prod":false,"is_daily":false,"chose_seed":false,"campfire_upgraded":4,"win_rate":0,"timestamp":1550848960,"path_taken":["M","M","M","$","M","R","?","M","T","E","R","E","?","E","R","BOSS","M","M","M","?","?","E","?","E","T","$","E","M","M","M","R","BOSS"],"build_version":"2019-01-23","purchased_purges":3,"victory":false,"max_hp_per_floor":[71,71,71,71,71,71,64,64,64,64,64,64,64,64,64,64,64,64,64,64,64,64,64,64,64,64,64,64,64,64,64,64,64],"card_choices":[{"not_picked":["Chaos","Compile Driver"],"picked":"Turbo","floor":1.0},{"not_picked":["Conserve Battery","Rebound"],"picked":"Self Repair","floor":2.0},{"not_picked":["FTL","Sweeping Beam"],"picked":"Cold Snap","floor":3.0},{"not_picked":["Stack","Chill"],"picked":"Compile Driver","floor":5.0},{"not_picked":["Conserve Battery","Go for the Eyes"],"picked":"Skim","floor":8.0},{"not_picked":["Steam","Beam Cell"],"picked":"Fission","floor":10.0},{"not_picked":["Loop","Compile Driver"],"picked":"Conserve Battery+1","floor":12.0},{"not_picked":["Compile Driver","Sunder"],"picked":"Blizzard","floor":14.0},{"not_picked":["Core Surge","Hyperbeam"],"picked":"Biased Cognition","floor":16.0},{"not_picked":["Redo+1","Gash"],"picked":"Reinforced Body+1","floor":18},{"not_picked":["Sweeping Beam","Steam Power+1","Redo+1"],"picked":"SKIP","floor":19},{"not_picked":["Gash","Auto Shields+1"],"picked":"Streamline+1","floor":20},{"not_picked":["Melter","Barrage"],"picked":"FTL","floor":22},{"not_picked":["Heatsinks","Barrage"],"picked":"Gash+1","floor":23},{"not_picked":["Gash","Self Repair","Sweeping Beam"],"picked":"SKIP","floor":25},{"not_picked":["Static Discharge","Meteor Strike"],"picked":"Undo+1","floor":28},{"not_picked":["Melter","Sweeping Beam","Stack+1"],"picked":"SKIP","floor":29},{"not_picked":["FTL","Barrage+1"],"picked":"Fusion+1","floor":30},{"not_picked":["Redo+1","FTL","Go for the Eyes"],"picked":"SKIP","floor":31}],"player_experience":917131,"relics_obtained":[{"floor":9.0,"key":"Omamori"},{"floor":10.0,"key":"Toxic Egg 2"},{"floor":12.0,"key":"Whetstone"},{"floor":14.0,"key":"Letter Opener"},{"floor":22,"key":"Red Mask"},{"floor":23,"key":"Juzu Bracelet"},{"floor":24,"key":"The Courier"},{"floor":25,"key":"Bottled Flame"},{"floor":26,"key":"Bag of Marbles"},{"floor":28,"key":"Pen Nib"}],"event_choices":[{"damage_healed":0.0,"max_hp_gain":0.0,"max_hp_loss":7.0,"gold_gain":0.0,"event_name":"Golden Idol","player_choice":"Lose Max HP","floor":7.0,"gold_loss":0.0,"damage_taken":0.0,"relics_obtained":["Golden Idol"]},{"damage_healed":0.0,"max_hp_gain":0.0,"max_hp_loss":0.0,"gold_gain":0.0,"event_name":"Upgrade Shrine","player_choice":"Upgraded","floor":13.0,"gold_loss":0.0,"damage_taken":0.0,"cards_upgraded":["Skim"]},{"damage_healed":0,"gold_gain":0,"player_choice":"Fought Bandits","damage_taken":0,"max_hp_gain":0,"max_hp_loss":0,"event_name":"Masked Bandits","floor":22,"gold_loss":0}],"is_beta":false,"boss_relics":[{"not_picked":["Lizard Tail","Pandora\u0027s Box"],"picked":"Nuclear Battery"}],"items_purged_floors":[4,21,27],"is_endless":false,"potions_floor_spawned":[1,10,12,16,19,20,23,25,28],"killed_by":"Automaton","ascension_level":20}