{"gold_per_floor":[119,44,119,119,44,44,57,88,88,113,138,38,51,51,51,51],"floor_reached":16,"playtime":308,"items_purged":["Strike_B","Strike_B"],"score":250,"play_id":"affabd6d-54ae-4fa3-ba6b-3b7f91cd429e","local_time":"20181120161613","is_ascension_mode":true,"campfire_choices":[{"data":"Zap","floor":6,"key":"SMITH"},{"data":"Streamline","floor":15,"key":"SMITH"}],"neow_cost":"NONE","seed_source_timestamp":1747436691226673,"circlet_count":0,"master_deck":["AscendersBane","Strike_B","Defend_B","Defend_B","Defend_B","Defend_B","Zap+1","Dualcast","Streamline+1","Coolheaded","Recycle","Capacitor"],"relics":["Cracked Core","NeowsBlessing","Golden Idol","Pocketwatch","Bag of Marbles"],"potions_floor_usage":[11,16],"damage_taken":[{"damage":0,"enemies":"Jaw Worm","floor":1,"turns":1},{"damage":0,"enemies":"2 Louse","floor":7,"turns":1},{"damage":0,"enemies":"Lagavulin","floor":8,"turns":1},{"damage":0,"enemies":"Small Slimes","floor":10,"turns":2},{"damage":36,"enemies":"Gremlin Gang","floor":11,"turns":5},{"damage":7,"enemies":"Large Slime","floor":13,"turns":4},{"damage":18,"enemies":"Slime Boss","floor":16,"turns":5}],"seed_played":"8341670807084995309","potions_obtained":[{"floor":10,"key":"AttackPotion"},{"floor":11,"key":"GamblersBrew"},{"floor":13,"key":"SpeedPotion"}],"is_trial":false,"path_per_floor":["M","?","?","?","$","R","M","E","T","M","M","$","M","$","R","B"],"character_chosen":"DEFECT","items_purchased":[],"campfire_rested":0,"item_purchase_floors":[],"current_hp_per_floor":[64,64,53,53,53,53,53,53,53,53,17,17,10,10,10,0],"gold":51,"neow_bonus":"THREE_ENEMY_KILL","is_prod":false,"is_daily":false,"chose_seed":false,"campfire_upgraded":2,"win_rate":0,"timestamp":1542701773,"path_taken":["M","?","?","?","$","R","M","E","T","M","M","$","M","$","R","BOSS"],"build_version":"2018-11-15","purchased_purges":2,"victory":false,"max_hp_per_floor":[71,71,71,64,64,64,64,64,64,64,64,64,64,64,64,64],"card_choices":[{"not_picked":["Ball Lightning","Darkness"],"picked":"Streamline","floor":1},{"not_picked":["Hello World","Reprogram","Darkness"],"picked":"SKIP","floor":7},{"not_picked":["Barrage","Beam Cell"],"picked":"Coolheaded","floor":8},{"not_picked":["Sweeping Beam","Streamline"],"picked":"Recycle","floor":10},{"not_picked":["Go for the Eyes","Stack","Static Discharge"],"picked":"SKIP","floor":11},{"not_picked":["Rebound","Leap"],"picked":"Capacitor","floor":13}],"player_experience":580443,"relics_obtained":[{"floor":8,"key":"Pocketwatch"},{"floor":9,"key":"Bag of Marbles"}],"event_choices":[{"cards_removed":["Strike_B"],"damage_healed":0,"gold_gain":0,"player_choice":"Card Removal","damage_taken":0,"max_hp_gain":0,"max_hp_loss":0,"event_name":"The Cleric","floor":2,"gold_loss":75},{"damage_healed":0,"gold_gain":75,"player_choice":"Gather Gold","damage_taken":11,"max_hp_gain":0,"max_hp_loss":0,"event_name":"World of Goop","floor":3,"gold_loss":0},{"damage_healed":0,"gold_gain":0,"player_choice":"Lose Max HP","damage_taken":0,"relics_obtained":["Golden Idol"],"max_hp_gain":0,"max_hp_loss":7,"event_name":"Golden Idol","floor":4,"gold_loss":0}],"is_beta":true,"boss_relics":[],"items_purged_floors":[5,12],"is_endless":false,"potions_floor_spawned":[10,11,13],"killed_by":"Slime Boss","ascension_level":20}