{"gold_per_floor":[19,19,32,32,46,46,59,59,59,99,174,198,198,198,198,296,296,311,89,139,164,164,164,204,129,152,187,187,137,137,12,12,12],"floor_reached":33,"playtime":825,"items_purged":["Strike_B","Defend_B"],"score":488,"play_id":"0bcfebfc-af31-41d2-8339-009f1a1918bd","local_time":"20190330212223","is_ascension_mode":true,"campfire_choices":[{"data":"Melter","floor":6.0,"key":"SMITH"},{"data":"Dualcast","floor":8.0,"key":"SMITH"},{"data":"Fission","floor":13.0,"key":"SMITH"},{"floor":15.0,"key":"REST"},{"data":"Hologram","floor":23.0,"key":"SMITH"},{"data":"Turbo","floor":28.0,"key":"SMITH"},{"data":"Zap","floor":30.0,"key":"SMITH"},{"data":"Capacitor","floor":32.0,"key":"SMITH"}],"neow_cost":"NO_GOLD","seed_source_timestamp":6919395937278,"circlet_count":0,"master_deck":["AscendersBane","Defend_B","Defend_B","Defend_B","Zap+1","Dualcast+1","Melter+1","Cold Snap","Turbo+1","Fission+1","Ball Lightning","Electrodynamics","Glacier","Self Repair","Hologram+1","White Noise","Capacitor+1"],"special_seed":0,"relics":["Cracked Core","Golden Idol","Letter Opener","White Beast Statue","Orichalcum","Smiling Mask","Singing Bowl"],"potions_floor_usage":[33,33],"damage_taken":[{"damage":0.0,"enemies":"Small Slimes","floor":1.0,"turns":2.0},{"damage":0.0,"enemies":"Jaw Worm","floor":3.0,"turns":3.0},{"damage":2.0,"enemies":"2 Louse","floor":5.0,"turns":2.0},{"damage":10.0,"enemies":"Exordium Wildlife","floor":7.0,"turns":4.0},{"damage":15.0,"enemies":"Gremlin Nob","floor":10.0,"turns":4.0},{"damage":3.0,"enemies":"Blue Slaver","floor":12.0,"turns":3.0},{"damage":26.0,"enemies":"The Guardian","floor":16.0,"turns":9.0},{"damage":2.0,"enemies":"3 Byrds","floor":18.0,"turns":2.0},{"damage":0.0,"enemies":"Chosen","floor":21.0,"turns":4.0},{"damage":12.0,"enemies":"Gremlin Leader","floor":24.0,"turns":6.0},{"damage":5.0,"enemies":"Slavers","floor":27.0,"turns":3.0},{"damage":50,"enemies":"Champ","floor":33,"turns":10}],"seed_played":"-6173934458395488400","potions_obtained":[{"floor":3.0,"key":"PowerPotion"},{"floor":7.0,"key":"Fire Potion"},{"floor":12.0,"key":"AttackPotion"},{"floor":16.0,"key":"SneckoOil"},{"floor":18.0,"key":"Poison Potion"},{"floor":21.0,"key":"LiquidBronze"},{"floor":24.0,"key":"Energy Potion"},{"floor":27.0,"key":"Explosive Potion"}],"is_trial":false,"path_per_floor":["M","?","M","?","M","R","M","R","T","E","?","M","R","?","R","B",null,"M","$","?","M","?","R","E","?","T","E","R","$","R","$","R","B"],"character_chosen":"DEFECT","items_purchased":["Glacier","Self Repair","Capacitor","PowerPotion"],"campfire_rested":1,"item_purchase_floors":[19,19,31,31],"current_hp_per_floor":[64,64,64,57,55,55,45,45,45,30,19,16,16,16,35,9,50,48,48,48,55,55,55,50,50,50,47,47,47,47,47,47,0],"gold":12,"neow_bonus":"TRANSFORM_TWO_CARDS","is_prod":false,"is_daily":false,"chose_seed":true,"campfire_upgraded":7,"win_rate":0,"timestamp":1553952143,"path_taken":["M","?","M","?","M","R","M","R","T","E","?","M","R","?","R","BOSS","M","$","?","M","?","R","E","?","T","E","R","?","R","$","R","BOSS"],"build_version":"2019-01-23","purchased_purges":2,"victory":false,"max_hp_per_floor":[71,64,64,64,64,64,64,64,64,64,64,64,64,64,64,64,64,64,64,64,64,64,64,64,64,64,66,66,66,66,66,66,66],"card_choices":[{"not_picked":["Steam","Ball Lightning"],"picked":"Cold Snap","floor":1.0},{"not_picked":["Barrage","Rip and Tear","Darkness"],"picked":"SKIP","floor":3.0},{"not_picked":["Gash","Go for the Eyes","Steam"],"picked":"SKIP","floor":5.0},{"not_picked":["Streamline","Force Field"],"picked":"Turbo","floor":7.0},{"not_picked":["Lockon","Turbo"],"picked":"Fission","floor":10.0},{"not_picked":["Scrape","Stack"],"picked":"Ball Lightning","floor":12.0},{"not_picked":["Fission","Machine Learning"],"picked":"Electrodynamics","floor":16.0},{"not_picked":["Tempest","Cold Snap","Rebound"],"picked":"SKIP","floor":18.0},{"not_picked":["Sweeping Beam","Reprogram"],"picked":"Hologram","floor":21.0},{"not_picked":["Static Discharge","Hello World","Stack"],"picked":"SKIP","floor":24.0},{"not_picked":["Heatsinks","FTL","Gash"],"picked":"Singing Bowl","floor":27.0}],"player_experience":3964674,"relics_obtained":[{"floor":10.0,"key":"Letter Opener"},{"floor":24.0,"key":"Orichalcum"},{"floor":26.0,"key":"Smiling Mask"},{"floor":27.0,"key":"Singing Bowl"}],"event_choices":[{"damage_healed":0.0,"max_hp_gain":0.0,"max_hp_loss":7.0,"gold_gain":0.0,"event_name":"Golden Idol","player_choice":"Lose Max HP","floor":2.0,"gold_loss":0.0,"damage_taken":0.0,"relics_obtained":["Golden Idol"]},{"cards_removed":["Strike_B"],"damage_healed":0.0,"max_hp_gain":0.0,"max_hp_loss":0.0,"gold_gain":0.0,"event_name":"Golden Wing","player_choice":"Card Removal","floor":4.0,"gold_loss":0.0,"damage_taken":7.0},{"damage_healed":0.0,"max_hp_gain":0.0,"max_hp_loss":0.0,"gold_gain":75.0,"event_name":"World of Goop","player_choice":"Gather Gold","floor":11.0,"gold_loss":0.0,"damage_taken":11.0},{"damage_healed":0.0,"max_hp_gain":0.0,"max_hp_loss":0.0,"gold_gain":0.0,"event_name":"Shining Light","player_choice":"Ignored","floor":14.0,"gold_loss":0.0,"damage_taken":0.0},{"damage_healed":0.0,"max_hp_gain":0.0,"max_hp_loss":0.0,"gold_gain":50.0,"event_name":"Nest","player_choice":"Stole From Cult","floor":20.0,"gold_loss":0.0,"damage_taken":0.0},{"damage_healed":0.0,"max_hp_gain":0.0,"max_hp_loss":0.0,"gold_gain":0.0,"event_name":"The Library","player_choice":"Read","floor":22.0,"gold_loss":0.0,"damage_taken":0.0,"cards_obtained":["White Noise"]},{"cards_removed":["Streamline"],"damage_healed":0.0,"max_hp_gain":0.0,"max_hp_loss":0.0,"gold_gain":0.0,"event_name":"Beggar","player_choice":"Gave Gold","floor":25.0,"gold_loss":75.0,"damage_taken":0.0}],"is_beta":false,"boss_relics":[{"not_picked":["Fusion Hammer","Calling Bell"],"picked":"White Beast Statue"}],"items_purged_floors":[19,29],"is_endless":false,"potions_floor_spawned":[3,7,12,16,18,21,24,27],"killed_by":"Champ","ascension_level":15}