{"gold_per_floor":[110,110,35,35,49,49,83,24,24,24,38,38,38,57,57,57],"floor_reached":16,"playtime":268,"items_purged":["Strike_G"],"score":246,"play_id":"5e31cbab-0882-4638-bda1-7c546559ca06","local_time":"20181026004958","is_ascension_mode":true,"campfire_choices":[{"data":"Flechettes","floor":6,"key":"SMITH"},{"data":"Neutralize","floor":12,"key":"SMITH"},{"data":"Terror","floor":15,"key":"SMITH"}],"neow_cost":"NONE","seed_source_timestamp":34215706651422,"circlet_count":0,"master_deck":["Defend_G","Defend_G","Defend_G","Defend_G","Defend_G","Strike_G","Strike_G","Survivor","Neutralize+1","AscendersBane","Flechettes+1","Terror+1","Crippling Poison","Acrobatics","Pain","Deflect"],"relics":["Ring of the Snake","NeowsBlessing","Bag of Preparation","Blue Candle","WarpedTongs"],"potions_floor_usage":[16,16],"damage_taken":[{"damage":0,"enemies":"Small Slimes","floor":1,"turns":1},{"damage":0,"enemies":"Jaw Worm","floor":5,"turns":1},{"damage":0,"enemies":"Lagavulin","floor":7,"turns":1},{"damage":1,"enemies":"2 Louse","floor":11,"turns":3},{"damage":1,"enemies":"2 Fungi Beasts","floor":14,"turns":2},{"damage":40,"enemies":"Slime Boss","floor":16,"turns":7}],"seed_played":"1345732901338306695","potions_obtained":[{"floor":1,"key":"Swift Potion"},{"floor":11,"key":"AttackPotion"}],"is_trial":false,"path_per_floor":["M","?","$","?","M","R","E","$","T","?","M","R","$","M","R"],"character_chosen":"THE_SILENT","items_purchased":["Acrobatics"],"campfire_rested":0,"item_purchase_floors":[8],"current_hp_per_floor":[59,52,52,52,52,52,52,52,52,52,51,51,51,50,50,10],"gold":57,"neow_bonus":"THREE_ENEMY_KILL","is_prod":false,"is_daily":false,"chose_seed":false,"campfire_upgraded":3,"win_rate":0,"timestamp":1540486198,"path_taken":["M","?","$","?","M","R","E","?","T","?","M","R","$","M","R","BOSS"],"build_version":"2018-10-18","purchased_purges":1,"victory":false,"max_hp_per_floor":[66,66,66,66,66,66,66,66,66,66,66,66,66,66,66,66],"card_choices":[{"not_picked":["Riddle With Holes","Deadly Poison"],"picked":"Flechettes","floor":1},{"not_picked":["Bane","Dodge and Roll"],"picked":"Crippling Poison","floor":5},{"not_picked":["Expertise","Slice","Tools of the Trade"],"picked":"SKIP","floor":7},{"not_picked":["Skewer","Eviscerate"],"picked":"Deflect","floor":11},{"not_picked":["Dagger Spray","Prepared","Calculated Gamble"],"picked":"SKIP","floor":14}],"player_experience":390641,"relics_obtained":[{"floor":7,"key":"Bag of Preparation"},{"floor":9,"key":"Blue Candle"}],"event_choices":[{"cards_removed":["Strike_G"],"damage_healed":0,"gold_gain":0,"player_choice":"Card Removal","damage_taken":7,"max_hp_gain":0,"max_hp_loss":0,"event_name":"Golden Wing","floor":2,"gold_loss":0},{"damage_healed":0,"gold_gain":0,"cards_transformed":["Strike_G"],"player_choice":"Change","damage_taken":0,"max_hp_gain":0,"max_hp_loss":0,"event_name":"Living Wall","floor":4,"gold_loss":0,"cards_obtained":["Terror"]},{"damage_healed":0,"gold_gain":0,"player_choice":"Rummage","damage_taken":0,"relics_obtained":["WarpedTongs"],"max_hp_gain":0,"max_hp_loss":0,"event_name":"Accursed Blacksmith","floor":10,"gold_loss":0,"cards_obtained":["Pain"]}],"is_beta":false,"boss_relics":[],"items_purged_floors":[3],"is_endless":false,"potions_floor_spawned":[1,11,14],"killed_by":"Slime Boss","ascension_level":20}