{"gold_per_floor":[119,129,147,157,37,37,63,63,63,90,102,116,116,127,127,225,225,213,213,243,243,255,255,267,299,324,358,376,6,6,24,24,127,127,140,157,6,106,106,141,141,165,191,191,201,220,232,38,38,38],"floor_reached":51,"playtime":3225,"items_purged":["Strike_G","Strike_G","Strike_G"],"score":904,"play_id":"20cabdec-3ba2-4879-9d6b-dbe7714a4d98","local_time":"20190727132249","is_ascension_mode":false,"campfire_choices":[{"data":"Neutralize","floor":6,"key":"SMITH"},{"data":"Predator","floor":8,"key":"SMITH"},{"data":"Backflip","floor":15,"key":"SMITH"},{"data":"Sucker Punch","floor":23,"key":"SMITH"},{"data":"Outmaneuver","floor":30,"key":"SMITH"},{"data":"Leg Sweep","floor":32,"key":"SMITH"},{"data":"Ghostly","floor":41,"key":"SMITH"},{"data":"Ghostly","floor":44,"key":"SMITH"},{"data":"Ghostly","floor":49,"key":"SMITH"}],"neow_cost":"PERCENT_DAMAGE","seed_source_timestamp":1505713640115141,"circlet_count":0,"master_deck":["Strike_G","Strike_G","Defend_G","Defend_G","Defend_G","Defend_G","Defend_G","Survivor","Neutralize+1","Dagger Spray","Distraction","Dagger Spray","Caltrops","Dagger Throw","Predator+1","Sucker Punch","Sucker Punch+1","Infinite Blades+1","Backflip+1","Corpse Explosion","Terror","Ghostly+1","Ghostly+1","Ghostly+1","Ghostly","Ghostly","Well Laid Plans+1","Underhanded Strike","Crippling Poison+1","Outmaneuver+1","A Thousand Cuts+1","Leg Sweep+1","Wraith Form v2+1","Outmaneuver+1","Flying Knee+1","Dagger Throw","Underhanded Strike+1","Noxious Fumes+1","Choke+1","Caltrops+1"],"relics":["Ring of the Snake","FossilizedHelix","Pen Nib","PreservedInsect","Frozen Egg 2","Snecko Eye","Red Mask","Mummified Hand","Regal Pillow","Gambling Chip","ClockworkSouvenir","Sozu","Lantern","Bird Faced Urn","Bottled Tornado","Orichalcum","Art of War"],"potions_floor_usage":[7,10,16,24,33,33,50],"damage_taken":[{"damage":0,"enemies":"Cultist","floor":1,"turns":3},{"damage":0,"enemies":"2 Louse","floor":2,"turns":3},{"damage":0,"enemies":"Small Slimes","floor":3,"turns":3},{"damage":0,"enemies":"Exordium Wildlife","floor":4,"turns":3},{"damage":10,"enemies":"3 Sentries","floor":7,"turns":5},{"damage":0,"enemies":"Lagavulin","floor":10,"turns":5},{"damage":0,"enemies":"2 Fungi Beasts","floor":11,"turns":2},{"damage":1,"enemies":"Red Slaver","floor":12,"turns":3},{"damage":0,"enemies":"Large Slime","floor":14,"turns":5},{"damage":29,"enemies":"Hexaghost","floor":16,"turns":9},{"damage":19,"enemies":"2 Thieves","floor":18,"turns":4},{"damage":5,"enemies":"Masked Bandits","floor":20,"turns":2},{"damage":0,"enemies":"Shell Parasite","floor":22,"turns":5},{"damage":2,"enemies":"3 Cultists","floor":24,"turns":4},{"damage":0,"enemies":"Slavers","floor":25,"turns":4},{"damage":8,"enemies":"Gremlin Leader","floor":27,"turns":5},{"damage":0,"enemies":"Snake Plant","floor":28,"turns":2},{"damage":0,"enemies":"Snecko","floor":31,"turns":3},{"damage":21,"enemies":"Automaton","floor":33,"turns":10},{"damage":0,"enemies":"Orb Walker","floor":35,"turns":3},{"damage":7,"enemies":"3 Shapes","floor":36,"turns":3},{"damage":0,"enemies":"Mind Bloom Boss Battle","floor":38,"turns":4},{"damage":0,"enemies":"Giant Head","floor":40,"turns":5},{"damage":1,"enemies":"Sphere and 2 Shapes","floor":45,"turns":3},{"damage":0,"enemies":"Jaw Worm Horde","floor":46,"turns":2},{"damage":0,"enemies":"Maw","floor":47,"turns":7},{"damage":0,"enemies":"Donu and Deca","floor":50,"turns":5}],"seed_played":"2485872567919777027","potions_obtained":[{"floor":4,"key":"GamblersBrew"},{"floor":7,"key":"SpeedPotion"},{"floor":12,"key":"Weak Potion"},{"floor":14,"key":"Weak Potion"},{"floor":18,"key":"Block Potion"},{"floor":31,"key":"Poison Potion"},{"floor":33,"key":"SneckoOil"}],"is_trial":false,"path_per_floor":["M","M","M","M","$","R","E","R","T","E","M","M","?","M","R","B",null,"M","?","?","?","M","R","M","E","T","E","M","$","R","M","R","B",null,"M","M","$","?","?","E","R","T","T","R","M","M","M","$","R","B",null],"character_chosen":"THE_SILENT","items_purchased":["Dagger Throw","Leg Sweep","ClockworkSouvenir","Lantern","Caltrops+1"],"campfire_rested":0,"item_purchase_floors":[5,29,29,37,48],"current_hp_per_floor":[49,49,49,49,49,49,39,39,39,39,39,38,43,43,43,14,75,56,37,32,32,32,32,30,30,30,22,22,22,22,22,22,1,37,37,30,30,30,30,37,37,37,37,37,37,37,37,37,37,37],"gold":38,"neow_bonus":"ONE_RARE_RELIC","is_prod":false,"is_daily":false,"chose_seed":false,"campfire_upgraded":9,"win_rate":0.0,"timestamp":1564222969,"path_taken":["M","M","?","M","$","R","E","R","T","E","M","M","?","M","R","BOSS","M","?","?","?","?","R","M","E","T","E","M","$","R","M","R","BOSS","M","M","$","?","?","E","R","?","T","R","M","M","M","$","R","BOSS"],"build_version":"2019-07-17","purchased_purges":3,"victory":true,"max_hp_per_floor":[70,70,70,70,70,70,70,70,70,70,70,70,75,75,75,75,75,75,37,37,37,37,37,37,37,37,37,37,37,37,37,37,37,37,37,37,37,37,37,37,37,37,37,37,37,37,37,37,37,37],"card_choices":[{"not_picked":["Backflip","PiercingWail"],"picked":"Dagger Spray","floor":1},{"not_picked":["Quick Slash","Slice"],"picked":"Distraction","floor":2},{"not_picked":["Poisoned Stab","Deflect"],"picked":"Dagger Spray","floor":3},{"not_picked":["Finisher","Deadly Poison"],"picked":"Caltrops","floor":4},{"not_picked":["Deflect","Skewer"],"picked":"Predator","floor":7},{"not_picked":["Cloak And Dagger","Night Terror"],"picked":"Sucker Punch","floor":10},{"not_picked":["Flechettes","Riddle With Holes"],"picked":"Sucker Punch","floor":11},{"not_picked":["Poisoned Stab","Prepared"],"picked":"Infinite Blades+1","floor":12},{"not_picked":["Reflex","Riddle With Holes"],"picked":"Backflip","floor":14},{"not_picked":["Burst","Storm of Steel"],"picked":"Corpse Explosion","floor":16},{"not_picked":["Dagger Spray","Predator"],"picked":"Terror","floor":18},{"not_picked":["Prepared+1","Dagger Spray+1"],"picked":"Well Laid Plans+1","floor":20},{"not_picked":["Dagger Spray","Outmaneuver"],"picked":"Underhanded Strike","floor":22},{"not_picked":["Blade Dance","Quick Slash+1"],"picked":"Crippling Poison+1","floor":24},{"not_picked":["Cloak And Dagger+1","Bane+1"],"picked":"Outmaneuver","floor":25},{"not_picked":["Catalyst","Blade Dance+1"],"picked":"A Thousand Cuts+1","floor":27},{"not_picked":["Underhanded Strike","Blade Dance+1","Cloak And Dagger"],"picked":"SKIP","floor":28},{"not_picked":["PiercingWail","Dagger Throw"],"picked":"Dodge and Roll","floor":31},{"not_picked":["Malaise","Glass Knife"],"picked":"Wraith Form v2+1","floor":33},{"not_picked":["Slice+1","Prepared+1","Dagger Spray+1"],"picked":"SKIP","floor":35},{"not_picked":["Distraction","Dodge and Roll+1"],"picked":"Outmaneuver+1","floor":36},{"not_picked":["Backstab","PiercingWail+1"],"picked":"Flying Knee+1","floor":38},{"not_picked":["Skewer","Dagger Spray"],"picked":"Dagger Throw","floor":40},{"not_picked":["Deflect+1","Backflip"],"picked":"Underhanded Strike+1","floor":45},{"not_picked":["Venomology","Distraction+1"],"picked":"Noxious Fumes+1","floor":46},{"not_picked":["Distraction+1","Accuracy+1"],"picked":"Choke+1","floor":47}],"player_experience":104263,"relics_obtained":[{"floor":7,"key":"Pen Nib"},{"floor":9,"key":"PreservedInsect"},{"floor":10,"key":"Frozen Egg 2"},{"floor":20,"key":"Red Mask"},{"floor":25,"key":"Mummified Hand"},{"floor":26,"key":"Regal Pillow"},{"floor":27,"key":"Gambling Chip"},{"floor":38,"key":"Bird Faced Urn"},{"floor":40,"key":"Bottled Tornado"},{"floor":42,"key":"Orichalcum"},{"floor":43,"key":"Art of War"}],"event_choices":[{"damage_healed":0,"gold_gain":0,"player_choice":"Donut","damage_taken":0,"max_hp_gain":5,"max_hp_loss":0,"event_name":"Big Fish","floor":13,"gold_loss":0},{"damage_healed":0,"gold_gain":0,"player_choice":"Became a Ghost","damage_taken":0,"max_hp_gain":0,"max_hp_loss":38,"event_name":"Ghosts","floor":19,"gold_loss":0,"cards_obtained":["Ghostly","Ghostly","Ghostly","Ghostly","Ghostly"]},{"damage_healed":0,"gold_gain":0,"player_choice":"Fought Bandits","damage_taken":0,"max_hp_gain":0,"max_hp_loss":0,"event_name":"Masked Bandits","floor":20,"gold_loss":0},{"damage_healed":0,"gold_gain":0,"player_choice":"Ignored","damage_taken":0,"max_hp_gain":0,"max_hp_loss":0,"event_name":"NoteForYourself","floor":21,"gold_loss":0},{"damage_healed":0,"gold_gain":0,"player_choice":"Fight","damage_taken":0,"max_hp_gain":0,"max_hp_loss":0,"event_name":"MindBloom","floor":38,"gold_loss":0},{"cards_removed":["Dodge and Roll"],"damage_healed":0,"gold_gain":0,"player_choice":"Removed Skill","damage_taken":0,"max_hp_gain":0,"max_hp_loss":0,"event_name":"Falling","floor":39,"gold_loss":0}],"is_beta":false,"boss_relics":[{"not_picked":["Eternal Feather","Empty Cage"],"picked":"Snecko Eye"},{"not_picked":["White Beast Statue","Tiny House"],"picked":"Sozu"}],"items_purged_floors":[5,29,48],"is_endless":false,"potions_floor_spawned":[4,7,12,14,18,31,33,35,36,46],"ascension_level":0}