{"gold_per_floor":[111,22,41,59,59,59,109,144,221,250,267,281,281,307,307,382,382,400,400,400,90,102,136,136,163,163,43,72,72,90,116,116,190,190,205,205,205,29,29,29,63,74,97,140,168,195,256,368,380,392,404,416,428,13,38,38],"floor_reached":57,"playtime":3250,"items_purged":["Creative AI+1"],"score":3583,"play_id":"b816a404-5138-439b-b0dd-ac2a679a2d82","local_time":"20190222162736","is_ascension_mode":true,"campfire_choices":[{"data":"Zap","floor":6.0,"key":"SMITH"},{"data":"Loop","floor":15.0,"key":"SMITH"},{"data":"Blizzard","floor":24,"key":"SMITH"},{"data":"Dualcast","floor":32,"key":"SMITH"},{"data":"FTL","floor":40,"key":"SMITH"},{"floor":49,"key":"RECALL"},{"data":"FTL","floor":53,"key":"SMITH"}],"neow_cost":"NONE","seed_source_timestamp":416369212646742,"circlet_count":0,"master_deck":["AscendersBane","Zap+1","Dualcast+1","Ball Lightning","Loop+1","Electrodynamics","Conserve Battery","Defragment+1","Self Repair+1","Coolheaded+1","Compile Driver","Echo Form+1","Blizzard+1","Reboot+1","Hologram+1","Stack+1","FTL+1","Reinforced Body+1","Double Energy+1","Capacitor+1","Defragment+1","Heatsinks+1","Redo+1","Hologram+1","Glacier+1","Buffer+1","FTL+1","Heatsinks+1","Undo+1","Seek+1","Force Field+1","Coolheaded+1","Defragment+1","Coolheaded+1","Go for the Eyes+1"],"special_seed":0,"relics":["Cracked Core","NeowsBlessing","Toxic Egg 2","Frozen Egg 2","Dodecahedron","FossilizedHelix","Anchor","Nuclear Battery","TheAbacus","Calipers","The Courier","Potion Belt","Symbiotic Virus","Blue Candle","Pandora\u0027s Box","Medical Kit","Blood Vial","MawBank","Ancient Tea Set","Bird Faced Urn","Incense Burner","Bottled Tornado","Bronze Scales","Pear"],"potions_floor_usage":[23,25,50,51,56,56],"damage_taken":[{"damage":0.0,"enemies":"Cultist","floor":1.0,"turns":1.0},{"damage":0.0,"enemies":"Small Slimes","floor":3.0,"turns":1.0},{"damage":0.0,"enemies":"2 Louse","floor":4.0,"turns":1.0},{"damage":7.0,"enemies":"3 Sentries","floor":8.0,"turns":3.0},{"damage":36.0,"enemies":"Gremlin Nob","floor":10.0,"turns":4.0},{"damage":4.0,"enemies":"Exordium Wildlife","floor":11.0,"turns":4.0},{"damage":7.0,"enemies":"3 Louse","floor":12.0,"turns":3.0},{"damage":0.0,"enemies":"Lagavulin","floor":14.0,"turns":5.0},{"damage":0.0,"enemies":"Hexaghost","floor":16.0,"turns":10.0},{"damage":11.0,"enemies":"2 Thieves","floor":18.0,"turns":3.0},{"damage":26.0,"enemies":"3 Byrds","floor":22.0,"turns":3.0},{"damage":10,"enemies":"Slavers","floor":23,"turns":7},{"damage":11,"enemies":"Book of Stabbing","floor":25,"turns":6},{"damage":0,"enemies":"Gremlin Leader","floor":28,"turns":6},{"damage":0,"enemies":"Shelled Parasite and Fungi","floor":30,"turns":5},{"damage":0,"enemies":"Book of Stabbing","floor":31,"turns":4},{"damage":0,"enemies":"Collector","floor":33,"turns":8},{"damage":0,"enemies":"Orb Walker","floor":35,"turns":4},{"damage":0,"enemies":"Nemesis","floor":41,"turns":7},{"damage":0,"enemies":"3 Darklings","floor":42,"turns":4},{"damage":0,"enemies":"Giant Head","floor":44,"turns":7},{"damage":0,"enemies":"Maw","floor":45,"turns":7},{"damage":0,"enemies":"4 Shapes","floor":46,"turns":2},{"damage":0,"enemies":"2 Orb Walkers","floor":47,"turns":3},{"damage":0,"enemies":"Mind Bloom Boss Battle","floor":48,"turns":5},{"damage":0,"enemies":"Time Eater","floor":50,"turns":13},{"damage":0,"enemies":"Donu and Deca","floor":51,"turns":8},{"damage":0,"enemies":"Shield and Spear","floor":55,"turns":6},{"damage":0,"enemies":"The Heart","floor":56,"turns":11}],"seed_played":"5419328432928543067","potions_obtained":[{"floor":4.0,"key":"SkillPotion"},{"floor":8.0,"key":"Fire Potion"},{"floor":12.0,"key":"EssenceOfSteel"},{"floor":14.0,"key":"SkillPotion"},{"floor":16.0,"key":"Dexterity Potion"},{"floor":22.0,"key":"Strength Potion"},{"floor":23,"key":"AttackPotion"},{"floor":30,"key":"Strength Potion"},{"floor":31,"key":"Block Potion"},{"floor":33,"key":"GamblersBrew"},{"floor":48,"key":"Energy Potion"},{"floor":55,"key":"Fire Potion"}],"is_trial":false,"path_per_floor":["M","$","M","M","T","R","?","E","T","E","M","M","?","E","R","B",null,"M","?","?","$","M","E","R","E","T","$","E","?","M","E","R","B",null,"M","?","?","$","T","R","E","M","T","E","M","M","?","?","R","B","B",null,"R","$","E","B",null],"character_chosen":"DEFECT","items_purchased":["Loop","Stack+1","FTL","TheAbacus","Defragment+1","Heatsinks+1","Medical Kit","Bottled Tornado","Bronze Scales"],"campfire_rested":0,"item_purchase_floors":[2,21,21,21,27,27,38,54,54],"current_hp_per_floor":[64,64,64,64,64,64,64,57,57,21,27,30,9,19,19,29,61,50,50,50,50,34,34,34,33,33,33,43,23,33,43,43,53,70,76,76,76,76,76,76,76,76,76,76,76,76,76,76,76,76,76,76,76,76,86,86],"gold":38,"neow_bonus":"THREE_ENEMY_KILL","is_prod":false,"is_daily":false,"chose_seed":false,"campfire_upgraded":6,"win_rate":0,"timestamp":1550824056,"path_taken":["M","$","M","M","?","R","?","E","T","E","M","?","?","E","R","BOSS","M","?","?","$","M","E","R","E","T","?","E","?","M","E","R","BOSS","M","?","?","$","?","R","E","?","T","E","M","M","?","?","R","BOSS","BOSS","R","$","E","BOSS"],"build_version":"2019-01-23","purchased_purges":1,"victory":true,"max_hp_per_floor":[71,71,71,71,71,71,71,71,71,71,71,71,71,71,71,71,71,71,71,71,71,71,71,71,71,71,71,71,76,76,76,76,76,76,76,76,76,76,76,76,76,76,76,76,76,76,76,76,76,76,76,76,76,76,86,86],"card_choices":[{"not_picked":["Loop","Compile Driver"],"picked":"Ball Lightning","floor":1.0},{"not_picked":["Beam Cell","Leap"],"picked":"Electrodynamics","floor":3.0},{"not_picked":["Rip and Tear","Beam Cell"],"picked":"Conserve Battery","floor":4.0},{"not_picked":["Self Repair","Hello World"],"picked":"Defragment","floor":8.0},{"not_picked":["Rebound","Sweeping Beam"],"picked":"Self Repair+1","floor":10.0},{"not_picked":["Stack+1","Storm+1"],"picked":"Coolheaded+1","floor":11.0},{"not_picked":["Beam Cell","Leap+1","Rebound"],"picked":"SKIP","floor":12.0},{"not_picked":["Barrage","Melter"],"picked":"Compile Driver","floor":14.0},{"not_picked":["Electrodynamics+1","Creative AI+1"],"picked":"Echo Form+1","floor":16.0},{"not_picked":["Aggregate+1","Streamline"],"picked":"Blizzard","floor":18.0},{"not_picked":["Self Repair+1","Go for the Eyes"],"picked":"Reinforced Body+1","floor":22.0},{"not_picked":["Static Discharge+1","Redo+1"],"picked":"Double Energy+1","floor":23},{"not_picked":["Barrage+1","Go for the Eyes"],"picked":"Capacitor+1","floor":25},{"not_picked":["Leap+1","Meteor Strike"],"picked":"Redo+1","floor":28},{"not_picked":["Fusion+1","Cold Snap"],"picked":"Hologram+1","floor":30},{"not_picked":["Biased Cognition+1","Fusion+1"],"picked":"Glacier+1","floor":31},{"not_picked":["Multi-Cast+1","Thunder Strike"],"picked":"Buffer+1","floor":33},{"not_picked":["Tempest+1","Leap+1","Go for the Eyes"],"picked":"SKIP","floor":35},{"not_picked":["Sweeping Beam","Barrage"],"picked":"Force Field+1","floor":41},{"not_picked":["Hello World+1","Ball Lightning"],"picked":"Coolheaded+1","floor":42},{"not_picked":["Darkness+1","Force Field+1","Barrage"],"picked":"SKIP","floor":44},{"not_picked":["Force Field+1","Static Discharge+1"],"picked":"Defragment+1","floor":45},{"not_picked":["Consume+1","Hologram+1"],"picked":"Coolheaded+1","floor":46},{"not_picked":["Reinforced Body+1","Compile Driver+1"],"picked":"Go for the Eyes+1","floor":55}],"player_experience":902007,"relics_obtained":[{"floor":5.0,"key":"Toxic Egg 2"},{"floor":8.0,"key":"Frozen Egg 2"},{"floor":9.0,"key":"Dodecahedron"},{"floor":10.0,"key":"FossilizedHelix"},{"floor":14.0,"key":"Anchor"},{"floor":23,"key":"Calipers"},{"floor":25,"key":"The Courier"},{"floor":26,"key":"Potion Belt"},{"floor":28,"key":"Symbiotic Virus"},{"floor":31,"key":"Blue Candle"},{"floor":41,"key":"Blood Vial"},{"floor":43,"key":"MawBank"},{"floor":44,"key":"Ancient Tea Set"},{"floor":47,"key":"Bird Faced Urn"},{"floor":48,"key":"Incense Burner"},{"floor":55,"key":"Pear"}],"event_choices":[{"damage_healed":0.0,"max_hp_gain":0.0,"max_hp_loss":0.0,"gold_gain":50.0,"event_name":"Golden Shrine","player_choice":"Pray","floor":7.0,"gold_loss":0.0,"damage_taken":0.0},{"damage_healed":0.0,"max_hp_gain":0.0,"max_hp_loss":0.0,"gold_gain":0.0,"event_name":"Shining Light","player_choice":"Entered Light","floor":13.0,"gold_loss":0.0,"damage_taken":21.0,"cards_upgraded":["Defend_B","Defend_B"]},{"damage_healed":0.0,"max_hp_gain":0.0,"max_hp_loss":0.0,"gold_gain":0.0,"cards_transformed":["Strike_B","Strike_B"],"event_name":"Drug Dealer","player_choice":"Became Test Subject","floor":19.0,"gold_loss":0.0,"damage_taken":0.0,"cards_obtained":["Reboot","Hologram"]},{"damage_healed":0.0,"max_hp_gain":0.0,"max_hp_loss":0.0,"gold_gain":0.0,"event_name":"Cursed Tome","player_choice":"Ignored","floor":20.0,"gold_loss":0.0,"damage_taken":0.0},{"damage_healed":0,"gold_gain":0,"player_choice":"Shed Blood","damage_taken":25,"max_hp_gain":5,"max_hp_loss":0,"event_name":"Forgotten Altar","floor":29,"gold_loss":0},{"cards_removed":["Rip and Tear"],"damage_healed":0,"gold_gain":0,"player_choice":"Removed Attack","damage_taken":0,"max_hp_gain":0,"max_hp_loss":0,"event_name":"Falling","floor":36,"gold_loss":0},{"damage_healed":0,"gold_gain":0,"player_choice":"Ignored","damage_taken":0,"max_hp_gain":0,"max_hp_loss":0,"event_name":"Tomb of Lord Red Mask","floor":37,"gold_loss":0},{"damage_healed":0,"gold_gain":0,"player_choice":"Fight","damage_taken":0,"max_hp_gain":0,"max_hp_loss":0,"event_name":"Mysterious Sphere","floor":47,"gold_loss":0},{"damage_healed":0,"gold_gain":0,"player_choice":"Fight","damage_taken":0,"max_hp_gain":0,"max_hp_loss":0,"event_name":"MindBloom","floor":48,"gold_loss":0}],"is_beta":false,"boss_relics":[{"not_picked":["Velvet Choker","Snecko Eye"],"picked":"Nuclear Battery"},{"not_picked":["Calling Bell","Astrolabe"],"picked":"Pandora\u0027s Box"}],"items_purged_floors":[54],"is_endless":false,"potions_floor_spawned":[4,8,12,14,16,22,23,30,31,33,44,45,46,48,55],"ascension_level":20}