{"gold_per_floor":[111,125,145,157,157,157,176,176,200,200,218,257,257,257,257,257],"floor_reached":16,"playtime":522,"items_purged":[],"score":204,"play_id":"205e0262-5461-4846-a984-3a7f7517ce48","local_time":"20190326112454","is_ascension_mode":true,"campfire_choices":[{"data":"Defragment","floor":6.0,"key":"SMITH"},{"data":"Zap","floor":8.0,"key":"SMITH"},{"data":"Dualcast","floor":10.0,"key":"SMITH"},{"data":"Hologram","floor":15.0,"key":"SMITH"}],"neow_cost":"PERCENT_DAMAGE","seed_source_timestamp":1307388951731,"circlet_count":0,"master_deck":["AscendersBane","Strike_B","Strike_B","Strike_B","Strike_B","Defend_B","Defend_B","Defend_B","Defend_B","Zap+1","Dualcast+1","Rebound","Conserve Battery","Defragment+1","Hologram+1","Chill","Glacier"],"special_seed":0,"relics":["Cracked Core","Du-Vu Doll","Golden Idol","Lantern","Darkstone Periapt"],"potions_floor_usage":[],"damage_taken":[{"damage":1.0,"enemies":"Cultist","floor":1.0,"turns":3.0},{"damage":7.0,"enemies":"Jaw Worm","floor":2.0,"turns":3.0},{"damage":8.0,"enemies":"2 Louse","floor":3.0,"turns":3.0},{"damage":7.0,"enemies":"Exordium Thugs","floor":4.0,"turns":4.0},{"damage":1.0,"enemies":"2 Fungi Beasts","floor":7.0,"turns":4.0},{"damage":11.0,"enemies":"Blue Slaver","floor":11.0,"turns":3.0},{"damage":7.0,"enemies":"Lagavulin","floor":12.0,"turns":8.0},{"damage":6,"enemies":"Hexaghost","floor":16,"turns":9}],"seed_played":"-7577478093149257537","potions_obtained":[{"floor":2.0,"key":"Block Potion"},{"floor":3.0,"key":"SpeedPotion"}],"is_trial":false,"path_per_floor":["M","M","M","M","?","R","M","R","T","R","M","E","T","?","R","B"],"character_chosen":"DEFECT","items_purchased":[],"campfire_rested":0,"item_purchase_floors":[],"current_hp_per_floor":[45,38,30,23,23,23,22,22,22,22,11,4,4,4,4,0],"gold":257,"neow_bonus":"ONE_RARE_RELIC","is_prod":false,"is_daily":false,"chose_seed":false,"campfire_upgraded":4,"win_rate":0,"timestamp":1553570694,"path_taken":["M","M","M","M","?","R","M","R","T","R","M","E","?","?","R","BOSS"],"build_version":"2019-01-23","purchased_purges":0,"victory":false,"max_hp_per_floor":[71,71,71,71,64,64,64,64,64,64,64,64,64,64,64,64],"card_choices":[{"not_picked":["Hello World","Scrape"],"picked":"Rebound","floor":1.0},{"not_picked":["Sweeping Beam","Steam"],"picked":"Conserve Battery","floor":2.0},{"not_picked":["Compile Driver","Streamline"],"picked":"Defragment","floor":3.0},{"not_picked":["Compile Driver","Double Energy","Sweeping Beam"],"picked":"SKIP","floor":4.0},{"not_picked":["Streamline","Redo"],"picked":"Hologram","floor":7.0},{"not_picked":["Steam","Rip and Tear"],"picked":"Chill","floor":11.0},{"not_picked":["Rebound","Reprogram"],"picked":"Glacier","floor":12.0}],"player_experience":3873328,"relics_obtained":[{"floor":12.0,"key":"Lantern"},{"floor":13.0,"key":"Darkstone Periapt"}],"event_choices":[{"damage_healed":0.0,"max_hp_gain":0.0,"max_hp_loss":7.0,"gold_gain":0.0,"event_name":"Golden Idol","player_choice":"Lose Max HP","floor":5.0,"gold_loss":0.0,"damage_taken":0.0,"relics_obtained":["Golden Idol"]},{"damage_healed":0.0,"max_hp_gain":0.0,"max_hp_loss":0.0,"gold_gain":0.0,"event_name":"Scrap Ooze","player_choice":"Fled","floor":14.0,"gold_loss":0.0,"damage_taken":0.0}],"is_beta":false,"boss_relics":[],"items_purged_floors":[],"is_endless":false,"potions_floor_spawned":[2,3],"killed_by":"Hexaghost","ascension_level":20}