{"gold_per_floor":[111,111,111,111,111,111,145,160,160,85,85,105,105,118,118,217,217,233,233,247,297,321,321,356,356,380,395,395,416,436,18,18,112,112,127,150,50,66,66,99,99,133,133,133,176,190,221,245,245,245,245,245,245,28,67,67],"floor_reached":57,"playtime":2264,"items_purged":["Strike_B+1","Defend_B"],"score":3355,"play_id":"0825e352-e562-4d7f-b548-eb6386261ebd","local_time":"20190306191208","is_ascension_mode":true,"campfire_choices":[{"data":"Dualcast","floor":6.0,"key":"SMITH"},{"data":"Hologram","floor":11.0,"key":"SMITH"},{"data":"Biased Cognition","floor":13.0,"key":"SMITH"},{"data":"Zap","floor":15.0,"key":"SMITH"},{"data":"Hyperbeam","floor":23.0,"key":"SMITH"},{"data":"Recycle","floor":25.0,"key":"SMITH"},{"floor":28.0,"key":"REST"},{"data":"Apotheosis","floor":32.0,"key":"SMITH"},{"floor":41.0,"key":"RECALL"},{"data":"Biased Cognition","floor":44.0,"key":"SMITH"},{"data":"Biased Cognition","floor":49.0,"key":"SMITH"},{"data":"Fission","floor":53.0,"key":"SMITH"}],"neow_cost":"NONE","seed_source_timestamp":34436453852503,"circlet_count":0,"master_deck":["AscendersBane","Strike_B+1","Defend_B","Zap+1","Dualcast+1","Ball Lightning","Conserve Battery","Hologram+1","Biased Cognition+1","Biased Cognition+1","Recycle+1","Biased Cognition+1","Hyperbeam+1","Self Repair","Redo+1","Echo Form","Double Energy+1","BootSequence","Apotheosis+1","Biased Cognition+1","Electrodynamics","Coolheaded+1","Thunder Strike","Coolheaded","Ball Lightning","Fission+1","Double Energy","Meteor Strike","Skim+1","Heatsinks","Hologram","Heatsinks"],"special_seed":0,"relics":["Cracked Core","NeowsBlessing","Golden Idol","Ornamental Fan","Letter Opener","Runic Pyramid","Bag of Preparation","Dead Branch","Happy Flower","DollysMirror","Runic Dome","Oddly Smooth Stone","Anchor","Mummified Hand","Pen Nib","Singing Bowl","Pocketwatch"],"potions_floor_usage":[],"damage_taken":[{"damage":0.0,"enemies":"Jaw Worm","floor":1.0,"turns":1.0},{"damage":0.0,"enemies":"Gremlin Nob","floor":7.0,"turns":1.0},{"damage":0.0,"enemies":"Small Slimes","floor":8.0,"turns":1.0},{"damage":0.0,"enemies":"2 Louse","floor":12.0,"turns":2.0},{"damage":7.0,"enemies":"Exordium Wildlife","floor":14.0,"turns":3.0},{"damage":20.0,"enemies":"Slime Boss","floor":16.0,"turns":6.0},{"damage":0.0,"enemies":"Spheric Guardian","floor":18.0,"turns":3.0},{"damage":13.0,"enemies":"Shell Parasite","floor":20.0,"turns":3.0},{"damage":14.0,"enemies":"Centurion and Healer","floor":22.0,"turns":4.0},{"damage":27.0,"enemies":"Slavers","floor":24.0,"turns":3.0},{"damage":12.0,"enemies":"Shelled Parasite and Fungi","floor":27.0,"turns":2.0},{"damage":5.0,"enemies":"Chosen and Byrds","floor":29.0,"turns":3.0},{"damage":2.0,"enemies":"Snake Plant","floor":30.0,"turns":2.0},{"damage":5.0,"enemies":"Champ","floor":33.0,"turns":9.0},{"damage":0.0,"enemies":"3 Darklings","floor":35.0,"turns":2.0},{"damage":0.0,"enemies":"Orb Walker","floor":36.0,"turns":2.0},{"damage":7.0,"enemies":"4 Shapes","floor":38.0,"turns":4.0},{"damage":0.0,"enemies":"Giant Head","floor":40.0,"turns":5.0},{"damage":0.0,"enemies":"Reptomancer","floor":42.0,"turns":3.0},{"damage":0.0,"enemies":"Nemesis","floor":45.0,"turns":5.0},{"damage":0.0,"enemies":"Jaw Worm Horde","floor":46.0,"turns":3.0},{"damage":0.0,"enemies":"Giant Head","floor":47.0,"turns":3.0},{"damage":0.0,"enemies":"Writhing Mass","floor":48.0,"turns":3.0},{"damage":0.0,"enemies":"Donu and Deca","floor":50.0,"turns":4.0},{"damage":0.0,"enemies":"Awakened One","floor":51.0,"turns":5.0},{"damage":0.0,"enemies":"Shield and Spear","floor":55.0,"turns":3.0},{"damage":13,"enemies":"The Heart","floor":56,"turns":5}],"seed_played":"6049920590702618256","potions_obtained":[{"floor":8.0,"key":"Fire Potion"},{"floor":16.0,"key":"Poison Potion"},{"floor":24.0,"key":"Swift Potion"},{"floor":27.0,"key":"PowerPotion"},{"floor":30.0,"key":"SteroidPotion"},{"floor":40.0,"key":"Explosive Potion"},{"floor":45.0,"key":"GamblersBrew"},{"floor":55.0,"key":"GamblersBrew"}],"is_trial":false,"path_per_floor":["M","?","?","?","?","R","E","M","T","?","R","M","R","M","R","B",null,"M","?","M","T","M","R","E","R","T","M","R","M","M","$","R","B",null,"M","M","$","M","?","E","R","E","T","R","E","M","E","M","R","B","B",null,"R","$","E","B",null],"character_chosen":"DEFECT","items_purchased":["Apotheosis","DollysMirror","Coolheaded","Heatsinks","Hologram"],"campfire_rested":1,"item_purchase_floors":[31,31,37,54,54],"current_hp_per_floor":[64,69,46,39,39,39,39,39,39,39,39,39,39,32,32,12,55,55,55,42,42,35,35,15,15,15,10,30,39,44,44,44,46,63,63,69,69,69,69,69,69,69,69,69,69,69,69,69,69,69,69,69,69,69,69,66],"gold":67,"neow_bonus":"THREE_ENEMY_KILL","is_prod":false,"is_daily":false,"chose_seed":false,"campfire_upgraded":10,"win_rate":0,"timestamp":1551870728,"path_taken":["M","?","?","?","?","R","E","M","T","?","R","M","R","M","R","BOSS","M","?","M","?","M","R","E","R","T","M","R","M","M","$","R","BOSS","M","M","$","M","?","E","R","E","T","R","E","M","E","M","R","BOSS","BOSS","R","$","E","BOSS"],"build_version":"2019-01-23","purchased_purges":2,"victory":true,"max_hp_per_floor":[71,76,76,76,69,69,69,69,69,69,69,69,69,69,69,69,69,69,69,69,69,69,69,69,69,69,69,69,69,69,69,69,69,69,69,69,69,69,69,69,69,69,69,69,69,69,69,69,69,69,69,69,69,69,69,69],"card_choices":[{"not_picked":["Conserve Battery","Redo"],"picked":"Ball Lightning","floor":1.0},{"not_picked":["Redo","Steam"],"picked":"Conserve Battery","floor":7.0},{"not_picked":["Compile Driver","Sweeping Beam"],"picked":"Hologram","floor":8.0},{"not_picked":["Stack","Steam"],"picked":"Biased Cognition","floor":12.0},{"not_picked":["Beam Cell","Conserve Battery","Sweeping Beam"],"picked":"SKIP","floor":14.0},{"not_picked":["Buffer","Rainbow"],"picked":"Biased Cognition","floor":16.0},{"not_picked":["Tempest","Barrage"],"picked":"Recycle","floor":18.0},{"not_picked":["Leap","Go for the Eyes"],"picked":"Self Repair","floor":20.0},{"not_picked":["Fusion","Conserve Battery"],"picked":"Redo+1","floor":22.0},{"not_picked":["Darkness","Conserve Battery"],"picked":"Echo Form","floor":24.0},{"not_picked":["Coolheaded","Capacitor"],"picked":"Double Energy+1","floor":27.0},{"not_picked":["Cold Snap","Steam"],"picked":"BootSequence","floor":29.0},{"not_picked":["Rebound","Conserve Battery","Barrage"],"picked":"SKIP","floor":30.0},{"not_picked":["Multi-Cast","Hyperbeam"],"picked":"Electrodynamics","floor":33.0},{"not_picked":["Stack","Cold Snap"],"picked":"Coolheaded+1","floor":35.0},{"not_picked":["Sweeping Beam","Turbo"],"picked":"Thunder Strike","floor":36.0},{"not_picked":["Go for the Eyes","Redo"],"picked":"Ball Lightning","floor":38.0},{"not_picked":["Force Field","Sweeping Beam","Stack"],"picked":"SKIP","floor":40.0},{"not_picked":["Redo+1","Steam","Conserve Battery"],"picked":"SKIP","floor":42.0},{"not_picked":["Compile Driver","Coolheaded+1"],"picked":"Fission","floor":45.0},{"not_picked":["Darkness","Barrage"],"picked":"Double Energy","floor":46.0},{"not_picked":["Gash+1","White Noise"],"picked":"Meteor Strike","floor":47.0},{"not_picked":["Turbo+1","Coolheaded"],"picked":"Skim+1","floor":48.0},{"not_picked":["Cold Snap","Melter"],"picked":"Heatsinks","floor":55.0}],"player_experience":3363408,"relics_obtained":[{"floor":7.0,"key":"Ornamental Fan"},{"floor":9.0,"key":"Letter Opener"},{"floor":21.0,"key":"Bag of Preparation"},{"floor":24.0,"key":"Dead Branch"},{"floor":26.0,"key":"Happy Flower"},{"floor":40.0,"key":"Anchor"},{"floor":42.0,"key":"Mummified Hand"},{"floor":45.0,"key":"Pen Nib"},{"floor":47.0,"key":"Singing Bowl"},{"floor":55.0,"key":"Pocketwatch"}],"event_choices":[{"damage_healed":0.0,"max_hp_gain":5.0,"max_hp_loss":0.0,"gold_gain":0.0,"event_name":"Big Fish","player_choice":"Donut","floor":2.0,"gold_loss":0.0,"damage_taken":0.0},{"damage_healed":0.0,"max_hp_gain":0.0,"max_hp_loss":0.0,"gold_gain":0.0,"event_name":"Shining Light","player_choice":"Entered Light","floor":3.0,"gold_loss":0.0,"damage_taken":23.0,"cards_upgraded":["Strike_B","Strike_B"]},{"cards_removed":["Strike_B"],"damage_healed":0.0,"max_hp_gain":0.0,"max_hp_loss":0.0,"gold_gain":0.0,"event_name":"Golden Wing","player_choice":"Card Removal","floor":4.0,"gold_loss":0.0,"damage_taken":7.0},{"damage_healed":0.0,"max_hp_gain":0.0,"max_hp_loss":7.0,"gold_gain":0.0,"event_name":"Golden Idol","player_choice":"Lose Max HP","floor":5.0,"gold_loss":0.0,"damage_taken":0.0,"relics_obtained":["Golden Idol"]},{"cards_removed":["Strike_B"],"damage_healed":0.0,"max_hp_gain":0.0,"max_hp_loss":0.0,"gold_gain":0.0,"event_name":"The Cleric","player_choice":"Card Removal","floor":10.0,"gold_loss":75.0,"damage_taken":0.0},{"damage_healed":0.0,"max_hp_gain":0.0,"max_hp_loss":0.0,"gold_gain":0.0,"cards_transformed":["Defend_B","Defend_B"],"event_name":"Drug Dealer","player_choice":"Became Test Subject","floor":19.0,"gold_loss":0.0,"damage_taken":0.0,"cards_obtained":["Biased Cognition","Hyperbeam"]},{"damage_healed":0.0,"max_hp_gain":0.0,"max_hp_loss":0.0,"gold_gain":0.0,"event_name":"WeMeetAgain","player_choice":"Gave Potion","floor":39.0,"gold_loss":0.0,"damage_taken":0.0,"relics_obtained":["Oddly Smooth Stone"]}],"is_beta":false,"boss_relics":[{"not_picked":["FrozenCore","Black Star"],"picked":"Runic Pyramid"},{"not_picked":["Inserter","Sozu"],"picked":"Runic Dome"}],"items_purged_floors":[37,54],"is_endless":false,"potions_floor_spawned":[8,16,24,27,30,33,38,40,45,46,55],"ascension_level":20}