{"gold_per_floor":[110,110,35,53,53,53,78,91,145,145,162,175,200,38,38,38],"floor_reached":16,"playtime":322,"items_purged":[],"score":200,"play_id":"009b4031-7e75-497b-a34a-83d5f0019664","local_time":"20190227191649","is_ascension_mode":true,"campfire_choices":[{"data":"Zap","floor":6,"key":"SMITH"},{"data":"Streamline","floor":15,"key":"SMITH"}],"neow_cost":"NONE","seed_source_timestamp":861789118723250,"circlet_count":0,"master_deck":["AscendersBane","Strike_B","Defend_B","Defend_B","Zap+1","Dualcast","Leap","Seek","Tempest","Cold Snap","Chaos","Blizzard","Streamline+1","Meteor Strike"],"relics":["Empty Cage","Pen Nib","Tiny Chest","Oddly Smooth Stone"],"potions_floor_usage":[7],"damage_taken":[{"damage":4,"enemies":"Jaw Worm","floor":1,"turns":4},{"damage":3,"enemies":"2 Louse","floor":4,"turns":3},{"damage":14,"enemies":"Lagavulin","floor":7,"turns":7},{"damage":4,"enemies":"Small Slimes","floor":8,"turns":4},{"damage":5,"enemies":"Blue Slaver","floor":11,"turns":3},{"damage":19,"enemies":"Exordium Thugs","floor":12,"turns":4},{"damage":6,"enemies":"Slime Boss","floor":16,"turns":5}],"seed_played":"-7189343608989062493","potions_obtained":[{"floor":4,"key":"SpeedPotion"},{"floor":7,"key":"Fruit Juice"},{"floor":11,"key":"Block Potion"}],"is_trial":false,"path_per_floor":["M","?","?","M","?","R","E","M","T","?","M","M","T","$","R","B"],"character_chosen":"DEFECT","items_purchased":["Meteor Strike"],"campfire_rested":0,"item_purchase_floors":[14],"current_hp_per_floor":[60,60,60,57,50,50,41,37,37,26,21,2,2,2,2,0],"gold":38,"neow_bonus":"BOSS_RELIC","is_prod":false,"is_daily":false,"chose_seed":false,"campfire_upgraded":2,"win_rate":0,"timestamp":1551266209,"path_taken":["M","?","?","M","?","R","E","M","T","?","M","?","?","?","R","BOSS"],"build_version":"2019-01-23","purchased_purges":0,"victory":false,"max_hp_per_floor":[71,71,71,71,71,71,76,76,76,76,76,76,76,76,76,76],"card_choices":[{"not_picked":["Barrage","Hologram"],"picked":"Leap","floor":1},{"not_picked":["Chill","Aggregate"],"picked":"Tempest","floor":4},{"not_picked":["Conserve Battery","Machine Learning"],"picked":"Cold Snap","floor":7},{"not_picked":["Conserve Battery","Rebound"],"picked":"Chaos","floor":8},{"not_picked":["Redo","Recycle"],"picked":"Blizzard","floor":11},{"not_picked":["Go for the Eyes","Doom and Gloom"],"picked":"Streamline","floor":12}],"player_experience":1032902,"relics_obtained":[{"floor":7,"key":"Pen Nib"},{"floor":9,"key":"Tiny Chest"},{"floor":13,"key":"Oddly Smooth Stone"}],"event_choices":[{"damage_healed":0,"gold_gain":0,"cards_transformed":["Strike_B"],"player_choice":"Change","damage_taken":0,"max_hp_gain":0,"max_hp_loss":0,"event_name":"Living Wall","floor":2,"gold_loss":0,"cards_obtained":["Seek"]},{"cards_removed":["Defend_B"],"damage_healed":0,"gold_gain":0,"player_choice":"Card Removal","damage_taken":0,"max_hp_gain":0,"max_hp_loss":0,"event_name":"The Cleric","floor":3,"gold_loss":75},{"cards_removed":["Defend_B"],"damage_healed":0,"gold_gain":0,"player_choice":"Card Removal","damage_taken":7,"max_hp_gain":0,"max_hp_loss":0,"event_name":"Golden Wing","floor":5,"gold_loss":0},{"damage_healed":0,"gold_gain":0,"player_choice":"Damaged","damage_taken":11,"max_hp_gain":0,"max_hp_loss":0,"event_name":"Wheel of Change","floor":10,"gold_loss":0}],"is_beta":false,"boss_relics":[],"items_purged_floors":[],"is_endless":false,"potions_floor_spawned":[4,7,11],"killed_by":"Slime Boss","ascension_level":20}