{"gold_per_floor":[116,136,136,136,147,147,159,159,159,171,187,201,201,213,213,287,287,298,13,26,26,26,26,40,68,68,68,68,85,85,85,85,156,156,169,169,189,206,124,124,136,150,150,70,89,89,135,162,162,162],"floor_reached":50,"playtime":2022,"items_purged":["Defend_R","Strike_R"],"score":1126,"play_id":"f7908c3d-773b-4ec1-a599-87a696441948","local_time":"20180924134948","is_ascension_mode":true,"campfire_choices":[{"data":"Body Slam","floor":6.0,"key":"SMITH"},{"data":"True Grit","floor":13.0,"key":"SMITH"},{"data":"Body Slam","floor":15.0,"key":"SMITH"},{"data":"Juggernaut","floor":23.0,"key":"SMITH"},{"data":"Flame Barrier","floor":30.0,"key":"SMITH"},{"data":"Feel No Pain","floor":32.0,"key":"SMITH"},{"data":"Exhume","floor":40,"key":"SMITH"},{"data":"Impervious","floor":49,"key":"SMITH"}],"neow_cost":"NONE","seed_source_timestamp":262157684153195,"circlet_count":0,"master_deck":["Strike_R","Defend_R","Defend_R","Defend_R","Bash","AscendersBane","Juggernaut+1","Body Slam+1","Flame Barrier+1","True Grit+1","Body Slam+1","Impervious+1","Feel No Pain+1","Power Through","RitualDagger","Ghostly","Ghostly","Ghostly","Ghostly","Ghostly","Exhume+1","Rage","Evolve","Shrug It Off","Reckless Charge+1","Panache","Armaments+1"],"special_seed":0,"relics":["Burning Blood","Kunai","Philosopher\u0027s Stone","Singing Bowl","Magic Flower","The Courier","Mark of Pain","Blood Vial","Ice Cream","Smiling Mask"],"potions_floor_usage":[42,45,48,50],"damage_taken":[{"damage":9.0,"enemies":"Jaw Worm","floor":1.0,"turns":5.0},{"damage":1.0,"enemies":"Cultist","floor":2.0,"turns":3.0},{"damage":2.0,"enemies":"2 Louse","floor":5.0,"turns":3.0},{"damage":50.0,"enemies":"Exordium Thugs","floor":7.0,"turns":6.0},{"damage":6.0,"enemies":"Blue Slaver","floor":10.0,"turns":4.0},{"damage":7.0,"enemies":"Large Slime","floor":11.0,"turns":7.0},{"damage":8.0,"enemies":"Gremlin Gang","floor":12.0,"turns":5.0},{"damage":0.0,"enemies":"Blue Slaver","floor":14.0,"turns":4.0},{"damage":16.0,"enemies":"Slime Boss","floor":16.0,"turns":12.0},{"damage":22.0,"enemies":"Spheric Guardian","floor":18.0,"turns":4.0},{"damage":14.0,"enemies":"2 Thieves","floor":20.0,"turns":5.0},{"damage":1.0,"enemies":"Snecko","floor":24.0,"turns":7.0},{"damage":0.0,"enemies":"Gremlin Leader","floor":25.0,"turns":9.0},{"damage":17.0,"enemies":"Centurion and Healer","floor":29.0,"turns":6.0},{"damage":0.0,"enemies":"3 Cultists","floor":31.0,"turns":2.0},{"damage":28,"enemies":"Champ","floor":33,"turns":13},{"damage":2,"enemies":"Orb Walker","floor":35,"turns":7},{"damage":21,"enemies":"3 Shapes","floor":37,"turns":6},{"damage":0,"enemies":"Transient","floor":38,"turns":6},{"damage":6,"enemies":"4 Shapes","floor":41,"turns":6},{"damage":33,"enemies":"Spire Growth","floor":42,"turns":9},{"damage":1,"enemies":"Sphere and 2 Shapes","floor":45,"turns":7},{"damage":0,"enemies":"Mysterious Sphere","floor":47,"turns":5},{"damage":0,"enemies":"2 Orb Walkers","floor":48,"turns":4},{"damage":60,"enemies":"Time Eater","floor":50,"turns":12}],"seed_played":"-745466341853310870","potions_obtained":[{"floor":2.0,"key":"SpeedPotion"},{"floor":7.0,"key":"EssenceOfSteel"},{"floor":10.0,"key":"Weak Potion"},{"floor":11.0,"key":"PowerPotion"},{"floor":14.0,"key":"Dexterity Potion"},{"floor":18.0,"key":"SteroidPotion"},{"floor":20.0,"key":"SmokeBomb"},{"floor":35,"key":"GamblersBrew"},{"floor":38,"key":"BloodPotion"},{"floor":45,"key":"Poison Potion"},{"floor":47,"key":"AttackPotion"}],"is_trial":false,"path_per_floor":["M","M","?","?","M","R","M","?","T","M","M","M","R","M","R","B",null,"M","$","M","?","?","R","M","E","T","?","?","M","R","M","R","B",null,"M","?","M","M","$","R","M","M","T","$","M","?","?","E","R"],"character_chosen":"IRONCLAD","items_purchased":["Singing Bowl","Shrug It Off"],"campfire_rested":0,"item_purchase_floors":[19,39],"current_hp_per_floor":[65,70,75,80,80,80,36,29,29,29,28,26,26,32,32,22,66,50,50,44,38,38,38,43,45,45,45,45,39,39,47,47,28,42,49,49,37,46,46,46,51,27,27,27,48,48,53,55,55,0],"gold":162,"neow_bonus":"ONE_RANDOM_RARE_CARD","is_prod":false,"is_daily":false,"chose_seed":false,"campfire_upgraded":8,"win_rate":0,"timestamp":1537768188,"path_taken":["M","M","?","?","M","R","?","?","T","M","M","M","R","M","R","BOSS","M","$","M","?","?","R","M","E","T","?","?","M","R","?","R","BOSS","M","?","?","?","?","R","M","M","T","$","M","?","?","E","R","BOSS"],"build_version":"2018-09-20","purchased_purges":2,"victory":false,"max_hp_per_floor":[75,75,80,80,80,80,80,80,80,80,80,80,80,80,80,80,80,80,80,82,82,41,41,43,45,45,45,45,47,47,47,47,47,47,49,49,49,49,49,49,51,51,51,51,53,53,53,55,55,55],"card_choices":[{"not_picked":["Sword Boomerang","Iron Wave"],"picked":"Body Slam","floor":1.0},{"not_picked":["Dual Wield","Spot Weakness"],"picked":"Flame Barrier","floor":2.0},{"not_picked":["Rampage","Heavy Blade"],"picked":"True Grit","floor":5.0},{"not_picked":["Clash","Cleave","Pommel Strike"],"picked":"SKIP","floor":7.0},{"not_picked":["Sword Boomerang","Armaments"],"picked":"Body Slam","floor":10.0},{"not_picked":["Sentinel","Iron Wave"],"picked":"Impervious","floor":11.0},{"not_picked":["Anger","True Grit","Bloodletting"],"picked":"SKIP","floor":12.0},{"not_picked":["Bloodletting","Shrug It Off"],"picked":"Feel No Pain","floor":14.0},{"not_picked":["Flex","Inflame"],"picked":"Power Through","floor":18.0},{"not_picked":["Pummel","Iron Wave","Flex"],"picked":"Singing Bowl","floor":20.0},{"not_picked":["Rampage","Cleave","Clash"],"picked":"Singing Bowl","floor":24.0},{"not_picked":["Clash+1","Wild Strike","True Grit"],"picked":"Singing Bowl","floor":25.0},{"not_picked":["Wild Strike","True Grit","Twin Strike"],"picked":"Singing Bowl","floor":29.0},{"not_picked":["Feed","Limit Break"],"picked":"Exhume","floor":33},{"not_picked":["True Grit","Pommel Strike","Body Slam"],"picked":"Singing Bowl","floor":35},{"not_picked":["Pommel Strike","Heavy Blade"],"picked":"Rage","floor":37},{"not_picked":["Thunderclap","Intimidate"],"picked":"Evolve","floor":38},{"not_picked":["Cleave","Perfected Strike","True Grit+1"],"picked":"Singing Bowl","floor":41},{"not_picked":["Warcry","Sentinel"],"picked":"Reckless Charge+1","floor":42},{"not_picked":["Twin Strike","Fire Breathing+1","Armaments"],"picked":"Singing Bowl","floor":45},{"not_picked":["Forethought","Mayhem"],"picked":"Panache","floor":46},{"not_picked":["Clash","Flex"],"picked":"Armaments+1","floor":47},{"not_picked":["Sword Boomerang","Uppercut","Flex"],"picked":"Singing Bowl","floor":48}],"player_experience":123056,"relics_obtained":[{"floor":9.0,"key":"Kunai"},{"floor":25.0,"key":"Magic Flower"},{"floor":26.0,"key":"The Courier"},{"floor":43,"key":"Blood Vial"},{"floor":47,"key":"Ice Cream"},{"floor":48,"key":"Smiling Mask"}],"event_choices":[{"event_name":"Big Fish","player_choice":"Donut","floor":3.0,"damage_taken":0.0},{"event_name":"Wheel of Change","player_choice":"Full Heal","floor":4.0,"damage_taken":0.0},{"event_name":"Golden Wing","player_choice":"Card Removal","floor":8.0,"damage_taken":0.0},{"event_name":"Nest","player_choice":"Joined the Cult","floor":21.0,"damage_taken":0.0},{"event_name":"Ghosts","player_choice":"Became a Ghost","floor":22.0,"damage_taken":0.0},{"event_name":"Vampires","player_choice":"Ignored","floor":27.0,"damage_taken":0.0},{"event_name":"Purifier","player_choice":"One Purge","floor":28.0,"damage_taken":0.0},{"event_name":"Falling","player_choice":"Removed Attack","floor":36,"damage_taken":0},{"event_name":"SensoryStone","player_choice":"Memory 1","floor":46,"damage_taken":0},{"event_name":"Mysterious Sphere","player_choice":"Fight","floor":47,"damage_taken":0}],"is_beta":false,"boss_relics":[{"not_picked":["Orrery","Empty Cage"],"picked":"Philosopher\u0027s Stone"},{"not_picked":["Black Star","Snecko Eye"],"picked":"Mark of Pain"}],"items_purged_floors":[39,44],"is_endless":false,"potions_floor_spawned":[2,7,10,11,14,18,20,31,35,38,45,47],"killed_by":"Time Eater","ascension_level":20}