{"gold_per_floor":[117,42,142,162,162,162,262,277,304,304,324,29,29,48,48,143,143,161,172,92,108,118,118,128,3,3,3,16,28,28,40,40,142,142,158,169,128,228,228,228,247,247,247,263,279,298,298,315,315,315],"floor_reached":51,"playtime":1708,"items_purged":["Strike_G","Defend_G","Defend_G"],"score":720,"play_id":"e35008fc-bd10-4d6f-b200-d73a7609abe8","local_time":"20181031142750","is_ascension_mode":false,"campfire_choices":[{"data":"Poisoned Stab","floor":6,"key":"SMITH"},{"data":"Neutralize","floor":10,"key":"SMITH"},{"data":"Riddle With Holes","floor":15,"key":"SMITH"},{"data":"Noxious Fumes","floor":23,"key":"SMITH"},{"data":"Footwork","floor":27,"key":"SMITH"},{"data":"Catalyst","floor":32,"key":"SMITH"},{"data":"Catalyst","floor":40,"key":"SMITH"},{"floor":42,"key":"REST"},{"floor":49,"key":"REST"}],"neow_cost":"NONE","seed_source_timestamp":16182123012882,"circlet_count":0,"master_deck":["Defend_G","Defend_G","Strike_G+1","Survivor+1","Neutralize+1","Riddle With Holes+1","Backflip","Corpse Explosion","Calculated Gamble+1","All Out Attack+1","Dagger Throw+1","Terror","Catalyst+1","Footwork+1","Noxious Fumes+1","Crippling Poison+1","Leg Sweep","Catalyst+1","Bullet Time","Leg Sweep+1","Catalyst+1","Noxious Fumes","Deadly Poison+1","Noxious Fumes+1","Escape Plan","Backflip+1"],"relics":["Ring of the Snake","Regal Pillow","Blood Vial","Oddly Smooth Stone","Astrolabe","Mercury Hourglass","Lizard Tail","Thread and Needle","Vajra"],"potions_floor_usage":[16,16,19,41,46,48,50],"damage_taken":[{"damage":2,"enemies":"Small Slimes","floor":1,"turns":3},{"damage":1,"enemies":"Cultist","floor":4,"turns":3},{"damage":0,"enemies":"2 Louse","floor":8,"turns":2},{"damage":34,"enemies":"Gremlin Gang","floor":11,"turns":7},{"damage":0,"enemies":"3 Louse","floor":14,"turns":3},{"damage":0,"enemies":"Hexaghost","floor":16,"turns":9},{"damage":0,"enemies":"Chosen","floor":18,"turns":4},{"damage":0,"enemies":"2 Thieves","floor":19,"turns":2},{"damage":1,"enemies":"Snake Plant","floor":21,"turns":4},{"damage":12,"enemies":"Chosen and Byrds","floor":22,"turns":5},{"damage":0,"enemies":"Snecko","floor":24,"turns":4},{"damage":0,"enemies":"Cultist and Chosen","floor":28,"turns":3},{"damage":2,"enemies":"Snake Plant","floor":29,"turns":3},{"damage":11,"enemies":"Snecko","floor":31,"turns":4},{"damage":11,"enemies":"Automaton","floor":33,"turns":6},{"damage":11,"enemies":"Orb Walker","floor":35,"turns":4},{"damage":18,"enemies":"3 Darklings","floor":36,"turns":4},{"damage":9,"enemies":"Mind Bloom Boss Battle","floor":38,"turns":4},{"damage":1,"enemies":"Sphere and 2 Shapes","floor":41,"turns":3},{"damage":3,"enemies":"Maw","floor":44,"turns":5},{"damage":14,"enemies":"Writhing Mass","floor":45,"turns":4},{"damage":28,"enemies":"Spire Growth","floor":46,"turns":3},{"damage":0,"enemies":"Sphere and 2 Shapes","floor":48,"turns":4},{"damage":46,"enemies":"Donu and Deca","floor":50,"turns":4}],"seed_played":"6865779455126338404","potions_obtained":[{"floor":8,"key":"GamblersBrew"},{"floor":14,"key":"Explosive Potion"},{"floor":16,"key":"Weak Potion"},{"floor":18,"key":"Energy Potion"},{"floor":22,"key":"Weak Potion"},{"floor":41,"key":"Weak Potion"}],"is_trial":false,"path_per_floor":["M","$","?","M","?","R","?","M","T","R","M","$","?","M","R","B",null,"M","M","$","M","M","R","M","$","T","R","M","M","$","M","R","B",null,"M","M","$","?","?","R","M","R","T","M","M","M","?","M","R","B"],"character_chosen":"THE_SILENT","items_purchased":["Oddly Smooth Stone","SteroidPotion","Footwork","Catalyst"],"campfire_rested":2,"item_purchase_floors":[12,12,20,37],"current_hp_per_floor":[68,68,68,67,49,49,49,49,49,49,17,17,3,5,5,7,70,70,70,70,69,58,58,60,60,60,60,62,62,62,53,53,44,70,59,43,43,36,36,36,37,70,70,67,55,29,29,31,67,23],"gold":315,"neow_bonus":"TRANSFORM_CARD","is_prod":false,"is_daily":false,"chose_seed":false,"campfire_upgraded":7,"win_rate":0,"timestamp":1540967270,"path_taken":["M","$","?","?","?","R","?","M","T","R","M","$","?","M","R","BOSS","M","M","$","M","M","R","?","$","T","R","M","M","$","M","R","BOSS","M","M","$","?","?","R","M","R","T","M","M","M","?","M","R","BOSS"],"build_version":"2018-10-25v2","purchased_purges":3,"victory":true,"max_hp_per_floor":[70,70,70,70,70,70,70,70,70,70,70,70,70,70,70,70,70,70,70,70,70,70,70,70,70,70,70,70,70,70,70,70,70,70,70,70,70,70,70,70,70,70,70,70,70,70,70,70,70,70],"card_choices":[{"not_picked":["Backflip","PiercingWail"],"picked":"Poisoned Stab","floor":1},{"not_picked":["Caltrops","Blur"],"picked":"Backflip","floor":4},{"not_picked":["Bane","Cloak And Dagger","Skewer"],"picked":"SKIP","floor":8},{"not_picked":["PiercingWail","Backstab","Endless Agony"],"picked":"SKIP","floor":11},{"not_picked":["Outmaneuver","Accuracy","Deflect"],"picked":"SKIP","floor":14},{"not_picked":["Adrenaline","Grand Finale"],"picked":"Corpse Explosion","floor":16},{"not_picked":["Backflip","Cloak And Dagger"],"picked":"Terror","floor":18},{"not_picked":["Reflex","Deflect"],"picked":"Catalyst+1","floor":19},{"not_picked":["All Out Attack","Dodge and Roll"],"picked":"Noxious Fumes","floor":21},{"not_picked":["Prepared","Outmaneuver"],"picked":"Crippling Poison+1","floor":22},{"not_picked":["Outmaneuver","Backstab","Deflect+1"],"picked":"SKIP","floor":24},{"not_picked":["Cloak And Dagger","Flying Knee"],"picked":"Leg Sweep","floor":28},{"not_picked":["Sucker Punch","Footwork+1"],"picked":"Catalyst","floor":29},{"not_picked":["Deflect","Prepared+1","PiercingWail"],"picked":"SKIP","floor":31},{"not_picked":["Unload","A Thousand Cuts"],"picked":"Bullet Time","floor":33},{"not_picked":["Bane+1","Backstab+1"],"picked":"Leg Sweep+1","floor":35},{"not_picked":["Dagger Spray","Riddle With Holes+1","Poisoned Stab"],"picked":"SKIP","floor":36},{"not_picked":["Dodge and Roll+1","Poisoned Stab+1"],"picked":"Noxious Fumes","floor":38},{"not_picked":["PiercingWail","Quick Slash+1"],"picked":"Deadly Poison+1","floor":41},{"not_picked":["Backflip+1","Sucker Punch"],"picked":"Noxious Fumes+1","floor":44},{"not_picked":["Acrobatics+1","Dagger Spray"],"picked":"Escape Plan","floor":45},{"not_picked":["Heel Hook+1","Eviscerate"],"picked":"Backflip+1","floor":46},{"not_picked":["Infinite Blades","Outmaneuver+1","Masterful Stab"],"picked":"SKIP","floor":48}],"player_experience":776497,"relics_obtained":[{"floor":9,"key":"Blood Vial"},{"floor":26,"key":"Mercury Hourglass"},{"floor":38,"key":"Thread and Needle"},{"floor":43,"key":"Vajra"}],"event_choices":[{"damage_healed":0,"gold_gain":100,"player_choice":"Gold","damage_taken":0,"max_hp_gain":0,"max_hp_loss":0,"event_name":"Wheel of Change","floor":3,"gold_loss":0},{"damage_healed":0,"gold_gain":0,"player_choice":"Success","damage_taken":18,"relics_obtained":["Regal Pillow"],"max_hp_gain":0,"max_hp_loss":0,"event_name":"Scrap Ooze","floor":5,"gold_loss":0},{"damage_healed":0,"gold_gain":100,"player_choice":"Pray","damage_taken":0,"max_hp_gain":0,"max_hp_loss":0,"event_name":"Golden Shrine","floor":7,"gold_loss":0},{"damage_healed":0,"gold_gain":0,"player_choice":"Entered Light","damage_taken":14,"max_hp_gain":0,"max_hp_loss":0,"event_name":"Shining Light","floor":13,"gold_loss":0,"cards_upgraded":["Survivor","Strike_G"]},{"damage_healed":0,"gold_gain":0,"player_choice":"Fight","damage_taken":0,"max_hp_gain":0,"max_hp_loss":0,"event_name":"MindBloom","floor":38,"gold_loss":0},{"damage_healed":0,"gold_gain":0,"player_choice":"Memory 1","damage_taken":0,"max_hp_gain":0,"max_hp_loss":0,"event_name":"SensoryStone","floor":39,"gold_loss":0},{"cards_removed":["Poisoned Stab"],"damage_healed":0,"gold_gain":0,"player_choice":"Removed Attack","damage_taken":0,"max_hp_gain":0,"max_hp_loss":0,"event_name":"Falling","floor":47,"gold_loss":0}],"is_beta":false,"boss_relics":[{"not_picked":["Fusion Hammer","Eternal Feather"],"picked":"Astrolabe"},{"not_picked":["Calling Bell","HoveringKite"],"picked":"Lizard Tail"}],"items_purged_floors":[2,12,25],"is_endless":false,"potions_floor_spawned":[8,14,16,18,22,28,29,33,36,41,45],"ascension_level":0}