{"gold_per_floor":[110,110,18,18,93,93,106,106,106,119,130,142,168,185,185,288,288,299,224,250,250],"floor_reached":21,"playtime":1935,"items_purged":[],"score":249,"play_id":"2522afcf-678a-4210-9f0a-c49da7fcfcd0","local_time":"20190523233804","is_ascension_mode":true,"campfire_choices":[{"floor":6,"key":"DIG"},{"floor":8,"key":"DIG"},{"data":"True Grit","floor":15,"key":"SMITH"}],"neow_cost":"NONE","seed_source_timestamp":617810929278293,"circlet_count":0,"master_deck":["Strike_R","Strike_R","Strike_R","Strike_R","Defend_R","Defend_R","Defend_R","Defend_R","Bash","Clothesline","Warcry","Feel No Pain","True Grit+1","Sword Boomerang","Rampage","Flame Barrier","Metallicize","Double Tap","Barricade","Warcry","Armaments"],"relics":["Burning Blood","Shovel","Oddly Smooth Stone","Pear","Ornamental Fan","Busted Crown","Red Mask"],"potions_floor_usage":[16,16],"damage_taken":[{"damage":1,"enemies":"Cultist","floor":1,"turns":3},{"damage":14,"enemies":"Small Slimes","floor":7,"turns":4},{"damage":0,"enemies":"2 Louse","floor":10,"turns":2},{"damage":4,"enemies":"2 Fungi Beasts","floor":11,"turns":4},{"damage":12,"enemies":"Large Slime","floor":12,"turns":8},{"damage":30,"enemies":"Gremlin Nob","floor":13,"turns":4},{"damage":7,"enemies":"Blue Slaver","floor":14,"turns":4},{"damage":26,"enemies":"Slime Boss","floor":16,"turns":14},{"damage":10,"enemies":"Shell Parasite","floor":18,"turns":8},{"damage":80,"enemies":"Masked Bandits","floor":20,"turns":8},{"damage":7,"enemies":"Spheric Guardian","floor":21,"turns":3}],"seed_played":"-259478953826133612","potions_obtained":[{"floor":1,"key":"Dexterity Potion"},{"floor":12,"key":"SkillPotion"},{"floor":14,"key":"SteroidPotion"},{"floor":20,"key":"Swift Potion"}],"is_trial":false,"path_per_floor":["M","?","$","?","?","R","M","R","T","M","M","M","E","M","R","B",null,"M","?","?","M"],"character_chosen":"IRONCLAD","items_purchased":["Warcry","Feel No Pain"],"campfire_rested":0,"item_purchase_floors":[3,3],"current_hp_per_floor":[88,76,76,81,70,70,62,72,72,78,80,74,50,49,49,29,85,81,81,7,0],"gold":250,"neow_bonus":"TEN_PERCENT_HP_BONUS","is_prod":false,"is_daily":false,"chose_seed":false,"campfire_upgraded":1,"win_rate":0,"timestamp":1558669084,"path_taken":["M","?","$","?","?","R","M","R","T","M","M","M","E","M","R","BOSS","M","?","?","M"],"build_version":"2019-01-23","purchased_purges":0,"victory":false,"max_hp_per_floor":[88,88,88,93,93,93,93,103,103,103,103,103,103,103,103,103,103,103,103,103,103],"card_choices":[{"not_picked":["Combust","Sentinel"],"picked":"Clothesline","floor":1},{"not_picked":["Reckless Charge","Intimidate"],"picked":"True Grit","floor":7},{"not_picked":["Clothesline","Perfected Strike"],"picked":"Sword Boomerang","floor":10},{"not_picked":["Shrug It Off","Battle Trance"],"picked":"Rampage","floor":11},{"not_picked":["Perfected Strike","Cleave"],"picked":"Flame Barrier","floor":12},{"not_picked":["Combust","Iron Wave"],"picked":"Metallicize","floor":13},{"not_picked":["Sentinel","Iron Wave"],"picked":"Double Tap","floor":14},{"not_picked":["Dark Embrace","Double Tap"],"picked":"Barricade","floor":16},{"not_picked":[],"picked":"Warcry","floor":18},{"not_picked":[],"picked":"Armaments","floor":20}],"player_experience":116100,"relics_obtained":[{"floor":6,"key":"Oddly Smooth Stone"},{"floor":8,"key":"Pear"},{"floor":13,"key":"Ornamental Fan"},{"floor":20,"key":"Red Mask"}],"event_choices":[{"damage_healed":0,"gold_gain":0,"player_choice":"Success","damage_taken":12,"relics_obtained":["Shovel"],"max_hp_gain":0,"max_hp_loss":0,"event_name":"Scrap Ooze","floor":2,"gold_loss":0},{"damage_healed":0,"gold_gain":0,"player_choice":"Donut","damage_taken":0,"max_hp_gain":5,"max_hp_loss":0,"event_name":"Big Fish","floor":4,"gold_loss":0},{"damage_healed":0,"gold_gain":75,"player_choice":"Gather Gold","damage_taken":11,"max_hp_gain":0,"max_hp_loss":0,"event_name":"World of Goop","floor":5,"gold_loss":0},{"cards_removed":["Strike_R"],"damage_healed":0,"gold_gain":0,"player_choice":"Gave Gold","damage_taken":0,"max_hp_gain":0,"max_hp_loss":0,"event_name":"Beggar","floor":19,"gold_loss":75},{"damage_healed":0,"gold_gain":0,"player_choice":"Fought Bandits","damage_taken":0,"max_hp_gain":0,"max_hp_loss":0,"event_name":"Masked Bandits","floor":20,"gold_loss":0}],"is_beta":false,"boss_relics":[{"not_picked":["Runic Dome","Black Blood"],"picked":"Busted Crown"}],"items_purged_floors":[],"is_endless":false,"potions_floor_spawned":[1,12,14,20],"killed_by":"Spheric Guardian","ascension_level":5}