{"gold_per_floor":[116,116,128,44,44,44,79,98,121,121,151,161,161,86,86,162,162,176,0,50,62,78,78,78,78,104,116,131,131,56,70,70,145,145,158,158,58,58,70,70,81,94,94,94],"floor_reached":44,"playtime":1803,"items_purged":["Strike_B","Defend_B"],"score":886,"play_id":"c25b8c69-b494-482b-862b-9d7a0dc24341","local_time":"20190122113443","is_ascension_mode":true,"campfire_choices":[{"data":"Defragment","floor":6.0,"key":"SMITH"},{"data":"Streamline","floor":10.0,"key":"SMITH"},{"data":"Dualcast","floor":15.0,"key":"SMITH"},{"data":"Consume","floor":23.0,"key":"SMITH"},{"data":"Biased Cognition","floor":25.0,"key":"SMITH"},{"data":"Discovery","floor":29.0,"key":"SMITH"},{"data":"Capacitor","floor":32.0,"key":"SMITH"},{"data":"Echo Form","floor":40,"key":"SMITH"}],"neow_cost":"NONE","seed_source_timestamp":3035002692789,"circlet_count":0,"master_deck":["AscendersBane","Defend_B+1","Defend_B+1","Zap","Dualcast+1","Cold Snap","Chill","Defragment+1","Streamline+1","Ball Lightning","Chill","Biased Cognition+1","Conserve Battery","Discovery+1","Capacitor+1","Consume+1","Echo Form+1","Coolheaded"],"special_seed":0,"relics":["FrozenCore","NeowsBlessing","Art of War","Lantern","Dream Catcher","Runic Pyramid","Enchiridion","Oddly Smooth Stone"],"potions_floor_usage":[44],"damage_taken":[{"damage":0.0,"enemies":"2 Louse","floor":1.0,"turns":1.0},{"damage":0.0,"enemies":"Jaw Worm","floor":3.0,"turns":1.0},{"damage":0.0,"enemies":"Lagavulin","floor":7.0,"turns":1.0},{"damage":2.0,"enemies":"Small Slimes","floor":8.0,"turns":4.0},{"damage":3.0,"enemies":"3 Sentries","floor":11.0,"turns":7.0},{"damage":0.0,"enemies":"2 Fungi Beasts","floor":12.0,"turns":3.0},{"damage":6.0,"enemies":"Hexaghost","floor":16.0,"turns":9.0},{"damage":0.0,"enemies":"Shell Parasite","floor":18.0,"turns":5.0},{"damage":0.0,"enemies":"Chosen","floor":21.0,"turns":6.0},{"damage":22.0,"enemies":"Shelled Parasite and Fungi","floor":22.0,"turns":6.0},{"damage":19.0,"enemies":"Snake Plant","floor":27.0,"turns":3.0},{"damage":0.0,"enemies":"Sentry and Sphere","floor":28.0,"turns":6.0},{"damage":0.0,"enemies":"Centurion and Healer","floor":31.0,"turns":6.0},{"damage":6.0,"enemies":"Automaton","floor":33.0,"turns":12.0},{"damage":0,"enemies":"3 Shapes","floor":35,"turns":7},{"damage":0,"enemies":"Orb Walker","floor":39,"turns":5},{"damage":0,"enemies":"3 Darklings","floor":41,"turns":6},{"damage":0,"enemies":"Spire Growth","floor":42,"turns":5},{"damage":26,"enemies":"Reptomancer","floor":44,"turns":7}],"seed_played":"8338187473951623952","potions_obtained":[{"floor":3.0,"key":"EssenceOfSteel"},{"floor":7.0,"key":"SpeedPotion"},{"floor":27.0,"key":"FairyPotion"},{"floor":28.0,"key":"LiquidBronze"},{"floor":33.0,"key":"Block Potion"}],"is_trial":false,"path_per_floor":["M","?","M","$","?","R","E","M","T","R","E","M","?","?","R","B",null,"M","$","?","M","M","R","?","R","T","M","M","R","?","M","R","B",null,"M","?","$","?","M","R","M","M","T","E"],"character_chosen":"DEFECT","items_purchased":["Defragment","Discovery"],"campfire_rested":0,"item_purchase_floors":[4,19],"current_hp_per_floor":[64,43,43,43,48,48,48,46,46,46,43,43,36,36,36,30,65,65,65,65,65,43,43,22,22,22,3,3,3,3,3,3,7,59,59,59,59,59,59,59,59,59,59,33],"gold":94,"neow_bonus":"THREE_ENEMY_KILL","is_prod":false,"is_daily":false,"chose_seed":false,"campfire_upgraded":8,"win_rate":0,"timestamp":1548128083,"path_taken":["M","?","M","$","?","R","E","M","T","R","E","M","?","?","R","BOSS","M","$","?","?","?","R","?","R","T","M","M","R","?","M","R","BOSS","M","?","$","?","?","R","M","M","T","E"],"build_version":"2019-01-17v2","purchased_purges":2,"victory":false,"max_hp_per_floor":[71,71,71,71,76,76,76,76,76,76,76,76,76,76,76,76,76,76,76,76,76,76,76,76,76,76,76,76,76,76,76,76,76,76,76,76,76,76,76,76,76,76,76,76],"card_choices":[{"not_picked":["Beam Cell","Force Field"],"picked":"Cold Snap","floor":1.0},{"not_picked":["Ball Lightning","Rip and Tear"],"picked":"Chill","floor":3.0},{"not_picked":["Redo","Static Discharge"],"picked":"Streamline","floor":7.0},{"not_picked":["Leap","Aggregate"],"picked":"Ball Lightning","floor":8.0},{"not_picked":["Amplify","Rebound","Melter"],"picked":"SKIP","floor":11.0},{"not_picked":["Conserve Battery","Streamline"],"picked":"Chill","floor":12.0},{"not_picked":["Buffer","Creative AI"],"picked":"Biased Cognition","floor":16.0},{"not_picked":["Beam Cell","Streamline"],"picked":"Conserve Battery","floor":18.0},{"not_picked":["Ball Lightning+1","Compile Driver"],"picked":"Capacitor","floor":21.0},{"not_picked":["Coolheaded","Hologram"],"picked":"Consume","floor":22.0},{"not_picked":["Ball Lightning","Rebound","Gash"],"picked":"SKIP","floor":27.0},{"not_picked":["Consume","Turbo","Go for the Eyes"],"picked":"SKIP","floor":28.0},{"not_picked":["Skim","Storm"],"picked":"Echo Form","floor":31.0},{"not_picked":["Turbo","Double Energy","Conserve Battery"],"picked":"SKIP","floor":35},{"not_picked":["Beam Cell","Cold Snap+1","Rebound"],"picked":"SKIP","floor":39},{"not_picked":["Hello World","Turbo"],"picked":"Coolheaded","floor":41},{"not_picked":["FTL+1","Lockon","Hologram+1"],"picked":"SKIP","floor":42}],"player_experience":2126112,"relics_obtained":[{"floor":7.0,"key":"Art of War"},{"floor":9.0,"key":"Lantern"},{"floor":11.0,"key":"Dream Catcher"},{"floor":24.0,"key":"Enchiridion"},{"floor":26.0,"key":"Oddly Smooth Stone"}],"event_choices":[{"damage_healed":0.0,"max_hp_gain":0.0,"max_hp_loss":0.0,"gold_gain":0.0,"event_name":"Shining Light","player_choice":"Entered Light","floor":2.0,"gold_loss":0.0,"damage_taken":21.0,"cards_upgraded":["Defend_B","Defend_B"]},{"damage_healed":0.0,"max_hp_gain":5.0,"max_hp_loss":0.0,"gold_gain":0.0,"event_name":"Big Fish","player_choice":"Donut","floor":5.0,"gold_loss":0.0,"damage_taken":0.0},{"cards_removed":["Strike_B"],"damage_healed":0.0,"max_hp_gain":0.0,"max_hp_loss":0.0,"gold_gain":0.0,"event_name":"Golden Wing","player_choice":"Card Removal","floor":13.0,"gold_loss":0.0,"damage_taken":7.0},{"cards_removed":["Strike_B"],"damage_healed":0.0,"max_hp_gain":0.0,"max_hp_loss":0.0,"gold_gain":0.0,"event_name":"The Cleric","player_choice":"Card Removal","floor":14.0,"gold_loss":75.0,"damage_taken":0.0},{"damage_healed":0.0,"max_hp_gain":0.0,"max_hp_loss":0.0,"gold_gain":50.0,"event_name":"Golden Shrine","player_choice":"Pray","floor":20.0,"gold_loss":0.0,"damage_taken":0.0},{"damage_healed":0.0,"max_hp_gain":0.0,"max_hp_loss":0.0,"gold_gain":0.0,"event_name":"Cursed Tome","player_choice":"Obtained Book","floor":24.0,"gold_loss":0.0,"damage_taken":21.0},{"cards_removed":["Strike_B"],"damage_healed":0.0,"max_hp_gain":0.0,"max_hp_loss":0.0,"gold_gain":0.0,"event_name":"Beggar","player_choice":"Gave Gold","floor":30.0,"gold_loss":75.0,"damage_taken":0.0},{"damage_healed":0,"gold_gain":0,"player_choice":"Ignored","damage_taken":0,"max_hp_gain":0,"max_hp_loss":0,"event_name":"Mysterious Sphere","floor":36,"gold_loss":0},{"cards_removed":["Defend_B"],"damage_healed":0,"gold_gain":0,"player_choice":"Offered Basic","damage_taken":0,"max_hp_gain":0,"max_hp_loss":0,"event_name":"Bonfire Elementals","floor":38,"gold_loss":0}],"is_beta":false,"boss_relics":[{"not_picked":["Ectoplasm","Philosopher\u0027s Stone"],"picked":"Runic Pyramid"},{"not_picked":["Orrery","Astrolabe"],"picked":"FrozenCore"}],"items_purged_floors":[19,37],"is_endless":false,"potions_floor_spawned":[3,7,11,27,28,33,41,42],"killed_by":"Reptomancer","ascension_level":20}