{"gold_per_floor":[116,116,130,130,149,149,184,184,211,235,13,13,13,38,38,163,163,179,179,79,99,99,143,143,168,168,43,63,63,76,95,95,214,214,233,233,247,260,278,278,313,313,313,338,359,33,33,48,48,48],"floor_reached":51,"playtime":1696,"items_purged":["Strike_B","Strike_B","Strike_B"],"score":911,"play_id":"b79795a0-4967-46cc-bfa0-57e4aabedc36","local_time":"20190611144943","is_ascension_mode":false,"campfire_choices":[{"data":"Loop","floor":6.0,"key":"SMITH"},{"data":"Zap","floor":8.0,"key":"SMITH"},{"floor":12.0,"key":"REST"},{"data":"Dualcast","floor":15.0,"key":"SMITH"},{"data":"Recycle","floor":24.0,"key":"SMITH"},{"data":"Thunder Strike","floor":29.0,"key":"SMITH"},{"data":"Heatsinks","floor":32.0,"key":"SMITH"},{"data":"Fission","floor":40.0,"key":"SMITH"},{"data":"Glacier","floor":42,"key":"SMITH"},{"data":"Capacitor","floor":47,"key":"SMITH"},{"data":"Defragment","floor":49,"key":"SMITH"}],"neow_cost":"NONE","seed_source_timestamp":13716314652636,"circlet_count":0,"master_deck":["Defend_B","Defend_B","Defend_B","Zap+1","Dualcast+1","Thunder Strike+1","Loop+1","Recycle+1","Compile Driver","Rainbow","Glacier+1","Electrodynamics","Consume+1","Ghostly","Ghostly","Ghostly","Ghostly","Ghostly","Skim+1","Chill+1","White Noise+1","Heatsinks+1","Fission+1","Darkness+1","Ball Lightning+1","Skim+1","Redo+1","Hologram+1","Capacitor+1","Loop","Storm","Heatsinks","Storm","Defragment+1","Skim"],"special_seed":0,"relics":["Cracked Core","Golden Idol","Happy Flower","Vajra","Potion Belt","Runic Dome","Oddly Smooth Stone","Art of War","Runic Pyramid","Prayer Wheel","The Courier"],"potions_floor_usage":[],"damage_taken":[{"damage":5.0,"enemies":"Jaw Worm","floor":1.0,"turns":4.0},{"damage":0.0,"enemies":"Small Slimes","floor":3.0,"turns":3.0},{"damage":7.0,"enemies":"2 Louse","floor":5.0,"turns":2.0},{"damage":36.0,"enemies":"Lagavulin","floor":7.0,"turns":7.0},{"damage":8.0,"enemies":"Red Slaver","floor":10.0,"turns":3.0},{"damage":0.0,"enemies":"3 Sentries","floor":13.0,"turns":1.0},{"damage":1.0,"enemies":"2 Fungi Beasts","floor":14.0,"turns":3.0},{"damage":8.0,"enemies":"The Guardian","floor":16.0,"turns":10.0},{"damage":0.0,"enemies":"3 Byrds","floor":18.0,"turns":3.0},{"damage":0.0,"enemies":"Shell Parasite","floor":21.0,"turns":5.0},{"damage":0.0,"enemies":"Gremlin Leader","floor":23.0,"turns":6.0},{"damage":0.0,"enemies":"Cultist and Chosen","floor":25.0,"turns":6.0},{"damage":0.0,"enemies":"Centurion and Healer","floor":28.0,"turns":4.0},{"damage":0.0,"enemies":"Snake Plant","floor":30.0,"turns":4.0},{"damage":0.0,"enemies":"Chosen and Byrds","floor":31.0,"turns":5.0},{"damage":0.0,"enemies":"Champ","floor":33.0,"turns":6.0},{"damage":0.0,"enemies":"Orb Walker","floor":35.0,"turns":4.0},{"damage":0.0,"enemies":"3 Shapes","floor":37.0,"turns":2.0},{"damage":0.0,"enemies":"3 Darklings","floor":38.0,"turns":4.0},{"damage":0.0,"enemies":"4 Shapes","floor":39.0,"turns":4.0},{"damage":0,"enemies":"Nemesis","floor":41,"turns":5},{"damage":0,"enemies":"Maw","floor":44,"turns":5},{"damage":0,"enemies":"Transient","floor":45,"turns":5},{"damage":0,"enemies":"3 Darklings","floor":48,"turns":4},{"damage":0,"enemies":"Time Eater","floor":50,"turns":5}],"seed_played":"-2234990780414287144","potions_obtained":[{"floor":3.0,"key":"Swift Potion"},{"floor":5.0,"key":"SmokeBomb"},{"floor":10.0,"key":"EntropicBrew"},{"floor":14.0,"key":"AttackPotion"},{"floor":18.0,"key":"LiquidBronze"},{"floor":28.0,"key":"Weak Potion"},{"floor":30.0,"key":"Block Potion"}],"is_trial":false,"path_per_floor":["M","?","M","?","M","R","E","R","T","M","$","R","E","M","R","B",null,"M","?","$","M","?","E","R","M","T","$","M","R","M","M","R","B",null,"M","?","M","M","M","R","E","R","T","M","M","$","R","M","R","B",null],"character_chosen":"DEFECT","items_purchased":["Potion Belt","Capacitor","Loop","Storm","Heatsinks","Storm","Defragment"],"campfire_rested":1,"item_purchase_floors":[11,46,46,46,46,46,46],"current_hp_per_floor":[70,69,69,62,55,55,19,19,19,11,11,31,31,30,30,22,69,69,34,34,34,34,34,34,34,34,34,34,34,34,34,34,34,34,34,34,34,34,34,34,34,34,34,34,34,34,34,34,34,34],"gold":48,"neow_bonus":"ONE_RANDOM_RARE_CARD","is_prod":false,"is_daily":false,"chose_seed":false,"campfire_upgraded":10,"win_rate":0,"timestamp":1560235783,"path_taken":["M","?","M","?","M","R","E","R","T","M","$","R","E","M","R","BOSS","M","?","$","M","?","E","R","M","T","$","M","R","M","M","R","BOSS","M","?","M","M","?","R","E","R","T","M","M","$","R","M","R","BOSS"],"build_version":"2019-01-23","purchased_purges":3,"victory":true,"max_hp_per_floor":[75,69,69,69,69,69,69,69,69,69,69,69,69,69,69,69,69,69,34,34,34,34,34,34,34,34,34,34,34,34,34,34,34,34,34,34,34,34,34,34,34,34,34,34,34,34,34,34,34,34],"card_choices":[{"not_picked":["Gash","Chill"],"picked":"Loop","floor":1.0},{"not_picked":["Static Discharge","Compile Driver"],"picked":"Recycle","floor":3.0},{"not_picked":["Steam","Barrage"],"picked":"Compile Driver","floor":5.0},{"not_picked":["Streamline","Steam Power","Go for the Eyes"],"picked":"SKIP","floor":7.0},{"not_picked":["Steam","Hologram"],"picked":"Rainbow","floor":10.0},{"not_picked":["Conserve Battery","Undo"],"picked":"Glacier","floor":14.0},{"not_picked":["Multi-Cast","Reboot"],"picked":"Electrodynamics","floor":16.0},{"not_picked":["Beam Cell","Go for the Eyes"],"picked":"Consume+1","floor":18.0},{"not_picked":["Steam","Auto Shields+1"],"picked":"Skim+1","floor":21.0},{"not_picked":["Conserve Battery","Steam","Aggregate"],"picked":"SKIP","floor":23.0},{"not_picked":["Sunder+1","Static Discharge","Stack"],"picked":"SKIP","floor":25.0},{"not_picked":["Beam Cell","Sunder"],"picked":"Chill+1","floor":28.0},{"not_picked":["Stack","Hologram"],"picked":"White Noise+1","floor":30.0},{"not_picked":["Compile Driver","Steam"],"picked":"Heatsinks","floor":31.0},{"not_picked":["Seek","Rainbow"],"picked":"Fission","floor":33.0},{"not_picked":["Sunder+1","Cold Snap+1","Hologram"],"picked":"SKIP","floor":35.0},{"not_picked":["Leap","Auto Shields+1"],"picked":"Darkness+1","floor":37.0},{"not_picked":["Barrage+1","Double Energy"],"picked":"Ball Lightning+1","floor":38.0},{"not_picked":["Steam","Melter+1"],"picked":"Skim+1","floor":39.0},{"not_picked":["Rip and Tear+1","Hyperbeam"],"picked":"Redo+1","floor":41},{"not_picked":["Stack","Auto Shields","Double Energy"],"picked":"SKIP","floor":44},{"not_picked":["Steam Power","Coolheaded","Stack"],"picked":"SKIP","floor":44},{"not_picked":["Compile Driver","Redo"],"picked":"Hologram+1","floor":45},{"not_picked":["Barrage+1","All For One","Rebound+1"],"picked":"SKIP","floor":45},{"not_picked":["Go for the Eyes+1","Ball Lightning"],"picked":"Skim","floor":48},{"not_picked":["Beam Cell+1","Hologram","Gash"],"picked":"SKIP","floor":48}],"player_experience":5050718,"relics_obtained":[{"floor":7.0,"key":"Happy Flower"},{"floor":9.0,"key":"Vajra"},{"floor":23.0,"key":"Oddly Smooth Stone"},{"floor":26.0,"key":"Art of War"},{"floor":41,"key":"Prayer Wheel"},{"floor":43,"key":"The Courier"}],"event_choices":[{"damage_healed":0.0,"max_hp_gain":0.0,"max_hp_loss":6.0,"gold_gain":0.0,"event_name":"Golden Idol","player_choice":"Lose Max HP","floor":2.0,"gold_loss":0.0,"damage_taken":0.0,"relics_obtained":["Golden Idol"]},{"cards_removed":["Defend_B"],"damage_healed":0.0,"max_hp_gain":0.0,"max_hp_loss":0.0,"gold_gain":0.0,"event_name":"Golden Wing","player_choice":"Card Removal","floor":4.0,"gold_loss":0.0,"damage_taken":7.0},{"damage_healed":0.0,"max_hp_gain":0.0,"max_hp_loss":35.0,"gold_gain":0.0,"event_name":"Ghosts","player_choice":"Became a Ghost","floor":19.0,"gold_loss":0.0,"damage_taken":0.0,"cards_obtained":["Ghostly","Ghostly","Ghostly","Ghostly","Ghostly"]},{"cards_removed":["Strike_B"],"damage_healed":0.0,"max_hp_gain":0.0,"max_hp_loss":0.0,"gold_gain":0.0,"event_name":"Back to Basics","player_choice":"Elegance","floor":22.0,"gold_loss":0.0,"damage_taken":0.0},{"damage_healed":0.0,"max_hp_gain":0.0,"max_hp_loss":0.0,"gold_gain":0.0,"event_name":"NoteForYourself","player_choice":"Ignored","floor":36.0,"gold_loss":0.0,"damage_taken":0.0}],"is_beta":false,"boss_relics":[{"not_picked":["Lizard Tail","Busted Crown"],"picked":"Runic Dome"},{"not_picked":["Coffee Dripper","Tiny House"],"picked":"Runic Pyramid"}],"items_purged_floors":[11,20,27],"is_endless":false,"potions_floor_spawned":[3,5,10,14,18,21,28,30,35,37,39,44],"ascension_level":0}