{"gold_per_floor":[116,127,7,7,34,34,62,62,86,86,86,102,130,147,147,223,223,234,24,24,37,47,76,76,76,76,76,76,76,76,76,76,150,150,162,162,180,192,208,208,108,108,187,213,213,230,263,263,263,263,263,263,263,6,32,32],"floor_reached":57,"playtime":2323,"items_purged":["Strike_G","Storm of Steel","Deadly Poison+1"],"score":3218,"play_id":"137b87f4-fcd5-4747-950f-3497958b92f6","local_time":"20190629135626","is_ascension_mode":true,"campfire_choices":[{"data":"Bouncing Flask","floor":6.0,"key":"SMITH"},{"data":"Neutralize","floor":8.0,"key":"SMITH"},{"data":"Well Laid Plans","floor":10.0,"key":"SMITH"},{"data":"Noxious Fumes","floor":15.0,"key":"SMITH"},{"data":"Tactician","floor":24.0,"key":"SMITH"},{"data":"Adrenaline","floor":27.0,"key":"SMITH"},{"data":"Impatience","floor":30.0,"key":"SMITH"},{"data":"Acrobatics","floor":32.0,"key":"SMITH"},{"data":"Limit Break","floor":40.0,"key":"SMITH"},{"floor":42.0,"key":"RECALL"},{"data":"True Grit","floor":45.0,"key":"SMITH"},{"floor":49.0,"key":"REST"},{"floor":53.0,"key":"REST"}],"neow_cost":"NONE","seed_source_timestamp":1492781251117,"circlet_count":0,"master_deck":["AscendersBane","Survivor+1","Neutralize+1","Well Laid Plans+1","Well Laid Plans+1","Burst+1","Backflip+1","Noxious Fumes+1","Adrenaline+1","Endless Agony+1","Envenom+1","Tactician+1","Acrobatics+1","Impatience+1","Limit Break+1","Inflame+1","Skim+1","True Grit+1","Sword Boomerang+1","Blur","Turbo"],"special_seed":0,"relics":["Ring of the Snake","Vajra","Du-Vu Doll","Bag of Preparation","Pandora\u0027s Box","PrismaticShard","Boot","Frozen Egg 2","Runic Pyramid","Meat on the Bone","Shuriken","Oddly Smooth Stone","Blood Vial","Mark of the Bloom","Snake Skull"],"potions_floor_usage":[56],"damage_taken":[{"damage":7.0,"enemies":"Cultist","floor":1.0,"turns":4.0},{"damage":2.0,"enemies":"Jaw Worm","floor":2.0,"turns":4.0},{"damage":7.0,"enemies":"Gremlin Nob","floor":7.0,"turns":4.0},{"damage":0.0,"enemies":"Small Slimes","floor":12.0,"turns":5.0},{"damage":12.0,"enemies":"Lagavulin","floor":13.0,"turns":4.0},{"damage":8.0,"enemies":"Exordium Wildlife","floor":14.0,"turns":3.0},{"damage":0.0,"enemies":"Hexaghost","floor":16.0,"turns":7.0},{"damage":0.0,"enemies":"Chosen","floor":18.0,"turns":3.0},{"damage":0.0,"enemies":"Spheric Guardian","floor":21.0,"turns":2.0},{"damage":0.0,"enemies":"Snake Plant","floor":22.0,"turns":4.0},{"damage":25.0,"enemies":"Book of Stabbing","floor":23.0,"turns":7.0},{"damage":0.0,"enemies":"Automaton","floor":33.0,"turns":2.0},{"damage":7.0,"enemies":"3 Darklings","floor":35.0,"turns":3.0},{"damage":0.0,"enemies":"3 Shapes","floor":37.0,"turns":1.0},{"damage":0.0,"enemies":"Writhing Mass","floor":38.0,"turns":3.0},{"damage":0.0,"enemies":"Sphere and 2 Shapes","floor":39.0,"turns":2.0},{"damage":0.0,"enemies":"Nemesis","floor":44.0,"turns":1.0},{"damage":0.0,"enemies":"3 Darklings","floor":46.0,"turns":1.0},{"damage":0.0,"enemies":"Giant Head","floor":47.0,"turns":4.0},{"damage":0.0,"enemies":"Donu and Deca","floor":50.0,"turns":3.0},{"damage":0.0,"enemies":"Time Eater","floor":51.0,"turns":5.0},{"damage":8.0,"enemies":"Shield and Spear","floor":55.0,"turns":3.0},{"damage":34,"enemies":"The Heart","floor":56,"turns":6}],"seed_played":"1067618129858890051","potions_obtained":[{"floor":2.0,"key":"Block Potion"},{"floor":23.0,"key":"SteroidPotion"},{"floor":33.0,"key":"EssenceOfSteel"},{"floor":35.0,"key":"Regen Potion"}],"is_trial":false,"path_per_floor":["M","M","$","?","T","R","E","R","T","R","$","M","E","M","R","B",null,"M","$","?","M","M","E","R","?","T","R","$","?","R","?","R","B",null,"M","?","M","M","M","R","$","R","T","E","R","M","E","?","R","B","B",null,"R","$","E","B",null],"character_chosen":"THE_SILENT","items_purchased":["Well Laid Plans","PrismaticShard","Blur","PowerPotion"],"campfire_rested":2,"item_purchase_floors":[3,19,54,54],"current_hp_per_floor":[52,50,50,43,43,43,36,36,36,36,36,36,24,16,16,16,54,54,54,54,54,54,29,29,29,29,29,29,29,29,29,29,29,57,50,50,50,50,50,50,50,50,50,50,50,50,50,50,50,50,50,50,50,50,42,8],"gold":32,"neow_bonus":"TRANSFORM_CARD","is_prod":false,"is_daily":false,"chose_seed":false,"campfire_upgraded":10,"win_rate":0,"timestamp":1561787786,"path_taken":["M","M","$","?","?","R","E","R","T","R","?","M","E","M","R","BOSS","M","$","?","M","M","E","R","?","T","R","?","?","R","?","R","BOSS","M","?","M","?","M","R","$","R","T","E","R","M","E","?","R","BOSS","BOSS","R","$","E","BOSS"],"build_version":"2019-01-23","purchased_purges":3,"victory":true,"max_hp_per_floor":[66,66,66,66,66,66,66,66,66,66,66,66,66,66,66,66,66,66,66,66,66,66,66,66,66,66,66,66,66,66,66,66,66,66,66,66,66,66,66,66,66,66,66,66,66,66,66,66,66,66,66,66,66,66,66,66],"card_choices":[{"not_picked":["Blade Dance","Concentrate"],"picked":"Well Laid Plans","floor":1.0},{"not_picked":["Concentrate","Dodge and Roll","Sucker Punch"],"picked":"SKIP","floor":2.0},{"not_picked":["Eviscerate","Masterful Stab"],"picked":"Burst","floor":7.0},{"not_picked":["Dagger Spray","Underhanded Strike","Bane"],"picked":"SKIP","floor":12.0},{"not_picked":["Dagger Throw","Sucker Punch"],"picked":"Backflip","floor":13.0},{"not_picked":["Outmaneuver","Deflect"],"picked":"Noxious Fumes","floor":14.0},{"not_picked":["Storm of Steel","A Thousand Cuts"],"picked":"Adrenaline","floor":16.0},{"not_picked":["Deadly Poison","Escape Plan","Leg Sweep"],"picked":"SKIP","floor":18.0},{"not_picked":["Stack","Expertise"],"picked":"Impatience","floor":21.0},{"not_picked":["Conserve Battery","Spot Weakness+1","Skewer+1"],"picked":"SKIP","floor":22.0},{"not_picked":["Dagger Spray","Whirlwind","Reprogram"],"picked":"SKIP","floor":23.0},{"not_picked":["Fiend Fire","Meteor Strike"],"picked":"Limit Break","floor":33.0},{"not_picked":["Force Field","Slice"],"picked":"Inflame+1","floor":35.0},{"not_picked":["Good Instincts+1","Reinforced Body","Flex"],"picked":"SKIP","floor":37.0},{"not_picked":["Barrage+1","Leap","Conserve Battery"],"picked":"SKIP","floor":38.0},{"not_picked":["Crippling Poison+1","Wild Strike"],"picked":"Skim","floor":39.0},{"not_picked":["Panache+1","Poisoned Stab"],"picked":"True Grit","floor":44.0},{"not_picked":["Sucker Punch+1","PiercingWail"],"picked":"Sword Boomerang","floor":46.0},{"not_picked":["Dagger Throw","Havoc","Cloak And Dagger"],"picked":"SKIP","floor":47.0},{"not_picked":["Cold Snap+1","Deflect"],"picked":"Turbo","floor":55.0}],"player_experience":5555816,"relics_obtained":[{"floor":5.0,"key":"Vajra"},{"floor":7.0,"key":"Du-Vu Doll"},{"floor":13.0,"key":"Bag of Preparation"},{"floor":23.0,"key":"Boot"},{"floor":26.0,"key":"Frozen Egg 2"},{"floor":43.0,"key":"Shuriken"},{"floor":44.0,"key":"Oddly Smooth Stone"},{"floor":47.0,"key":"Blood Vial"},{"floor":55.0,"key":"Snake Skull"}],"event_choices":[{"cards_removed":["Strike_G"],"damage_healed":0.0,"max_hp_gain":0.0,"max_hp_loss":0.0,"gold_gain":0.0,"event_name":"Golden Wing","player_choice":"Card Removal","floor":4.0,"gold_loss":0.0,"damage_taken":7.0},{"damage_healed":0.0,"max_hp_gain":0.0,"max_hp_loss":0.0,"gold_gain":0.0,"event_name":"Vampires","player_choice":"Ignored","floor":25.0,"gold_loss":0.0,"damage_taken":0.0},{"damage_healed":0.0,"max_hp_gain":0.0,"max_hp_loss":0.0,"gold_gain":0.0,"event_name":"Cursed Tome","player_choice":"Ignored","floor":29.0,"gold_loss":0.0,"damage_taken":0.0},{"cards_removed":["Sucker Punch"],"damage_healed":0.0,"max_hp_gain":0.0,"max_hp_loss":0.0,"gold_gain":0.0,"event_name":"Back to Basics","player_choice":"Elegance","floor":31.0,"gold_loss":0.0,"damage_taken":0.0},{"cards_removed":["Bouncing Flask"],"damage_healed":0.0,"max_hp_gain":0.0,"max_hp_loss":0.0,"gold_gain":0.0,"event_name":"WeMeetAgain","player_choice":"Gave Card","floor":36.0,"gold_loss":0.0,"damage_taken":0.0,"relics_obtained":["Meat on the Bone"]},{"damage_healed":0.0,"max_hp_gain":0.0,"max_hp_loss":0.0,"gold_gain":0.0,"event_name":"MindBloom","player_choice":"Upgrade","floor":48.0,"gold_loss":0.0,"damage_taken":0.0,"cards_upgraded":["Survivor","Well Laid Plans","Burst","Backflip","Endless Agony","Envenom","Deadly Poison","Skim","Sword Boomerang"],"relics_obtained":["Mark of the Bloom"]}],"is_beta":false,"boss_relics":[{"not_picked":["Coffee Dripper","Busted Crown"],"picked":"Pandora\u0027s Box"},{"not_picked":["Black Star","White Beast Statue"],"picked":"Runic Pyramid"}],"items_purged_floors":[3,41,54],"is_endless":false,"potions_floor_spawned":[2,23,33,35,44,47],"ascension_level":20}