{"gold_per_floor":[116,116,41,56,73,73,73,73,73,91,91,91],"floor_reached":12,"playtime":114,"items_purged":["Strike_G"],"score":136,"play_id":"74d621df-7211-49e6-916d-effa30bb442d","local_time":"20190109141752","is_ascension_mode":true,"campfire_choices":[{"data":"Neutralize","floor":6,"key":"SMITH"},{"data":"Survivor","floor":8,"key":"SMITH"},{"data":"Tactician","floor":11,"key":"SMITH"}],"neow_cost":"NONE","seed_source_timestamp":8238329839580,"circlet_count":0,"master_deck":["AscendersBane","Defend_G","Defend_G","Defend_G","Defend_G","Defend_G","Strike_G","Strike_G","Strike_G","Survivor+1","Neutralize+1","Backstab","Tactician+1"],"relics":["Ring of the Snake","NeowsBlessing","Bronze Scales"],"potions_floor_usage":[],"damage_taken":[{"damage":0,"enemies":"2 Louse","floor":1,"turns":1},{"damage":0,"enemies":"Cultist","floor":4,"turns":1},{"damage":0,"enemies":"Jaw Worm","floor":5,"turns":1},{"damage":0,"enemies":"Red Slaver","floor":10,"turns":5},{"damage":0,"enemies":"Large Slime","floor":12,"turns":1}],"seed_played":"-9093383773863942707","potions_obtained":[{"floor":1,"key":"LiquidBronze"},{"floor":10,"key":"Explosive Potion"}],"is_trial":false,"path_per_floor":["M","?","$","M","M","R","$","R","T","M","R","M"],"character_chosen":"THE_SILENT","items_purchased":[],"campfire_rested":0,"item_purchase_floors":[],"current_hp_per_floor":[59,59,59,59,59,59,59,59,59,59,59,59],"gold":91,"neow_bonus":"THREE_ENEMY_KILL","is_prod":false,"is_daily":false,"chose_seed":false,"campfire_upgraded":3,"win_rate":0,"timestamp":1547014672,"path_taken":["M","?","$","M","?","R","?","R","T","?","R","M"],"build_version":"2019-01-03v4","purchased_purges":1,"victory":false,"max_hp_per_floor":[66,66,66,66,66,66,66,66,66,66,66,66],"card_choices":[{"not_picked":["Choke","Dagger Spray"],"picked":"Backstab","floor":1},{"not_picked":["Predator","Setup","Dodge and Roll"],"picked":"SKIP","floor":4},{"not_picked":["Prepared","Blade Dance","Deflect"],"picked":"SKIP","floor":5},{"not_picked":["Infinite Blades","Poisoned Stab"],"picked":"Tactician","floor":10}],"player_experience":1879796,"relics_obtained":[{"floor":9,"key":"Bronze Scales"}],"event_choices":[{"cards_removed":["Strike_G"],"damage_healed":0,"gold_gain":0,"player_choice":"Purged","damage_taken":0,"max_hp_gain":0,"max_hp_loss":0,"event_name":"Purifier","floor":2,"gold_loss":0}],"is_beta":false,"boss_relics":[],"items_purged_floors":[3],"is_endless":false,"potions_floor_spawned":[1,10],"killed_by":"Large Slime","ascension_level":20}