{"gold_per_floor":[365,365,375,390,403,403,154,154,154,182,196,196,216,226,226,226],"floor_reached":16,"playtime":825,"items_purged":["Bash"],"score":208,"play_id":"fcb46d7a-ccb2-49dd-8884-1aa980d5d003","local_time":"20190602180146","is_ascension_mode":true,"campfire_choices":[{"data":"Rupture","floor":6.0,"key":"SMITH"},{"data":"Uppercut","floor":8.0,"key":"SMITH"},{"data":"Battle Trance","floor":15,"key":"SMITH"}],"neow_cost":"TEN_PERCENT_HP_LOSS","seed_source_timestamp":90623800746939,"circlet_count":0,"master_deck":["AscendersBane","Strike_R","Strike_R","Strike_R","Strike_R","Defend_R","Defend_R","Defend_R","Defend_R","Rupture+1","Combust","Uppercut+1","Spot Weakness","Burning Pact","Flash of Steel","Dual Wield+1","Battle Trance+1","Sentinel"],"special_seed":0,"relics":["Burning Blood","Ornamental Fan","Mummified Hand"],"potions_floor_usage":[14,14],"damage_taken":[{"damage":6.0,"enemies":"Jaw Worm","floor":1.0,"turns":5.0},{"damage":13.0,"enemies":"Small Slimes","floor":3.0,"turns":5.0},{"damage":4.0,"enemies":"Cultist","floor":4.0,"turns":4.0},{"damage":12.0,"enemies":"Large Slime","floor":5.0,"turns":7.0},{"damage":31.0,"enemies":"Gremlin Nob","floor":10.0,"turns":4.0},{"damage":4,"enemies":"2 Fungi Beasts","floor":11,"turns":3},{"damage":7,"enemies":"Looter","floor":13,"turns":3},{"damage":3,"enemies":"Exordium Wildlife","floor":14,"turns":3},{"damage":26,"enemies":"Slime Boss","floor":16,"turns":5}],"seed_played":"8348456776687509134","potions_obtained":[{"floor":1.0,"key":"FearPotion"},{"floor":10.0,"key":"Fire Potion"},{"floor":13,"key":"Fire Potion"}],"is_trial":false,"path_per_floor":["M","?","M","M","M","R","$","R","T","E","M","?","M","M","R","B"],"character_chosen":"IRONCLAD","items_purchased":["Burning Pact","Flash of Steel"],"campfire_rested":0,"item_purchase_floors":[7,7],"current_hp_per_floor":[68,61,54,56,50,50,50,50,50,25,27,27,26,29,29,3],"gold":226,"neow_bonus":"TWO_FIFTY_GOLD","is_prod":false,"is_daily":false,"chose_seed":false,"campfire_upgraded":3,"win_rate":0,"timestamp":1559469706,"path_taken":["M","?","M","M","M","R","$","R","T","E","M","?","?","M","R","BOSS"],"build_version":"2019-01-23","purchased_purges":1,"victory":false,"max_hp_per_floor":[68,68,68,68,68,68,68,68,68,68,68,68,68,68,68,68],"card_choices":[{"not_picked":["Clothesline","Heavy Blade"],"picked":"Rupture","floor":1.0},{"not_picked":["Thunderclap","Rupture"],"picked":"Combust","floor":3.0},{"not_picked":["Wild Strike","Rage"],"picked":"Uppercut","floor":4.0},{"not_picked":["Entrench","Inflame"],"picked":"Spot Weakness","floor":5.0},{"not_picked":["Uppercut","Carnage"],"picked":"Dual Wield","floor":10.0},{"not_picked":["Sever Soul","Warcry"],"picked":"Battle Trance","floor":11},{"not_picked":["Iron Wave","Pommel Strike","Flex"],"picked":"SKIP","floor":13},{"not_picked":["Havoc","Flex"],"picked":"Sentinel","floor":14}],"player_experience":5009815,"relics_obtained":[{"floor":9.0,"key":"Ornamental Fan"},{"floor":10.0,"key":"Mummified Hand"}],"event_choices":[{"cards_removed":["Strike_R"],"damage_healed":0.0,"max_hp_gain":0.0,"max_hp_loss":0.0,"gold_gain":0.0,"event_name":"Golden Wing","player_choice":"Card Removal","floor":2.0,"gold_loss":0.0,"damage_taken":7.0},{"damage_healed":0,"gold_gain":0,"player_choice":"Upgraded","damage_taken":0,"max_hp_gain":0,"max_hp_loss":0,"event_name":"Upgrade Shrine","floor":12,"gold_loss":0,"cards_upgraded":["Dual Wield"]}],"is_beta":false,"boss_relics":[],"items_purged_floors":[7],"is_endless":false,"potions_floor_spawned":[1,10,11,13],"killed_by":"Slime Boss","ascension_level":20}