{"gold_per_floor":[19,19,30,44,44,44,55,55,55,67,86,114,114,127,127,231,231,246,265,265,277,277,292,392,392,416,416,416,431,431,449,449,553,553,563,292,305,305,305,305,315,315,315,315,315,315,315,325,325,325],"floor_reached":51,"playtime":1448,"items_purged":["Blizzard"],"score":674,"play_id":"4a12d1eb-bef3-49df-8fae-6602c94c4e96","local_time":"20190615141046","is_ascension_mode":false,"campfire_choices":[{"data":"Rip and Tear","floor":6.0,"key":"SMITH"},{"data":"Reinforced Body","floor":8.0,"key":"SMITH"},{"data":"Consume","floor":13.0,"key":"SMITH"},{"data":"Zap","floor":15.0,"key":"SMITH"},{"data":"Storm","floor":25,"key":"SMITH"},{"floor":27,"key":"REST"},{"data":"Dualcast","floor":30,"key":"SMITH"},{"data":"Electrodynamics","floor":32,"key":"SMITH"},{"data":"Biased Cognition","floor":40,"key":"SMITH"},{"data":"Electrodynamics","floor":42,"key":"SMITH"},{"data":"Electrodynamics","floor":46,"key":"SMITH"},{"floor":49,"key":"REST"}],"neow_cost":"NO_GOLD","seed_source_timestamp":12912236127919,"circlet_count":0,"master_deck":["Zap+1","Dualcast+1","Seek+1","BootSequence+1","Rip and Tear+1","Reinforced Body+1","Consume+1","Storm+1","Skim+1","Electrodynamics+1","Echo Form+1","Electrodynamics+1","Rainbow+1","Leap+1","Static Discharge+1","Electrodynamics+1","Skim+1","Gash+1","Echo Form+1","Biased Cognition+1","Turbo+1","Doubt","Master of Strategy+1","White Noise+1"],"special_seed":0,"relics":["Cracked Core","Strawberry","Sundial","Pandora\u0027s Box","WingedGreaves","Matryoshka","Anchor","DataDisk","Cursed Key","Runic Capacitor","Ornamental Fan","FossilizedHelix","Mark of the Bloom"],"potions_floor_usage":[50,50,50],"damage_taken":[{"damage":1.0,"enemies":"Jaw Worm","floor":1.0,"turns":3.0},{"damage":1.0,"enemies":"Cultist","floor":3.0,"turns":4.0},{"damage":0.0,"enemies":"Small Slimes","floor":4.0,"turns":2.0},{"damage":0.0,"enemies":"2 Fungi Beasts","floor":7.0,"turns":2.0},{"damage":0.0,"enemies":"Looter","floor":10.0,"turns":2.0},{"damage":0.0,"enemies":"Gremlin Gang","floor":11.0,"turns":3.0},{"damage":21.0,"enemies":"Gremlin Nob","floor":12.0,"turns":5.0},{"damage":2.0,"enemies":"Blue Slaver","floor":14.0,"turns":3.0},{"damage":14.0,"enemies":"The Guardian","floor":16.0,"turns":12.0},{"damage":1.0,"enemies":"2 Thieves","floor":18.0,"turns":3.0},{"damage":23.0,"enemies":"Spheric Guardian","floor":19.0,"turns":4.0},{"damage":1,"enemies":"Snake Plant","floor":21,"turns":4},{"damage":7,"enemies":"Centurion and Healer","floor":23,"turns":4},{"damage":6,"enemies":"Colosseum Slavers","floor":24,"turns":3},{"damage":8,"enemies":"Colosseum Nobs","floor":24,"turns":3},{"damage":0,"enemies":"3 Cultists","floor":29,"turns":2},{"damage":1,"enemies":"Sentry and Sphere","floor":31,"turns":3},{"damage":24,"enemies":"Automaton","floor":33,"turns":5},{"damage":0,"enemies":"3 Darklings","floor":35,"turns":1},{"damage":15,"enemies":"Orb Walker","floor":37,"turns":2},{"damage":0,"enemies":"Jaw Worm Horde","floor":41,"turns":1},{"damage":0,"enemies":"Spire Growth","floor":48,"turns":3},{"damage":30,"enemies":"Awakened One","floor":50,"turns":5}],"seed_played":"3771685233106149749","potions_obtained":[{"floor":2.0,"key":"FairyPotion"},{"floor":2.0,"key":"SpeedPotion"},{"floor":2.0,"key":"Dexterity Potion"},{"floor":3.0,"key":"Explosive Potion"},{"floor":4.0,"key":"FocusPotion"},{"floor":11.0,"key":"Weak Potion"},{"floor":21,"key":"FocusPotion"},{"floor":41,"key":"Energy Potion"}],"is_trial":false,"path_per_floor":["M","?","M","M","?","R","M","R","T","M","M","E","R","M","R","B",null,"M","M","?","M","?","M","?","R","T","R","?","M","R","M","R","B",null,"M","$","M","?","?","R","M","R","T","T","?","R","?","M","R","B",null],"character_chosen":"DEFECT","items_purchased":["Runic Capacitor"],"campfire_rested":2,"item_purchase_floors":[36],"current_hp_per_floor":[74,74,73,73,73,73,73,73,80,80,80,59,59,57,57,43,82,81,58,58,57,57,50,36,36,36,60,60,60,60,59,59,35,82,82,82,67,67,67,67,67,67,67,67,67,67,67,67,67,37],"gold":325,"neow_bonus":"THREE_RARE_CARDS","is_prod":false,"is_daily":false,"chose_seed":false,"campfire_upgraded":10,"win_rate":0,"timestamp":1560579046,"path_taken":["M","?","?","M","?","R","M","R","T","?","M","E","R","M","R","BOSS","M","M","?","M","?","M","?","R","T","R","?","M","R","M","R","BOSS","M","$","?","?","?","R","M","R","T","?","?","R","?","?","R","BOSS"],"build_version":"2019-01-23","purchased_purges":1,"victory":true,"max_hp_per_floor":[75,75,75,75,75,75,75,75,82,82,82,82,82,82,82,82,82,82,82,82,82,82,82,82,82,82,82,82,82,82,82,82,82,82,82,82,82,78,78,78,78,78,78,78,78,78,78,78,78,78],"card_choices":[{"not_picked":["Reboot","Echo Form"],"picked":"Seek","floor":0.0},{"not_picked":["Sweeping Beam","Steam Power"],"picked":"BootSequence","floor":1.0},{"not_picked":["Conserve Battery","Melter"],"picked":"Rip and Tear","floor":3.0},{"not_picked":["Sweeping Beam","Stack"],"picked":"Reinforced Body","floor":4.0},{"not_picked":["Stack","Hologram","Barrage"],"picked":"SKIP","floor":7.0},{"not_picked":["Loop","Conserve Battery"],"picked":"Consume","floor":10.0},{"not_picked":["Steam Power","Reprogram","Barrage"],"picked":"SKIP","floor":11.0},{"not_picked":["Blizzard","Reprogram"],"picked":"Storm","floor":12.0},{"not_picked":["Auto Shields","Turbo"],"picked":"Skim","floor":14.0},{"not_picked":["Seek","Amplify"],"picked":"Electrodynamics","floor":16.0},{"not_picked":["Leap","Gash"],"picked":"Skim","floor":18.0},{"not_picked":["Compile Driver","Coolheaded","Rebound+1"],"picked":"SKIP","floor":19.0},{"not_picked":["Rebound+1","Barrage","Ball Lightning"],"picked":"SKIP","floor":21},{"not_picked":["Tempest","Coolheaded","Redo"],"picked":"SKIP","floor":23},{"not_picked":["Reinforced Body","Steam Power+1","Go for the Eyes"],"picked":"SKIP","floor":29},{"not_picked":["Cold Snap+1","Undo+1"],"picked":"Echo Form","floor":31},{"not_picked":["Reboot","Rainbow"],"picked":"Biased Cognition","floor":33},{"not_picked":["Sweeping Beam+1","Beam Cell+1"],"picked":"Turbo+1","floor":35},{"not_picked":["Chaos+1","Coolheaded","Reprogram+1"],"picked":"SKIP","floor":37},{"not_picked":["Sweeping Beam","Chill","Cold Snap"],"picked":"SKIP","floor":41},{"not_picked":["Bandage Up","Good Instincts"],"picked":"Master of Strategy","floor":45},{"not_picked":["Ball Lightning","Rebound"],"picked":"White Noise+1","floor":48}],"player_experience":5241777,"relics_obtained":[{"floor":9.0,"key":"Strawberry"},{"floor":12.0,"key":"Sundial"},{"floor":24,"key":"WingedGreaves"},{"floor":24,"key":"Matryoshka"},{"floor":26,"key":"Anchor"},{"floor":26,"key":"DataDisk"},{"floor":43,"key":"Ornamental Fan"},{"floor":43,"key":"FossilizedHelix"}],"event_choices":[{"damage_healed":0.0,"max_hp_gain":0.0,"max_hp_loss":0.0,"gold_gain":0.0,"event_name":"Lab","player_choice":"Got Potions","floor":2.0,"gold_loss":0.0,"damage_taken":0.0},{"damage_healed":0.0,"max_hp_gain":0.0,"max_hp_loss":0.0,"gold_gain":0.0,"event_name":"Match and Keep!","player_choice":"0 cards matched","floor":5.0,"gold_loss":0.0,"damage_taken":0.0,"cards_obtained":[]},{"damage_healed":0,"gold_gain":0,"player_choice":"Ignored","damage_taken":0,"max_hp_gain":0,"max_hp_loss":0,"event_name":"Cursed Tome","floor":20,"gold_loss":0},{"damage_healed":0,"gold_gain":0,"cards_transformed":["Streamline","Cold Snap"],"player_choice":"Became Test Subject","damage_taken":0,"max_hp_gain":0,"max_hp_loss":0,"event_name":"Drug Dealer","floor":22,"gold_loss":0,"cards_obtained":["Blizzard","Gash"]},{"damage_healed":0,"gold_gain":0,"player_choice":"Fight","damage_taken":0,"max_hp_gain":0,"max_hp_loss":0,"event_name":"Colosseum","floor":24,"gold_loss":0},{"damage_healed":0,"gold_gain":0,"player_choice":"Fought Nobs","damage_taken":0,"max_hp_gain":0,"max_hp_loss":0,"event_name":"Colosseum","floor":24,"gold_loss":0},{"damage_healed":0,"gold_gain":0,"player_choice":"Forge","damage_taken":0,"max_hp_gain":0,"max_hp_loss":0,"event_name":"Accursed Blacksmith","floor":28,"gold_loss":0,"cards_upgraded":["Static Discharge"]},{"damage_healed":0,"gold_gain":0,"player_choice":"Max HP","damage_taken":0,"max_hp_gain":0,"max_hp_loss":4,"event_name":"Winding Halls","floor":38,"gold_loss":0},{"damage_healed":0,"gold_gain":0,"player_choice":"Ignored","damage_taken":0,"max_hp_gain":0,"max_hp_loss":0,"event_name":"Tomb of Lord Red Mask","floor":39,"gold_loss":0},{"damage_healed":0,"gold_gain":0,"player_choice":"Memory 1","damage_taken":0,"max_hp_gain":0,"max_hp_loss":0,"event_name":"SensoryStone","floor":45,"gold_loss":0},{"damage_healed":0,"gold_gain":0,"player_choice":"Upgrade","damage_taken":0,"relics_obtained":["Mark of the Bloom"],"max_hp_gain":0,"max_hp_loss":0,"event_name":"MindBloom","floor":47,"gold_loss":0,"cards_upgraded":["Seek","BootSequence","Skim","Echo Form","Rainbow","Leap","Skim","Gash","Echo Form","Master of Strategy"]}],"is_beta":false,"boss_relics":[{"not_picked":["Calling Bell","Coffee Dripper"],"picked":"Pandora\u0027s Box"},{"not_picked":["Nuclear Battery","Tiny House"],"picked":"Cursed Key"}],"items_purged_floors":[36],"is_endless":false,"potions_floor_spawned":[3,4,11,16,21,24,29,31,35,41],"ascension_level":0}