{"gold_per_floor":[116,132,145,145,145,145,165,165,165,185,205,232,232,249,249,326,376,348,348,68,82,82,82,97,97],"floor_reached":25,"playtime":734,"items_purged":[],"score":410,"play_id":"82ee4ee6-2ddc-4aae-8a61-3f07e89c34ef","local_time":"20190225133552","is_ascension_mode":true,"campfire_choices":[{"data":"Go for the Eyes","floor":6,"key":"SMITH"},{"data":"Zap","floor":8,"key":"SMITH"},{"data":"Beam Cell","floor":15,"key":"SMITH"},{"data":"Coolheaded","floor":23,"key":"SMITH"}],"neow_cost":"NONE","seed_source_timestamp":668116272936562,"circlet_count":0,"master_deck":["AscendersBane","Strike_B","Strike_B","Strike_B","Defend_B","Defend_B","Defend_B","Defend_B","Zap+1","Dualcast+1","Conserve Battery","Gash","Go for the Eyes+1","Self Repair","Doom and Gloom","Beam Cell+1","Turbo","Leap","Rainbow","Coolheaded+1","Cold Snap","White Noise+1","Electrodynamics","BootSequence"],"relics":["Cracked Core","Boot","Shovel","FossilizedHelix","Tiny House","OrangePellets"],"potions_floor_usage":[16,18,18,25,25],"damage_taken":[{"damage":7,"enemies":"Cultist","floor":1,"turns":4},{"damage":5,"enemies":"Jaw Worm","floor":2,"turns":2},{"damage":0,"enemies":"Small Slimes","floor":3,"turns":3},{"damage":5,"enemies":"Looter","floor":7,"turns":4},{"damage":5,"enemies":"2 Fungi Beasts","floor":10,"turns":4},{"damage":8,"enemies":"3 Louse","floor":11,"turns":2},{"damage":35,"enemies":"3 Sentries","floor":12,"turns":7},{"damage":0,"enemies":"Looter","floor":14,"turns":3},{"damage":16,"enemies":"Slime Boss","floor":16,"turns":10},{"damage":14,"enemies":"2 Thieves","floor":18,"turns":4},{"damage":20,"enemies":"Colosseum Slavers","floor":19,"turns":6},{"damage":10,"enemies":"3 Byrds","floor":21,"turns":4},{"damage":27,"enemies":"Sentry and Sphere","floor":24,"turns":6},{"damage":16,"enemies":"Gremlin Leader","floor":25,"turns":5}],"seed_played":"-5708228286975983746","potions_obtained":[{"floor":12,"key":"Fire Potion"},{"floor":14,"key":"Energy Potion"},{"floor":17,"key":"SneckoOil"},{"floor":21,"key":"FocusPotion"},{"floor":24,"key":"SneckoOil"}],"is_trial":false,"path_per_floor":["M","M","M","?","?","R","M","R","T","M","M","E","?","M","R","B",null,"M","?","$","M","?","R","M","E"],"character_chosen":"DEFECT","items_purchased":["OrangePellets","Cold Snap"],"campfire_rested":0,"item_purchase_floors":[20,20],"current_hp_per_floor":[57,52,52,57,57,57,52,52,52,54,46,18,11,18,18,9,64,50,37,37,34,34,34,14,0],"gold":97,"neow_bonus":"RANDOM_COMMON_RELIC","is_prod":false,"is_daily":false,"chose_seed":false,"campfire_upgraded":4,"win_rate":0,"timestamp":1551072952,"path_taken":["M","?","M","?","?","R","M","R","T","M","M","E","?","M","R","BOSS","M","?","$","M","?","R","M","E"],"build_version":"2019-01-23","purchased_purges":0,"victory":false,"max_hp_per_floor":[71,71,71,76,76,76,76,76,76,76,76,76,76,76,76,76,81,81,81,81,81,81,81,81,81],"card_choices":[{"not_picked":["Sweeping Beam","Go for the Eyes"],"picked":"Conserve Battery","floor":1},{"not_picked":["Undo","Barrage"],"picked":"Gash","floor":2},{"not_picked":["Melter","Storm"],"picked":"Go for the Eyes","floor":3},{"not_picked":["Sweeping Beam","Fission"],"picked":"Self Repair","floor":7},{"not_picked":["Compile Driver","Rebound"],"picked":"Doom and Gloom","floor":10},{"not_picked":["Steam","Go for the Eyes"],"picked":"Beam Cell","floor":11},{"not_picked":["Double Energy","Steam"],"picked":"Turbo","floor":12},{"not_picked":["Streamline","Turbo"],"picked":"Leap","floor":14},{"not_picked":["Creative AI","Machine Learning"],"picked":"Rainbow","floor":16},{"not_picked":["Stack","Beam Cell"],"picked":"Coolheaded","floor":17},{"not_picked":["Barrage","Streamline","Melter"],"picked":"SKIP","floor":18},{"not_picked":["Cold Snap","Coolheaded"],"picked":"White Noise+1","floor":21},{"not_picked":["Tempest","Auto Shields"],"picked":"BootSequence","floor":24}],"player_experience":990481,"relics_obtained":[{"floor":9,"key":"Shovel"},{"floor":12,"key":"FossilizedHelix"}],"event_choices":[{"damage_healed":0,"gold_gain":0,"player_choice":"Donut","damage_taken":0,"max_hp_gain":5,"max_hp_loss":0,"event_name":"Big Fish","floor":4,"gold_loss":0},{"damage_healed":0,"gold_gain":0,"player_choice":"Ignored","damage_taken":0,"max_hp_gain":0,"max_hp_loss":0,"event_name":"Liars Game","floor":5,"gold_loss":0},{"cards_removed":["Strike_B"],"damage_healed":0,"gold_gain":0,"player_choice":"Card Removal","damage_taken":7,"max_hp_gain":0,"max_hp_loss":0,"event_name":"Golden Wing","floor":13,"gold_loss":0},{"damage_healed":0,"gold_gain":0,"player_choice":"Fight","damage_taken":0,"max_hp_gain":0,"max_hp_loss":0,"event_name":"Colosseum","floor":19,"gold_loss":0},{"damage_healed":0,"gold_gain":0,"player_choice":"Fled From Nobs","damage_taken":0,"max_hp_gain":0,"max_hp_loss":0,"event_name":"Colosseum","floor":19,"gold_loss":0},{"damage_healed":0,"gold_gain":0,"player_choice":"Read","damage_taken":0,"max_hp_gain":0,"max_hp_loss":0,"event_name":"The Library","floor":22,"gold_loss":0,"cards_obtained":["Electrodynamics"]}],"is_beta":false,"boss_relics":[{"not_picked":["Fusion Hammer","Ectoplasm"],"picked":"Tiny House"}],"items_purged_floors":[],"is_endless":false,"potions_floor_spawned":[12,14,19,21,24],"killed_by":"Gremlin Leader","ascension_level":20}