{"path_per_floor":["M","?","M","M","M","E","R","M","T","M","M","$","M","E","R","B",null,"M","?","$","M","?","E","?","?","T","$","E","M","E","M","R","B",null,"M","M","?","T","T","E","$","R","T","E","M","E","?","M","R","B"],"character_chosen":"THE_SILENT","items_purchased":["Pen Nib","Singing Bowl","Shuriken","Finisher","Dead Branch"],"gold_per_floor":[114,189,204,219,234,264,264,279,354,369,384,9,24,54,54,154,154,169,269,19,34,34,64,64,64,114,45,75,90,120,135,135,235,235,250,265,265,265,340,370,70,70,70,100,115,145,0,15,15,15],"floor_reached":51,"campfire_rested":0,"playtime":2800,"current_hp_per_floor":[82,71,71,71,71,51,51,51,51,51,51,51,51,51,51,51,66,65,64,63,62,61,42,42,42,42,42,44,52,42,44,44,11,69,68,63,63,63,63,64,64,64,64,47,49,51,51,52,52,10],"items_purged":["Defend_G"],"gold":15,"score":932,"play_id":"1f03a45a-1fac-4739-be79-fb59386e17c1","local_time":"20180429104817","daily_mods":["Heirloom","Night Terrors","Terminal"],"is_prod":false,"is_daily":true,"chose_seed":false,"is_ascension_mode":false,"campfire_upgraded":5,"timestamp":1524970097,"path_taken":["M","?","?","M","M","E","R","M","T","M","M","?","M","E","R","BOSS","M","?","$","M","?","E","?","?","T","$","E","M","E","M","R","BOSS","M","M","?","?","?","E","$","R","T","E","M","E","?","M","R","BOSS"],"build_version":"2018-04-27v3","seed_source_timestamp":0,"purchased_purges":2,"victory":true,"master_deck":["Survivor","Neutralize+1","Sucker Punch","Backflip+1","Dagger Throw","Masterful Stab","Deflect","Escape Plan","Prepared+1","Venomology","Bane","PiercingWail","Riddle With Holes","Dagger Throw","Acrobatics+1","Choke","Prepared+1","Sucker Punch","Calculated Gamble+1","Terror+1","Blade Dance+1","Finisher","Footwork","Prepared+1","Slice+1"],"max_hp_per_floor":[82,81,80,79,78,77,76,75,74,73,72,71,70,69,68,67,66,65,64,63,62,61,62,61,60,59,58,59,60,61,62,61,62,69,68,69,68,67,66,67,66,65,64,63,64,65,64,65,64,63],"relics":["Ring of the Snake","Mango","Juzu Bracelet","Toolbox","Pen Nib","Singing Bowl","Torii","Pandora\u0027s Box","Shuriken","Anchor","Orichalcum","Letter Opener","Dodecahedron","Orrery","Pantograph","Molten Egg 2","Frozen Egg 2","Dead Branch","Mummified Hand","Bag of Preparation","War Paint","Red Mask"],"card_choices":[{"not_picked":["Outmaneuver","PiercingWail"],"picked":"Sucker Punch","floor":1},{"not_picked":["Phantasmal Killer","Finisher"],"picked":"Backflip","floor":3},{"not_picked":["Flying Knee","Noxious Fumes"],"picked":"Dagger Throw","floor":5},{"not_picked":["Predator","Quick Slash"],"picked":"Masterful Stab","floor":8},{"not_picked":["Outmaneuver","Eviscerate"],"picked":"Deflect","floor":10},{"not_picked":["Prepared","PiercingWail"],"picked":"Escape Plan","floor":13},{"not_picked":["Dagger Throw","Heel Hook"],"picked":"Prepared","floor":14},{"not_picked":["Corpse Explosion","Phantasmal Killer"],"picked":"Venomology","floor":16},{"not_picked":["Dagger Spray","PiercingWail"],"picked":"Terror","floor":18},{"not_picked":["Slice","Dagger Spray"],"picked":"Blade Dance","floor":21},{"not_picked":["Quick Slash","Leg Sweep"],"picked":"Footwork","floor":34},{"not_picked":["Bouncing Flask","Cloak And Dagger"],"picked":"Prepared","floor":35},{"not_picked":["After Image","Well Laid Plans"],"picked":"Slice","floor":44}],"player_experience":444882,"potions_floor_usage":[14,23,28,29,30,33,35,35,40,40,44,45,48,50,50,50,50,50],"damage_taken":[{"damage":0,"enemies":"Cultist","floor":1,"turns":4},{"damage":0,"enemies":"Jaw Worm","floor":3,"turns":3},{"damage":0,"enemies":"2 Louse","floor":4,"turns":3},{"damage":0,"enemies":"Lots of Slimes","floor":5,"turns":7},{"damage":20,"enemies":"Gremlin Nob","floor":6,"turns":5},{"damage":0,"enemies":"Red Slaver","floor":8,"turns":3},{"damage":0,"enemies":"Large Slime","floor":10,"turns":7},{"damage":0,"enemies":"Exordium Thugs","floor":11,"turns":4},{"damage":0,"enemies":"3 Louse","floor":13,"turns":3},{"damage":0,"enemies":"3 Sentries","floor":14,"turns":8},{"damage":0,"enemies":"The Guardian","floor":16,"turns":14},{"damage":1,"enemies":"Shell Parasite","floor":18,"turns":7},{"damage":0,"enemies":"3 Byrds","floor":21,"turns":5},{"damage":21,"enemies":"Gremlin Leader","floor":23,"turns":7},{"damage":0,"enemies":"Slavers","floor":28,"turns":3},{"damage":0,"enemies":"Snake Plant","floor":29,"turns":4},{"damage":12,"enemies":"Book of Stabbing","floor":30,"turns":4},{"damage":0,"enemies":"Centurion and Healer","floor":31,"turns":4},{"damage":35,"enemies":"Champ","floor":33,"turns":7},{"damage":0,"enemies":"Flame Bruiser 1 Orb","floor":35,"turns":3},{"damage":7,"enemies":"3 Shapes","floor":36,"turns":3},{"damage":1,"enemies":"Nemesis","floor":40,"turns":5},{"damage":17,"enemies":"Giant Head","floor":44,"turns":7},{"damage":0,"enemies":"Sphere and 2 Shapes","floor":45,"turns":4},{"damage":0,"enemies":"2 Orb Walkers","floor":46,"turns":3},{"damage":1,"enemies":"Maw","floor":48,"turns":4},{"damage":54,"enemies":"Awakened One","floor":50,"turns":7}],"event_choices":[{"event_name":"World of Goop","player_choice":"Gather Gold","floor":2,"damage_taken":0},{"event_name":"Golden Shrine","player_choice":"Pray","floor":19,"damage_taken":0},{"event_name":"Drug Dealer","player_choice":"Ignored","floor":22,"damage_taken":0},{"event_name":"Accursed Blacksmith","player_choice":"Forge","floor":24,"damage_taken":0},{"event_name":"Vampires","player_choice":"Ignored","floor":25,"damage_taken":0},{"event_name":"The Woman in Blue","player_choice":"Bought 0 Potions","floor":37,"damage_taken":0},{"event_name":"Tomb of Lord Red Mask","player_choice":"Paid","floor":47,"damage_taken":0}],"boss_relics":[{"not_picked":["Runic Pyramid","White Beast Statue"],"picked":"Pandora\u0027s Box"},{"not_picked":["Lizard Tail","Velvet Choker"],"picked":"Orrery"}],"potions_floor_spawned":[3,4,8,13,21,28,29,30,40,46,48],"seed_played":"2526306765528303523","ascension_level":0,"is_trial":false}