{"gold_per_floor":[19,29,29,29,41,41,66,66,89,89,103,115,133,59,59,158,158,169,186,186,461,475,475,489,489,489,506,526,178,178,178,178,283,283,301,301,301,201,201,214,214,232,256,269,283,283,283,293,293,293],"floor_reached":51,"playtime":1918,"items_purged":["Defend_G","Blade Dance+1"],"score":691,"play_id":"265217ee-1baf-4eaa-a178-68ef424c4926","local_time":"20181022123752","is_ascension_mode":false,"campfire_choices":[{"data":"Catalyst","floor":6,"key":"SMITH"},{"data":"Bouncing Flask","floor":8,"key":"SMITH"},{"data":"Neutralize","floor":10,"key":"SMITH"},{"data":"Well Laid Plans","floor":15,"key":"SMITH"},{"data":"Catalyst","floor":23,"key":"SMITH"},{"data":"Grand Finale","floor":25,"key":"SMITH"},{"data":"Well Laid Plans","floor":30,"key":"SMITH"},{"data":"Burst","floor":32,"key":"SMITH"},{"data":"Noxious Fumes","floor":41,"key":"SMITH"},{"data":"Venomology","floor":47,"key":"SMITH"},{"data":"Well Laid Plans","floor":49,"key":"SMITH"}],"neow_cost":"NO_GOLD","seed_source_timestamp":16138045015773,"circlet_count":0,"master_deck":["Defend_G","Defend_G","Defend_G","Strike_G","Survivor","Neutralize+1","Grand Finale+1","Catalyst+1","Escape Plan","Bouncing Flask+1","Terror+1","Well Laid Plans+1","After Image+1","Bullet Time+1","Catalyst+1","Burst+1","Well Laid Plans+1","Burst+1","Backflip+1","Noxious Fumes+1","Leg Sweep+1","Well Laid Plans+1","Venomology+1"],"relics":["Ring of the Snake","Regal Pillow","Dream Catcher","Omamori","Astrolabe","Singing Bowl","Lee\u0027s Waffle","Orrery","War Paint"],"potions_floor_usage":[20,28,42,45,50,50,50],"damage_taken":[{"damage":0,"enemies":"Cultist","floor":1,"turns":4},{"damage":0,"enemies":"2 Louse","floor":2,"turns":4},{"damage":7,"enemies":"Jaw Worm","floor":5,"turns":5},{"damage":3,"enemies":"2 Fungi Beasts","floor":11,"turns":4},{"damage":2,"enemies":"Blue Slaver","floor":12,"turns":3},{"damage":13,"enemies":"Exordium Thugs","floor":13,"turns":5},{"damage":21,"enemies":"The Guardian","floor":16,"turns":8},{"damage":0,"enemies":"Shell Parasite","floor":18,"turns":3},{"damage":0,"enemies":"Spheric Guardian","floor":19,"turns":2},{"damage":7,"enemies":"Colosseum Slavers","floor":20,"turns":3},{"damage":3,"enemies":"Centurion and Healer","floor":22,"turns":4},{"damage":8,"enemies":"Snecko","floor":24,"turns":5},{"damage":25,"enemies":"Snake Plant","floor":27,"turns":4},{"damage":7,"enemies":"Shelled Parasite and Fungi","floor":28,"turns":4},{"damage":10,"enemies":"Champ","floor":33,"turns":5},{"damage":9,"enemies":"3 Shapes","floor":35,"turns":5},{"damage":4,"enemies":"3 Darklings","floor":40,"turns":8},{"damage":11,"enemies":"Jaw Worm Horde","floor":42,"turns":3},{"damage":12,"enemies":"Transient","floor":44,"turns":5},{"damage":12,"enemies":"Spire Growth","floor":45,"turns":5},{"damage":11,"enemies":"Jaw Worm Horde","floor":48,"turns":3},{"damage":18,"enemies":"Time Eater","floor":50,"turns":6}],"seed_played":"-8035875078725632162","potions_obtained":[{"floor":11,"key":"Fire Potion"},{"floor":12,"key":"LiquidBronze"},{"floor":16,"key":"Block Potion"},{"floor":28,"key":"Dexterity Potion"},{"floor":33,"key":"Strength Potion"},{"floor":45,"key":"Fruit Juice"}],"is_trial":false,"path_per_floor":["M","M","?","?","M","R","T","R","T","R","M","M","M","$","R","B",null,"M","M","?","?","M","R","M","R","T","M","M","$","R","?","R","B",null,"M","?","?","$","?","M","R","M","T","M","M","?","R","M","R","B"],"character_chosen":"THE_SILENT","items_purchased":["Well Laid Plans","Lee\u0027s Waffle","Well Laid Plans"],"campfire_rested":0,"item_purchase_floors":[14,29,29],"current_hp_per_floor":[70,70,58,58,51,51,51,51,51,51,48,46,33,33,33,12,70,70,70,63,63,60,60,52,52,52,27,22,79,79,79,79,69,85,76,76,76,76,76,74,74,63,63,53,46,70,70,61,61,43],"gold":293,"neow_bonus":"THREE_RARE_CARDS","is_prod":false,"is_daily":false,"chose_seed":false,"campfire_upgraded":11,"win_rate":0,"timestamp":1540183072,"path_taken":["M","M","?","?","?","R","?","R","T","R","M","M","M","$","R","BOSS","M","?","?","?","M","R","M","R","T","M","M","$","R","?","R","BOSS","M","?","?","$","?","M","R","?","T","M","M","?","R","M","R","BOSS"],"build_version":"2018-10-18","purchased_purges":2,"victory":true,"max_hp_per_floor":[70,70,70,70,70,70,70,70,70,70,70,70,70,70,70,70,70,70,70,70,70,70,70,70,70,70,70,72,79,79,79,79,79,85,85,85,85,85,85,87,87,87,87,89,94,94,94,96,96,96],"card_choices":[{"not_picked":["Malaise","Storm of Steel"],"picked":"Grand Finale","floor":0},{"not_picked":["Dagger Spray","Underhanded Strike","Flechettes"],"picked":"SKIP","floor":1},{"not_picked":["Underhanded Strike","Blade Dance"],"picked":"Catalyst","floor":2},{"not_picked":["Deflect","Outmaneuver"],"picked":"Bouncing Flask","floor":5},{"not_picked":["Dagger Spray","Underhanded Strike","Cloak And Dagger"],"picked":"SKIP","floor":11},{"not_picked":["Quick Slash","Cloak And Dagger","Caltrops"],"picked":"SKIP","floor":12},{"not_picked":["Predator","Blade Dance"],"picked":"Terror","floor":13},{"not_picked":["After Image","Unload"],"picked":"Tools of the Trade","floor":16},{"not_picked":["Finisher","Outmaneuver","Flying Knee"],"picked":"SKIP","floor":18},{"not_picked":["Bouncing Flask+1","Concentrate"],"picked":"Catalyst","floor":19},{"not_picked":["Dodge and Roll","Outmaneuver+1","Quick Slash"],"picked":"SKIP","floor":22},{"not_picked":["Acrobatics","Heel Hook","Leg Sweep"],"picked":"SKIP","floor":24},{"not_picked":["Dagger Throw","Quick Slash"],"picked":"Burst","floor":27},{"not_picked":["Blur","PiercingWail+1","Sucker Punch"],"picked":"Singing Bowl","floor":28},{"not_picked":["Glass Knife","Grand Finale"],"picked":"Burst","floor":33},{"not_picked":["Slice","Infinite Blades+1","Blade Dance"],"picked":"Singing Bowl","floor":34},{"not_picked":["Sucker Punch+1","Slice"],"picked":"Backflip+1","floor":34},{"not_picked":["Choke","Quick Slash+1","PiercingWail"],"picked":"Singing Bowl","floor":34},{"not_picked":["Choke","Slice+1","Underhanded Strike"],"picked":"Singing Bowl","floor":34},{"not_picked":["Setup+1","Masterful Stab"],"picked":"Noxious Fumes","floor":34},{"not_picked":["Underhanded Strike+1","Terror+1"],"picked":"Leg Sweep+1","floor":35},{"not_picked":["Cloak And Dagger+1","Backstab+1","Flechettes"],"picked":"Singing Bowl","floor":40},{"not_picked":["Flechettes","Eviscerate+1"],"picked":"Well Laid Plans","floor":42},{"not_picked":["Endless Agony+1","Acrobatics","Heel Hook+1"],"picked":"Singing Bowl","floor":44},{"not_picked":["Dagger Spray","Dash"],"picked":"Venomology","floor":45},{"not_picked":["Leg Sweep","Dodge and Roll","Distraction"],"picked":"Singing Bowl","floor":48}],"player_experience":500939,"relics_obtained":[{"floor":7,"key":"Dream Catcher"},{"floor":9,"key":"Omamori"},{"floor":26,"key":"Singing Bowl"},{"floor":43,"key":"War Paint"}],"event_choices":[{"damage_healed":0,"gold_gain":0,"player_choice":"Success","damage_taken":12,"relics_obtained":["Regal Pillow"],"max_hp_gain":0,"max_hp_loss":0,"event_name":"Scrap Ooze","floor":3,"gold_loss":0},{"damage_healed":0,"gold_gain":0,"cards_transformed":["Strike_G"],"player_choice":"Change","damage_taken":0,"max_hp_gain":0,"max_hp_loss":0,"event_name":"Living Wall","floor":4,"gold_loss":0,"cards_obtained":["Escape Plan"]},{"damage_healed":0,"gold_gain":0,"player_choice":"Fight","damage_taken":0,"max_hp_gain":0,"max_hp_loss":0,"event_name":"Colosseum","floor":20,"gold_loss":0},{"damage_healed":0,"gold_gain":0,"player_choice":"Fled From Nobs","damage_taken":0,"max_hp_gain":0,"max_hp_loss":0,"event_name":"Colosseum","floor":20,"gold_loss":0},{"damage_healed":0,"gold_gain":275,"player_choice":"Desecrate","damage_taken":0,"max_hp_gain":0,"max_hp_loss":0,"event_name":"Golden Shrine","floor":21,"gold_loss":0,"cards_obtained":["Regret"]},{"cards_removed":["Strike_G"],"damage_healed":0,"gold_gain":0,"player_choice":"Elegance","damage_taken":0,"max_hp_gain":0,"max_hp_loss":0,"event_name":"Back to Basics","floor":31,"gold_loss":0},{"damage_healed":0,"gold_gain":0,"player_choice":"Ignored","damage_taken":0,"max_hp_gain":0,"max_hp_loss":0,"event_name":"Tomb of Lord Red Mask","floor":36,"gold_loss":0},{"cards_removed":["Tools of the Trade"],"damage_healed":0,"gold_gain":0,"player_choice":"Removed Power","damage_taken":0,"max_hp_gain":0,"max_hp_loss":0,"event_name":"Falling","floor":37,"gold_loss":0},{"damage_healed":0,"gold_gain":0,"player_choice":"Ignored","damage_taken":0,"max_hp_gain":0,"max_hp_loss":0,"event_name":"Mysterious Sphere","floor":39,"gold_loss":0},{"damage_healed":24,"gold_gain":0,"player_choice":"Writhe","damage_taken":0,"max_hp_gain":0,"max_hp_loss":0,"event_name":"Winding Halls","floor":46,"gold_loss":0,"cards_obtained":["Writhe"]}],"is_beta":false,"boss_relics":[{"not_picked":["Sozu","Tiny House"],"picked":"Astrolabe"},{"not_picked":["Snecko Eye","Philosopher\u0027s Stone"],"picked":"Orrery"}],"items_purged_floors":[29,38],"is_endless":false,"potions_floor_spawned":[11,12,16,18,20,28,33,40,45],"ascension_level":0}