{"gold_per_floor":[115,40,40,58,70,99,99,110,110,143,143,143,143,154,154,154],"floor_reached":16,"playtime":449,"items_purged":["Strike_G"],"score":220,"play_id":"276f0577-e198-4399-8778-b0406376091f","local_time":"20190127170619","is_ascension_mode":true,"campfire_choices":[{"data":"All Out Attack","floor":7,"key":"SMITH"},{"data":"Flechettes","floor":11,"key":"SMITH"},{"data":"Noxious Fumes","floor":15,"key":"SMITH"}],"neow_cost":"NONE","seed_source_timestamp":19663444515070,"circlet_count":0,"master_deck":["AscendersBane","Defend_G","Defend_G","Defend_G","Defend_G","Defend_G","Strike_G","Survivor","Neutralize","Dagger Throw","Flechettes+1","All Out Attack+1","Noxious Fumes+1","PiercingWail"],"special_seed":0,"relics":["Ring of the Snake","Regal Pillow","Blood Vial","Frozen Egg 2"],"potions_floor_usage":[10,16,16],"damage_taken":[{"damage":7.0,"enemies":"Jaw Worm","floor":1.0,"turns":5.0},{"damage":0,"enemies":"Small Slimes","floor":4,"turns":4},{"damage":1,"enemies":"Cultist","floor":5,"turns":4},{"damage":34,"enemies":"Lagavulin","floor":6,"turns":9},{"damage":0,"enemies":"2 Fungi Beasts","floor":8,"turns":2},{"damage":10,"enemies":"3 Sentries","floor":10,"turns":6},{"damage":0,"enemies":"3 Louse","floor":14,"turns":2},{"damage":7,"enemies":"Hexaghost","floor":16,"turns":9}],"seed_played":"3847988872010899977","potions_obtained":[{"floor":1.0,"key":"SteroidPotion"},{"floor":5,"key":"Block Potion"},{"floor":14,"key":"Weak Potion"}],"is_trial":false,"path_per_floor":["M","$","?","M","M","E","R","M","T","E","R","?","?","M","R","B"],"character_chosen":"THE_SILENT","items_purchased":[],"campfire_rested":0,"item_purchase_floors":[],"current_hp_per_floor":[52,52,52,52,51,17,17,17,17,9,9,2,2,4,4,0],"gold":154,"neow_bonus":"TRANSFORM_CARD","is_prod":false,"is_daily":false,"chose_seed":false,"campfire_upgraded":3,"win_rate":0,"timestamp":1548579979,"path_taken":["M","$","?","M","M","E","R","M","T","E","R","?","?","M","R","BOSS"],"build_version":"2019-01-23","purchased_purges":1,"victory":false,"max_hp_per_floor":[66,66,66,66,66,66,66,66,66,66,66,66,66,66,66,66],"card_choices":[{"not_picked":["Setup","Dagger Spray"],"picked":"Flechettes","floor":1.0},{"not_picked":["Dodge and Roll","Blade Dance","Underhanded Strike"],"picked":"SKIP","floor":4},{"not_picked":["Footwork","Expertise"],"picked":"Noxious Fumes","floor":5},{"not_picked":["Deflect","Poisoned Stab","Tools of the Trade"],"picked":"SKIP","floor":6},{"not_picked":["Choke","Cloak And Dagger","Quick Slash"],"picked":"SKIP","floor":8},{"not_picked":["Dagger Throw","Sucker Punch"],"picked":"PiercingWail","floor":10},{"not_picked":["Underhanded Strike","Leg Sweep","Heel Hook"],"picked":"SKIP","floor":14}],"player_experience":1356162,"relics_obtained":[{"floor":6,"key":"Regal Pillow"},{"floor":9,"key":"Blood Vial"},{"floor":10,"key":"Frozen Egg 2"}],"event_choices":[{"damage_healed":0,"gold_gain":0,"cards_transformed":["Strike_G"],"player_choice":"Change","damage_taken":0,"max_hp_gain":0,"max_hp_loss":0,"event_name":"Living Wall","floor":3,"gold_loss":0,"cards_obtained":["All Out Attack"]},{"cards_removed":["Strike_G"],"damage_healed":0,"gold_gain":0,"player_choice":"Card Removal","damage_taken":7,"max_hp_gain":0,"max_hp_loss":0,"event_name":"Golden Wing","floor":12,"gold_loss":0},{"damage_healed":0,"gold_gain":0,"player_choice":"Fled","damage_taken":0,"max_hp_gain":0,"max_hp_loss":0,"event_name":"Scrap Ooze","floor":13,"gold_loss":0}],"is_beta":true,"boss_relics":[],"items_purged_floors":[2],"is_endless":false,"potions_floor_spawned":[1,5,14],"killed_by":"Hexaghost","ascension_level":20}