{"gold_per_floor":[111,130,150,150,166,166,176,176,203,214,233,213,230,46,46,123,123,141,66,86,86,103,103,53,53,53,10,28,28,28],"floor_reached":30,"playtime":1156,"items_purged":["Strike_G"],"score":426,"play_id":"ddd3dd52-2648-4569-9541-8449ff20afd8","local_time":"20181114213824","is_ascension_mode":true,"campfire_choices":[{"data":"Noxious Fumes","floor":6,"key":"SMITH"},{"data":"All Out Attack","floor":8,"key":"SMITH"},{"data":"Calculated Gamble","floor":15,"key":"SMITH"},{"data":"Burst","floor":23,"key":"SMITH"},{"floor":25,"key":"REST"},{"data":"Reflex","floor":29,"key":"SMITH"}],"neow_cost":"TEN_PERCENT_HP_LOSS","seed_source_timestamp":10228918718681,"circlet_count":0,"master_deck":["AscendersBane","Defend_G+1","Defend_G","Defend_G+1","Defend_G","Defend_G","Strike_G","Strike_G","Survivor","Neutralize","Calculated Gamble+1","All Out Attack+1","Noxious Fumes+1","Backflip","Masterful Stab","Reflex+1","Burst+1","Acrobatics","Outmaneuver","Bullet Time","Leg Sweep","Prepared"],"relics":["Ring of the Snake","Lantern","War Paint","Runic Dome","Unceasing Top"],"potions_floor_usage":[16,18],"damage_taken":[{"damage":0,"enemies":"Cultist","floor":1,"turns":4},{"damage":0,"enemies":"2 Louse","floor":2,"turns":4},{"damage":0,"enemies":"Jaw Worm","floor":3,"turns":5},{"damage":7,"enemies":"Red Slaver","floor":5,"turns":4},{"damage":0,"enemies":"Blue Slaver","floor":7,"turns":4},{"damage":9,"enemies":"Large Slime","floor":10,"turns":5},{"damage":0,"enemies":"2 Fungi Beasts","floor":11,"turns":2},{"damage":0,"enemies":"Blue Slaver","floor":13,"turns":3},{"damage":13,"enemies":"Hexaghost","floor":16,"turns":12},{"damage":13,"enemies":"Chosen","floor":18,"turns":5},{"damage":17,"enemies":"Shell Parasite","floor":20,"turns":7},{"damage":7,"enemies":"Colosseum Slavers","floor":21,"turns":5},{"damage":11,"enemies":"Snecko","floor":22,"turns":7},{"damage":18,"enemies":"Centurion and Healer","floor":28,"turns":12},{"damage":0,"enemies":"Cultist and Chosen","floor":30,"turns":2}],"seed_played":"-7743793974600254094","potions_obtained":[{"floor":1,"key":"Strength Potion"},{"floor":5,"key":"Weak Potion"},{"floor":16,"key":"FearPotion"}],"is_trial":false,"path_per_floor":["M","M","M","?","M","R","M","R","T","M","M","?","M","$","R","B",null,"M","$","M","?","M","R","?","R","T","$","M","R","M"],"character_chosen":"THE_SILENT","items_purchased":["Outmaneuver","War Paint","Leg Sweep"],"campfire_rested":1,"item_purchase_floors":[14,14,27],"current_hp_per_floor":[59,59,59,59,52,52,52,52,52,43,43,43,43,43,43,30,53,40,40,23,16,5,5,5,23,23,23,5,5,5],"gold":28,"neow_bonus":"TRANSFORM_TWO_CARDS","is_prod":false,"is_daily":false,"chose_seed":false,"campfire_upgraded":5,"win_rate":0,"timestamp":1542202704,"path_taken":["M","M","M","?","M","R","M","R","T","M","M","?","M","$","R","BOSS","M","$","M","?","M","R","?","R","T","$","M","R","M"],"build_version":"2018-11-13","purchased_purges":1,"victory":false,"max_hp_per_floor":[60,60,60,60,60,60,60,60,60,60,60,60,60,60,60,60,60,60,60,60,60,60,60,60,60,60,60,60,60,60],"card_choices":[{"not_picked":["Predator","Cloak And Dagger"],"picked":"Noxious Fumes","floor":1},{"not_picked":["Prepared","Acrobatics"],"picked":"Backflip","floor":2},{"not_picked":["Flechettes","Outmaneuver"],"picked":"Masterful Stab","floor":3},{"not_picked":["Accuracy","Poisoned Stab","Prepared"],"picked":"SKIP","floor":5},{"not_picked":["Dodge and Roll","Poisoned Stab"],"picked":"Reflex","floor":7},{"not_picked":["Flying Knee","Bane","Backflip"],"picked":"SKIP","floor":10},{"not_picked":["Deadly Poison","Dodge and Roll"],"picked":"Burst","floor":11},{"not_picked":["Cloak And Dagger","Dagger Spray"],"picked":"Acrobatics","floor":13},{"not_picked":["Phantasmal Killer","Grand Finale"],"picked":"Bullet Time","floor":16},{"not_picked":["Backflip","Infinite Blades","Dodge and Roll"],"picked":"SKIP","floor":18},{"not_picked":["Outmaneuver","Distraction","Deflect"],"picked":"SKIP","floor":20},{"not_picked":["Flying Knee","PiercingWail","Caltrops"],"picked":"SKIP","floor":22},{"not_picked":["Endless Agony","Dash"],"picked":"Prepared","floor":28}],"player_experience":1056599,"relics_obtained":[{"floor":9,"key":"Lantern"},{"floor":26,"key":"Unceasing Top"}],"event_choices":[{"damage_healed":0,"gold_gain":0,"player_choice":"Ignored","damage_taken":0,"max_hp_gain":0,"max_hp_loss":0,"event_name":"Liars Game","floor":4,"gold_loss":0},{"damage_healed":0,"gold_gain":0,"player_choice":"Bought 1 Potion","damage_taken":0,"max_hp_gain":0,"max_hp_loss":0,"event_name":"The Woman in Blue","floor":12,"gold_loss":0},{"damage_healed":0,"gold_gain":0,"player_choice":"Fight","damage_taken":0,"max_hp_gain":0,"max_hp_loss":0,"event_name":"Colosseum","floor":21,"gold_loss":0},{"damage_healed":0,"gold_gain":0,"player_choice":"Fled From Nobs","damage_taken":0,"max_hp_gain":0,"max_hp_loss":0,"event_name":"Colosseum","floor":21,"gold_loss":0},{"damage_healed":0,"gold_gain":0,"player_choice":"Bet on Owner","damage_taken":0,"max_hp_gain":0,"max_hp_loss":0,"event_name":"The Joust","floor":24,"gold_loss":50}],"is_beta":true,"boss_relics":[{"not_picked":["White Beast Statue","Lizard Tail"],"picked":"Runic Dome"}],"items_purged_floors":[19],"is_endless":false,"potions_floor_spawned":[1,5,10,16,21],"killed_by":"Cultist and Chosen","ascension_level":18}