{"gold_per_floor":[119,135,135,135,22,22,33,33,33,58,68,84,95,112,112,208,208,223,223,223,223,238,238,252,252,275,175,186,198,198,210,210,307,307,319,194,194,194,44,44,44,44,71,82,98,116,116,134,134,134],"floor_reached":51,"playtime":1243,"items_purged":["Strike_G","Defend_G","Neutralize","Bouncing Flask+1"],"score":741,"play_id":"e6bdadae-6b2c-49b2-adc8-28ceb68d67e9","local_time":"20181031235416","is_ascension_mode":false,"campfire_choices":[{"data":"Defend_G","floor":6.0,"key":"PURGE"},{"data":"Noxious Fumes","floor":8.0,"key":"SMITH"},{"data":"Catalyst","floor":15.0,"key":"SMITH"},{"data":"Strike_G","floor":23,"key":"PURGE"},{"data":"Defend_G","floor":25,"key":"PURGE"},{"data":"Defend_G","floor":30,"key":"PURGE"},{"data":"Survivor","floor":32,"key":"PURGE"},{"data":"Bullet Time+1","floor":40,"key":"PURGE"},{"data":"Prepared+1","floor":42,"key":"PURGE"},{"data":"Noxious Fumes+1","floor":47,"key":"PURGE"},{"data":"Corpse Explosion+1","floor":49,"key":"PURGE"}],"neow_cost":"NONE","seed_source_timestamp":50488421054137,"circlet_count":0,"master_deck":["Grand Finale+1","Catalyst+1","Adrenaline+1","Catalyst+1","Backflip+1","Well Laid Plans+1","Catalyst+1","Finesse+1"],"special_seed":0,"relics":["Ring of the Snake","Peace Pipe","Nunchaku","Odd Mushroom","Sozu","Anchor","Runic Pyramid","Mark of the Bloom","Oddly Smooth Stone"],"potions_floor_usage":[],"damage_taken":[{"damage":0.0,"enemies":"Small Slimes","floor":1.0,"turns":4.0},{"damage":0.0,"enemies":"2 Louse","floor":2.0,"turns":2.0},{"damage":1.0,"enemies":"Jaw Worm","floor":7.0,"turns":3.0},{"damage":7.0,"enemies":"The Mushroom Lair","floor":10.0,"turns":6.0},{"damage":12.0,"enemies":"Exordium Thugs","floor":11.0,"turns":6.0},{"damage":0.0,"enemies":"Blue Slaver","floor":12.0,"turns":3.0},{"damage":7.0,"enemies":"Large Slime","floor":13.0,"turns":3.0},{"damage":4.0,"enemies":"Looter","floor":14.0,"turns":3.0},{"damage":17.0,"enemies":"Hexaghost","floor":16.0,"turns":6.0},{"damage":12.0,"enemies":"2 Thieves","floor":18.0,"turns":4.0},{"damage":0,"enemies":"3 Byrds","floor":22,"turns":2},{"damage":0,"enemies":"Shelled Parasite and Fungi","floor":24,"turns":2},{"damage":11,"enemies":"Sentry and Sphere","floor":28,"turns":3},{"damage":0,"enemies":"Snecko","floor":29,"turns":2},{"damage":0,"enemies":"Cultist and Chosen","floor":31,"turns":2},{"damage":1,"enemies":"Champ","floor":33,"turns":3},{"damage":0,"enemies":"3 Shapes","floor":35,"turns":1},{"damage":0,"enemies":"Orb Walker","floor":44,"turns":1},{"damage":0,"enemies":"Transient","floor":45,"turns":3},{"damage":0,"enemies":"3 Darklings","floor":46,"turns":1},{"damage":0,"enemies":"Writhing Mass","floor":48,"turns":1},{"damage":0,"enemies":"Awakened One","floor":50,"turns":2}],"seed_played":"6141484692567496407","potions_obtained":[{"floor":2.0,"key":"Dexterity Potion"},{"floor":11.0,"key":"SpeedPotion"},{"floor":12.0,"key":"Poison Potion"}],"is_trial":false,"path_per_floor":["M","M","?","?","$","R","M","R","T","?","M","M","M","M","R","B",null,"M","?","?","?","M","R","M","R","T","$","M","M","R","M","R","B",null,"M","$","?","?","$","R","?","R","T","M","M","M","R","M","R","B"],"character_chosen":"THE_SILENT","items_purchased":["Bouncing Flask"],"campfire_rested":0,"item_purchase_floors":[5],"current_hp_per_floor":[70,70,63,63,63,63,62,62,62,55,43,43,36,32,32,15,70,58,58,58,58,58,58,58,58,58,58,47,47,47,47,47,46,70,70,70,70,70,70,70,66,66,66,66,66,66,66,66,66,66],"gold":134,"neow_bonus":"ONE_RANDOM_RARE_CARD","is_prod":false,"is_daily":false,"chose_seed":false,"campfire_upgraded":2,"win_rate":0,"timestamp":1541001256,"path_taken":["M","M","?","?","$","R","M","R","T","?","?","?","?","M","R","BOSS","M","?","?","?","M","R","?","R","T","?","M","M","R","M","R","BOSS","M","$","?","?","$","R","?","R","T","M","?","M","R","?","R","BOSS"],"build_version":"2018-10-25v2","purchased_purges":4,"victory":true,"max_hp_per_floor":[70,70,70,70,70,70,70,70,70,70,70,70,70,70,70,70,70,70,70,70,70,70,70,70,70,70,70,70,70,70,70,70,70,70,70,70,70,70,70,70,66,66,66,66,66,66,66,66,66,66],"card_choices":[{"not_picked":["PiercingWail","Concentrate","Bane"],"picked":"SKIP","floor":1.0},{"not_picked":["Terror","Deflect"],"picked":"Noxious Fumes","floor":2.0},{"not_picked":["Quick Slash","Masterful Stab","Concentrate"],"picked":"SKIP","floor":7.0},{"not_picked":["Backflip","Sucker Punch","Dagger Spray"],"picked":"SKIP","floor":11.0},{"not_picked":["Skewer","Outmaneuver","Quick Slash"],"picked":"SKIP","floor":12.0},{"not_picked":["Flying Knee","Flechettes"],"picked":"Grand Finale","floor":13.0},{"not_picked":["Acrobatics","Underhanded Strike"],"picked":"Catalyst","floor":14.0},{"not_picked":["Tools of the Trade","Envenom"],"picked":"Adrenaline","floor":16.0},{"not_picked":["Blade Dance","Skewer","Choke"],"picked":"SKIP","floor":18.0},{"not_picked":["Dash","Dagger Spray"],"picked":"Backflip+1","floor":22},{"not_picked":["Bane","Cloak And Dagger","Outmaneuver"],"picked":"SKIP","floor":24},{"not_picked":["Flying Knee","Venomology"],"picked":"Well Laid Plans","floor":28},{"not_picked":["Slice+1","All Out Attack","Noxious Fumes+1"],"picked":"SKIP","floor":29},{"not_picked":["Choke","Quick Slash","Flechettes"],"picked":"SKIP","floor":31},{"not_picked":["Backflip+1","Dagger Spray"],"picked":"Catalyst","floor":35},{"not_picked":["HandOfGreed","Magnetism"],"picked":"Finesse","floor":37},{"not_picked":["Reflex","Cloak And Dagger+1","Footwork"],"picked":"SKIP","floor":44},{"not_picked":["Flying Knee","PiercingWail+1","Dodge and Roll+1"],"picked":"SKIP","floor":45},{"not_picked":["Backstab","Quick Slash","Flechettes+1"],"picked":"SKIP","floor":46},{"not_picked":["Terror+1","Outmaneuver","Acrobatics"],"picked":"SKIP","floor":48}],"player_experience":795790,"relics_obtained":[{"floor":9.0,"key":"Nunchaku"},{"floor":10.0,"key":"Odd Mushroom"},{"floor":26,"key":"Anchor"},{"floor":43,"key":"Oddly Smooth Stone"}],"event_choices":[{"damage_healed":0.0,"max_hp_gain":0.0,"max_hp_loss":0.0,"gold_gain":0.0,"event_name":"Scrap Ooze","player_choice":"Success","floor":3.0,"gold_loss":0.0,"damage_taken":7.0,"relics_obtained":["Peace Pipe"]},{"cards_removed":["Strike_G"],"damage_healed":0.0,"max_hp_gain":0.0,"max_hp_loss":0.0,"gold_gain":0.0,"event_name":"Living Wall","player_choice":"Forget","floor":4.0,"gold_loss":0.0,"damage_taken":0.0},{"damage_healed":0.0,"max_hp_gain":0.0,"max_hp_loss":0.0,"gold_gain":0.0,"event_name":"Mushrooms","player_choice":"Fought Mushrooms","floor":10.0,"gold_loss":0.0,"damage_taken":0.0},{"damage_healed":0.0,"max_hp_gain":0.0,"max_hp_loss":0.0,"gold_gain":0.0,"event_name":"Duplicator","player_choice":"Copied","floor":19.0,"gold_loss":0.0,"damage_taken":0.0,"cards_obtained":["Catalyst"]},{"damage_healed":0,"gold_gain":0,"cards_transformed":["Strike_G","Strike_G"],"player_choice":"Became Test Subject","damage_taken":0,"max_hp_gain":0,"max_hp_loss":0,"event_name":"Drug Dealer","floor":20,"gold_loss":0,"cards_obtained":["Corpse Explosion","Prepared"]},{"cards_removed":["Defend_G"],"damage_healed":0,"gold_gain":0,"player_choice":"Elegance","damage_taken":0,"max_hp_gain":0,"max_hp_loss":0,"event_name":"Back to Basics","floor":21,"gold_loss":0},{"damage_healed":0,"gold_gain":0,"player_choice":"Memory 1","damage_taken":0,"max_hp_gain":0,"max_hp_loss":0,"event_name":"SensoryStone","floor":37,"gold_loss":0},{"damage_healed":0,"gold_gain":0,"player_choice":"Upgrade","damage_taken":0,"relics_obtained":["Mark of the Bloom"],"max_hp_gain":0,"max_hp_loss":0,"event_name":"MindBloom","floor":38,"gold_loss":0,"cards_upgraded":["Bullet Time","Bouncing Flask","Grand Finale","Adrenaline","Corpse Explosion","Prepared","Well Laid Plans","Catalyst","Finesse"]},{"damage_healed":0,"gold_gain":0,"player_choice":"Max HP","damage_taken":0,"max_hp_gain":0,"max_hp_loss":4,"event_name":"Winding Halls","floor":41,"gold_loss":0}],"is_beta":false,"boss_relics":[{"not_picked":["Calling Bell","Eternal Feather"],"picked":"Sozu"},{"not_picked":["Busted Crown","WristBlade"],"picked":"Runic Pyramid"}],"items_purged_floors":[5,27,36,39],"is_endless":false,"potions_floor_spawned":[2,11,12,13,29,33,35,44,45],"ascension_level":0}