{"gold_per_floor":[212,232,249,268,268,268,268,31,31,31,45,89,89,2,2,2],"floor_reached":16,"playtime":378,"items_purged":["Pain"],"score":200,"play_id":"863d4c4f-d806-4cf7-8c7e-fc686635cd89","local_time":"20181228121030","is_ascension_mode":true,"campfire_choices":[{"data":"Catalyst","floor":6,"key":"SMITH"},{"floor":10,"key":"REST"},{"floor":15,"key":"REST"}],"neow_cost":"NONE","seed_source_timestamp":2696643847971,"circlet_count":0,"master_deck":["AscendersBane","Defend_G","Defend_G","Defend_G","Defend_G","Defend_G","Strike_G","Strike_G","Strike_G","Strike_G","Strike_G","Survivor","Neutralize","Dagger Throw","Poisoned Stab","Terror","Catalyst+1","Footwork","Burst","Catalyst","Noxious Fumes"],"relics":["Ring of the Snake","Golden Idol","WarpedTongs","Calipers"],"potions_floor_usage":[],"damage_taken":[{"damage":5,"enemies":"Cultist","floor":1,"turns":6},{"damage":2,"enemies":"Small Slimes","floor":2,"turns":4},{"damage":1,"enemies":"2 Louse","floor":3,"turns":3},{"damage":15,"enemies":"Exordium Thugs","floor":4,"turns":6},{"damage":0,"enemies":"2 Fungi Beasts","floor":11,"turns":2},{"damage":72,"enemies":"Gremlin Nob","floor":12,"turns":5},{"damage":28,"enemies":"Slime Boss","floor":16,"turns":8}],"seed_played":"8143039910426793934","potions_obtained":[{"floor":3,"key":"FairyPotion"},{"floor":4,"key":"LiquidBronze"}],"is_trial":false,"path_per_floor":["M","M","M","M","?","R","?","$","T","R","M","E","?","$","R","B"],"character_chosen":"THE_SILENT","items_purchased":["Footwork","Burst","Noxious Fumes"],"campfire_rested":2,"item_purchase_floors":[8,8,14],"current_hp_per_floor":[54,52,51,36,36,36,36,36,36,54,54,6,6,6,24,0],"gold":2,"neow_bonus":"HUNDRED_GOLD","is_prod":false,"is_daily":false,"chose_seed":false,"campfire_upgraded":1,"win_rate":0,"timestamp":1545970230,"path_taken":["M","?","?","M","?","R","?","$","T","R","?","E","?","$","R","BOSS"],"build_version":"2018-12-20","purchased_purges":1,"victory":false,"max_hp_per_floor":[66,66,66,66,60,60,60,60,60,60,60,60,60,60,60,60],"card_choices":[{"not_picked":["Underhanded Strike","Deflect"],"picked":"Dagger Throw","floor":1},{"not_picked":["Underhanded Strike","Dagger Throw"],"picked":"Poisoned Stab","floor":2},{"not_picked":["Dagger Spray","Dodge and Roll"],"picked":"Terror","floor":3},{"not_picked":["Escape Plan","Poisoned Stab"],"picked":"Catalyst","floor":4},{"not_picked":["Distraction","Blade Dance","A Thousand Cuts"],"picked":"SKIP","floor":11},{"not_picked":["Poisoned Stab","Bane"],"picked":"Catalyst","floor":12}],"player_experience":1543355,"relics_obtained":[{"floor":12,"key":"Calipers"}],"event_choices":[{"damage_healed":0,"gold_gain":0,"player_choice":"Lose Max HP","damage_taken":0,"relics_obtained":["Golden Idol"],"max_hp_gain":0,"max_hp_loss":6,"event_name":"Golden Idol","floor":5,"gold_loss":0},{"damage_healed":0,"gold_gain":0,"player_choice":"Rummage","damage_taken":0,"relics_obtained":["WarpedTongs"],"max_hp_gain":0,"max_hp_loss":0,"event_name":"Accursed Blacksmith","floor":7,"gold_loss":0,"cards_obtained":["Pain"]},{"damage_healed":0,"gold_gain":0,"player_choice":"Ignored","damage_taken":0,"max_hp_gain":0,"max_hp_loss":0,"event_name":"Golden Wing","floor":13,"gold_loss":0}],"is_beta":false,"boss_relics":[],"items_purged_floors":[8],"is_endless":false,"potions_floor_spawned":[3,4],"killed_by":"Slime Boss","ascension_level":20}