{"path_per_floor":["M","$","M","M","?","R","E","M","T","?","R","M","?","M","R"],"character_chosen":"THE_SILENT","items_purchased":["Question Card","Slice"],"gold_per_floor":[359,84,103,119,119,119,145,157,157,157,157,175,100,110,110,110],"floor_reached":16,"campfire_rested":0,"playtime":467,"item_purchase_floors":[2,2],"current_hp_per_floor":[52,52,45,45,45,45,41,41,41,41,41,39,39,37,37,0],"items_purged":[],"gold":110,"score":179,"play_id":"5c8f97e9-429e-43f3-9042-62dc12e5dd9d","local_time":"20180617102213","is_prod":false,"is_daily":false,"chose_seed":false,"is_ascension_mode":true,"campfire_upgraded":3,"win_rate":0,"timestamp":1529202133,"campfire_choices":[{"data":"Neutralize","floor":6,"key":"SMITH"},{"data":"Blade Dance","floor":11,"key":"SMITH"},{"data":"Burst","floor":15,"key":"SMITH"}],"path_taken":["M","$","M","M","?","R","E","M","T","?","R","M","?","M","R","BOSS"],"build_version":"2018-06-14v2","seed_source_timestamp":2457763969985,"purchased_purges":0,"victory":false,"master_deck":["Defend_G","Defend_G","Defend_G","Defend_G","Defend_G","Strike_G","Strike_G","Strike_G","Strike_G","Strike_G","Survivor","Neutralize+1","AscendersBane","Clumsy","Slice","Slice","Footwork+1","Calculated Gamble","Masterful Stab","Blade Dance+1","Cloak And Dagger","Burst+1"],"max_hp_per_floor":[66,66,66,66,66,66,76,76,76,76,76,76,76,76,76,76],"relics":["Ring of the Snake","Question Card","Pear","Letter Opener","Ancient Tea Set"],"card_choices":[{"not_picked":["Reflex","PiercingWail"],"picked":"Slice","floor":1},{"not_picked":["Expertise","Poisoned Stab","Quick Slash"],"picked":"Footwork","floor":3},{"not_picked":["Underhanded Strike","Storm of Steel","Poisoned Stab"],"picked":"Calculated Gamble","floor":4},{"not_picked":["Outmaneuver","Glass Knife","Dagger Throw"],"picked":"Masterful Stab","floor":7},{"not_picked":["Calculated Gamble","Quick Slash","Flying Knee"],"picked":"Blade Dance","floor":8},{"not_picked":["Backflip","Sucker Punch","Flying Knee"],"picked":"Cloak And Dagger","floor":12},{"not_picked":["Acrobatics","Flying Knee","Crippling Poison"],"picked":"Burst","floor":14}],"player_experience":631323,"potions_floor_usage":[7],"damage_taken":[{"damage":7,"enemies":"2 Louse","floor":1,"turns":3},{"damage":7,"enemies":"Cultist","floor":3,"turns":4},{"damage":0,"enemies":"Jaw Worm","floor":4,"turns":5},{"damage":14,"enemies":"Lagavulin","floor":7,"turns":8},{"damage":0,"enemies":"Blue Slaver","floor":8,"turns":5},{"damage":2,"enemies":"3 Louse","floor":12,"turns":4},{"damage":2,"enemies":"Looter","floor":14,"turns":3},{"damage":44,"enemies":"Slime Boss","floor":16,"turns":8}],"relics_obtained":[{"floor":7,"key":"Pear"},{"floor":9,"key":"Letter Opener"}],"event_choices":[{"event_name":"Accursed Blacksmith","player_choice":"Forge","floor":5,"damage_taken":0},{"event_name":"Big Fish","player_choice":"Box","floor":10,"damage_taken":0},{"event_name":"The Cleric","player_choice":"Card Removal","floor":13,"damage_taken":0}],"boss_relics":[],"items_purged_floors":[],"is_endless":false,"potions_floor_spawned":[1,8,12,14],"seed_played":"-3257084219813497908","killed_by":"Slime Boss","ascension_level":15,"potions_obtained":[{"floor":1,"key":"Strength Potion"},{"floor":8,"key":"SteroidPotion"},{"floor":12,"key":"Weak Potion"}],"is_trial":false}