{"gold_per_floor":[115,28,28,178,192,192,75,75,75,104,119,152,71,86,86,160,160,178,89,89,4,4,4,4,4,29,49,59,59,31,46,46,119,119,134,154,154,57,2,29,44,71,97,147,159,159,185,203,203,203,203,203,203,103,132,132],"floor_reached":57,"playtime":2368,"items_purged":["Doubt","Strike_G"],"score":3042,"play_id":"9d6fe16f-debb-4a02-83ce-6ed94b739544","local_time":"20190414044104","is_ascension_mode":true,"campfire_choices":[{"data":"Neutralize","floor":6.0,"key":"SMITH"},{"data":"Calculated Gamble","floor":8.0,"key":"SMITH"},{"data":"Catalyst","floor":15.0,"key":"SMITH"},{"data":"Deadly Poison","floor":23.0,"key":"SMITH"},{"data":"Grand Finale","floor":25.0,"key":"SMITH"},{"data":"Acrobatics","floor":29.0,"key":"SMITH"},{"data":"Acrobatics","floor":32.0,"key":"SMITH"},{"floor":49.0,"key":"RECALL"},{"data":"Purity","floor":53.0,"key":"SMITH"}],"neow_cost":"NONE","seed_source_timestamp":58149093843577,"circlet_count":0,"master_deck":["AscendersBane","Defend_G+1","Defend_G","Defend_G","Defend_G","Strike_G","Strike_G","Survivor","Neutralize+1","Infinite Blades","Calculated Gamble+1","Infinite Blades","Deadly Poison+1","Catalyst+1","After Image+1","Escape Plan","Grand Finale+1","Well Laid Plans+1","Calculated Gamble","Acrobatics+1","Tactician+1","Acrobatics+1","Footwork+1","Backflip","Purity+1","Calculated Gamble","After Image+1"],"special_seed":0,"relics":["Ring of the Snake","NeowsBlessing","Frozen Egg 2","PreservedInsect","Matryoshka","Coffee Dripper","Meat on the Bone","Prayer Wheel","Strawberry","Happy Flower","Empty Cage","Regal Pillow","War Paint","Ornamental Fan","Bronze Scales","Snake Skull","Centennial Puzzle"],"potions_floor_usage":[56,56],"damage_taken":[{"damage":0.0,"enemies":"Jaw Worm","floor":1.0,"turns":1.0},{"damage":0.0,"enemies":"Small Slimes","floor":5.0,"turns":1.0},{"damage":0.0,"enemies":"3 Sentries","floor":10.0,"turns":1.0},{"damage":1.0,"enemies":"2 Louse","floor":11.0,"turns":4.0},{"damage":31.0,"enemies":"Gremlin Nob","floor":12.0,"turns":4.0},{"damage":0.0,"enemies":"Looter","floor":14.0,"turns":5.0},{"damage":19.0,"enemies":"The Guardian","floor":16.0,"turns":9.0},{"damage":20.0,"enemies":"Chosen","floor":18.0,"turns":4.0},{"damage":20.0,"enemies":"2 Thieves","floor":27.0,"turns":3.0},{"damage":16.0,"enemies":"Snake Plant","floor":28.0,"turns":6.0},{"damage":0.0,"enemies":"Snecko","floor":31.0,"turns":3.0},{"damage":0.0,"enemies":"Champ","floor":33.0,"turns":9.0},{"damage":40.0,"enemies":"3 Darklings","floor":35.0,"turns":7.0},{"damage":1.0,"enemies":"Orb Walker","floor":36.0,"turns":4.0},{"damage":0.0,"enemies":"Giant Head","floor":40.0,"turns":4.0},{"damage":4.0,"enemies":"Spire Growth","floor":41.0,"turns":3.0},{"damage":0.0,"enemies":"Reptomancer","floor":42.0,"turns":4.0},{"damage":0.0,"enemies":"4 Shapes","floor":45.0,"turns":8.0},{"damage":0.0,"enemies":"Giant Head","floor":47.0,"turns":3.0},{"damage":0.0,"enemies":"3 Darklings","floor":48.0,"turns":2.0},{"damage":7.0,"enemies":"Donu and Deca","floor":50.0,"turns":5.0},{"damage":13.0,"enemies":"Awakened One","floor":51.0,"turns":6.0},{"damage":3.0,"enemies":"Shield and Spear","floor":55.0,"turns":3.0},{"damage":38,"enemies":"The Heart","floor":56,"turns":8}],"seed_played":"962750737638428395","potions_obtained":[{"floor":5.0,"key":"Dexterity Potion"},{"floor":10.0,"key":"Strength Potion"},{"floor":18.0,"key":"Regen Potion"},{"floor":33.0,"key":"SmokeBomb"},{"floor":35.0,"key":"GhostInAJar"},{"floor":36.0,"key":"GamblersBrew"},{"floor":47.0,"key":"Dexterity Potion"},{"floor":55.0,"key":"LiquidBronze"}],"is_trial":false,"path_per_floor":["M","$","?","?","M","R","$","R","T","E","M","E","$","M","R","B",null,"M","$","?","?","?","R","$","R","T","M","M","R","$","M","R","B",null,"M","M","?","$","?","E","M","E","T","?","M","?","E","M","R","B","B",null,"R","$","E","B",null],"character_chosen":"THE_SILENT","items_purchased":["Infinite Blades","Infinite Blades","After Image+1","Well Laid Plans+1","Acrobatics","Purity"],"campfire_rested":0,"item_purchase_floors":[2,7,13,19,30,38],"current_hp_per_floor":[59,59,52,52,52,52,52,52,52,52,51,20,20,20,20,1,50,30,30,30,30,12,12,12,12,19,20,16,16,16,28,28,40,69,41,40,40,40,40,40,48,48,48,48,48,48,48,48,48,41,40,66,66,66,63,37],"gold":132,"neow_bonus":"THREE_ENEMY_KILL","is_prod":false,"is_daily":false,"chose_seed":false,"campfire_upgraded":8,"win_rate":0,"timestamp":1555188064,"path_taken":["M","$","?","?","M","R","$","R","T","E","M","E","?","M","R","BOSS","M","$","?","?","?","R","$","R","T","M","M","R","$","M","R","BOSS","M","M","?","$","?","E","?","E","T","?","?","?","E","M","R","BOSS","BOSS","R","$","E","BOSS"],"build_version":"2019-01-23","purchased_purges":2,"victory":true,"max_hp_per_floor":[66,66,66,66,66,66,66,66,66,66,66,66,66,66,66,66,66,66,66,66,66,71,71,71,71,78,78,78,78,78,78,78,78,78,78,78,78,78,78,78,78,78,78,78,78,74,74,74,74,74,74,74,74,74,74,74],"card_choices":[{"not_picked":["Dagger Spray","PiercingWail","Terror"],"picked":"SKIP","floor":1.0},{"not_picked":["Riddle With Holes","Flying Knee"],"picked":"Calculated Gamble","floor":5.0},{"not_picked":["Poisoned Stab","Masterful Stab"],"picked":"Deadly Poison","floor":10.0},{"not_picked":["Heel Hook","Dagger Throw","Calculated Gamble"],"picked":"SKIP","floor":11.0},{"not_picked":["Deflect","Choke"],"picked":"Catalyst","floor":12.0},{"not_picked":["Backflip","Skewer"],"picked":"Escape Plan","floor":14.0},{"not_picked":["Unload","Adrenaline"],"picked":"Grand Finale","floor":16.0},{"not_picked":["Endless Agony","Dagger Throw","Finisher"],"picked":"SKIP","floor":18.0},{"not_picked":["Caltrops+1","Leg Sweep+1"],"picked":"Calculated Gamble","floor":27.0},{"not_picked":["Dagger Spray","Flying Knee","Bane"],"picked":"SKIP","floor":27.0},{"not_picked":["Endless Agony","Sucker Punch"],"picked":"Acrobatics","floor":28.0},{"not_picked":["PiercingWail","Slice"],"picked":"Tactician","floor":28.0},{"not_picked":["Phantasmal Killer","Underhanded Strike"],"picked":"Footwork+1","floor":31.0},{"not_picked":["Concentrate","PiercingWail","Endless Agony"],"picked":"SKIP","floor":31.0},{"not_picked":["Quick Slash","Crippling Poison"],"picked":"Backflip","floor":35.0},{"not_picked":["PiercingWail","Accuracy+1","Flying Knee"],"picked":"SKIP","floor":35.0},{"not_picked":["Slice","Deflect+1","Sucker Punch"],"picked":"SKIP","floor":36.0},{"not_picked":["Setup","Blade Dance","Outmaneuver"],"picked":"SKIP","floor":36.0},{"not_picked":["Dagger Spray","Underhanded Strike","Deflect"],"picked":"SKIP","floor":40.0},{"not_picked":["Outmaneuver","Finisher"],"picked":"Calculated Gamble","floor":41.0},{"not_picked":["Prepared","Footwork+1","Cloak And Dagger+1"],"picked":"SKIP","floor":41.0},{"not_picked":["Dodge and Roll","Corpse Explosion","Crippling Poison"],"picked":"SKIP","floor":42.0},{"not_picked":["Tactician","Slice","Dagger Spray"],"picked":"SKIP","floor":45.0},{"not_picked":["Flying Knee","Footwork+1","Predator+1"],"picked":"SKIP","floor":45.0},{"not_picked":["Backflip+1","Escape Plan","Infinite Blades+1"],"picked":"SKIP","floor":47.0},{"not_picked":["Flying Knee+1","Leg Sweep+1","Finisher"],"picked":"SKIP","floor":48.0},{"not_picked":["Deflect+1","Backflip","Outmaneuver"],"picked":"SKIP","floor":48.0},{"not_picked":["Noxious Fumes+1","Slice"],"picked":"After Image+1","floor":55.0}],"player_experience":4271275,"relics_obtained":[{"floor":9.0,"key":"Frozen Egg 2"},{"floor":10.0,"key":"PreservedInsect"},{"floor":12.0,"key":"Matryoshka"},{"floor":26.0,"key":"Strawberry"},{"floor":26.0,"key":"Happy Flower"},{"floor":40.0,"key":"War Paint"},{"floor":42.0,"key":"Ornamental Fan"},{"floor":43.0,"key":"Bronze Scales"},{"floor":47.0,"key":"Snake Skull"},{"floor":55.0,"key":"Centennial Puzzle"}],"event_choices":[{"cards_removed":["Defend_G"],"damage_healed":0.0,"max_hp_gain":0.0,"max_hp_loss":0.0,"gold_gain":0.0,"event_name":"Golden Wing","player_choice":"Card Removal","floor":3.0,"gold_loss":0.0,"damage_taken":7.0},{"damage_healed":0.0,"max_hp_gain":0.0,"max_hp_loss":0.0,"gold_gain":150.0,"event_name":"Liars Game","player_choice":"AGREE","floor":4.0,"gold_loss":0.0,"damage_taken":0.0,"cards_obtained":["Doubt"]},{"damage_healed":0.0,"max_hp_gain":0.0,"max_hp_loss":0.0,"gold_gain":0.0,"event_name":"The Mausoleum","player_choice":"Opened","floor":20.0,"gold_loss":0.0,"damage_taken":0.0,"relics_obtained":["Meat on the Bone"],"cards_obtained":["Writhe"]},{"damage_healed":0.0,"max_hp_gain":0.0,"max_hp_loss":0.0,"gold_gain":0.0,"event_name":"Addict","player_choice":"Obtained Relic","floor":21.0,"gold_loss":85.0,"damage_taken":0.0,"relics_obtained":["Prayer Wheel"]},{"damage_healed":0.0,"max_hp_gain":5.0,"max_hp_loss":0.0,"gold_gain":0.0,"event_name":"Forgotten Altar","player_choice":"Shed Blood","floor":22.0,"gold_loss":0.0,"damage_taken":23.0},{"cards_removed":["Strike_G"],"damage_healed":0.0,"max_hp_gain":0.0,"max_hp_loss":0.0,"gold_gain":0.0,"event_name":"Falling","player_choice":"Removed Attack","floor":37.0,"gold_loss":0.0,"damage_taken":0.0},{"damage_healed":0.0,"max_hp_gain":0.0,"max_hp_loss":0.0,"gold_gain":0.0,"event_name":"WeMeetAgain","player_choice":"Paid Gold","floor":39.0,"gold_loss":55.0,"damage_taken":0.0,"relics_obtained":["Regal Pillow"]},{"damage_healed":0.0,"max_hp_gain":0.0,"max_hp_loss":0.0,"gold_gain":50.0,"event_name":"Golden Shrine","player_choice":"Pray","floor":44.0,"gold_loss":0.0,"damage_taken":0.0},{"damage_healed":0.0,"max_hp_gain":0.0,"max_hp_loss":4.0,"gold_gain":0.0,"event_name":"Winding Halls","player_choice":"Max HP","floor":46.0,"gold_loss":0.0,"damage_taken":0.0}],"is_beta":false,"boss_relics":[{"not_picked":["Velvet Choker","Tiny House"],"picked":"Coffee Dripper"},{"not_picked":["Busted Crown","Sozu"],"picked":"Empty Cage"}],"items_purged_floors":[7,54],"is_endless":false,"potions_floor_spawned":[5,10,18,33,35,36,40,47,48,55],"ascension_level":20}