{"gold_per_floor":[112,112,131,131,147,182,182,13,13,13,24,44,60,95,95,171,171,188,208,208,10,27,27,52,52,76,76,89,89,123,136,136,136],"floor_reached":33,"playtime":2130,"items_purged":[],"score":554,"play_id":"de352fab-3691-4412-a12a-3d8acf5e67c6","local_time":"20190728115014","is_ascension_mode":true,"campfire_choices":[{"floor":7,"key":"REST"},{"data":"Skewer","floor":10,"key":"SMITH"},{"floor":15,"key":"REST"},{"floor":23,"key":"REST"},{"floor":27,"key":"REST"},{"data":"Deadly Poison","floor":29,"key":"SMITH"},{"floor":32,"key":"REST"}],"neow_cost":"NONE","seed_source_timestamp":575456617655,"circlet_count":0,"master_deck":["AscendersBane","Strike_G","Strike_G","Strike_G","Strike_G","Defend_G","Defend_G","Defend_G","Defend_G","Defend_G","Survivor","Neutralize","PiercingWail","Deadly Poison+1","Predator","Skewer+1","Terror","Leg Sweep","Backflip","Dash","Escape Plan","Crippling Poison","After Image","Malaise","Backflip","Mayhem","Footwork","Calculated Gamble","Acrobatics+1"],"relics":["Orrery","NlothsMask","Blue Candle","Bronze Scales","Orichalcum","Snecko Eye","Red Mask","Snake Skull","Blood Vial"],"potions_floor_usage":[6,12,14,24,24],"damage_taken":[{"damage":6,"enemies":"Small Slimes","floor":1,"turns":4},{"damage":1,"enemies":"Jaw Worm","floor":3,"turns":5},{"damage":8,"enemies":"Cultist","floor":5,"turns":4},{"damage":20,"enemies":"Lagavulin","floor":6,"turns":5},{"damage":5,"enemies":"Red Slaver","floor":11,"turns":4},{"damage":0,"enemies":"Lots of Slimes","floor":12,"turns":2},{"damage":0,"enemies":"Blue Slaver","floor":13,"turns":4},{"damage":14,"enemies":"Gremlin Nob","floor":14,"turns":4},{"damage":30,"enemies":"The Guardian","floor":16,"turns":11},{"damage":7,"enemies":"Spheric Guardian","floor":18,"turns":6},{"damage":2,"enemies":"Chosen","floor":19,"turns":5},{"damage":0,"enemies":"Centurion and Healer","floor":22,"turns":5},{"damage":21,"enemies":"Masked Bandits","floor":24,"turns":4},{"damage":0,"enemies":"3 Cultists","floor":28,"turns":5},{"damage":35,"enemies":"Gremlin Leader","floor":30,"turns":9},{"damage":1,"enemies":"Snake Plant","floor":31,"turns":4},{"damage":78,"enemies":"Champ","floor":33,"turns":16}],"seed_played":"986008163218114608","potions_obtained":[{"floor":1,"key":"Explosive Potion"},{"floor":3,"key":"SteroidPotion"},{"floor":12,"key":"GamblersBrew"},{"floor":13,"key":"FearPotion"},{"floor":18,"key":"SteroidPotion"},{"floor":24,"key":"FairyPotion"},{"floor":28,"key":"Weak Potion"}],"is_trial":false,"path_per_floor":["M","?","M","?","M","E","R","$","T","R","M","M","M","E","R","B",null,"M","M","?","$","M","R","?","?","T","R","M","R","E","M","R","B"],"character_chosen":"THE_SILENT","items_purchased":["Bronze Scales","Mayhem"],"campfire_rested":5,"item_purchase_floors":[8,21],"current_hp_per_floor":[53,46,45,45,37,17,36,36,36,36,31,31,31,17,36,6,51,44,42,24,24,24,45,24,24,24,45,45,45,10,11,32,0],"gold":136,"neow_bonus":"BOSS_RELIC","is_prod":false,"is_daily":false,"chose_seed":false,"campfire_upgraded":2,"win_rate":0,"timestamp":1564307414,"path_taken":["M","?","M","?","?","E","R","?","T","R","M","?","M","E","R","BOSS","M","M","?","$","M","R","?","?","T","R","M","R","E","M","R","BOSS"],"build_version":"2019-07-17","purchased_purges":0,"victory":false,"max_hp_per_floor":[66,66,66,66,66,66,66,66,66,66,66,66,66,66,66,66,66,66,66,71,71,71,71,71,71,71,71,71,71,71,71,71,71],"card_choices":[{"not_picked":["Underhanded Strike","Setup"],"picked":"PiercingWail","floor":0},{"not_picked":["Underhanded Strike","Terror"],"picked":"Deadly Poison","floor":0},{"not_picked":["Endless Agony","Underhanded Strike"],"picked":"Predator","floor":0},{"not_picked":["Outmaneuver","Sucker Punch"],"picked":"Skewer","floor":0},{"not_picked":["Caltrops","Predator"],"picked":"Terror","floor":0},{"not_picked":["Outmaneuver","Prepared"],"picked":"Leg Sweep","floor":1},{"not_picked":["Flechettes","Prepared"],"picked":"Backflip","floor":3},{"not_picked":["Underhanded Strike","Masterful Stab"],"picked":"Dash","floor":5},{"not_picked":["Distraction","Deflect"],"picked":"Escape Plan","floor":6},{"not_picked":["Cloak And Dagger","Accuracy","Sucker Punch"],"picked":"SKIP","floor":11},{"not_picked":["Infinite Blades","Leg Sweep"],"picked":"Crippling Poison","floor":12},{"not_picked":["Underhanded Strike","Terror","Flying Knee"],"picked":"SKIP","floor":13},{"not_picked":["Backflip","Sucker Punch"],"picked":"After Image","floor":14},{"not_picked":["Envenom","Venomology"],"picked":"Malaise","floor":16},{"not_picked":["Underhanded Strike","Flying Knee","Slice"],"picked":"SKIP","floor":18},{"not_picked":["Dagger Spray","Outmaneuver"],"picked":"Backflip","floor":19},{"not_picked":["Dodge and Roll","Sucker Punch"],"picked":"Footwork","floor":22},{"not_picked":["Bane","Endless Agony+1"],"picked":"Calculated Gamble","floor":24},{"not_picked":["Tools of the Trade","Blade Dance","Sucker Punch"],"picked":"SKIP","floor":28},{"not_picked":["Dagger Spray","Sucker Punch","Quick Slash"],"picked":"SKIP","floor":30},{"not_picked":["Expertise+1","All Out Attack"],"picked":"Acrobatics+1","floor":31}],"player_experience":776185,"relics_obtained":[{"floor":6,"key":"Blue Candle"},{"floor":14,"key":"Orichalcum"},{"floor":24,"key":"Red Mask"},{"floor":26,"key":"Snake Skull"},{"floor":30,"key":"Blood Vial"}],"event_choices":[{"cards_removed":["Strike_G"],"damage_healed":0,"gold_gain":0,"player_choice":"Card Removal","damage_taken":7,"max_hp_gain":0,"max_hp_loss":0,"event_name":"Golden Wing","floor":2,"gold_loss":0},{"damage_healed":0,"gold_gain":0,"player_choice":"Trade","damage_taken":0,"relics_obtained":["NlothsMask"],"max_hp_gain":0,"max_hp_loss":0,"event_name":"FaceTrader","floor":4,"gold_loss":0},{"damage_healed":0,"gold_gain":0,"player_choice":"Shed Blood","damage_taken":23,"max_hp_gain":5,"max_hp_loss":0,"event_name":"Forgotten Altar","floor":20,"gold_loss":0},{"damage_healed":0,"gold_gain":0,"player_choice":"Fought Bandits","damage_taken":0,"max_hp_gain":0,"max_hp_loss":0,"event_name":"Masked Bandits","floor":24,"gold_loss":0},{"damage_healed":0,"gold_gain":0,"player_choice":"Ignored","damage_taken":0,"max_hp_gain":0,"max_hp_loss":0,"event_name":"Ghosts","floor":25,"gold_loss":0}],"is_beta":false,"boss_relics":[{"not_picked":["Cursed Key","Calling Bell"],"picked":"Snecko Eye"}],"items_purged_floors":[],"is_endless":false,"potions_floor_spawned":[1,3,12,13,18,24,28,30],"killed_by":"Champ","ascension_level":20}