{"gold_per_floor":[117,129,129,54,72,72,122,122,122,22,36,36,56,83,83,155,155,174,49,49,33,33,33,33,33,84,97,19,31,31,46,46,121,121,138,158,8,26,40,40,40,74,74,74,104,104,116,132,132,132,132,132,132,162,162],"floor_reached":56,"playtime":2629,"items_purged":["Setup","Quick Slash","A Thousand Cuts","Envenom"],"score":2218,"play_id":"12abaecc-d9d6-4bbd-bcc0-2a0b50ca0e9e","local_time":"20181218182449","is_ascension_mode":true,"campfire_choices":[{"data":"Catalyst","floor":6.0,"key":"SMITH"},{"data":"Catalyst","floor":8.0,"key":"SMITH"},{"data":"Deadly Poison","floor":12.0,"key":"SMITH"},{"data":"Neutralize","floor":15.0,"key":"SMITH"},{"data":"Footwork","floor":23.0,"key":"SMITH"},{"data":"Burst","floor":25.0,"key":"SMITH"},{"data":"Well Laid Plans","floor":30.0,"key":"SMITH"},{"data":"Noxious Fumes","floor":32.0,"key":"SMITH"},{"floor":40.0,"key":"REST"},{"floor":44.0,"key":"REST"},{"data":"Backflip","floor":46.0,"key":"SMITH"},{"floor":49.0,"key":"RECALL"},{"data":"Leg Sweep","floor":52.0,"key":"SMITH"}],"neow_cost":"NONE","seed_source_timestamp":20713971388654,"circlet_count":0,"master_deck":["AscendersBane","Survivor","Neutralize+1","Poisoned Stab","Backstab","Dash","Dash","Deadly Poison+1","Catalyst+1","Catalyst+1","Leg Sweep+1","Backflip+1","Burst+1","Footwork+1","Dodge and Roll","Well Laid Plans+1","Noxious Fumes+1","Corpse Explosion","Backflip","Backflip+1","Crippling Poison+1"],"special_seed":0,"relics":["Pandora\u0027s Box","Bronze Scales","Paper Crane","Matryoshka","Eternal Feather","MutagenicStrength","Juzu Bracelet","Art of War","Sozu","Incense Burner","Bag of Preparation","Strawberry","Orichalcum"],"potions_floor_usage":[],"damage_taken":[{"damage":0.0,"enemies":"Cultist","floor":1.0,"turns":3.0},{"damage":0.0,"enemies":"Jaw Worm","floor":2.0,"turns":2.0},{"damage":0.0,"enemies":"Small Slimes","floor":5.0,"turns":3.0},{"damage":3.0,"enemies":"Blue Slaver","floor":11.0,"turns":3.0},{"damage":6.0,"enemies":"Looter","floor":13.0,"turns":2.0},{"damage":12.0,"enemies":"Lagavulin","floor":14.0,"turns":4.0},{"damage":13.0,"enemies":"The Guardian","floor":16.0,"turns":5.0},{"damage":7.0,"enemies":"Shell Parasite","floor":18.0,"turns":3.0},{"damage":10.0,"enemies":"2 Thieves","floor":21.0,"turns":4.0},{"damage":8.0,"enemies":"Sentry and Sphere","floor":27.0,"turns":5.0},{"damage":5.0,"enemies":"Centurion and Healer","floor":29.0,"turns":6.0},{"damage":11.0,"enemies":"Chosen and Byrds","floor":31.0,"turns":4.0},{"damage":19.0,"enemies":"Champ","floor":33.0,"turns":5.0},{"damage":32.0,"enemies":"3 Darklings","floor":35.0,"turns":4.0},{"damage":4.0,"enemies":"Orb Walker","floor":36.0,"turns":4.0},{"damage":15.0,"enemies":"Jaw Worm Horde","floor":38.0,"turns":2.0},{"damage":0.0,"enemies":"Spire Growth","floor":39.0,"turns":6.0},{"damage":19.0,"enemies":"Reptomancer","floor":42.0,"turns":5.0},{"damage":0.0,"enemies":"Giant Head","floor":45.0,"turns":3.0},{"damage":0.0,"enemies":"Transient","floor":47.0,"turns":3.0},{"damage":0.0,"enemies":"Sphere and 2 Shapes","floor":48.0,"turns":5.0},{"damage":0.0,"enemies":"Awakened One","floor":50.0,"turns":17.0},{"damage":0,"enemies":"Shield and Spear","floor":54,"turns":3},{"damage":59,"enemies":"The Heart","floor":55,"turns":8}],"seed_played":"-4365534050046765590","potions_obtained":[{"floor":5.0,"key":"Poison Potion"},{"floor":11.0,"key":"Strength Potion"},{"floor":27.0,"key":"Strength Potion"}],"is_trial":false,"path_per_floor":["M","M","?","$","M","R","T","R","T","$","M","R","M","E","R","B",null,"M","$","?","M","?","R","?","R","T","M","$","M","R","M","R","B",null,"M","M","$","M","M","R","?","E","T","R","E","R","M","M","R","B",null,"R","$","E","B",null],"character_chosen":"THE_SILENT","items_purchased":["Well Laid Plans"],"campfire_rested":2,"item_purchase_floors":[28],"current_hp_per_floor":[59,59,59,59,59,59,59,59,59,59,56,56,50,38,38,25,56,49,49,31,21,21,30,30,39,39,31,31,26,35,24,33,14,57,25,21,21,6,6,36,36,17,17,50,57,69,69,69,78,78,78,78,78,78,19],"gold":162,"neow_bonus":"BOSS_RELIC","is_prod":false,"is_daily":false,"chose_seed":false,"campfire_upgraded":10,"win_rate":0,"timestamp":1545128689,"path_taken":["M","M","?","$","M","R","?","R","T","?","?","R","M","E","R","BOSS","M","$","?","M","?","R","?","R","T","M","?","M","R","M","R","BOSS","M","M","$","M","M","R","?","E","T","R","E","R","M","M","R","BOSS","R","$","E","BOSS"],"build_version":"2018-12-13","purchased_purges":4,"victory":true,"max_hp_per_floor":[66,66,66,66,66,66,66,66,66,66,66,66,66,66,66,66,66,66,66,71,71,71,71,71,71,71,71,71,71,71,71,71,71,71,71,71,71,71,71,71,71,71,71,71,78,78,78,78,78,78,78,78,78,78,78],"card_choices":[{"not_picked":["Cloak And Dagger","Accuracy","Flechettes"],"picked":"SKIP","floor":1.0},{"not_picked":["Tactician","Backflip"],"picked":"Catalyst","floor":2.0},{"not_picked":["Quick Slash","Dagger Spray","Poisoned Stab"],"picked":"SKIP","floor":5.0},{"not_picked":["Bane","Storm of Steel","Deflect"],"picked":"SKIP","floor":11.0},{"not_picked":["Dagger Spray","Bane"],"picked":"Leg Sweep","floor":13.0},{"not_picked":["Deadly Poison","Setup"],"picked":"Backflip","floor":14.0},{"not_picked":["Glass Knife","Tools of the Trade"],"picked":"Burst","floor":16.0},{"not_picked":["Dagger Spray","Terror"],"picked":"Footwork","floor":18.0},{"not_picked":["Flechettes+1","Eviscerate","Dodge and Roll"],"picked":"SKIP","floor":21.0},{"not_picked":["Flechettes+1","Eviscerate"],"picked":"Dodge and Roll","floor":21.0},{"not_picked":["Quick Slash","Outmaneuver","Dagger Spray"],"picked":"SKIP","floor":27.0},{"not_picked":["Prepared","Accuracy"],"picked":"Noxious Fumes","floor":29.0},{"not_picked":["Dagger Spray","Deadly Poison","Outmaneuver+1"],"picked":"SKIP","floor":31.0},{"not_picked":["After Image","A Thousand Cuts"],"picked":"Corpse Explosion","floor":33.0},{"not_picked":["Prepared","Infinite Blades+1","All Out Attack"],"picked":"SKIP","floor":35.0},{"not_picked":["Concentrate","Bane"],"picked":"Backflip","floor":36.0},{"not_picked":["Dagger Throw","Heel Hook","Infinite Blades"],"picked":"SKIP","floor":38.0},{"not_picked":["Sucker Punch+1","Reflex","Predator"],"picked":"SKIP","floor":39.0},{"not_picked":["Grand Finale","Dagger Throw"],"picked":"Backflip+1","floor":42.0},{"not_picked":["Calculated Gamble","Sucker Punch"],"picked":"Crippling Poison+1","floor":45.0},{"not_picked":["Dodge and Roll","Outmaneuver+1","Cloak And Dagger"],"picked":"SKIP","floor":47.0},{"not_picked":["Deadly Poison","Blade Dance","Setup"],"picked":"SKIP","floor":48.0},{"not_picked":["Endless Agony","Outmaneuver","Backstab"],"picked":"SKIP","floor":54}],"player_experience":1352746,"relics_obtained":[{"floor":7.0,"key":"Bronze Scales"},{"floor":9.0,"key":"Paper Crane"},{"floor":14.0,"key":"Matryoshka"},{"floor":26.0,"key":"Juzu Bracelet"},{"floor":26.0,"key":"Art of War"},{"floor":42.0,"key":"Incense Burner"},{"floor":43.0,"key":"Bag of Preparation"},{"floor":45.0,"key":"Strawberry"},{"floor":54,"key":"Orichalcum"}],"event_choices":[{"damage_healed":0.0,"max_hp_gain":0.0,"max_hp_loss":0.0,"gold_gain":0.0,"event_name":"Liars Game","player_choice":"Ignored","floor":3.0,"gold_loss":0.0,"damage_taken":0.0},{"damage_healed":0.0,"max_hp_gain":5.0,"max_hp_loss":0.0,"gold_gain":0.0,"event_name":"Forgotten Altar","player_choice":"Shed Blood","floor":20.0,"gold_loss":0.0,"damage_taken":23.0},{"damage_healed":0.0,"max_hp_gain":0.0,"max_hp_loss":0.0,"gold_gain":0.0,"event_name":"Cursed Tome","player_choice":"Ignored","floor":22.0,"gold_loss":0.0,"damage_taken":0.0},{"damage_healed":0.0,"max_hp_gain":0.0,"max_hp_loss":0.0,"gold_gain":0.0,"event_name":"Drug Dealer","player_choice":"Inject Mutagens","floor":24.0,"gold_loss":0.0,"damage_taken":0.0,"relics_obtained":["MutagenicStrength"]},{"damage_healed":0.0,"max_hp_gain":0.0,"max_hp_loss":0.0,"gold_gain":0.0,"event_name":"Mysterious Sphere","player_choice":"Ignored","floor":41.0,"gold_loss":0.0,"damage_taken":0.0}],"is_beta":false,"boss_relics":[{"not_picked":["WristBlade","Calling Bell"],"picked":"Eternal Feather"},{"not_picked":["White Beast Statue","Empty Cage"],"picked":"Sozu"}],"items_purged_floors":[4,10,19,37],"is_endless":false,"potions_floor_spawned":[5,11,18,27,47,48],"ascension_level":17}