{"gold_per_floor":[118,128,140,150,150,150,180,194,194,194,21,42,68,80,80,157,157,173,173,98,148,48,48,60,79,79,79,89,89,100,114,114,191,191,209,209,1208,1208,421,447,447,482,482,0,15,27,38,67,67,67,67,67,67,2,28,28],"floor_reached":57,"playtime":3340,"items_purged":["Strike_B","Strike_B+1","Strike_B+1","Defend_B"],"score":2729,"play_id":"0be40cd0-7af3-4c2d-85f7-90c89c7acae9","local_time":"20190221190542","is_ascension_mode":true,"campfire_choices":[{"data":"Defragment","floor":6.0,"key":"SMITH"},{"data":"Darkness","floor":10.0,"key":"SMITH"},{"data":"Capacitor","floor":15,"key":"SMITH"},{"data":"Double Energy","floor":23,"key":"SMITH"},{"data":"Dualcast","floor":27,"key":"SMITH"},{"data":"Echo Form","floor":32,"key":"SMITH"},{"data":"Reinforced Body","floor":41,"key":"SMITH"},{"floor":49,"key":"RECALL"},{"data":"Biased Cognition","floor":53,"key":"SMITH"}],"neow_cost":"NONE","seed_source_timestamp":22055883969614,"circlet_count":0,"master_deck":["AscendersBane","Zap","Dualcast+1","Forethought","Genetic Algorithm","Defragment+1","Darkness+1","Echo Form+1","Double Energy+1","Cold Snap","Capacitor+1","Electrodynamics","White Noise","Self Repair","Core Surge","Cold Snap","Echo Form","Meteor Strike","Normality","Normality","Reinforced Body+1","Mayhem","Self Repair","Purity","Core Surge","Apotheosis","Discovery","Self Repair","Biased Cognition+1","Self Repair","Glacier","Self Repair+1"],"special_seed":0,"relics":["Cracked Core","Whetstone","Letter Opener","Odd Mushroom","Matryoshka","Runic Pyramid","Blue Candle","Snecko Eye","Membership Card","Omamori","StoneCalendar","Strawberry","Anchor","Happy Flower","Singing Bowl","Runic Capacitor","Cables","Bottled Flame","Pen Nib"],"potions_floor_usage":[56],"damage_taken":[{"damage":2.0,"enemies":"Cultist","floor":1.0,"turns":4.0},{"damage":14.0,"enemies":"Jaw Worm","floor":2.0,"turns":4.0},{"damage":4.0,"enemies":"2 Louse","floor":3.0,"turns":3.0},{"damage":17.0,"enemies":"2 Fungi Beasts","floor":4.0,"turns":4.0},{"damage":11.0,"enemies":"Gremlin Nob","floor":7.0,"turns":3.0},{"damage":1.0,"enemies":"3 Louse","floor":8.0,"turns":5.0},{"damage":9.0,"enemies":"The Mushroom Lair","floor":12.0,"turns":5.0},{"damage":0.0,"enemies":"Lagavulin","floor":13.0,"turns":4.0},{"damage":2,"enemies":"Looter","floor":14,"turns":4},{"damage":9,"enemies":"Hexaghost","floor":16,"turns":9},{"damage":6,"enemies":"3 Byrds","floor":18,"turns":4},{"damage":9,"enemies":"Shell Parasite","floor":24,"turns":6},{"damage":0,"enemies":"Chosen and Byrds","floor":25,"turns":5},{"damage":24,"enemies":"Snake Plant","floor":28,"turns":5},{"damage":9,"enemies":"Centurion and Healer","floor":30,"turns":6},{"damage":16,"enemies":"3 Cultists","floor":31,"turns":4},{"damage":23,"enemies":"Automaton","floor":33,"turns":8},{"damage":10,"enemies":"3 Darklings","floor":35,"turns":3},{"damage":19,"enemies":"Nemesis","floor":40,"turns":11},{"damage":23,"enemies":"Giant Head","floor":42,"turns":10},{"damage":18,"enemies":"Orb Walker","floor":45,"turns":3},{"damage":5,"enemies":"Maw","floor":46,"turns":6},{"damage":58,"enemies":"4 Shapes","floor":47,"turns":7},{"damage":3,"enemies":"Reptomancer","floor":48,"turns":5},{"damage":49,"enemies":"Donu and Deca","floor":50,"turns":7},{"damage":30,"enemies":"Awakened One","floor":51,"turns":15},{"damage":52,"enemies":"Shield and Spear","floor":55,"turns":6},{"damage":69,"enemies":"The Heart","floor":56,"turns":9}],"seed_played":"-2452028041753182607","potions_obtained":[{"floor":1.0,"key":"Swift Potion"},{"floor":2.0,"key":"SkillPotion"},{"floor":4.0,"key":"Regen Potion"},{"floor":13.0,"key":"Fire Potion"},{"floor":14,"key":"Dexterity Potion"},{"floor":30,"key":"Ancient Potion"},{"floor":55,"key":"EssenceOfSteel"}],"is_trial":false,"path_per_floor":["M","M","M","M","?","R","E","M","T","R","$","?","E","M","R","B",null,"M","?","?","?","$","R","M","M","T","R","M","?","M","M","R","B",null,"M","?","?","?","$","E","R","E","T","$","M","M","M","E","R","B","B",null,"R","$","E","B",null],"character_chosen":"DEFECT","items_purchased":["Capacitor","AttackPotion","Membership Card","Omamori","Reinforced Body","Mayhem","Self Repair","Purity","StoneCalendar","Runic Capacitor","Cables","Apotheosis","Discovery","Self Repair","Self Repair","Glacier"],"campfire_rested":0,"item_purchase_floors":[11,11,39,39,39,39,39,39,39,44,44,44,44,44,54,54],"current_hp_per_floor":[62,48,44,27,27,27,25,24,24,24,24,15,15,13,13,11,56,57,57,57,57,57,57,62,71,71,71,61,41,46,37,37,28,64,54,54,54,54,54,70,70,75,75,75,69,87,89,89,89,89,59,82,82,82,89,77],"gold":28,"neow_bonus":"RANDOM_COLORLESS","is_prod":false,"is_daily":false,"chose_seed":false,"campfire_upgraded":8,"win_rate":0,"timestamp":1550747142,"path_taken":["M","M","?","M","?","R","E","M","T","R","$","?","E","M","R","BOSS","M","?","?","?","$","R","M","M","T","R","M","?","M","M","R","BOSS","M","?","?","?","$","E","R","E","T","$","M","?","M","E","R","BOSS","BOSS","R","$","E","BOSS"],"build_version":"2019-01-23","purchased_purges":4,"victory":true,"max_hp_per_floor":[71,71,71,71,71,71,71,71,71,71,71,71,71,71,71,71,71,71,71,71,71,71,71,71,71,71,71,71,76,76,76,76,76,76,76,76,76,76,76,83,83,83,83,83,85,87,89,89,89,89,89,89,89,89,89,89],"card_choices":[{"not_picked":["Barrage","Sweeping Beam"],"picked":"Genetic Algorithm","floor":1.0},{"not_picked":["Compile Driver","Force Field","Rebound"],"picked":"SKIP","floor":2.0},{"not_picked":["Turbo","Conserve Battery"],"picked":"Defragment","floor":3.0},{"not_picked":["Loop","Streamline"],"picked":"Darkness","floor":4.0},{"not_picked":["Heatsinks","Conserve Battery"],"picked":"Double Energy","floor":7.0},{"not_picked":["Heatsinks","Reprogram"],"picked":"Cold Snap","floor":8.0},{"not_picked":["Compile Driver","Darkness"],"picked":"Electrodynamics","floor":12.0},{"not_picked":["Go for the Eyes","Conserve Battery"],"picked":"White Noise","floor":13.0},{"not_picked":["Rip and Tear","Sunder"],"picked":"Self Repair","floor":14},{"not_picked":["Multi-Cast","Meteor Strike"],"picked":"Core Surge","floor":16},{"not_picked":["Sweeping Beam","Compile Driver+1","Rebound"],"picked":"SKIP","floor":18},{"not_picked":["Sweeping Beam+1","Conserve Battery"],"picked":"Cold Snap","floor":24},{"not_picked":["Redo","Leap"],"picked":"Echo Form","floor":25},{"not_picked":["Gash","Rebound","Steam Power"],"picked":"SKIP","floor":28},{"not_picked":["Streamline","Rebound","Steam"],"picked":"SKIP","floor":30},{"not_picked":["Ball Lightning","Force Field","Barrage"],"picked":"SKIP","floor":31},{"not_picked":["Rainbow","Machine Learning"],"picked":"Meteor Strike","floor":33},{"not_picked":["Barrage","Beam Cell","Undo+1"],"picked":"SKIP","floor":35},{"not_picked":["Genetic Algorithm","Ball Lightning","Steam Power"],"picked":"SKIP","floor":40},{"not_picked":["Force Field+1","Stack"],"picked":"Core Surge","floor":42},{"not_picked":["Steam","Coolheaded","Compile Driver"],"picked":"Singing Bowl","floor":45},{"not_picked":["Reboot","Skim+1","Heatsinks"],"picked":"Singing Bowl","floor":46},{"not_picked":["Doom and Gloom+1","Conserve Battery","Cold Snap"],"picked":"Singing Bowl","floor":47},{"not_picked":["Barrage","Self Repair"],"picked":"Biased Cognition","floor":48},{"not_picked":["Doom and Gloom","Rebound"],"picked":"Self Repair+1","floor":55}],"player_experience":3010439,"relics_obtained":[{"floor":7.0,"key":"Whetstone"},{"floor":9.0,"key":"Letter Opener"},{"floor":12.0,"key":"Odd Mushroom"},{"floor":13.0,"key":"Matryoshka"},{"floor":26,"key":"Blue Candle"},{"floor":40,"key":"Strawberry"},{"floor":42,"key":"Anchor"},{"floor":43,"key":"Happy Flower"},{"floor":43,"key":"Singing Bowl"},{"floor":48,"key":"Bottled Flame"},{"floor":55,"key":"Pen Nib"}],"event_choices":[{"damage_healed":0.0,"max_hp_gain":0.0,"max_hp_loss":0.0,"gold_gain":0.0,"cards_transformed":["Strike_B"],"event_name":"Living Wall","player_choice":"Change","floor":5.0,"gold_loss":0.0,"damage_taken":0.0,"cards_obtained":["Echo Form"]},{"damage_healed":0.0,"max_hp_gain":0.0,"max_hp_loss":0.0,"gold_gain":0.0,"event_name":"Mushrooms","player_choice":"Fought Mushrooms","floor":12.0,"gold_loss":0.0,"damage_taken":0.0},{"cards_removed":["Defend_B"],"damage_healed":0,"gold_gain":0,"player_choice":"Elegance","damage_taken":0,"max_hp_gain":0,"max_hp_loss":0,"event_name":"Back to Basics","floor":19,"gold_loss":0},{"cards_removed":["Defend_B"],"damage_healed":0,"gold_gain":0,"player_choice":"Gave Gold","damage_taken":0,"max_hp_gain":0,"max_hp_loss":0,"event_name":"Beggar","floor":20,"gold_loss":75},{"damage_healed":0,"gold_gain":50,"player_choice":"Stole From Cult","damage_taken":0,"max_hp_gain":0,"max_hp_loss":0,"event_name":"Nest","floor":21,"gold_loss":0},{"damage_healed":0,"gold_gain":0,"player_choice":"Shed Blood","damage_taken":25,"max_hp_gain":5,"max_hp_loss":0,"event_name":"Forgotten Altar","floor":29,"gold_loss":0},{"damage_healed":0,"gold_gain":0,"player_choice":"Ignored","damage_taken":0,"max_hp_gain":0,"max_hp_loss":0,"event_name":"Tomb of Lord Red Mask","floor":36,"gold_loss":0},{"damage_healed":0,"gold_gain":999,"player_choice":"Gold","damage_taken":0,"max_hp_gain":0,"max_hp_loss":0,"event_name":"MindBloom","floor":37,"gold_loss":0,"cards_obtained":["Normality","Normality"]},{"cards_removed":["Defend_B"],"damage_healed":0,"gold_gain":0,"player_choice":"Purged","damage_taken":0,"max_hp_gain":0,"max_hp_loss":0,"event_name":"Purifier","floor":38,"gold_loss":0}],"is_beta":false,"boss_relics":[{"not_picked":["Orrery","Busted Crown"],"picked":"Runic Pyramid"},{"not_picked":["Sozu","Black Star"],"picked":"Snecko Eye"}],"items_purged_floors":[11,22,39,44],"is_endless":false,"potions_floor_spawned":[1,2,4,13,14,24,30,33,40,42,48,55],"ascension_level":20}