{"gold_per_floor":[115,40,56,70,70,104,16,51,51,68,68,81,110,16,16,16],"floor_reached":16,"playtime":533,"items_purged":["Strike_R"],"score":265,"play_id":"7d2f088b-da28-4ae1-a52f-fc3b85cfa21b","local_time":"20181025160657","is_ascension_mode":true,"campfire_choices":[{"data":"Whirlwind","floor":11,"key":"SMITH"},{"data":"BloodShelter","floor":15,"key":"SMITH"}],"neow_cost":"NONE","seed_source_timestamp":2568048673214,"circlet_count":0,"master_deck":["Strike_R","Strike_R","Strike_R","Strike_R","Defend_R","Defend_R","Defend_R","Defend_R","Bash","AscendersBane","BloodShelter+1","Whirlwind+1","Thunderclap","Seeing Red","Inflame","Reaper","True Grit"],"relics":["Burning Blood","Bag of Preparation","Pear","Red Skull","Matryoshka","Blue Candle","Mango"],"potions_floor_usage":[16,16],"damage_taken":[{"damage":12,"enemies":"Cultist","floor":1,"turns":4},{"damage":0,"enemies":"2 Louse","floor":3,"turns":2},{"damage":19,"enemies":"Jaw Worm","floor":4,"turns":4},{"damage":40,"enemies":"3 Sentries","floor":6,"turns":6},{"damage":25,"enemies":"Lagavulin","floor":8,"turns":6},{"damage":12,"enemies":"Exordium Thugs","floor":10,"turns":4},{"damage":33,"enemies":"Large Slime","floor":12,"turns":5},{"damage":30,"enemies":"3 Sentries","floor":13,"turns":7},{"damage":106,"enemies":"Hexaghost","floor":16,"turns":10}],"seed_played":"3289504403772354146","potions_obtained":[{"floor":1,"key":"SneckoOil"},{"floor":10,"key":"Weak Potion"}],"is_trial":false,"path_per_floor":["M","$","M","M","$","E","$","E","T","M","R","M","E","?","R"],"character_chosen":"IRONCLAD","items_purchased":["Inflame"],"campfire_rested":0,"item_purchase_floors":[7],"current_hp_per_floor":[69,69,75,62,62,38,38,66,66,79,79,58,61,75,75,0],"gold":16,"neow_bonus":"RANDOM_COMMON_RELIC","is_prod":false,"is_daily":false,"chose_seed":false,"campfire_upgraded":2,"win_rate":0,"timestamp":1540454817,"path_taken":["M","?","?","?","?","E","$","E","T","?","R","M","E","?","R","BOSS"],"build_version":"2018-10-18","purchased_purges":1,"victory":false,"max_hp_per_floor":[75,75,75,75,75,85,85,85,85,85,85,85,85,99,99,99],"card_choices":[{"not_picked":["Bloodletting","Infernal Blade"],"picked":"Whirlwind","floor":1},{"not_picked":["Clash","Armaments"],"picked":"Thunderclap","floor":3},{"not_picked":["Rage","Body Slam"],"picked":"Seeing Red","floor":4},{"not_picked":["Pommel Strike","Sword Boomerang","Thunderclap"],"picked":"SKIP","floor":6},{"not_picked":["Clash","Flame Barrier","Cleave"],"picked":"SKIP","floor":8},{"not_picked":["Perfected Strike","Iron Wave"],"picked":"Reaper","floor":10},{"not_picked":["Corruption","Power Through"],"picked":"True Grit","floor":12},{"not_picked":["Pommel Strike","Twin Strike","Infernal Blade"],"picked":"SKIP","floor":13}],"player_experience":378395,"relics_obtained":[{"floor":6,"key":"Pear"},{"floor":8,"key":"Red Skull"},{"floor":9,"key":"Matryoshka"},{"floor":13,"key":"Blue Candle"}],"event_choices":[{"damage_healed":0,"gold_gain":0,"player_choice":"Paid Gold","damage_taken":0,"relics_obtained":["Mango"],"max_hp_gain":0,"max_hp_loss":0,"event_name":"WeMeetAgain","floor":14,"gold_loss":94}],"is_beta":false,"boss_relics":[],"items_purged_floors":[2],"is_endless":false,"potions_floor_spawned":[1,10,12],"killed_by":"Hexaghost","ascension_level":20}