{"gold_per_floor":[111,124,72,72,90,90,104,134,157,157,173,185,235,266,266,343,343,361,381,381,193,108,108,135,135,158,171,171,181,45,80,80,152,152,167,185,85,98,98,98,123,138,161,161,174,174,203,219,219,219],"floor_reached":50,"playtime":1373,"items_purged":["Strike_B","Strike_B"],"score":1304,"play_id":"02a0f44e-67da-49fa-a433-30f3aa358f75","local_time":"20190224170639","is_ascension_mode":true,"campfire_choices":[{"data":"Zap","floor":6.0,"key":"SMITH"},{"data":"Sunder","floor":10.0,"key":"SMITH"},{"data":"Double Energy","floor":15.0,"key":"SMITH"},{"data":"Dualcast","floor":23,"key":"SMITH"},{"data":"Biased Cognition","floor":25,"key":"SMITH"},{"data":"Coolheaded","floor":28,"key":"SMITH"},{"data":"Loop","floor":32,"key":"SMITH"},{"data":"Coolheaded","floor":40,"key":"SMITH"},{"data":"Redo","floor":44,"key":"SMITH"},{"data":"Turbo","floor":49,"key":"SMITH"}],"neow_cost":"TEN_PERCENT_HP_LOSS","seed_source_timestamp":593684358246586,"circlet_count":0,"master_deck":["AscendersBane","Strike_B","Strike_B","Defend_B","Defend_B","Defend_B","Defend_B","Zap+1","Dualcast+1","Reinforced Body","Conserve Battery","Ball Lightning","Double Energy+1","Loop+1","Sunder+1","Doom and Gloom","Steam","Core Surge","Biased Cognition+1","BootSequence","Compile Driver","Coolheaded+1","Blizzard","Coolheaded+1","Self Repair","Multi-Cast","Turbo+1","Redo+1","Parasite"],"special_seed":0,"relics":["Cracked Core","Torii","Vajra","DataDisk","Anchor","Busted Crown","Meat on the Bone","Blood Vial","Gremlin Horn","Bag of Marbles","Bottled Tornado","Coffee Dripper","Strawberry","Juzu Bracelet","Lantern"],"potions_floor_usage":[16,24,33],"damage_taken":[{"damage":0.0,"enemies":"Cultist","floor":1.0,"turns":3.0},{"damage":2.0,"enemies":"Small Slimes","floor":2.0,"turns":4.0},{"damage":1.0,"enemies":"Jaw Worm","floor":5.0,"turns":3.0},{"damage":1.0,"enemies":"Large Slime","floor":7.0,"turns":4.0},{"damage":29.0,"enemies":"Gremlin Nob","floor":8.0,"turns":4.0},{"damage":0.0,"enemies":"3 Louse","floor":11.0,"turns":4.0},{"damage":11.0,"enemies":"Gremlin Gang","floor":12.0,"turns":4.0},{"damage":2.0,"enemies":"3 Sentries","floor":14.0,"turns":4.0},{"damage":0,"enemies":"Slime Boss","floor":16,"turns":5},{"damage":1,"enemies":"Spheric Guardian","floor":18,"turns":3},{"damage":4,"enemies":"3 Byrds","floor":19,"turns":4},{"damage":10,"enemies":"Book of Stabbing","floor":24,"turns":5},{"damage":14,"enemies":"Snecko","floor":27,"turns":4},{"damage":1,"enemies":"Sentry and Sphere","floor":29,"turns":3},{"damage":0,"enemies":"Slavers","floor":31,"turns":4},{"damage":24,"enemies":"Champ","floor":33,"turns":7},{"damage":1,"enemies":"Orb Walker","floor":35,"turns":3},{"damage":22,"enemies":"3 Darklings","floor":36,"turns":3},{"damage":28,"enemies":"Spire Growth","floor":38,"turns":6},{"damage":30,"enemies":"Giant Head","floor":41,"turns":7},{"damage":6,"enemies":"Transient","floor":42,"turns":6},{"damage":0,"enemies":"Writhing Mass","floor":45,"turns":5},{"damage":41,"enemies":"Nemesis","floor":47,"turns":7},{"damage":2,"enemies":"Sphere and 2 Shapes","floor":48,"turns":5},{"damage":57,"enemies":"Awakened One","floor":50,"turns":5}],"seed_played":"-4209679667287987290","potions_obtained":[{"floor":5.0,"key":"FearPotion"},{"floor":7.0,"key":"FairyPotion"},{"floor":11.0,"key":"PowerPotion"},{"floor":16,"key":"Weak Potion"},{"floor":18,"key":"Ancient Potion"},{"floor":24,"key":"LiquidBronze"},{"floor":38,"key":"Dexterity Potion"}],"is_trial":false,"path_per_floor":["M","M","$","?","M","R","M","E","T","R","M","M","?","E","R","B",null,"M","M","T","$","?","R","E","R","T","M","R","M","$","E","R","B",null,"M","M","$","M","?","R","E","M","T","R","M","?","E","M","R","B"],"character_chosen":"DEFECT","items_purchased":["Ball Lightning","BootSequence","Compile Driver","Blizzard","Coolheaded"],"campfire_rested":0,"item_purchase_floors":[3,21,21,30,30],"current_hp_per_floor":[64,62,62,62,61,61,60,31,31,31,31,20,20,18,18,18,53,52,48,48,48,48,48,40,40,40,40,40,41,41,43,43,40,58,59,39,39,32,32,32,30,45,45,45,54,54,34,53,53,0],"gold":219,"neow_bonus":"ONE_RARE_RELIC","is_prod":false,"is_daily":false,"chose_seed":false,"campfire_upgraded":10,"win_rate":0,"timestamp":1550999199,"path_taken":["M","M","$","?","M","R","M","E","T","R","M","M","?","E","R","BOSS","M","?","?","?","?","R","E","R","T","M","R","M","$","E","R","BOSS","M","M","$","M","?","R","E","?","T","R","M","?","E","M","R","BOSS"],"build_version":"2019-01-23","purchased_purges":2,"victory":false,"max_hp_per_floor":[64,64,64,64,64,64,64,64,64,64,64,64,64,64,64,64,64,64,64,64,64,64,64,64,64,64,64,64,64,64,64,64,64,64,64,64,64,64,64,64,71,71,71,71,71,71,71,71,71,71],"card_choices":[{"not_picked":["Hologram","Rebound"],"picked":"Reinforced Body","floor":1.0},{"not_picked":["Redo","Aggregate"],"picked":"Conserve Battery","floor":2.0},{"not_picked":["Conserve Battery","Stack"],"picked":"Double Energy","floor":5.0},{"not_picked":["Amplify","Beam Cell"],"picked":"Loop","floor":7.0},{"not_picked":["Amplify","Steam"],"picked":"Sunder","floor":8.0},{"not_picked":["Compile Driver","Storm"],"picked":"Doom and Gloom","floor":11.0},{"not_picked":["Streamline","Heatsinks"],"picked":"Steam","floor":12.0},{"not_picked":["Hologram","Loop"],"picked":"Core Surge","floor":14.0},{"not_picked":["Meteor Strike","Rainbow"],"picked":"Biased Cognition","floor":16},{"not_picked":["Steam"],"picked":"SKIP","floor":18},{"not_picked":["Barrage"],"picked":"SKIP","floor":19},{"not_picked":["Ball Lightning"],"picked":"SKIP","floor":24},{"not_picked":[],"picked":"Coolheaded","floor":27},{"not_picked":["Steam"],"picked":"SKIP","floor":29},{"not_picked":[],"picked":"Self Repair","floor":31},{"not_picked":[],"picked":"Multi-Cast","floor":33},{"not_picked":["Sweeping Beam"],"picked":"SKIP","floor":35},{"not_picked":[],"picked":"Turbo","floor":36},{"not_picked":["Streamline"],"picked":"SKIP","floor":38},{"not_picked":[],"picked":"Redo","floor":41},{"not_picked":["Turbo"],"picked":"SKIP","floor":42},{"not_picked":["Turbo"],"picked":"SKIP","floor":45},{"not_picked":["Self Repair"],"picked":"SKIP","floor":47},{"not_picked":["Sweeping Beam"],"picked":"SKIP","floor":48}],"player_experience":972021,"relics_obtained":[{"floor":8.0,"key":"Vajra"},{"floor":9.0,"key":"DataDisk"},{"floor":14.0,"key":"Anchor"},{"floor":20,"key":"Meat on the Bone"},{"floor":24,"key":"Gremlin Horn"},{"floor":26,"key":"Bag of Marbles"},{"floor":31,"key":"Bottled Tornado"},{"floor":41,"key":"Strawberry"},{"floor":43,"key":"Juzu Bracelet"},{"floor":47,"key":"Lantern"}],"event_choices":[{"damage_healed":0.0,"max_hp_gain":0.0,"max_hp_loss":0.0,"gold_gain":0.0,"event_name":"The Cleric","player_choice":"Leave","floor":4.0,"gold_loss":0.0,"damage_taken":0.0},{"damage_healed":0.0,"max_hp_gain":0.0,"max_hp_loss":0.0,"gold_gain":50.0,"event_name":"Golden Shrine","player_choice":"Pray","floor":13.0,"gold_loss":0.0,"damage_taken":0.0},{"damage_healed":0,"gold_gain":0,"player_choice":"Obtained Relic","damage_taken":0,"relics_obtained":["Blood Vial"],"max_hp_gain":0,"max_hp_loss":0,"event_name":"Addict","floor":22,"gold_loss":85},{"damage_healed":0,"gold_gain":0,"player_choice":"Ignored","damage_taken":0,"max_hp_gain":0,"max_hp_loss":0,"event_name":"SecretPortal","floor":39,"gold_loss":0},{"damage_healed":0,"gold_gain":0,"player_choice":"Memory 1","damage_taken":0,"max_hp_gain":0,"max_hp_loss":0,"event_name":"SensoryStone","floor":46,"gold_loss":0}],"is_beta":false,"boss_relics":[{"not_picked":["Eternal Feather","Lizard Tail"],"picked":"Busted Crown"},{"not_picked":["Nuclear Battery","Runic Dome"],"picked":"Coffee Dripper"}],"items_purged_floors":[21,37],"is_endless":false,"potions_floor_spawned":[5,7,11,16,18,24,29,38,47,48],"killed_by":"Awakened One","ascension_level":20}