{"gold_per_floor":[115,40,40,40,50,50,70,101,101,126,126,140,140,160,160,233,233,246,257,257,45,55,55,83,83,83,3,3,17,17,17,17,89,89,109,127,127,147,160,194,19,45,94,94,114,114,149,166,166,166,166,166,166,41,71,71],"floor_reached":56,"playtime":3009,"items_purged":["Shame","Poisoned Stab","Bane"],"score":2330,"play_id":"3c2fe60e-9d89-4bd8-ae25-37be8adb95ec","local_time":"20190318155304","is_ascension_mode":true,"campfire_choices":[{"data":"Predator","floor":6.0,"key":"SMITH"},{"floor":13.0,"key":"REST"},{"data":"Noxious Fumes","floor":15.0,"key":"SMITH"},{"data":"Wraith Form v2","floor":23.0,"key":"SMITH"},{"floor":28.0,"key":"REST"},{"floor":30.0,"key":"REST"},{"data":"Blade Dance","floor":32.0,"key":"SMITH"},{"data":"Well Laid Plans","floor":44.0,"key":"SMITH"},{"floor":46.0,"key":"REST"},{"floor":49.0,"key":"RECALL"},{"data":"Tactician","floor":53.0,"key":"SMITH"}],"neow_cost":"CURSE","seed_source_timestamp":8006371262336,"circlet_count":0,"master_deck":["AscendersBane","Survivor","Neutralize","Corpse Explosion","Predator+1","Pain","Noxious Fumes+1","Escape Plan","Adrenaline","Regret","Riddle With Holes","After Image","Dagger Throw","Blade Dance+1","Deadly Poison","All Out Attack","Wraith Form v2+1","Blur","Grand Finale","PiercingWail","Storm of Steel","Tactician+1","Shame","Malaise","Well Laid Plans+1","Backflip","Acrobatics","Parasite","Expertise+1","Concentrate","Night Terror","Footwork","Calculated Gamble"],"special_seed":0,"relics":["Ring of the Snake","WarpedTongs","StoneCalendar","Blue Candle","Du-Vu Doll","Strawberry","Pandora\u0027s Box","Kunai","Medical Kit","Mercury Hourglass","Gremlin Horn","Orrery","Paper Crane","Bottled Lightning","Incense Burner","Snake Skull"],"potions_floor_usage":[56],"damage_taken":[{"damage":2.0,"enemies":"Small Slimes","floor":1.0,"turns":4.0},{"damage":1.0,"enemies":"2 Louse","floor":5.0,"turns":3.0},{"damage":2.0,"enemies":"Cultist","floor":7.0,"turns":3.0},{"damage":18.0,"enemies":"Lagavulin","floor":8.0,"turns":8.0},{"damage":8.0,"enemies":"3 Sentries","floor":10.0,"turns":4.0},{"damage":3.0,"enemies":"Looter","floor":12.0,"turns":3.0},{"damage":2.0,"enemies":"Blue Slaver","floor":14.0,"turns":2.0},{"damage":6.0,"enemies":"Slime Boss","floor":16.0,"turns":6.0},{"damage":4.0,"enemies":"2 Thieves","floor":18.0,"turns":4.0},{"damage":11.0,"enemies":"Shell Parasite","floor":19.0,"turns":5.0},{"damage":17.0,"enemies":"Snecko","floor":22.0,"turns":6.0},{"damage":24.0,"enemies":"Slavers","floor":24.0,"turns":4.0},{"damage":4.0,"enemies":"Colosseum Slavers","floor":25.0,"turns":4.0},{"damage":3.0,"enemies":"Centurion and Healer","floor":29.0,"turns":4.0},{"damage":27.0,"enemies":"Champ","floor":33.0,"turns":10.0},{"damage":7.0,"enemies":"Orb Walker","floor":35.0,"turns":3.0},{"damage":4.0,"enemies":"3 Darklings","floor":36.0,"turns":3.0},{"damage":5.0,"enemies":"Sphere and 2 Shapes","floor":38.0,"turns":4.0},{"damage":7.0,"enemies":"Writhing Mass","floor":39.0,"turns":6.0},{"damage":3.0,"enemies":"Nemesis","floor":40.0,"turns":9.0},{"damage":13.0,"enemies":"Giant Head","floor":42.0,"turns":10.0},{"damage":5.0,"enemies":"3 Darklings","floor":45.0,"turns":5.0},{"damage":3.0,"enemies":"Reptomancer","floor":47.0,"turns":5.0},{"damage":3.0,"enemies":"Sphere and 2 Shapes","floor":48.0,"turns":4.0},{"damage":4.0,"enemies":"Donu and Deca","floor":50.0,"turns":7.0},{"damage":4.0,"enemies":"Time Eater","floor":51.0,"turns":14.0},{"damage":38.0,"enemies":"Shield and Spear","floor":55.0,"turns":8.0},{"damage":21,"enemies":"The Heart","floor":56,"turns":4}],"seed_played":"8865927662743807276","potions_obtained":[{"floor":5.0,"key":"GamblersBrew"},{"floor":10.0,"key":"GhostInAJar"},{"floor":12.0,"key":"GhostInAJar"},{"floor":29.0,"key":"FearPotion"},{"floor":33.0,"key":"Block Potion"},{"floor":40.0,"key":"Energy Potion"},{"floor":42.0,"key":"Block Potion"},{"floor":47.0,"key":"PowerPotion"},{"floor":55.0,"key":"SpeedPotion"}],"is_trial":false,"path_per_floor":["M","$","?","?","M","R","M","E","T","E","?","M","R","M","R","B",null,"M","M","?","$","M","R","E","?","T","$","R","M","R","?","R","B",null,"M","M","?","M","M","E","$","E","T","R","M","R","E","M","R","B","B",null,"R","$","E","B"],"character_chosen":"THE_SILENT","items_purchased":["Medical Kit","GhostInAJar","Concentrate"],"campfire_rested":4,"item_purchase_floors":[21,27,41],"current_hp_per_floor":[57,57,37,37,36,36,34,16,16,8,15,12,33,31,31,25,61,57,46,46,46,29,29,5,1,1,1,22,19,40,40,40,13,58,51,47,47,42,35,32,32,19,19,19,14,35,32,29,29,25,21,60,60,60,22,1],"gold":71,"neow_bonus":"THREE_RARE_CARDS","is_prod":false,"is_daily":false,"chose_seed":false,"campfire_upgraded":6,"win_rate":0,"timestamp":1552895584,"path_taken":["M","$","?","?","?","R","M","E","T","E","?","M","R","M","R","BOSS","M","M","?","$","M","R","E","?","T","$","R","M","R","?","R","BOSS","M","M","?","M","M","E","$","E","T","R","M","R","E","M","R","BOSS","BOSS","R","$","E","BOSS"],"build_version":"2019-01-23","purchased_purges":3,"victory":false,"max_hp_per_floor":[66,66,66,66,66,66,66,66,66,66,73,73,73,73,73,73,73,73,73,73,73,73,73,73,73,73,73,73,73,73,73,73,73,73,73,73,73,73,73,73,73,73,73,73,73,73,73,73,73,73,73,73,73,73,73,73],"card_choices":[{"not_picked":["Bullet Time","Adrenaline"],"picked":"Corpse Explosion","floor":0.0},{"not_picked":["Accuracy","Bane"],"picked":"Predator","floor":1.0},{"not_picked":["Predator","Blur","Acrobatics"],"picked":"SKIP","floor":5.0},{"not_picked":["Bane","Flechettes"],"picked":"Noxious Fumes","floor":7.0},{"not_picked":["Distraction","Deflect"],"picked":"Escape Plan","floor":8.0},{"not_picked":["Catalyst","Choke"],"picked":"Adrenaline","floor":10.0},{"not_picked":["Deflect","Quick Slash","Riddle With Holes"],"picked":"SKIP","floor":12.0},{"not_picked":["Deflect","Quick Slash"],"picked":"Riddle With Holes","floor":12.0},{"not_picked":["Flying Knee","Expertise"],"picked":"Poisoned Stab","floor":14.0},{"not_picked":["Unload","A Thousand Cuts"],"picked":"After Image","floor":16.0},{"not_picked":["Catalyst","Finisher"],"picked":"Tactician","floor":18.0},{"not_picked":["Slice","Terror","Quick Slash"],"picked":"SKIP","floor":19.0},{"not_picked":["Sucker Punch","Underhanded Strike+1","Escape Plan"],"picked":"SKIP","floor":22.0},{"not_picked":["PiercingWail","Sucker Punch","Slice"],"picked":"SKIP","floor":24.0},{"not_picked":["Predator","Sucker Punch","Skewer+1"],"picked":"SKIP","floor":29.0},{"not_picked":["Grand Finale","Venomology"],"picked":"Malaise","floor":33.0},{"not_picked":["Blur","Terror"],"picked":"Well Laid Plans","floor":34.0},{"not_picked":["Infinite Blades","Slice+1"],"picked":"Backflip","floor":34.0},{"not_picked":["Reflex","Endless Agony+1"],"picked":"Acrobatics","floor":35.0},{"not_picked":["Underhanded Strike","Backflip","Deadly Poison"],"picked":"SKIP","floor":36.0},{"not_picked":["Tactician","PiercingWail","Storm of Steel"],"picked":"SKIP","floor":38.0},{"not_picked":["Poisoned Stab","Cloak And Dagger","Deadly Poison"],"picked":"SKIP","floor":39.0},{"not_picked":["Die Die Die","Quick Slash"],"picked":"Expertise+1","floor":40.0},{"not_picked":["A Thousand Cuts","Acrobatics"],"picked":"Night Terror","floor":42.0},{"not_picked":["Sucker Punch","Eviscerate","Dagger Spray+1"],"picked":"SKIP","floor":45.0},{"not_picked":["Dagger Spray","Backflip","Outmaneuver"],"picked":"SKIP","floor":47.0},{"not_picked":["Cloak And Dagger","Dagger Spray"],"picked":"Footwork","floor":48.0},{"not_picked":["Slice","Crippling Poison"],"picked":"Calculated Gamble","floor":55.0}],"player_experience":3680845,"relics_obtained":[{"floor":8.0,"key":"StoneCalendar"},{"floor":9.0,"key":"Blue Candle"},{"floor":10.0,"key":"Du-Vu Doll"},{"floor":24.0,"key":"Mercury Hourglass"},{"floor":26.0,"key":"Gremlin Horn"},{"floor":40.0,"key":"Paper Crane"},{"floor":42.0,"key":"Bottled Lightning"},{"floor":47.0,"key":"Incense Burner"},{"floor":55.0,"key":"Snake Skull"}],"event_choices":[{"damage_healed":0.0,"max_hp_gain":0.0,"max_hp_loss":0.0,"gold_gain":0.0,"event_name":"Shining Light","player_choice":"Entered Light","floor":3.0,"gold_loss":0.0,"damage_taken":20.0,"cards_upgraded":["Defend_G","Defend_G"]},{"damage_healed":0.0,"max_hp_gain":0.0,"max_hp_loss":0.0,"gold_gain":0.0,"event_name":"Accursed Blacksmith","player_choice":"Rummage","floor":4.0,"gold_loss":0.0,"damage_taken":0.0,"relics_obtained":["WarpedTongs"],"cards_obtained":["Pain"]},{"damage_healed":0.0,"max_hp_gain":0.0,"max_hp_loss":0.0,"gold_gain":0.0,"event_name":"Big Fish","player_choice":"Box","floor":11.0,"gold_loss":0.0,"damage_taken":0.0,"relics_obtained":["Strawberry"],"cards_obtained":["Regret"]},{"damage_healed":0.0,"max_hp_gain":0.0,"max_hp_loss":0.0,"gold_gain":0.0,"event_name":"Addict","player_choice":"Stole Relic","floor":20.0,"gold_loss":0.0,"damage_taken":0.0,"relics_obtained":["Kunai"],"cards_obtained":["Shame"]},{"damage_healed":0.0,"max_hp_gain":0.0,"max_hp_loss":0.0,"gold_gain":0.0,"event_name":"Colosseum","player_choice":"Fight","floor":25.0,"gold_loss":0.0,"damage_taken":0.0},{"damage_healed":0.0,"max_hp_gain":0.0,"max_hp_loss":0.0,"gold_gain":0.0,"event_name":"Colosseum","player_choice":"Fled From Nobs","floor":25.0,"gold_loss":0.0,"damage_taken":0.0},{"damage_healed":0.0,"max_hp_gain":0.0,"max_hp_loss":0.0,"gold_gain":0.0,"event_name":"Vampires","player_choice":"Ignored","floor":31.0,"gold_loss":0.0,"damage_taken":0.0},{"damage_healed":0.0,"max_hp_gain":0.0,"max_hp_loss":0.0,"gold_gain":0.0,"event_name":"Lab","player_choice":"Got Potions","floor":37.0,"gold_loss":0.0,"damage_taken":0.0}],"is_beta":false,"boss_relics":[{"not_picked":["Runic Dome","Snecko Eye"],"picked":"Pandora\u0027s Box"},{"not_picked":["Black Star","Astrolabe"],"picked":"Orrery"}],"items_purged_floors":[2,41,54],"is_endless":false,"potions_floor_spawned":[5,10,12,14,25,29,33,38,40,42,47,48,55],"killed_by":"The Heart","ascension_level":20}