{"gold_per_floor":[366,27,74,74,87,87,113,113,113,139,151,201,201,220,220,299,299,310,585,295,307,7,7,35,50,50,50,60,60,60,89,89,163,163,174,174,33,33,48,76,124,156,156,182,182,228,256,269,269,269,269,269,269,35,61,61],"floor_reached":61,"playtime":2492,"items_purged":["Regret","Doubt"],"score":3264,"play_id":"9147d35b-ae53-4c00-b1a5-b5913bef0c65","local_time":"20190808010337","is_ascension_mode":true,"campfire_choices":[{"data":"Rampage","floor":6.0,"key":"SMITH"},{"floor":8.0,"key":"REST"},{"data":"Armaments","floor":13.0,"key":"SMITH"},{"data":"Bash","floor":15.0,"key":"SMITH"},{"floor":23.0,"key":"REST"},{"floor":27.0,"key":"REST"},{"floor":30.0,"key":"REST"},{"floor":32.0,"key":"REST"},{"floor":53.0,"key":"RECALL"},{"floor":57.0,"key":"REST"}],"neow_cost":"CURSE","seed_source_timestamp":129511433555874,"circlet_count":0,"master_deck":["AscendersBane","Strike_R","Strike_R","Strike_R","Strike_R","Strike_R","Defend_R","Defend_R","Defend_R","Defend_R","Bash+1","Warcry","Rampage+1","Evolve","Armaments+1","Berserk","True Grit","Havoc","Warcry","Seeing Red","Warcry","Barricade","Corruption+1","Offering","Shrug It Off","Havoc+1","Offering","Body Slam+1","Burning Pact","Battle Trance","Feel No Pain","Ghostly Armor"],"special_seed":0,"relics":["Burning Blood","Dead Branch","Orichalcum","Pear","Pantograph","Ice Cream","Fusion Hammer","Toolbox","Membership Card","Mercury Hourglass","Paper Frog","Self Forming Clay","Gambling Chip","Runic Cube","Gremlin Horn","Dream Catcher","Nunchaku","Dodecahedron","Shuriken","Lantern","Mango","Sling","Bronze Scales","Centennial Puzzle"],"potions_floor_usage":[60],"damage_taken":[{"damage":12.0,"enemies":"Cultist","floor":1.0,"turns":4.0},{"damage":0.0,"enemies":"Small Slimes","floor":5.0,"turns":2.0},{"damage":65.0,"enemies":"Lagavulin","floor":7.0,"turns":9.0},{"damage":38.0,"enemies":"3 Sentries","floor":10.0,"turns":10.0},{"damage":3.0,"enemies":"2 Louse","floor":11.0,"turns":3.0},{"damage":19.0,"enemies":"Exordium Thugs","floor":14.0,"turns":6.0},{"damage":28.0,"enemies":"Slime Boss","floor":16.0,"turns":16.0},{"damage":51.0,"enemies":"Spheric Guardian","floor":18.0,"turns":9.0},{"damage":6.0,"enemies":"2 Thieves","floor":21.0,"turns":4.0},{"damage":35.0,"enemies":"Gremlin Leader","floor":24.0,"turns":6.0},{"damage":10.0,"enemies":"Snecko","floor":25.0,"turns":5.0},{"damage":19.0,"enemies":"Sentry and Sphere","floor":28.0,"turns":5.0},{"damage":44.0,"enemies":"Book of Stabbing","floor":31.0,"turns":5.0},{"damage":26.0,"enemies":"Collector","floor":33.0,"turns":5.0},{"damage":9.0,"enemies":"3 Shapes","floor":39.0,"turns":2.0},{"damage":23.0,"enemies":"3 Darklings","floor":43.0,"turns":3.0},{"damage":19.0,"enemies":"Reptomancer","floor":44.0,"turns":3.0},{"damage":6.0,"enemies":"2 Orb Walkers","floor":45.0,"turns":3.0},{"damage":12.0,"enemies":"Giant Head","floor":46.0,"turns":1.0},{"damage":6.0,"enemies":"Reptomancer","floor":48.0,"turns":1.0},{"damage":12.0,"enemies":"Nemesis","floor":51.0,"turns":3.0},{"damage":0.0,"enemies":"Jaw Worm Horde","floor":52.0,"turns":1.0},{"damage":18.0,"enemies":"Awakened One","floor":54.0,"turns":4.0},{"damage":30.0,"enemies":"Donu and Deca","floor":55.0,"turns":4.0},{"damage":12.0,"enemies":"Shield and Spear","floor":59.0,"turns":6.0},{"damage":30,"enemies":"The Heart","floor":60,"turns":5}],"seed_played":"2936241287323379264","potions_obtained":[{"floor":1.0,"key":"Explosive Potion"},{"floor":10.0,"key":"Block Potion"},{"floor":14.0,"key":"BloodPotion"},{"floor":25.0,"key":"PowerPotion"},{"floor":28.0,"key":"PowerPotion"},{"floor":43.0,"key":"PowerPotion"},{"floor":44.0,"key":"SpeedPotion"}],"is_trial":false,"path_per_floor":["M","$","T","?","M","R","E","R","T","E","M","?","R","M","R","B",null,"M","?","$","M","$","R","E","M","T","R","M","T","R","E","R","B",null,"M","?","$","?","M","E","?","E","T","E","?","T","E","M","R","B","B",null,"R","$","E","B",null],"character_chosen":"IRONCLAD","items_purchased":["Dead Branch","Toolbox","Membership Card","Warcry","Gremlin Horn","Sling","Bronze Scales","Feel No Pain"],"campfire_rested":6,"item_purchase_floors":[2,20,22,22,41,58,58,58],"current_hp_per_floor":[62,62,62,67,73,73,24,51,51,19,22,22,22,9,9,34,76,31,31,31,31,31,58,29,25,25,52,39,39,66,28,55,60,90,87,87,87,87,70,57,57,51,51,51,51,51,59,65,65,78,79,98,104,104,98,80],"gold":61,"neow_bonus":"TWO_FIFTY_GOLD","is_prod":false,"is_daily":false,"chose_seed":false,"campfire_upgraded":3,"win_rate":0,"timestamp":1565193817,"path_taken":["M","$","?","?","M","R","E","R","T","E","M","?","R","M","R","BOSS","M","?","$","M","$","R","E","?","T","R","M","?","R","E","R","BOSS","M","?","$","?","?","E","?","E","T","E","?","?","E","M","R","BOSS","BOSS","R","$","E","BOSS"],"build_version":"2019-07-17","purchased_purges":2,"victory":true,"max_hp_per_floor":[75,75,75,80,80,80,90,90,90,90,90,90,90,90,90,90,90,90,90,90,90,90,90,90,90,90,90,90,90,90,90,90,90,90,90,90,90,90,90,90,90,90,90,90,90,90,104,104,104,104,104,104,104,104,104,104],"card_choices":[{"not_picked":["Twin Strike","Sword Boomerang"],"picked":"Warcry","floor":1.0},{"not_picked":["Thunderclap","Anger"],"picked":"Rampage","floor":5.0},{"not_picked":["Flame Barrier","Headbutt"],"picked":"Double Tap","floor":7.0},{"not_picked":["Warcry","Sword Boomerang"],"picked":"Evolve","floor":10.0},{"not_picked":["Wild Strike","Cleave"],"picked":"Armaments","floor":11.0},{"not_picked":["Armaments","Perfected Strike","Searing Blow"],"picked":"SKIP","floor":14.0},{"not_picked":["Double Tap","Feed"],"picked":"Berserk","floor":16.0},{"not_picked":["Headbutt","Sentinel"],"picked":"True Grit","floor":18.0},{"not_picked":["Iron Wave","True Grit"],"picked":"Havoc","floor":21.0},{"not_picked":["Shockwave","Clothesline"],"picked":"Seeing Red","floor":24.0},{"not_picked":["Flex","Sentinel+1"],"picked":"Warcry","floor":25.0},{"not_picked":["Clash","Havoc+1"],"picked":"Barricade","floor":28.0},{"not_picked":["Metallicize","Disarm"],"picked":"Corruption","floor":31.0},{"not_picked":["Immolate","Dark Embrace"],"picked":"Offering","floor":33.0},{"not_picked":["Sentinel","Pommel Strike"],"picked":"Shrug It Off","floor":39.0},{"not_picked":["Warcry","Headbutt"],"picked":"Havoc+1","floor":43.0},{"not_picked":["Reckless Charge","Anger+1"],"picked":"Offering","floor":44.0},{"not_picked":["Rage+1","Power Through"],"picked":"Body Slam+1","floor":45.0},{"not_picked":["Carnage+1","Intimidate"],"picked":"Burning Pact","floor":46.0},{"not_picked":["Clash","Evolve","Pummel+1"],"picked":"SKIP","floor":48.0},{"not_picked":["Clash","Infernal Blade+1","Evolve"],"picked":"SKIP","floor":51.0},{"not_picked":["True Grit+1","Thunderclap","Uppercut"],"picked":"SKIP","floor":52.0},{"not_picked":["Body Slam","Perfected Strike"],"picked":"Battle Trance","floor":57.0},{"not_picked":["Armaments","Sentinel"],"picked":"Ghostly Armor","floor":59.0}],"player_experience":809750,"relics_obtained":[{"floor":3.0,"key":"Orichalcum"},{"floor":7.0,"key":"Pear"},{"floor":9.0,"key":"Pantograph"},{"floor":10.0,"key":"Ice Cream"},{"floor":24.0,"key":"Mercury Hourglass"},{"floor":26.0,"key":"Paper Frog"},{"floor":29.0,"key":"Self Forming Clay"},{"floor":31.0,"key":"Gambling Chip"},{"floor":44.0,"key":"Dream Catcher"},{"floor":45.0,"key":"Nunchaku"},{"floor":46.0,"key":"Dodecahedron"},{"floor":48.0,"key":"Shuriken"},{"floor":50.0,"key":"Lantern"},{"floor":51.0,"key":"Mango"},{"floor":59.0,"key":"Centennial Puzzle"}],"event_choices":[{"damage_healed":0.0,"max_hp_gain":5.0,"max_hp_loss":0.0,"gold_gain":0.0,"event_name":"Big Fish","player_choice":"Donut","floor":4.0,"gold_loss":0.0,"damage_taken":0.0},{"damage_healed":0.0,"max_hp_gain":0.0,"max_hp_loss":0.0,"gold_gain":50.0,"event_name":"Golden Shrine","player_choice":"Pray","floor":12.0,"gold_loss":0.0,"damage_taken":0.0},{"damage_healed":0.0,"max_hp_gain":0.0,"max_hp_loss":0.0,"gold_gain":275.0,"event_name":"Golden Shrine","player_choice":"Desecrate","floor":19.0,"gold_loss":0.0,"damage_taken":0.0,"cards_obtained":["Regret"]},{"damage_healed":0.0,"max_hp_gain":0.0,"max_hp_loss":0.0,"gold_gain":0.0,"event_name":"Tomb of Lord Red Mask","player_choice":"Ignored","floor":40.0,"gold_loss":0.0,"damage_taken":0.0},{"damage_healed":0.0,"max_hp_gain":0.0,"max_hp_loss":0.0,"gold_gain":0.0,"event_name":"Accursed Blacksmith","player_choice":"Forge","floor":42.0,"gold_loss":0.0,"damage_taken":0.0,"cards_upgraded":["Corruption"]},{"damage_healed":0.0,"max_hp_gain":0.0,"max_hp_loss":0.0,"gold_gain":0.0,"event_name":"Mysterious Sphere","player_choice":"Fight","floor":45.0,"gold_loss":0.0,"damage_taken":0.0},{"cards_removed":["Double Tap"],"damage_healed":0.0,"max_hp_gain":0.0,"max_hp_loss":0.0,"gold_gain":0.0,"event_name":"Falling","player_choice":"Removed Skill","floor":49.0,"gold_loss":0.0,"damage_taken":0.0}],"is_beta":false,"boss_relics":[{"not_picked":["Velvet Choker","White Beast Statue"],"picked":"Fusion Hammer"},{"not_picked":["Calling Bell","Mark of Pain"],"picked":"Runic Cube"}],"items_purged_floors":[20,22],"is_endless":false,"potions_floor_spawned":[1,10,14,25,28,43,44,45,48,52],"ascension_level":20}