{"gold_per_floor":[112,37,87,105,5,38,48,48,75,97,122,165,52,52,52,124,124,140,153,153],"floor_reached":20,"playtime":717,"items_purged":["Strike_G","Defend_G","Strike_G"],"score":418,"play_id":"c0482a24-d0e5-4d2d-9848-c5c36fee363f","local_time":"20190107230307","is_ascension_mode":true,"campfire_choices":[{"data":"Noxious Fumes","floor":8.0,"key":"SMITH"},{"data":"Noxious Fumes","floor":15.0,"key":"SMITH"}],"neow_cost":"NONE","seed_source_timestamp":39230117047157,"circlet_count":0,"master_deck":["AscendersBane","Survivor","Neutralize","Calculated Gamble","Noxious Fumes+1","Acrobatics","Well Laid Plans","Noxious Fumes+1","Slice","Infinite Blades","Masterful Stab","Dagger Throw","Envenom","A Thousand Cuts","Tactician","Backflip","Prepared+1"],"special_seed":0,"relics":["Ring of the Snake","NeowsBlessing","Dream Catcher","MawBank","Regal Pillow","Pandora\u0027s Box"],"potions_floor_usage":[20],"damage_taken":[{"damage":0.0,"enemies":"2 Louse","floor":1.0,"turns":1.0},{"damage":0.0,"enemies":"Cultist","floor":4.0,"turns":1.0},{"damage":0.0,"enemies":"Gremlin Nob","floor":6.0,"turns":1.0},{"damage":0.0,"enemies":"Small Slimes","floor":7.0,"turns":4.0},{"damage":9.0,"enemies":"2 Fungi Beasts","floor":10.0,"turns":4.0},{"damage":14.0,"enemies":"Exordium Wildlife","floor":11.0,"turns":5.0},{"damage":19.0,"enemies":"Lagavulin","floor":12.0,"turns":9.0},{"damage":8.0,"enemies":"Hexaghost","floor":16.0,"turns":10.0},{"damage":38.0,"enemies":"3 Byrds","floor":18.0,"turns":3.0},{"damage":10.0,"enemies":"2 Thieves","floor":19.0,"turns":5.0},{"damage":4,"enemies":"Centurion and Healer","floor":20,"turns":3}],"seed_played":"3381170583945429220","potions_obtained":[{"floor":10.0,"key":"Strength Potion"},{"floor":12.0,"key":"Block Potion"},{"floor":16.0,"key":"Energy Potion"}],"is_trial":false,"path_per_floor":["M","$","?","M","$","E","M","R","T","M","M","E","$","$","R","B",null,"M","M","M"],"character_chosen":"THE_SILENT","items_purchased":[],"campfire_rested":0,"item_purchase_floors":[],"current_hp_per_floor":[59,59,53,53,53,53,53,53,53,44,30,11,11,11,11,3,50,12,2,0],"gold":153,"neow_bonus":"THREE_ENEMY_KILL","is_prod":false,"is_daily":false,"chose_seed":false,"campfire_upgraded":2,"win_rate":0,"timestamp":1546873387,"path_taken":["M","$","?","M","$","E","M","R","T","M","?","E","?","$","R","BOSS","M","M","M"],"build_version":"2019-01-03v4","purchased_purges":3,"victory":false,"max_hp_per_floor":[66,66,66,66,66,66,66,66,66,66,66,66,66,66,66,66,66,66,66,66],"card_choices":[{"not_picked":["Dagger Throw","Sucker Punch"],"picked":"Calculated Gamble","floor":1.0},{"not_picked":["Prepared","Bane","Terror"],"picked":"SKIP","floor":4.0},{"not_picked":["Slice","Underhanded Strike"],"picked":"Noxious Fumes","floor":6.0},{"not_picked":["Slice","Deadly Poison"],"picked":"Acrobatics","floor":7.0},{"not_picked":["Distraction","Backflip","Outmaneuver"],"picked":"SKIP","floor":10.0},{"not_picked":["Noxious Fumes","Flying Knee"],"picked":"Well Laid Plans","floor":11.0},{"not_picked":["Phantasmal Killer","Deflect"],"picked":"Noxious Fumes","floor":12.0},{"not_picked":["Terror","Escape Plan"],"picked":"Backflip","floor":18.0},{"not_picked":["Deadly Poison","Quick Slash"],"picked":"Prepared+1","floor":19.0}],"player_experience":1837139,"relics_obtained":[{"floor":6.0,"key":"Dream Catcher"},{"floor":9.0,"key":"MawBank"},{"floor":12.0,"key":"Regal Pillow"}],"event_choices":[{"damage_healed":0.0,"max_hp_gain":0.0,"max_hp_loss":0.0,"gold_gain":50.0,"event_name":"FaceTrader","player_choice":"Touch","floor":3.0,"gold_loss":0.0,"damage_taken":6.0}],"is_beta":false,"boss_relics":[{"not_picked":["White Beast Statue","WristBlade"],"picked":"Pandora\u0027s Box"}],"items_purged_floors":[2,5,13],"is_endless":false,"potions_floor_spawned":[10,12,16],"killed_by":"Centurion and Healer","ascension_level":20}