{"path_per_floor":["M","$","M","M","M","E","M","M","T","M","R","M","?","E","R"],"character_chosen":"IRONCLAD","items_purchased":[],"gold_per_floor":[111,36,53,63,75,109,119,134,160,170,170,187,437,465,465,465],"floor_reached":16,"campfire_rested":1,"playtime":529,"current_hp_per_floor":[80,80,79,79,70,40,33,39,39,38,38,48,48,12,36,0],"items_purged":["Defend_R"],"gold":465,"score":116,"play_id":"dae03a3e-bb6b-4b65-aad8-d7c64c821893","local_time":"20180325175522","is_prod":false,"is_daily":false,"is_ascension_mode":false,"campfire_upgraded":1,"timestamp":1521993322,"path_taken":["M","$","M","M","M","E","M","M","T","M","R","?","?","E","R","BOSS"],"build_version":"2018-03-22v2","purchased_purges":1,"victory":false,"master_deck":["Strike_R","Strike_R","Strike_R","Strike_R","Strike_R","Defend_R+1","Defend_R","Bash","Whirlwind","Sentinel+1","Perfected Strike","Burning Pact+1","Spot Weakness","Sentinel","Regret","Impervious"],"max_hp_per_floor":[80,80,80,80,80,80,80,80,80,80,80,82,82,82,82,82],"relics":["Burning Blood","War Paint","Singing Bowl","Pantograph"],"card_choices":[{"not_picked":["Evolve","Second Wind"],"picked":"Whirlwind","floor":1},{"not_picked":["Iron Wave","Ghostly Armor"],"picked":"Sentinel","floor":3},{"not_picked":["Evolve","Dropkick"],"picked":"Perfected Strike","floor":4},{"not_picked":["Inflame","Reckless Charge"],"picked":"Burning Pact","floor":6},{"not_picked":["Body Slam","True Grit"],"picked":"Spot Weakness","floor":8},{"not_picked":["Seeing Red","Combust"],"picked":"Sentinel","floor":10},{"not_picked":["Thunderclap","Warcry"],"picked":"Impervious","floor":14}],"player_experience":189004,"potions_floor_usage":[10,10,12],"damage_taken":[{"damage":1,"enemies":"Cultist","floor":1,"turns":3},{"damage":7,"enemies":"2 Louse","floor":3,"turns":2},{"damage":6,"enemies":"Jaw Worm","floor":4,"turns":3},{"damage":15,"enemies":"Exordium Wildlife","floor":5,"turns":4},{"damage":36,"enemies":"Lagavulin","floor":6,"turns":6},{"damage":13,"enemies":"2 Fungi Beasts","floor":7,"turns":3},{"damage":0,"enemies":"3 Louse","floor":8,"turns":1},{"damage":7,"enemies":"Exordium Thugs","floor":10,"turns":2},{"damage":10,"enemies":"Large Slime","floor":12,"turns":5},{"damage":42,"enemies":"Gremlin Nob","floor":14,"turns":5},{"damage":62,"enemies":"The Guardian","floor":16,"turns":7}],"event_choices":[{"event_name":"Golden Shrine","player_choice":"Desecrate","floor":13,"damage_taken":0}],"boss_relics":[],"potions_floor_spawned":[1,3,7,8],"seed_played":"-6466706990412857422","killed_by":"The Guardian","ascension_level":0,"is_trial":false}