{"gold_per_floor":[113,113,133,133,208,235,245,245,268,282,307,4,20,20,20,98,98,113,113,38,54,54,54,68,85,85,113,113,133,133,145,145,219,219,230,242,192,192,238,238,249,249],"floor_reached":42,"playtime":1914,"items_purged":["Strike_B","Dualcast"],"score":1036,"play_id":"864e3ee3-0d5e-4758-873a-17f593ccad2f","local_time":"20181119205714","is_ascension_mode":true,"campfire_choices":[{"data":"Zap","floor":8.0,"key":"SMITH"},{"data":"Capacitor","floor":15.0,"key":"SMITH"},{"data":"Capacitor","floor":23.0,"key":"SMITH"},{"data":"Blizzard","floor":28.0,"key":"SMITH"},{"data":"Coolheaded","floor":30.0,"key":"SMITH"},{"data":"Coolheaded","floor":32.0,"key":"SMITH"},{"data":"Redo","floor":40.0,"key":"SMITH"}],"neow_cost":"NONE","seed_source_timestamp":0,"circlet_count":0,"master_deck":["AscendersBane","Zap+1","Self Repair+1","Glacier","Consume+1","Capacitor+1","Turbo","Conserve Battery","Redo+1","Conserve Battery","Coolheaded+1","Capacitor+1","Blizzard+1","Chill+1","Fission+1","Coolheaded+1"],"special_seed":0,"relics":["Cracked Core","NeowsBlessing","Blood Vial","Smiling Mask","Odd Mushroom","DataDisk","Pandora\u0027s Box","Mummified Hand","Toxic Egg 2","Inserter","WingedGreaves"],"potions_floor_usage":[42],"damage_taken":[{"damage":0.0,"enemies":"Jaw Worm","floor":1.0,"turns":1.0},{"damage":8.0,"enemies":"2 Louse","floor":3.0,"turns":2.0},{"damage":0.0,"enemies":"3 Sentries","floor":6.0,"turns":1.0},{"damage":7.0,"enemies":"Small Slimes","floor":7.0,"turns":5.0},{"damage":7.0,"enemies":"Exordium Wildlife","floor":10.0,"turns":5.0},{"damage":35.0,"enemies":"The Mushroom Lair","floor":11.0,"turns":5.0},{"damage":3.0,"enemies":"Looter","floor":13.0,"turns":5.0},{"damage":14.0,"enemies":"Slime Boss","floor":16.0,"turns":10.0},{"damage":19.0,"enemies":"Chosen","floor":18.0,"turns":10.0},{"damage":1.0,"enemies":"Shell Parasite","floor":21.0,"turns":7.0},{"damage":12.0,"enemies":"Centurion and Healer","floor":24.0,"turns":12.0},{"damage":30.0,"enemies":"Shelled Parasite and Fungi","floor":25.0,"turns":7.0},{"damage":32.0,"enemies":"Book of Stabbing","floor":27.0,"turns":8.0},{"damage":0.0,"enemies":"Cultist and Chosen","floor":29.0,"turns":7.0},{"damage":0.0,"enemies":"Sentry and Sphere","floor":31.0,"turns":6.0},{"damage":0.0,"enemies":"Champ","floor":33.0,"turns":18.0},{"damage":12.0,"enemies":"Orb Walker","floor":35.0,"turns":5.0},{"damage":3.0,"enemies":"3 Darklings","floor":36.0,"turns":4.0},{"damage":38.0,"enemies":"2 Orb Walkers","floor":39.0,"turns":5.0},{"damage":0.0,"enemies":"Sphere and 2 Shapes","floor":41.0,"turns":5.0},{"damage":9,"enemies":"Reptomancer","floor":42,"turns":2}],"seed_played":"6994562675597378480","potions_obtained":[{"floor":6.0,"key":"Dexterity Potion"},{"floor":7.0,"key":"Fire Potion"},{"floor":11.0,"key":"Explosive Potion"},{"floor":16.0,"key":"Fire Potion"},{"floor":25.0,"key":"PowerPotion"},{"floor":29.0,"key":"SteroidPotion"},{"floor":41.0,"key":"SpeedPotion"}],"is_trial":false,"path_per_floor":["M","?","M","?","?","E","M","R","T","M","?","$","M","?","R","B",null,"M","?","$","M","?","R","M","M","T","E","R","M","R","M","R","B",null,"M","M","$","?","?","R","M","E"],"character_chosen":"DEFECT","items_purchased":["Capacitor","DataDisk","Capacitor"],"campfire_rested":0,"item_purchase_floors":[12,12,20],"current_hp_per_floor":[64,57,49,28,17,27,32,32,32,37,14,14,23,23,23,21,59,52,52,52,63,68,68,68,50,50,30,30,42,42,54,54,66,70,69,71,71,71,43,43,55,48],"gold":249,"neow_bonus":"THREE_ENEMY_KILL","is_prod":false,"is_daily":false,"chose_seed":false,"campfire_upgraded":7,"win_rate":0,"timestamp":1542632234,"path_taken":["M","?","M","?","?","E","M","R","T","?","?","$","M","?","R","BOSS","M","?","$","?","?","R","M","M","T","E","R","M","R","?","R","BOSS","M","M","$","?","?","R","M","E"],"build_version":"2018-11-15","purchased_purges":2,"victory":false,"max_hp_per_floor":[71,71,71,71,71,71,71,71,71,71,71,71,71,71,71,71,71,71,71,71,71,71,71,71,71,71,71,71,71,71,71,71,71,71,71,71,71,71,71,71,71,71],"card_choices":[{"not_picked":["Rebound","Steam","Lockon"],"picked":"SKIP","floor":1.0},{"not_picked":["Stack","Redo"],"picked":"Self Repair","floor":3.0},{"not_picked":["Genetic Algorithm","Reboot"],"picked":"Glacier","floor":6.0},{"not_picked":["Turbo","Scrape","Leap"],"picked":"SKIP","floor":7.0},{"not_picked":["Streamline","Self Repair"],"picked":"Consume","floor":10.0},{"not_picked":["Compile Driver","Genetic Algorithm"],"picked":"Coolheaded","floor":11.0},{"not_picked":["Compile Driver","Fusion","Gash"],"picked":"SKIP","floor":13.0},{"not_picked":["Ball Lightning","Steam","Rebound"],"picked":"SKIP","floor":18.0},{"not_picked":["Ball Lightning","Self Repair","Rebound+1"],"picked":"SKIP","floor":21.0},{"not_picked":["Cold Snap","Steam"],"picked":"Blizzard","floor":24.0},{"not_picked":["Cold Snap","Ball Lightning","Capacitor"],"picked":"SKIP","floor":25.0},{"not_picked":["Tempest","Gash","Beam Cell"],"picked":"SKIP","floor":27.0},{"not_picked":["Lockon","Chaos+1","Hyperbeam"],"picked":"SKIP","floor":29.0},{"not_picked":["Consume+1","Fusion+1"],"picked":"Chill+1","floor":31.0},{"not_picked":["All For One","Thunder Strike"],"picked":"Fission+1","floor":33.0},{"not_picked":["Hello World","Rebound","Sweeping Beam+1"],"picked":"SKIP","floor":35.0},{"not_picked":["Sunder","Double Energy+1","Fusion+1"],"picked":"SKIP","floor":36.0},{"not_picked":["Redo+1","Go for the Eyes"],"picked":"Coolheaded+1","floor":41.0}],"player_experience":566042,"relics_obtained":[{"floor":6.0,"key":"Blood Vial"},{"floor":9.0,"key":"Smiling Mask"},{"floor":11.0,"key":"Odd Mushroom"},{"floor":26.0,"key":"Mummified Hand"},{"floor":27.0,"key":"Toxic Egg 2"},{"floor":39.0,"key":"WingedGreaves"}],"event_choices":[{"cards_removed":["Strike_B"],"damage_healed":0.0,"max_hp_gain":0.0,"max_hp_loss":0.0,"gold_gain":0.0,"event_name":"Golden Wing","player_choice":"Card Removal","floor":2.0,"gold_loss":0.0,"damage_taken":7.0},{"damage_healed":0.0,"max_hp_gain":0.0,"max_hp_loss":0.0,"gold_gain":0.0,"event_name":"Shining Light","player_choice":"Entered Light","floor":4.0,"gold_loss":0.0,"damage_taken":21.0,"cards_upgraded":["Strike_B","Self Repair"]},{"damage_healed":0.0,"max_hp_gain":0.0,"max_hp_loss":0.0,"gold_gain":75.0,"event_name":"World of Goop","player_choice":"Gather Gold","floor":5.0,"gold_loss":0.0,"damage_taken":11.0},{"damage_healed":0.0,"max_hp_gain":0.0,"max_hp_loss":0.0,"gold_gain":0.0,"event_name":"Mushrooms","player_choice":"Fought Mushrooms","floor":11.0,"gold_loss":0.0,"damage_taken":0.0},{"damage_healed":0.0,"max_hp_gain":0.0,"max_hp_loss":0.0,"gold_gain":0.0,"event_name":"Upgrade Shrine","player_choice":"Upgraded","floor":14.0,"gold_loss":0.0,"damage_taken":0.0,"cards_upgraded":["Consume"]},{"damage_healed":0.0,"max_hp_gain":0.0,"max_hp_loss":0.0,"gold_gain":0.0,"cards_transformed":["Consume"],"event_name":"Transmorgrifier","player_choice":"Transformed","floor":19.0,"gold_loss":0.0,"damage_taken":0.0,"cards_obtained":["Coolheaded"]},{"cards_removed":["Rebound"],"damage_healed":5.0,"max_hp_gain":0.0,"max_hp_loss":0.0,"gold_gain":0.0,"event_name":"Bonfire Elementals","player_choice":"Offered Common","floor":22.0,"gold_loss":0.0,"damage_taken":0.0},{"cards_removed":["Rebound"],"damage_healed":5.0,"max_hp_gain":0.0,"max_hp_loss":0.0,"gold_gain":0.0,"event_name":"Bonfire Elementals","player_choice":"Offered Special","floor":22.0,"gold_loss":0.0,"damage_taken":0.0},{"cards_removed":["Coolheaded"],"damage_healed":0.0,"max_hp_gain":0.0,"max_hp_loss":0.0,"gold_gain":0.0,"event_name":"Falling","player_choice":"Removed Skill","floor":38.0,"gold_loss":0.0,"damage_taken":0.0},{"damage_healed":0.0,"max_hp_gain":0.0,"max_hp_loss":0.0,"gold_gain":0.0,"event_name":"Mysterious Sphere","player_choice":"Fight","floor":39.0,"gold_loss":0.0,"damage_taken":0.0}],"is_beta":true,"boss_relics":[{"not_picked":["Eternal Feather","Philosopher\u0027s Stone"],"picked":"Pandora\u0027s Box"},{"not_picked":["Sozu","Empty Cage"],"picked":"Inserter"}],"items_purged_floors":[12,37],"is_endless":false,"potions_floor_spawned":[6,7,11,16,25,29,31,35,41],"killed_by":"Reptomancer","ascension_level":20}