{"gold_per_floor":[369,211,229,129,54,54,83,83,83,43,43,43],"floor_reached":12,"playtime":346,"items_purged":["Strike_G","Strike_G"],"score":148,"play_id":"4e93dc96-5347-4d3f-9b18-4817a5f2023f","local_time":"20190128155002","is_ascension_mode":true,"campfire_choices":[{"data":"Neutralize","floor":6,"key":"SMITH"},{"data":"Masterful Stab","floor":8,"key":"SMITH"},{"data":"Well Laid Plans","floor":11,"key":"SMITH"}],"neow_cost":"TEN_PERCENT_HP_LOSS","seed_source_timestamp":20968746930499,"circlet_count":0,"master_deck":["AscendersBane","Defend_G","Defend_G","Defend_G","Defend_G","Defend_G","Strike_G","Strike_G","Survivor","Neutralize+1","Infinite Blades","Infinite Blades","Masterful Stab+1","Well Laid Plans+1"],"relics":["Ring of the Snake","Gremlin Horn","Anchor"],"potions_floor_usage":[7],"damage_taken":[{"damage":4,"enemies":"Cultist","floor":1,"turns":6},{"damage":1,"enemies":"Small Slimes","floor":3,"turns":3},{"damage":22,"enemies":"3 Sentries","floor":7,"turns":12},{"damage":43,"enemies":"Gremlin Nob","floor":12,"turns":4}],"seed_played":"-7392816186396046670","potions_obtained":[{"floor":1,"key":"AttackPotion"}],"is_trial":false,"path_per_floor":["M","$","M","$","?","R","E","R","T","$","R","E"],"character_chosen":"THE_SILENT","items_purchased":["Infinite Blades","Well Laid Plans"],"campfire_rested":0,"item_purchase_floors":[2,10],"current_hp_per_floor":[55,55,54,54,54,54,32,32,32,32,32,0],"gold":43,"neow_bonus":"TWO_FIFTY_GOLD","is_prod":false,"is_daily":false,"chose_seed":false,"campfire_upgraded":3,"win_rate":0,"timestamp":1548661802,"path_taken":["M","?","M","$","?","R","E","R","T","?","R","E"],"build_version":"2019-01-23","purchased_purges":2,"victory":false,"max_hp_per_floor":[60,60,60,60,60,60,60,60,60,60,60,60],"card_choices":[{"not_picked":["Escape Plan","Flying Knee"],"picked":"Infinite Blades","floor":1},{"not_picked":["Flying Knee","Poisoned Stab","Outmaneuver"],"picked":"SKIP","floor":3},{"not_picked":["Masterful Stab","Flying Knee","Dagger Spray"],"picked":"SKIP","floor":7},{"not_picked":["Flying Knee","Dagger Spray"],"picked":"Masterful Stab","floor":7}],"player_experience":2348155,"relics_obtained":[{"floor":7,"key":"Gremlin Horn"},{"floor":9,"key":"Anchor"}],"event_choices":[{"cards_removed":["Strike_G"],"damage_healed":0,"gold_gain":0,"player_choice":"Card Removal","damage_taken":0,"max_hp_gain":0,"max_hp_loss":0,"event_name":"The Cleric","floor":5,"gold_loss":75}],"is_beta":false,"boss_relics":[],"items_purged_floors":[2,4],"is_endless":false,"potions_floor_spawned":[1],"killed_by":"Gremlin Nob","ascension_level":20}