{"gold_per_floor":[117,117,42,42,42,42,77,104,104,104,104,129,159,197,197,197],"floor_reached":16,"playtime":339,"items_purged":["Strike_B"],"score":258,"play_id":"6880ff66-e61a-4c2a-924b-7c585f26ca3d","local_time":"20190424081021","is_ascension_mode":true,"campfire_choices":[{"data":"Dualcast","floor":6.0,"key":"SMITH"},{"data":"Defend_B","floor":10.0,"key":"PURGE"},{"data":"Loop","floor":15.0,"key":"SMITH"}],"neow_cost":"NONE","seed_source_timestamp":143959555470751,"circlet_count":0,"master_deck":["AscendersBane","Strike_B","Strike_B","Defend_B","Defend_B","Defend_B","Zap","Dualcast+1","Undo","Rainbow","Multi-Cast","Loop+1"],"special_seed":0,"relics":["Cracked Core","NeowsBlessing","Peace Pipe","Vajra","Golden Idol","Odd Mushroom","Singing Bowl"],"potions_floor_usage":[],"damage_taken":[{"damage":0.0,"enemies":"Small Slimes","floor":1.0,"turns":1.0},{"damage":0.0,"enemies":"Lagavulin","floor":7.0,"turns":1.0},{"damage":0.0,"enemies":"Jaw Worm","floor":12.0,"turns":1.0},{"damage":11.0,"enemies":"The Mushroom Lair","floor":13.0,"turns":6.0},{"damage":28.0,"enemies":"3 Sentries","floor":14.0,"turns":10.0},{"damage":11,"enemies":"Hexaghost","floor":16,"turns":7}],"seed_played":"3254311448761093091","potions_obtained":[{"floor":1.0,"key":"Swift Potion"},{"floor":13.0,"key":"Energy Potion"}],"is_trial":false,"path_per_floor":["M","?","$","?","$","R","E","T","T","R","?","M","?","E","R","B"],"character_chosen":"DEFECT","items_purchased":[],"campfire_rested":0,"item_purchase_floors":[],"current_hp_per_floor":[64,64,64,64,64,64,64,64,64,64,40,40,29,3,3,0],"gold":197,"neow_bonus":"THREE_ENEMY_KILL","is_prod":false,"is_daily":false,"chose_seed":false,"campfire_upgraded":2,"win_rate":0,"timestamp":1556064621,"path_taken":["M","?","$","?","?","R","E","?","T","R","?","M","?","E","R","BOSS"],"build_version":"2019-01-23","purchased_purges":1,"victory":false,"max_hp_per_floor":[71,71,71,71,71,71,71,71,71,71,71,71,71,73,73,73],"card_choices":[{"not_picked":["FTL","Hologram"],"picked":"Undo","floor":1.0},{"not_picked":["Go for the Eyes","Rebound"],"picked":"Multi-Cast","floor":7.0},{"not_picked":["Turbo","Go for the Eyes"],"picked":"Loop","floor":12.0},{"not_picked":["Cold Snap","Lockon","Leap"],"picked":"Singing Bowl","floor":14.0}],"player_experience":4494924,"relics_obtained":[{"floor":7.0,"key":"Peace Pipe"},{"floor":8.0,"key":"Vajra"},{"floor":13.0,"key":"Odd Mushroom"},{"floor":14.0,"key":"Singing Bowl"}],"event_choices":[{"damage_healed":0.0,"max_hp_gain":0.0,"max_hp_loss":0.0,"gold_gain":0.0,"cards_transformed":["Strike_B"],"event_name":"Living Wall","player_choice":"Change","floor":2.0,"gold_loss":0.0,"damage_taken":0.0,"cards_obtained":["Rainbow"]},{"damage_healed":0.0,"max_hp_gain":0.0,"max_hp_loss":0.0,"gold_gain":0.0,"event_name":"The Cleric","player_choice":"Leave","floor":4.0,"gold_loss":0.0,"damage_taken":0.0},{"damage_healed":0.0,"max_hp_gain":0.0,"max_hp_loss":0.0,"gold_gain":0.0,"event_name":"Golden Idol","player_choice":"Take Damage","floor":11.0,"gold_loss":0.0,"damage_taken":24.0,"relics_obtained":["Golden Idol"]},{"damage_healed":0.0,"max_hp_gain":0.0,"max_hp_loss":0.0,"gold_gain":0.0,"event_name":"Mushrooms","player_choice":"Fought Mushrooms","floor":13.0,"gold_loss":0.0,"damage_taken":0.0}],"is_beta":false,"boss_relics":[],"items_purged_floors":[3],"is_endless":false,"potions_floor_spawned":[1,13],"killed_by":"Hexaghost","ascension_level":20}