{"gold_per_floor":[110,127,127,141,160,190,290,316,316,316],"floor_reached":10,"playtime":264,"items_purged":[],"score":78,"play_id":"80b52113-8224-410e-a68d-0d6ab46eda0a","local_time":"20180630192411","is_ascension_mode":false,"campfire_choices":[],"neow_cost":"TEN_PERCENT_HP_LOSS","seed_source_timestamp":28184551337743,"circlet_count":0,"master_deck":["Strike_R","Strike_R","Strike_R","Strike_R","Strike_R","Defend_R","Defend_R","Bash","Heavy Blade","Flex","Regret","Cleave","Double Tap","Seeing Red","Clash"],"relics":["Burning Blood","Bird Faced Urn","Paper Frog","Ginger","Gambling Chip"],"potions_floor_usage":[],"damage_taken":[{"damage":8,"enemies":"2 Louse","floor":1,"turns":3},{"damage":1,"enemies":"Jaw Worm","floor":2,"turns":4},{"damage":2,"enemies":"Small Slimes","floor":4,"turns":3},{"damage":10,"enemies":"2 Fungi Beasts","floor":5,"turns":3},{"damage":36,"enemies":"3 Sentries","floor":6,"turns":6},{"damage":21,"enemies":"Gremlin Nob","floor":8,"turns":3},{"damage":12,"enemies":"Gremlin Gang","floor":10,"turns":2}],"seed_played":"-4459525471201804069","potions_obtained":[{"floor":4,"key":"SpeedPotion"},{"floor":8,"key":"GamblersBrew"}],"is_trial":false,"path_per_floor":["M","M","?","M","M","E","?","E","T"],"character_chosen":"IRONCLAD","items_purchased":[],"campfire_rested":0,"item_purchase_floors":[],"current_hp_per_floor":[70,72,72,72,68,38,38,23,23,11],"gold":316,"neow_bonus":"REMOVE_TWO","is_prod":false,"is_daily":false,"chose_seed":false,"campfire_upgraded":0,"win_rate":0,"timestamp":1530379451,"path_taken":["M","M","?","M","M","E","?","E","T","M"],"build_version":"2018-06-28","purchased_purges":0,"victory":false,"max_hp_per_floor":[72,72,72,72,72,72,72,72,72,72],"card_choices":[{"not_picked":["Cleave","Hemokinesis"],"picked":"Heavy Blade","floor":1},{"not_picked":["Heavy Blade","Feel No Pain"],"picked":"Flex","floor":2},{"not_picked":["Wild Strike","Pommel Strike"],"picked":"Cleave","floor":4},{"not_picked":["Anger","Clothesline"],"picked":"Double Tap","floor":5},{"not_picked":["Warcry","Body Slam"],"picked":"Seeing Red","floor":6},{"not_picked":["Fiend Fire","Iron Wave"],"picked":"Clash","floor":8}],"player_experience":297983,"relics_obtained":[{"floor":6,"key":"Paper Frog"},{"floor":8,"key":"Ginger"},{"floor":9,"key":"Gambling Chip"}],"event_choices":[{"event_name":"Big Fish","player_choice":"Box","floor":3,"damage_taken":0},{"event_name":"Golden Shrine","player_choice":"Pray","floor":7,"damage_taken":0}],"boss_relics":[],"items_purged_floors":[],"is_endless":false,"potions_floor_spawned":[4,8],"killed_by":"Gremlin Gang","ascension_level":0}