{"gold_per_floor":[109,39,58,58,69,69,69,121,121,136,136,65,84,84,84,180,180,191,191,162,173,188,188,113,113,161,90,90,109,109,120,120,217,217,235,235,255,265,132,132,232,242,267,267,277,288,288,308,308,308],"floor_reached":51,"playtime":2540,"items_purged":["Strike_G","Strike_G"],"score":751,"play_id":"5ad7519d-98b9-4db8-a4d3-e4e414d21166","local_time":"20181031105100","is_ascension_mode":false,"campfire_choices":[{"data":"Well Laid Plans","floor":6.0,"key":"SMITH"},{"data":"Malaise","floor":11.0,"key":"SMITH"},{"data":"Noxious Fumes","floor":15.0,"key":"SMITH"},{"data":"Night Terror","floor":23,"key":"SMITH"},{"data":"Neutralize","floor":25,"key":"SMITH"},{"data":"Footwork","floor":30,"key":"SMITH"},{"data":"Leg Sweep","floor":32,"key":"SMITH"},{"data":"Well Laid Plans","floor":40,"key":"SMITH"},{"data":"Leg Sweep","floor":47,"key":"SMITH"},{"data":"Leg Sweep","floor":49,"key":"SMITH"}],"neow_cost":"PERCENT_DAMAGE","seed_source_timestamp":2290952051660,"circlet_count":0,"master_deck":["Defend_G","Defend_G","Defend_G","Defend_G","Defend_G","Strike_G","Survivor","Neutralize+1","Malaise+1","Backflip","Well Laid Plans+1","Leg Sweep+1","Noxious Fumes+1","Escape Plan","Night Terror+1","Leg Sweep+1","PiercingWail+1","Leg Sweep+1","Footwork+1","Bouncing Flask+1","Footwork+1","Leg Sweep+1","Parasite","Leg Sweep+1","Well Laid Plans+1","Crippling Poison+1","Footwork"],"special_seed":0,"relics":["Ring of the Snake","Centennial Puzzle","Oddly Smooth Stone","Velvet Choker","Strawberry","Eternal Feather","The Specimen","Bag of Preparation"],"potions_floor_usage":[29,46,50,50],"damage_taken":[{"damage":4.0,"enemies":"Jaw Worm","floor":1.0,"turns":7.0},{"damage":0.0,"enemies":"Cultist","floor":3.0,"turns":5.0},{"damage":0.0,"enemies":"2 Louse","floor":5.0,"turns":3.0},{"damage":0.0,"enemies":"Gremlin Nob","floor":7.0,"turns":1.0},{"damage":8.0,"enemies":"Gremlin Gang","floor":10.0,"turns":10.0},{"damage":0.0,"enemies":"Exordium Thugs","floor":13.0,"turns":6.0},{"damage":6.0,"enemies":"The Guardian","floor":16.0,"turns":14.0},{"damage":0.0,"enemies":"Chosen","floor":18.0,"turns":8.0},{"damage":2.0,"enemies":"2 Thieves","floor":20.0,"turns":5.0},{"damage":0.0,"enemies":"Snake Plant","floor":21.0,"turns":7.0},{"damage":0,"enemies":"Centurion and Healer","floor":22,"turns":10},{"damage":8,"enemies":"Colosseum Slavers","floor":28,"turns":6},{"damage":23,"enemies":"Cultist and Chosen","floor":29,"turns":11},{"damage":0,"enemies":"Snecko","floor":31,"turns":8},{"damage":3,"enemies":"Champ","floor":33,"turns":12},{"damage":11,"enemies":"3 Darklings","floor":35,"turns":8},{"damage":1,"enemies":"Orb Walker","floor":37,"turns":7},{"damage":0,"enemies":"Writhing Mass","floor":38,"turns":9},{"damage":0,"enemies":"Mind Bloom Boss Battle","floor":41,"turns":10},{"damage":6,"enemies":"Transient","floor":42,"turns":5},{"damage":0,"enemies":"Spire Growth","floor":45,"turns":9},{"damage":0,"enemies":"3 Darklings","floor":46,"turns":8},{"damage":5,"enemies":"Transient","floor":48,"turns":5},{"damage":0,"enemies":"Donu and Deca","floor":50,"turns":12}],"seed_played":"429094700665135728","potions_obtained":[{"floor":1.0,"key":"SmokeBomb"},{"floor":16.0,"key":"SkillPotion"},{"floor":21.0,"key":"SteroidPotion"},{"floor":33,"key":"EssenceOfSteel"},{"floor":35,"key":"Poison Potion"},{"floor":41,"key":"Dexterity Potion"},{"floor":46,"key":"Fruit Juice"}],"is_trial":false,"path_per_floor":["M","$","M","?","M","R","E","T","T","M","R","$","M","?","R","B",null,"M","?","M","M","M","R","$","R","T","$","?","M","R","M","R","B",null,"M","?","M","M","$","R","?","M","T","?","M","M","R","M","R","B"],"character_chosen":"THE_SILENT","items_purchased":["Well Laid Plans","Noxious Fumes","Footwork","Well Laid Plans"],"campfire_rested":0,"item_purchase_floors":[2,12,27,39],"current_hp_per_floor":[45,45,45,45,45,45,45,45,45,37,37,37,37,42,42,36,75,75,75,73,73,73,73,73,73,80,80,72,49,49,49,49,46,82,71,71,70,70,70,78,78,72,72,72,72,77,83,78,83,83],"gold":308,"neow_bonus":"THREE_RARE_CARDS","is_prod":false,"is_daily":false,"chose_seed":false,"campfire_upgraded":10,"win_rate":0,"timestamp":1540954260,"path_taken":["M","$","M","?","?","R","E","?","T","M","R","$","M","?","R","BOSS","M","?","M","M","?","R","$","R","T","?","?","M","R","M","R","BOSS","M","?","M","M","$","R","?","M","T","?","?","M","R","M","R","BOSS"],"build_version":"2018-10-25v2","purchased_purges":2,"victory":true,"max_hp_per_floor":[70,70,70,70,70,70,70,70,70,70,70,70,70,75,75,75,75,75,75,75,75,75,75,75,75,82,82,82,82,82,82,82,82,82,82,78,78,78,78,78,78,78,78,78,78,83,83,83,83,83],"card_choices":[{"not_picked":["Tools of the Trade","Night Terror"],"picked":"Malaise","floor":0.0},{"not_picked":["Reflex","Bane"],"picked":"Backflip","floor":1.0},{"not_picked":["Cloak And Dagger","Flying Knee","Caltrops"],"picked":"SKIP","floor":3.0},{"not_picked":["Cloak And Dagger","Choke"],"picked":"Leg Sweep","floor":5.0},{"not_picked":["Underhanded Strike","PiercingWail","Slice"],"picked":"SKIP","floor":10.0},{"not_picked":["Dash","Setup"],"picked":"Escape Plan","floor":13.0},{"not_picked":["Wraith Form v2","Die Die Die"],"picked":"Night Terror","floor":16.0},{"not_picked":["Bouncing Flask","Dagger Throw"],"picked":"Leg Sweep","floor":18.0},{"not_picked":["Infinite Blades","Acrobatics"],"picked":"PiercingWail+1","floor":20.0},{"not_picked":["Infinite Blades","Outmaneuver","Blade Dance"],"picked":"SKIP","floor":21.0},{"not_picked":["Dagger Throw","Quick Slash+1"],"picked":"Leg Sweep","floor":22},{"not_picked":["Tools of the Trade","Eviscerate"],"picked":"Bouncing Flask+1","floor":29},{"not_picked":["Flying Knee+1","Deadly Poison"],"picked":"Footwork+1","floor":31},{"not_picked":["PiercingWail","Expertise+1"],"picked":"Leg Sweep+1","floor":35},{"not_picked":["Flying Knee+1","Bane","Flechettes+1"],"picked":"SKIP","floor":37},{"not_picked":["Crippling Poison+1","Footwork+1"],"picked":"Leg Sweep+1","floor":38},{"not_picked":["PiercingWail","Prepared"],"picked":"Crippling Poison+1","floor":41},{"not_picked":["Underhanded Strike+1","Reflex+1","Tactician+1"],"picked":"SKIP","floor":42},{"not_picked":["Sucker Punch+1","Bane+1"],"picked":"Footwork","floor":45},{"not_picked":["Riddle With Holes","Poisoned Stab+1","Setup"],"picked":"SKIP","floor":46},{"not_picked":["Distraction","Acrobatics+1","Heel Hook+1"],"picked":"SKIP","floor":48}],"player_experience":764818,"relics_obtained":[{"floor":8.0,"key":"Centennial Puzzle"},{"floor":9.0,"key":"Oddly Smooth Stone"},{"floor":26,"key":"Strawberry"},{"floor":41,"key":"The Specimen"},{"floor":43,"key":"Bag of Preparation"}],"event_choices":[{"cards_removed":["Strike_G"],"damage_healed":0.0,"max_hp_gain":0.0,"max_hp_loss":0.0,"gold_gain":0.0,"event_name":"Purifier","player_choice":"Purged","floor":4.0,"gold_loss":0.0,"damage_taken":0.0},{"damage_healed":0.0,"max_hp_gain":5.0,"max_hp_loss":0.0,"gold_gain":0.0,"event_name":"Big Fish","player_choice":"Donut","floor":14.0,"gold_loss":0.0,"damage_taken":0.0},{"damage_healed":0.0,"max_hp_gain":0.0,"max_hp_loss":0.0,"gold_gain":0.0,"event_name":"The Mausoleum","player_choice":"Ignored","floor":19.0,"gold_loss":0.0,"damage_taken":0.0},{"damage_healed":0,"gold_gain":0,"player_choice":"Fight","damage_taken":0,"max_hp_gain":0,"max_hp_loss":0,"event_name":"Colosseum","floor":28,"gold_loss":0},{"damage_healed":0,"gold_gain":0,"player_choice":"Fled From Nobs","damage_taken":0,"max_hp_gain":0,"max_hp_loss":0,"event_name":"Colosseum","floor":28,"gold_loss":0},{"damage_healed":0,"gold_gain":0,"player_choice":"Max HP","damage_taken":0,"max_hp_gain":0,"max_hp_loss":4,"event_name":"Winding Halls","floor":36,"gold_loss":0},{"damage_healed":0,"gold_gain":0,"player_choice":"Fight","damage_taken":0,"max_hp_gain":0,"max_hp_loss":0,"event_name":"MindBloom","floor":41,"gold_loss":0},{"cards_removed":["Strike_G"],"damage_healed":0,"gold_gain":0,"player_choice":"Removed Attack","damage_taken":0,"max_hp_gain":0,"max_hp_loss":0,"event_name":"Falling","floor":44,"gold_loss":0}],"is_beta":false,"boss_relics":[{"not_picked":["Sozu","Runic Dome"],"picked":"Velvet Choker"},{"not_picked":["Pandora\u0027s Box","Snecko Eye"],"picked":"Eternal Feather"}],"items_purged_floors":[24,39],"is_endless":false,"potions_floor_spawned":[1,7,16,21,33,35,37,41,46],"ascension_level":0}