{"gold_per_floor":[117,267,51,64,64,64,96,108,135,173,201,213,225,58,58,135,135,147,147,38,53,67,67,67],"floor_reached":24,"playtime":873,"items_purged":["Doubt","Regret","Strike_G"],"score":458,"play_id":"a126ea23-aed5-4f47-8751-9229d92a3a21","local_time":"20190622192840","is_ascension_mode":true,"campfire_choices":[{"data":"Neutralize","floor":6,"key":"SMITH"},{"floor":13,"key":"REST"},{"data":"Noxious Fumes","floor":15,"key":"SMITH"},{"floor":23,"key":"REST"}],"neow_cost":"NONE","seed_source_timestamp":82527190982250,"circlet_count":0,"master_deck":["AscendersBane","Defend_G","Defend_G","Defend_G","Defend_G","Defend_G","Strike_G","Strike_G","Strike_G","Survivor","Neutralize+1","Dagger Throw","Footwork","Dagger Spray","Dagger Throw","Dagger Spray","Dodge and Roll","Caltrops","Noxious Fumes+1","Corpse Explosion","Backflip","Backflip"],"relics":["Ring of the Snake","NeowsBlessing","Calipers","Bottled Lightning","MawBank","Smiling Mask","Blood Vial","Runic Pyramid"],"potions_floor_usage":[10,10,16,21,22],"damage_taken":[{"damage":0,"enemies":"Jaw Worm","floor":1,"turns":1},{"damage":0,"enemies":"Cultist","floor":4,"turns":1},{"damage":0,"enemies":"3 Sentries","floor":7,"turns":1},{"damage":0,"enemies":"2 Louse","floor":8,"turns":3},{"damage":18,"enemies":"Gremlin Nob","floor":10,"turns":4},{"damage":2,"enemies":"2 Fungi Beasts","floor":11,"turns":3},{"damage":40,"enemies":"Hexaghost","floor":16,"turns":11},{"damage":42,"enemies":"Chosen","floor":18,"turns":6},{"damage":0,"enemies":"Shell Parasite","floor":21,"turns":7},{"damage":7,"enemies":"Centurion and Healer","floor":22,"turns":6},{"damage":36,"enemies":"Book of Stabbing","floor":24,"turns":5}],"seed_played":"-3496161976044110871","potions_obtained":[{"floor":4,"key":"SteroidPotion"},{"floor":8,"key":"Poison Potion"},{"floor":11,"key":"EssenceOfSteel"},{"floor":18,"key":"AttackPotion"},{"floor":22,"key":"Ancient Potion"}],"is_trial":false,"path_per_floor":["M","?","$","M","T","R","E","M","T","E","M","?","R","$","R","B",null,"M","?","$","M","M","R","E"],"character_chosen":"THE_SILENT","items_purchased":["Footwork","Dagger Spray","Noxious Fumes","GhostInAJar","Backflip"],"campfire_rested":2,"item_purchase_floors":[3,3,14,14,20],"current_hp_per_floor":[59,59,59,59,59,59,59,59,59,41,39,39,58,58,58,20,55,15,15,15,17,12,31,0],"gold":67,"neow_bonus":"THREE_ENEMY_KILL","is_prod":false,"is_daily":false,"chose_seed":false,"campfire_upgraded":2,"win_rate":0,"timestamp":1561224520,"path_taken":["M","?","$","M","?","R","E","?","T","E","M","?","R","$","R","BOSS","M","?","$","M","?","R","E"],"build_version":"2019-01-23","purchased_purges":3,"victory":false,"max_hp_per_floor":[66,66,66,66,66,66,66,66,66,66,66,66,66,66,66,66,66,66,66,66,66,66,66,66],"card_choices":[{"not_picked":["Flying Knee","Deflect"],"picked":"Dagger Throw","floor":1},{"not_picked":["Dagger Spray","Cloak And Dagger"],"picked":"Dagger Throw","floor":4},{"not_picked":["Blade Dance","Flying Knee"],"picked":"Dagger Spray","floor":7},{"not_picked":["Quick Slash","Choke"],"picked":"Dodge and Roll","floor":8},{"not_picked":["Unload","Infinite Blades","Sucker Punch"],"picked":"SKIP","floor":10},{"not_picked":["Dagger Spray","Slice"],"picked":"Caltrops","floor":11},{"not_picked":["Glass Knife","Wraith Form v2"],"picked":"Corpse Explosion","floor":16},{"not_picked":["Slice","Quick Slash","Flying Knee"],"picked":"SKIP","floor":18},{"not_picked":["Prepared","Cloak And Dagger"],"picked":"Backflip","floor":21},{"not_picked":["Prepared","Acrobatics","Sucker Punch+1"],"picked":"SKIP","floor":22}],"player_experience":638063,"relics_obtained":[{"floor":5,"key":"Calipers"},{"floor":7,"key":"Bottled Lightning"},{"floor":9,"key":"MawBank"},{"floor":10,"key":"Smiling Mask"}],"event_choices":[{"damage_healed":0,"gold_gain":150,"player_choice":"AGREE","damage_taken":0,"max_hp_gain":0,"max_hp_loss":0,"event_name":"Liars Game","floor":2,"gold_loss":0,"cards_obtained":["Doubt"]},{"damage_healed":0,"gold_gain":0,"player_choice":"Box","damage_taken":0,"relics_obtained":["Blood Vial"],"max_hp_gain":0,"max_hp_loss":0,"event_name":"Big Fish","floor":12,"gold_loss":0,"cards_obtained":["Regret"]},{"cards_removed":["Strike_G"],"damage_healed":0,"gold_gain":0,"player_choice":"Purged","damage_taken":0,"max_hp_gain":0,"max_hp_loss":0,"event_name":"Purifier","floor":19,"gold_loss":0}],"is_beta":false,"boss_relics":[{"not_picked":["Velvet Choker","Calling Bell"],"picked":"Runic Pyramid"}],"items_purged_floors":[3,14,20],"is_endless":false,"potions_floor_spawned":[4,8,11,18,22],"killed_by":"Book of Stabbing","ascension_level":20}