{"gold_per_floor":[417,29,46,46,46,46,69,103,103,117,158,108,126,141,141,267,267,292,307,330,38,38,38,77,93,93,93,93,136,136,160,160,285,285,301,301,301,301,322,322,353,367,393,393,393,413,432,432,432,432],"floor_reached":51,"playtime":1955,"items_purged":["Strike_R"],"score":1009,"play_id":"95ded4e6-70d2-4731-9882-8dd704c51285","local_time":"20180920164921","is_ascension_mode":true,"campfire_choices":[{"data":"Flame Barrier","floor":6.0,"key":"SMITH"},{"data":"True Grit","floor":15.0,"key":"SMITH"},{"data":"Power Through","floor":23.0,"key":"SMITH"},{"data":"Power Through","floor":27.0,"key":"SMITH"},{"floor":32,"key":"REST"},{"data":"Evolve","floor":40,"key":"SMITH"},{"data":"Offering","floor":49,"key":"SMITH"}],"neow_cost":"PERCENT_DAMAGE","seed_source_timestamp":13155020896421,"circlet_count":0,"master_deck":["Strike_R","Strike_R","Strike_R+1","Defend_R+1","Defend_R","Defend_R","Defend_R","Bash+1","Flame Barrier+1","Evolve+1","Rampage+1","Power Through+1","Carnage+1","Reaper+1","True Grit+1","Power Through+1","Offering+1","Body Slam+1","Shrug It Off+1","Pain","Metallicize+1","Blood for Blood+1","Fiend Fire+1","Body Slam+1","Inflame+1"],"special_seed":0,"relics":["Burning Blood","Old Coin","Molten Egg 2","Golden Idol","Magic Flower","Pantograph","Frozen Egg 2","Orrery","Oddly Smooth Stone","War Paint","WarpedTongs","Thread and Needle","Vajra","Dodecahedron","Boot","Busted Crown","Whetstone","Mercury Hourglass","Pen Nib","Ice Cream"],"potions_floor_usage":[41,50,50],"damage_taken":[{"damage":3.0,"enemies":"Small Slimes","floor":1.0,"turns":3.0},{"damage":2.0,"enemies":"2 Louse","floor":3.0,"turns":4.0},{"damage":0.0,"enemies":"Jaw Worm","floor":7.0,"turns":4.0},{"damage":0.0,"enemies":"3 Sentries","floor":8.0,"turns":10.0},{"damage":4.0,"enemies":"Exordium Thugs","floor":10.0,"turns":5.0},{"damage":16.0,"enemies":"Lagavulin","floor":11.0,"turns":8.0},{"damage":3.0,"enemies":"3 Louse","floor":13.0,"turns":4.0},{"damage":0.0,"enemies":"Looter","floor":14.0,"turns":2.0},{"damage":26.0,"enemies":"Slime Boss","floor":16.0,"turns":12.0},{"damage":12.0,"enemies":"Chosen","floor":18.0,"turns":5.0},{"damage":14.0,"enemies":"Spheric Guardian","floor":19.0,"turns":4.0},{"damage":19.0,"enemies":"Cultist and Chosen","floor":20.0,"turns":4.0},{"damage":13.0,"enemies":"Slavers","floor":24.0,"turns":4.0},{"damage":21.0,"enemies":"Centurion and Healer","floor":25.0,"turns":5.0},{"damage":34,"enemies":"Book of Stabbing","floor":29,"turns":5},{"damage":17,"enemies":"Snecko","floor":31,"turns":7},{"damage":62,"enemies":"Champ","floor":33,"turns":15},{"damage":14,"enemies":"Orb Walker","floor":35,"turns":3},{"damage":18,"enemies":"3 Shapes","floor":39,"turns":4},{"damage":22,"enemies":"2 Orb Walkers","floor":41,"turns":5},{"damage":18,"enemies":"Maw","floor":42,"turns":7},{"damage":20,"enemies":"Mind Bloom Boss Battle","floor":44,"turns":5},{"damage":7,"enemies":"Sphere and 2 Shapes","floor":46,"turns":3},{"damage":9,"enemies":"Reptomancer","floor":47,"turns":4},{"damage":74,"enemies":"Time Eater","floor":50,"turns":10}],"seed_played":"-8476656951711170744","potions_obtained":[{"floor":1.0,"key":"Swift Potion"},{"floor":10.0,"key":"Swift Potion"},{"floor":14.0,"key":"LiquidBronze"},{"floor":16.0,"key":"SkillPotion"},{"floor":25.0,"key":"Ancient Potion"},{"floor":42,"key":"Poison Potion"},{"floor":47,"key":"Energy Potion"}],"is_trial":false,"path_per_floor":["M","$","M","?","$","R","M","E","T","M","E","?","M","M","R","B",null,"M","M","M","$","?","R","E","M","T","R","?","E","?","M","R","B",null,"M","?","?","T","M","R","E","M","T","?","?","M","M","?","R","B"],"character_chosen":"IRONCLAD","items_purchased":["Evolve","Molten Egg 2","Oddly Smooth Stone","War Paint"],"campfire_rested":1,"item_purchase_floors":[2,2,21,21],"current_hp_per_floor":[59,59,63,43,43,43,49,55,55,60,53,53,74,80,80,63,76,73,76,66,66,66,66,62,61,61,61,61,50,50,51,75,36,69,78,76,76,76,76,76,76,76,76,76,76,76,76,76,76,17],"gold":432,"neow_bonus":"ONE_RARE_RELIC","is_prod":false,"is_daily":false,"chose_seed":false,"campfire_upgraded":6,"win_rate":0,"timestamp":1537433361,"path_taken":["M","$","M","?","?","R","M","E","T","?","E","?","M","?","R","BOSS","M","?","M","$","?","R","E","M","T","R","?","E","?","M","R","BOSS","M","?","?","?","M","R","E","M","T","?","?","?","M","?","R","BOSS"],"build_version":"2018-09-06","purchased_purges":1,"victory":true,"max_hp_per_floor":[80,80,80,80,80,80,80,80,80,80,80,80,80,80,80,80,80,80,80,80,80,80,80,80,80,80,80,80,80,80,80,80,80,80,80,76,76,76,76,76,76,76,76,76,76,76,76,76,76,76],"card_choices":[{"not_picked":["Intimidate","Heavy Blade"],"picked":"Flame Barrier","floor":1.0},{"not_picked":["Armaments","Cleave+1"],"picked":"Rampage+1","floor":3.0},{"not_picked":["Second Wind","Shrug It Off"],"picked":"Power Through","floor":7.0},{"not_picked":["Combust","Pommel Strike+1","Evolve"],"picked":"SKIP","floor":8.0},{"not_picked":["Clash+1","Armaments"],"picked":"Carnage+1","floor":10.0},{"not_picked":["Power Through","Dropkick+1"],"picked":"Reaper+1","floor":11.0},{"not_picked":["Perfected Strike+1","Fire Breathing+1"],"picked":"True Grit","floor":13.0},{"not_picked":["Blood for Blood+1","Clash+1"],"picked":"Power Through","floor":14.0},{"not_picked":["Impervious","Exhume"],"picked":"Offering","floor":16.0},{"not_picked":["Wild Strike+1","Burning Pact"],"picked":"Body Slam+1","floor":17.0},{"not_picked":["Clash+1","Anger+1"],"picked":"Offering","floor":17.0},{"not_picked":["Corruption+1","Pommel Strike+1"],"picked":"Shrug It Off","floor":18.0},{"not_picked":["Ghostly Armor","Fire Breathing+1","Sword Boomerang+1"],"picked":"SKIP","floor":19.0},{"not_picked":["Thunderclap+1","Shrug It Off","Reckless Charge+1"],"picked":"SKIP","floor":20.0},{"not_picked":["Thunderclap+1","Shrug It Off","Reckless Charge+1"],"picked":"SKIP","floor":20.0},{"not_picked":["Cleave+1","Burning Pact"],"picked":"Metallicize+1","floor":24.0},{"not_picked":["Armaments","Shockwave"],"picked":"Blood for Blood+1","floor":25.0},{"not_picked":["Blood for Blood+1","Wild Strike+1","Bludgeon+1"],"picked":"SKIP","floor":29},{"not_picked":["Flex","Twin Strike+1","Shrug It Off"],"picked":"SKIP","floor":31},{"not_picked":["Exhume","Bludgeon+1"],"picked":"Fiend Fire+1","floor":33},{"not_picked":["Headbutt+1"],"picked":"SKIP","floor":35},{"not_picked":["Anger+1"],"picked":"SKIP","floor":39},{"not_picked":[],"picked":"Body Slam+1","floor":41},{"not_picked":[],"picked":"Inflame+1","floor":42},{"not_picked":["Perfected Strike+1"],"picked":"SKIP","floor":46},{"not_picked":["True Grit"],"picked":"SKIP","floor":47}],"player_experience":45194,"relics_obtained":[{"floor":8.0,"key":"Magic Flower"},{"floor":9.0,"key":"Pantograph"},{"floor":11.0,"key":"Frozen Egg 2"},{"floor":24.0,"key":"Thread and Needle"},{"floor":26.0,"key":"Vajra"},{"floor":29,"key":"Dodecahedron"},{"floor":38,"key":"Whetstone"},{"floor":41,"key":"Mercury Hourglass"},{"floor":43,"key":"Pen Nib"},{"floor":44,"key":"Ice Cream"}],"event_choices":[{"event_name":"Golden Idol","player_choice":"Take Damage","floor":4.0,"damage_taken":0.0},{"event_name":"The Cleric","player_choice":"Card Removal","floor":12.0,"damage_taken":0.0},{"event_name":"Accursed Blacksmith","player_choice":"Rummage","floor":22.0,"damage_taken":0.0},{"event_name":"Cursed Tome","player_choice":"Ignored","floor":28,"damage_taken":0},{"event_name":"The Mausoleum","player_choice":"Yes","floor":30,"damage_taken":0},{"event_name":"Winding Halls","player_choice":"Max HP","floor":36,"damage_taken":0},{"event_name":"Tomb of Lord Red Mask","player_choice":"Ignored","floor":37,"damage_taken":0},{"event_name":"MindBloom","player_choice":"Fight","floor":44,"damage_taken":0},{"event_name":"Falling","player_choice":"Removed Skill","floor":45,"damage_taken":0},{"event_name":"SensoryStone","player_choice":"Memory 1","floor":48,"damage_taken":0}],"is_beta":false,"boss_relics":[{"not_picked":["Velvet Choker","Runic Pyramid"],"picked":"Orrery"},{"not_picked":["Runic Cube","Empty Cage"],"picked":"Busted Crown"}],"items_purged_floors":[2],"is_endless":false,"potions_floor_spawned":[1,10,14,16,19,25,31,33,39,42,47],"ascension_level":5}