{"gold_per_floor":[110,127,202,213,226,226,239,239,239,250,250,98,98,108,108,212,212,193,193,213,213,213,230,230,249,249,48,48,62,72,72,72,172,172,188,207,207,225,225,225,242,242,242,142,156,79,99,99,99,99],"floor_reached":51,"playtime":2224,"items_purged":["Strike_G","Strike_G+1"],"score":718,"play_id":"ab724251-e0fd-4cd3-b726-6bd080cb4661","local_time":"20181018215414","is_ascension_mode":false,"campfire_choices":[{"data":"Well Laid Plans","floor":6.0,"key":"SMITH"},{"data":"Neutralize","floor":11.0,"key":"SMITH"},{"data":"Well Laid Plans","floor":13.0,"key":"SMITH"},{"data":"Bouncing Flask","floor":15.0,"key":"SMITH"},{"data":"Catalyst","floor":24.0,"key":"SMITH"},{"data":"Malaise","floor":28.0,"key":"SMITH"},{"data":"Malaise","floor":32.0,"key":"SMITH"},{"floor":40.0,"key":"REST"},{"floor":42.0,"key":"REST"},{"data":"Burst","floor":49,"key":"SMITH"}],"neow_cost":"NONE","seed_source_timestamp":45866200357793,"circlet_count":0,"master_deck":["Defend_G+1","Defend_G+1","Defend_G+1","Defend_G+1","Defend_G+1","Strike_G+1","Strike_G+1","Strike_G+1","Survivor+1","Neutralize+1","Well Laid Plans+1","Bouncing Flask+1","Adrenaline+1","Well Laid Plans+1","Malaise+1","Malaise+1","Bouncing Flask+1","Bouncing Flask+1","Catalyst+1","Backflip+1","PiercingWail+1","All Out Attack+1","After Image+1","Well Laid Plans+1","Noxious Fumes+1","Catalyst+1","Adrenaline+1","Die Die Die+1","Outmaneuver+1","Escape Plan+1","Burst+1","Malaise+1"],"special_seed":0,"relics":["Ring of the Snake","Happy Flower","Omamori","Paper Crane","Orrery","Potion Belt","Chemical X","Cursed Key","Mark of the Bloom"],"potions_floor_usage":[47,50,50,50],"damage_taken":[{"damage":6.0,"enemies":"Jaw Worm","floor":1.0,"turns":5.0},{"damage":0.0,"enemies":"2 Louse","floor":2.0,"turns":4.0},{"damage":2.0,"enemies":"Cultist","floor":4.0,"turns":6.0},{"damage":12.0,"enemies":"Gremlin Gang","floor":5.0,"turns":4.0},{"damage":6.0,"enemies":"Large Slime","floor":7.0,"turns":8.0},{"damage":11.0,"enemies":"Exordium Wildlife","floor":10.0,"turns":4.0},{"damage":0.0,"enemies":"2 Fungi Beasts","floor":14.0,"turns":3.0},{"damage":0.0,"enemies":"Slime Boss","floor":16.0,"turns":4.0},{"damage":24.0,"enemies":"2 Thieves","floor":18.0,"turns":4.0},{"damage":0.0,"enemies":"3 Byrds","floor":20.0,"turns":5.0},{"damage":0.0,"enemies":"Centurion and Healer","floor":23.0,"turns":6.0},{"damage":0.0,"enemies":"Snecko","floor":25.0,"turns":3.0},{"damage":0.0,"enemies":"Snake Plant","floor":29.0,"turns":5.0},{"damage":0.0,"enemies":"Cultist and Chosen","floor":30.0,"turns":6.0},{"damage":7.0,"enemies":"Champ","floor":33.0,"turns":9.0},{"damage":0.0,"enemies":"Orb Walker","floor":35.0,"turns":3.0},{"damage":0.0,"enemies":"3 Shapes","floor":36.0,"turns":6.0},{"damage":0.0,"enemies":"Reptomancer","floor":38.0,"turns":4.0},{"damage":0.0,"enemies":"Sphere and 2 Shapes","floor":41.0,"turns":4.0},{"damage":0.0,"enemies":"Maw","floor":45.0,"turns":5.0},{"damage":0,"enemies":"3 Darklings","floor":47,"turns":5},{"damage":9,"enemies":"Awakened One","floor":50,"turns":12}],"seed_played":"-4747498688998473458","potions_obtained":[{"floor":1.0,"key":"FearPotion"},{"floor":5.0,"key":"Ancient Potion"},{"floor":7.0,"key":"SteroidPotion"},{"floor":16.0,"key":"Ancient Potion"},{"floor":18.0,"key":"SteroidPotion"},{"floor":25.0,"key":"SteroidPotion"},{"floor":30.0,"key":"SpeedPotion"},{"floor":33.0,"key":"LiquidBronze"},{"floor":36.0,"key":"Block Potion"},{"floor":41.0,"key":"LiquidBronze"},{"floor":47,"key":"Explosive Potion"}],"is_trial":false,"path_per_floor":["M","M","?","M","M","R","M","?","T","M","R","$","R","M","R","B",null,"M","?","M","?","?","M","R","M","T","$","R","M","M","$","R","B",null,"M","M","?","M","?","R","M","R","T","$","M","$","M","?","R","B"],"character_chosen":"THE_SILENT","items_purchased":["Well Laid Plans","Chemical X","Burst"],"campfire_rested":2,"item_purchase_floors":[12,27,46],"current_hp_per_floor":[64,64,53,51,39,39,33,26,26,15,15,15,15,15,15,15,70,46,46,46,69,69,69,69,69,69,69,69,69,69,69,69,62,70,70,70,66,66,66,66,66,66,66,66,66,66,66,66,66,57],"gold":99,"neow_bonus":"RANDOM_COMMON_RELIC","is_prod":false,"is_daily":false,"chose_seed":false,"campfire_upgraded":8,"win_rate":0,"timestamp":1539870854,"path_taken":["M","M","?","M","M","R","?","?","T","M","R","$","R","M","R","BOSS","M","?","M","?","?","M","R","?","T","$","R","M","M","$","R","BOSS","M","M","?","M","?","R","M","R","T","?","M","$","?","?","R","BOSS"],"build_version":"2018-10-11","purchased_purges":2,"victory":true,"max_hp_per_floor":[70,70,70,70,70,70,70,70,70,70,70,70,70,70,70,70,70,70,70,70,70,70,70,70,70,70,70,70,70,70,70,70,70,70,70,70,66,66,66,66,66,66,66,66,66,66,66,66,66,66],"card_choices":[{"not_picked":["Blur","Dagger Spray","Deflect"],"picked":"SKIP","floor":1.0},{"not_picked":["Deflect","Heel Hook"],"picked":"Dagger Spray","floor":2.0},{"not_picked":["Choke","Dagger Spray"],"picked":"Poisoned Stab","floor":4.0},{"not_picked":["Cloak And Dagger","Bouncing Flask"],"picked":"Well Laid Plans","floor":5.0},{"not_picked":["Skewer","Sucker Punch"],"picked":"Bouncing Flask","floor":7.0},{"not_picked":["Dagger Spray","Backflip"],"picked":"Adrenaline","floor":10.0},{"not_picked":["Slice","Heel Hook","Outmaneuver"],"picked":"SKIP","floor":14.0},{"not_picked":["After Image","Bullet Time"],"picked":"Malaise","floor":16.0},{"not_picked":["Caltrops","Underhanded Strike"],"picked":"Malaise","floor":17.0},{"not_picked":["Endless Agony","PiercingWail"],"picked":"Bouncing Flask","floor":17.0},{"not_picked":["Cloak And Dagger","Backflip"],"picked":"Bouncing Flask","floor":17.0},{"not_picked":["Acrobatics","Finisher"],"picked":"Catalyst","floor":17.0},{"not_picked":["Acrobatics","Backstab"],"picked":"Backflip","floor":17.0},{"not_picked":["Poisoned Stab+1","Reflex"],"picked":"PiercingWail+1","floor":18.0},{"not_picked":["Calculated Gamble","All Out Attack","PiercingWail"],"picked":"SKIP","floor":20.0},{"not_picked":["Riddle With Holes","Eviscerate"],"picked":"Well Laid Plans","floor":23.0},{"not_picked":["Setup","Heel Hook"],"picked":"Noxious Fumes+1","floor":25.0},{"not_picked":["Bane+1","Sucker Punch"],"picked":"Catalyst+1","floor":29.0},{"not_picked":["Sucker Punch","Blade Dance"],"picked":"Adrenaline","floor":30.0},{"not_picked":["Unload","Phantasmal Killer"],"picked":"Die Die Die","floor":33.0},{"not_picked":["Blade Dance","Dagger Spray"],"picked":"Outmaneuver+1","floor":35.0},{"not_picked":["Backstab+1","Sucker Punch","Infinite Blades+1"],"picked":"SKIP","floor":36.0},{"not_picked":["Accuracy+1","Deflect","Reflex"],"picked":"SKIP","floor":38.0},{"not_picked":["Accuracy","Noxious Fumes"],"picked":"Escape Plan+1","floor":41.0},{"not_picked":["Calculated Gamble","Predator+1","Acrobatics+1"],"picked":"SKIP","floor":45.0},{"not_picked":["Finisher","Choke","A Thousand Cuts"],"picked":"SKIP","floor":47}],"player_experience":353659,"relics_obtained":[{"floor":9.0,"key":"Paper Crane"},{"floor":26.0,"key":"Potion Belt"}],"event_choices":[{"event_name":"World of Goop","player_choice":"Gather Gold","floor":3.0,"damage_taken":0.0},{"event_name":"Scrap Ooze","player_choice":"success","floor":8.0,"damage_taken":7.0},{"event_name":"Back to Basics","player_choice":"Simplicity","floor":19.0,"damage_taken":0.0},{"event_name":"The Library","player_choice":"Heal","floor":21.0,"damage_taken":0.0},{"event_name":"Drug Dealer","player_choice":"Became Test Subject","floor":22.0,"damage_taken":0.0},{"event_name":"Winding Halls","player_choice":"Max HP","floor":37.0,"damage_taken":0.0},{"event_name":"MindBloom","player_choice":"Upgrade","floor":39.0,"damage_taken":0.0},{"event_name":"Duplicator","player_choice":"One dupe","floor":48,"damage_taken":0}],"is_beta":false,"boss_relics":[{"not_picked":["Tiny House","Ring of the Serpent"],"picked":"Orrery"},{"not_picked":["Sozu","Lizard Tail"],"picked":"Cursed Key"}],"items_purged_floors":[12,44],"is_endless":false,"potions_floor_spawned":[1,5,7,16,18,25,30,33,36,41,47],"ascension_level":0}