{"gold_per_floor":[115,115,40,53,66,101,101,127,206,218,218,250,267,320,320,394,394,411,411,389,389,45,45],"floor_reached":23,"playtime":824,"items_purged":["Strike_G","Strike_G"],"score":418,"play_id":"8c02d443-821d-4d61-8636-1eb89ced2ec9","local_time":"20190317124239","is_ascension_mode":true,"campfire_choices":[{"data":"Bouncing Flask","floor":7,"key":"SMITH"},{"data":"Noxious Fumes","floor":11,"key":"SMITH"},{"data":"Neutralize","floor":15,"key":"SMITH"}],"neow_cost":"NONE","seed_source_timestamp":16765042033021,"circlet_count":0,"master_deck":["AscendersBane","Defend_G","Defend_G","Defend_G","Defend_G","Defend_G","Strike_G","Strike_G","Survivor","Neutralize+1","Backstab","Bouncing Flask+1","Bane","Noxious Fumes+1","Blur","Catalyst","Backflip"],"relics":["Ring of the Snake","NeowsBlessing","Bird Faced Urn","Vajra","Kunai","Bottled Lightning","Centennial Puzzle","Black Star","Nilry\u0027s Codex","Bag of Marbles"],"potions_floor_usage":[6,8,20],"damage_taken":[{"damage":0,"enemies":"2 Louse","floor":1,"turns":1},{"damage":0,"enemies":"Cultist","floor":4,"turns":1},{"damage":0,"enemies":"Small Slimes","floor":5,"turns":1},{"damage":17,"enemies":"Lagavulin","floor":6,"turns":8},{"damage":25,"enemies":"Gremlin Nob","floor":8,"turns":4},{"damage":5,"enemies":"Looter","floor":10,"turns":3},{"damage":2,"enemies":"Lagavulin","floor":12,"turns":7},{"damage":2,"enemies":"Lots of Slimes","floor":13,"turns":5},{"damage":8,"enemies":"Hexaghost","floor":16,"turns":9},{"damage":3,"enemies":"Chosen","floor":18,"turns":5},{"damage":2,"enemies":"2 Thieves","floor":20,"turns":4},{"damage":28,"enemies":"Slavers","floor":23,"turns":5}],"seed_played":"-3461720365498032227","potions_obtained":[{"floor":4,"key":"Ancient Potion"},{"floor":5,"key":"Ancient Potion"},{"floor":16,"key":"Energy Potion"}],"is_trial":false,"path_per_floor":["M","?","$","M","M","E","R","E","T","M","R","E","M","T","R","B",null,"M","?","M","?","$","E"],"character_chosen":"THE_SILENT","items_purchased":["Bag of Marbles","Ancient Potion"],"campfire_rested":0,"item_purchase_floors":[22,22],"current_hp_per_floor":[59,59,59,59,59,42,42,17,17,14,14,14,14,14,14,8,52,51,51,51,30,30,4],"gold":45,"neow_bonus":"THREE_ENEMY_KILL","is_prod":false,"is_daily":false,"chose_seed":false,"campfire_upgraded":3,"win_rate":0,"timestamp":1552797759,"path_taken":["M","?","$","M","M","E","R","E","T","M","R","E","?","?","R","BOSS","M","?","M","?","$","E"],"build_version":"2019-01-23","purchased_purges":2,"victory":false,"max_hp_per_floor":[66,66,66,66,66,66,66,66,66,66,66,66,66,66,66,66,66,66,66,66,66,66,66],"card_choices":[{"not_picked":["Dagger Throw","Outmaneuver","Skewer"],"picked":"SKIP","floor":1},{"not_picked":["All Out Attack","Flying Knee"],"picked":"Backstab","floor":4},{"not_picked":["Dodge and Roll","Bane"],"picked":"Bouncing Flask","floor":5},{"not_picked":["Skewer","Flying Knee","Bane"],"picked":"SKIP","floor":6},{"not_picked":["Skewer","Flying Knee"],"picked":"Bane","floor":6},{"not_picked":["Blur","Outmaneuver"],"picked":"Noxious Fumes","floor":8},{"not_picked":["Poisoned Stab","Riddle With Holes","Concentrate"],"picked":"SKIP","floor":10},{"not_picked":["Burst","Noxious Fumes"],"picked":"Blur","floor":12},{"not_picked":["Deflect","PiercingWail","Cloak And Dagger"],"picked":"SKIP","floor":13},{"not_picked":["Acrobatics","Dagger Spray","Deflect"],"picked":"SKIP","floor":18},{"not_picked":["Poisoned Stab","A Thousand Cuts"],"picked":"Backflip","floor":20}],"player_experience":3647922,"relics_obtained":[{"floor":6,"key":"Bird Faced Urn"},{"floor":8,"key":"Vajra"},{"floor":9,"key":"Kunai"},{"floor":12,"key":"Bottled Lightning"},{"floor":14,"key":"Centennial Puzzle"},{"floor":21,"key":"Nilry\u0027s Codex"}],"event_choices":[{"cards_removed":["Strike_G"],"damage_healed":0,"gold_gain":0,"player_choice":"Offered Basic","damage_taken":0,"max_hp_gain":0,"max_hp_loss":0,"event_name":"Bonfire Elementals","floor":2,"gold_loss":0},{"damage_healed":0,"gold_gain":0,"player_choice":"Read","damage_taken":0,"max_hp_gain":0,"max_hp_loss":0,"event_name":"The Library","floor":19,"gold_loss":0,"cards_obtained":["Catalyst"]},{"damage_healed":0,"gold_gain":0,"player_choice":"Obtained Book","damage_taken":21,"max_hp_gain":0,"max_hp_loss":0,"event_name":"Cursed Tome","floor":21,"gold_loss":0}],"is_beta":false,"boss_relics":[{"not_picked":["Snecko Eye","Ectoplasm"],"picked":"Black Star"}],"items_purged_floors":[3,22],"is_endless":false,"potions_floor_spawned":[4,5,16],"killed_by":"Slavers","ascension_level":20}