{"gold_per_floor":[113,113,131,31,42,42,70,70,70,70,70,70,85,103,103,177,177,194,212,228,241,254,254,254,254,280,280,280,308,323,323,323,395,395,409,509,409,420,420,142,142,161,161,80,80,94,106,106,106,106,106,106,16,49,49],"floor_reached":55,"playtime":3910,"items_purged":["Strike_B","Strike_B","Defend_B"],"score":1201,"play_id":"b3899624-8ebc-4e56-bbd3-55924803e651","local_time":"20181217185752","is_ascension_mode":true,"campfire_choices":[{"data":"Zap","floor":6.0,"key":"SMITH"},{"data":"Dualcast","floor":8.0,"key":"SMITH"},{"data":"Hologram","floor":10.0,"key":"SMITH"},{"data":"Consume","floor":15.0,"key":"SMITH"},{"data":"Coolheaded","floor":23.0,"key":"SMITH"},{"data":"Coolheaded","floor":25.0,"key":"SMITH"},{"data":"Go for the Eyes","floor":27.0,"key":"SMITH"},{"data":"Self Repair","floor":32.0,"key":"SMITH"},{"data":"Fission","floor":41.0,"key":"SMITH"},{"data":"Defragment","floor":45.0,"key":"SMITH"},{"floor":49.0,"key":"RECALL"},{"data":"Coolheaded","floor":52.0,"key":"SMITH"}],"neow_cost":"NONE","seed_source_timestamp":20324007951473,"circlet_count":0,"master_deck":["AscendersBane","Strike_B","Defend_B","Defend_B","Defend_B","Zap+1","Dualcast+1","Self Repair+1","Go for the Eyes+1","Ball Lightning","Chill","Hologram+1","Coolheaded+1","Consume+1","Electrodynamics","Coolheaded+1","Fission+1","Self Repair+1","Coolheaded+1","Core Surge","Glacier","Defragment+1","Finesse","Finesse","Master of Strategy","Self Repair"],"special_seed":0,"relics":["Cracked Core","NeowsBlessing","Blood Vial","Inserter","Art of War","Oddly Smooth Stone","Sozu","WingedGreaves","Mango","Thread and Needle"],"potions_floor_usage":[55,55],"damage_taken":[{"damage":0.0,"enemies":"Jaw Worm","floor":1.0,"turns":1.0},{"damage":0.0,"enemies":"Cultist","floor":3.0,"turns":1.0},{"damage":0.0,"enemies":"2 Louse","floor":5.0,"turns":1.0},{"damage":22.0,"enemies":"Lagavulin","floor":7.0,"turns":8.0},{"damage":0.0,"enemies":"Exordium Thugs","floor":13.0,"turns":4.0},{"damage":4.0,"enemies":"2 Fungi Beasts","floor":14.0,"turns":3.0},{"damage":38.0,"enemies":"Slime Boss","floor":16.0,"turns":11.0},{"damage":7.0,"enemies":"3 Byrds","floor":18.0,"turns":2.0},{"damage":6.0,"enemies":"Shell Parasite","floor":19.0,"turns":8.0},{"damage":7.0,"enemies":"Cultist and Chosen","floor":20.0,"turns":5.0},{"damage":0.0,"enemies":"3 Cultists","floor":21.0,"turns":4.0},{"damage":5.0,"enemies":"Centurion and Healer","floor":22.0,"turns":6.0},{"damage":33.0,"enemies":"Book of Stabbing","floor":29.0,"turns":8.0},{"damage":1.0,"enemies":"Sentry and Sphere","floor":30.0,"turns":5.0},{"damage":33.0,"enemies":"Automaton","floor":33.0,"turns":16.0},{"damage":2.0,"enemies":"Orb Walker","floor":35.0,"turns":4.0},{"damage":12.0,"enemies":"Mind Bloom Boss Battle","floor":36.0,"turns":10.0},{"damage":0.0,"enemies":"3 Darklings","floor":38.0,"turns":7.0},{"damage":9.0,"enemies":"Jaw Worm Horde","floor":42.0,"turns":4.0},{"damage":0.0,"enemies":"Maw","floor":46.0,"turns":9.0},{"damage":16.0,"enemies":"Sphere and 2 Shapes","floor":47.0,"turns":5.0},{"damage":17.0,"enemies":"Awakened One","floor":50.0,"turns":38.0},{"damage":51.0,"enemies":"Shield and Spear","floor":54.0,"turns":8.0},{"damage":68,"enemies":"The Heart","floor":55,"turns":15}],"seed_played":"3143806327697287573","potions_obtained":[{"floor":3.0,"key":"FearPotion"},{"floor":7.0,"key":"Strength Potion"},{"floor":12.0,"key":"SpeedPotion"},{"floor":33.0,"key":"Strength Potion"}],"is_trial":false,"path_per_floor":["M","?","M","$","M","R","E","R","T","R","$","?","M","M","R","B",null,"M","M","M","M","M","R","?","R","T","R","?","E","M","?","R","B",null,"M","?","$","M","?","$","R","M","T","$","R","M","M","?","R","B",null,"R","$","E","B"],"character_chosen":"DEFECT","items_purchased":["Ball Lightning","Core Surge","Defragment","Self Repair"],"campfire_rested":0,"item_purchase_floors":[4,40,44,53],"current_hp_per_floor":[64,71,71,71,71,71,56,56,56,56,56,56,65,70,70,40,63,58,61,63,65,69,69,69,69,69,69,69,45,53,49,49,28,60,70,69,69,71,71,71,71,71,85,85,85,85,85,75,75,80,84,84,84,61,0],"gold":49,"neow_bonus":"THREE_ENEMY_KILL","is_prod":false,"is_daily":false,"chose_seed":false,"campfire_upgraded":11,"win_rate":0,"timestamp":1545044272,"path_taken":["M","?","M","$","?","R","E","R","T","R","$","?","M","?","R","BOSS","M","M","M","M","M","R","?","R","T","R","?","E","M","?","R","BOSS","M","?","$","M","?","$","R","M","T","?","R","M","?","?","R","BOSS","R","$","E","BOSS"],"build_version":"2018-12-13","purchased_purges":3,"victory":false,"max_hp_per_floor":[71,71,71,71,71,71,71,71,71,71,71,71,71,71,71,71,71,71,71,71,71,71,71,71,71,71,71,71,71,71,71,71,71,71,71,71,71,71,71,71,71,71,85,85,85,85,85,85,85,85,85,85,85,85,85],"card_choices":[{"not_picked":["Coolheaded","Rebound"],"picked":"Self Repair","floor":1.0},{"not_picked":["Heatsinks","Scrape"],"picked":"Go for the Eyes","floor":3.0},{"not_picked":["Rebound","Storm"],"picked":"Chill","floor":5.0},{"not_picked":["Static Discharge","Scrape"],"picked":"Hologram","floor":7.0},{"not_picked":["Rebound","Steam"],"picked":"Coolheaded","floor":13.0},{"not_picked":["Steam","Scrape"],"picked":"Consume","floor":14.0},{"not_picked":["Creative AI","Echo Form"],"picked":"Electrodynamics","floor":16.0},{"not_picked":["Scrape","Turbo","Go for the Eyes"],"picked":"SKIP","floor":18.0},{"not_picked":["Beam Cell","Streamline","Steam"],"picked":"SKIP","floor":19.0},{"not_picked":["Scrape+1","Gash"],"picked":"Coolheaded","floor":20.0},{"not_picked":["Turbo","Steam Power","Redo"],"picked":"SKIP","floor":21.0},{"not_picked":["Conserve Battery","Beam Cell","Gash"],"picked":"SKIP","floor":22.0},{"not_picked":["Streamline","Barrage+1","Meteor Strike"],"picked":"SKIP","floor":29.0},{"not_picked":["Melter","Stack","Streamline"],"picked":"SKIP","floor":30.0},{"not_picked":["Multi-Cast","Echo Form"],"picked":"Fission","floor":33.0},{"not_picked":["Stack+1","Ball Lightning+1","Heatsinks"],"picked":"SKIP","floor":35.0},{"not_picked":["Leap","Barrage"],"picked":"Self Repair+1","floor":36.0},{"not_picked":["Cold Snap+1","Storm"],"picked":"Coolheaded","floor":38.0},{"not_picked":["Compile Driver","Conserve Battery"],"picked":"Glacier","floor":42.0},{"not_picked":["Auto Shields","Amplify","Reinforced Body"],"picked":"SKIP","floor":46.0},{"not_picked":["Go for the Eyes","Hologram","Turbo"],"picked":"SKIP","floor":47.0},{"not_picked":["HandOfGreed","Forethought"],"picked":"Finesse","floor":48.0},{"not_picked":["Blind","Enlightenment"],"picked":"Finesse","floor":48.0},{"not_picked":["Forethought","Panache"],"picked":"Master of Strategy","floor":48.0},{"not_picked":["Streamline+1","Cold Snap","Gash"],"picked":"SKIP","floor":54.0}],"player_experience":1317688,"relics_obtained":[{"floor":7.0,"key":"Blood Vial"},{"floor":26.0,"key":"Art of War"},{"floor":29.0,"key":"Oddly Smooth Stone"},{"floor":36.0,"key":"WingedGreaves"},{"floor":43.0,"key":"Mango"},{"floor":54.0,"key":"Thread and Needle"}],"event_choices":[{"damage_healed":7.0,"max_hp_gain":0.0,"max_hp_loss":0.0,"gold_gain":0.0,"event_name":"Wheel of Change","player_choice":"Full Heal","floor":2.0,"gold_loss":0.0,"damage_taken":0.0},{"damage_healed":0.0,"max_hp_gain":0.0,"max_hp_loss":0.0,"gold_gain":0.0,"event_name":"Lab","player_choice":"Got Potions","floor":12.0,"gold_loss":0.0,"damage_taken":0.0},{"damage_healed":0.0,"max_hp_gain":0.0,"max_hp_loss":0.0,"gold_gain":0.0,"event_name":"The Mausoleum","player_choice":"Ignored","floor":24.0,"gold_loss":0.0,"damage_taken":0.0},{"damage_healed":0.0,"max_hp_gain":0.0,"max_hp_loss":0.0,"gold_gain":0.0,"event_name":"Cursed Tome","player_choice":"Ignored","floor":28.0,"gold_loss":0.0,"damage_taken":0.0},{"damage_healed":0.0,"max_hp_gain":0.0,"max_hp_loss":0.0,"gold_gain":0.0,"event_name":"The Woman in Blue","player_choice":"Bought 0 Potions","floor":31.0,"gold_loss":0.0,"damage_taken":0.0},{"damage_healed":0.0,"max_hp_gain":0.0,"max_hp_loss":0.0,"gold_gain":0.0,"event_name":"MindBloom","player_choice":"Fight","floor":36.0,"gold_loss":0.0,"damage_taken":0.0},{"cards_removed":["Strike_B"],"damage_healed":0.0,"max_hp_gain":0.0,"max_hp_loss":0.0,"gold_gain":0.0,"event_name":"Falling","player_choice":"Removed Attack","floor":39.0,"gold_loss":0.0,"damage_taken":0.0},{"damage_healed":0.0,"max_hp_gain":0.0,"max_hp_loss":0.0,"gold_gain":0.0,"event_name":"SensoryStone","player_choice":"Memory 3","floor":48.0,"gold_loss":0.0,"damage_taken":10.0}],"is_beta":false,"boss_relics":[{"not_picked":["Nuclear Battery","Ectoplasm"],"picked":"Inserter"},{"not_picked":["Runic Dome","Orrery"],"picked":"Sozu"}],"items_purged_floors":[4,37,40],"is_endless":false,"potions_floor_spawned":[3,7,16,19,29,30,33,36,38,42,47],"killed_by":"The Heart","ascension_level":16}