{"gold_per_floor":[117,117,134,152,152,152,180,180,180,211,131,51,123,103],"floor_reached":14,"playtime":240,"items_purged":["Strike_G","Defend_G"],"score":192,"play_id":"e9c19a8e-c44d-4222-9542-890a646cc38e","local_time":"20190419183635","is_ascension_mode":true,"campfire_choices":[{"data":"Neutralize","floor":6.0,"key":"SMITH"},{"data":"Malaise","floor":8.0,"key":"SMITH"}],"neow_cost":"NONE","seed_source_timestamp":109568926330836,"circlet_count":0,"master_deck":["AscendersBane","Defend_G","Defend_G","Defend_G","Strike_G","Strike_G","Strike_G","Survivor","Neutralize+1","Tactician","Envenom","Malaise+1","Dagger Throw"],"special_seed":0,"relics":["Ring of the Snake","NeowsBlessing","Mummified Hand","Sundial","The Courier","Paper Crane"],"potions_floor_usage":[],"damage_taken":[{"damage":0.0,"enemies":"2 Louse","floor":1.0,"turns":1.0},{"damage":0.0,"enemies":"Cultist","floor":3.0,"turns":1.0},{"damage":0.0,"enemies":"Small Slimes","floor":4.0,"turns":1.0},{"damage":43.0,"enemies":"Gremlin Nob","floor":7.0,"turns":6.0},{"damage":14.0,"enemies":"Lagavulin","floor":10.0,"turns":10.0},{"damage":0,"enemies":"Exordium Thugs","floor":14,"turns":2}],"seed_played":"2040888569853419844","potions_obtained":[{"floor":3.0,"key":"Fire Potion"}],"is_trial":false,"path_per_floor":["M","?","M","M","?","R","E","R","T","E","$","$","T","M"],"character_chosen":"THE_SILENT","items_purchased":["Dagger Throw"],"campfire_rested":0,"item_purchase_floors":[11],"current_hp_per_floor":[59,59,59,59,59,59,16,16,16,2,2,2,2,2],"gold":103,"neow_bonus":"THREE_ENEMY_KILL","is_prod":false,"is_daily":false,"chose_seed":false,"campfire_upgraded":2,"win_rate":0,"timestamp":1555670195,"path_taken":["M","?","M","?","?","R","E","R","T","E","?","$","?","?"],"build_version":"2019-01-23","purchased_purges":2,"victory":false,"max_hp_per_floor":[66,66,66,66,66,66,66,66,66,66,66,66,66,66],"card_choices":[{"not_picked":["Blade Dance","Poisoned Stab"],"picked":"Tactician","floor":1.0},{"not_picked":["Dodge and Roll","PiercingWail","Sucker Punch"],"picked":"SKIP","floor":3.0},{"not_picked":["Blur","Slice","Tactician"],"picked":"SKIP","floor":4.0},{"not_picked":["Finisher","Quick Slash"],"picked":"Malaise","floor":7.0},{"not_picked":["Deflect","Choke","Riddle With Holes"],"picked":"SKIP","floor":10.0}],"player_experience":4409948,"relics_obtained":[{"floor":7.0,"key":"Mummified Hand"},{"floor":9.0,"key":"Sundial"},{"floor":10.0,"key":"The Courier"},{"floor":13.0,"key":"Paper Crane"}],"event_choices":[{"cards_removed":["Defend_G"],"damage_healed":0.0,"max_hp_gain":0.0,"max_hp_loss":0.0,"gold_gain":0.0,"event_name":"Bonfire Elementals","player_choice":"Offered Basic","floor":2.0,"gold_loss":0.0,"damage_taken":0.0},{"damage_healed":0.0,"max_hp_gain":0.0,"max_hp_loss":0.0,"gold_gain":0.0,"cards_transformed":["Strike_G"],"event_name":"Living Wall","player_choice":"Change","floor":5.0,"gold_loss":0.0,"damage_taken":0.0,"cards_obtained":["Envenom"]}],"is_beta":false,"boss_relics":[],"items_purged_floors":[11,12],"is_endless":false,"potions_floor_spawned":[3],"killed_by":"Exordium Thugs","ascension_level":20}