{"gold_per_floor":[112,112,125,125,139,152,152,192,219,219,294,318,333,333,333,423,423,442,50,69,69],"floor_reached":21,"playtime":918,"items_purged":["Strike_G"],"score":366,"play_id":"53a36afe-7772-4e2d-aeb0-dff765d4891b","local_time":"20190721161502","is_ascension_mode":true,"campfire_choices":[{"floor":7,"key":"REST"},{"floor":10,"key":"REST"},{"floor":15,"key":"REST"}],"neow_cost":"NONE","seed_source_timestamp":17741580851707,"circlet_count":0,"master_deck":["AscendersBane","Strike_G+1","Strike_G+1","Strike_G+1","Strike_G+1","Defend_G","Defend_G","Defend_G","Defend_G","Defend_G","Survivor","Neutralize","Dagger Throw","Bouncing Flask","Backflip","Caltrops","Malaise","Dagger Spray+1"],"relics":["Ring of the Snake","Whetstone","Golden Idol","Vajra","Pen Nib","Philosopher\u0027s Stone","Dead Branch"],"potions_floor_usage":[12,14,16,21],"damage_taken":[{"damage":4,"enemies":"Jaw Worm","floor":1,"turns":3},{"damage":0,"enemies":"2 Louse","floor":3,"turns":2},{"damage":0,"enemies":"Small Slimes","floor":5,"turns":3},{"damage":9,"enemies":"Blue Slaver","floor":6,"turns":5},{"damage":28,"enemies":"Gremlin Nob","floor":8,"turns":4},{"damage":6,"enemies":"Gremlin Gang","floor":12,"turns":4},{"damage":5,"enemies":"Red Slaver","floor":13,"turns":2},{"damage":0,"enemies":"Looter","floor":14,"turns":1},{"damage":23,"enemies":"Hexaghost","floor":16,"turns":9},{"damage":11,"enemies":"Chosen","floor":18,"turns":5},{"damage":23,"enemies":"Shell Parasite","floor":20,"turns":4},{"damage":15,"enemies":"Shelled Parasite and Fungi","floor":21,"turns":2}],"seed_played":"5076604228767842702","potions_obtained":[{"floor":6,"key":"SmokeBomb"},{"floor":8,"key":"Poison Potion"},{"floor":13,"key":"Strength Potion"},{"floor":18,"key":"PowerPotion"},{"floor":20,"key":"Explosive Potion"}],"is_trial":false,"path_per_floor":["M","?","M","?","M","M","R","E","T","R","?","M","M","M","R","B",null,"M","$","M","M"],"character_chosen":"THE_SILENT","items_purchased":["Dead Branch"],"campfire_rested":3,"item_purchase_floors":[19],"current_hp_per_floor":[55,55,55,37,37,28,46,18,18,36,25,19,14,14,32,9,47,36,36,13,0],"gold":69,"neow_bonus":"RANDOM_COMMON_RELIC","is_prod":false,"is_daily":false,"chose_seed":false,"campfire_upgraded":0,"win_rate":0,"timestamp":1563718502,"path_taken":["M","?","M","?","M","M","R","E","T","R","?","?","M","M","R","BOSS","M","$","M","?"],"build_version":"2019-07-17","purchased_purges":1,"victory":false,"max_hp_per_floor":[66,60,60,60,60,60,60,60,60,60,60,60,60,60,60,60,60,60,60,60,60],"card_choices":[{"not_picked":["Poisoned Stab","Bane"],"picked":"Dagger Throw","floor":1},{"not_picked":["Prepared","Underhanded Strike","Flying Knee"],"picked":"SKIP","floor":3},{"not_picked":["Grand Finale","Bane"],"picked":"Bouncing Flask","floor":5},{"not_picked":["Underhanded Strike","Bane","Accuracy"],"picked":"SKIP","floor":6},{"not_picked":["Distraction","Quick Slash"],"picked":"Backflip","floor":8},{"not_picked":["Flying Knee","Poisoned Stab"],"picked":"Caltrops","floor":12},{"not_picked":["Sucker Punch","Quick Slash","Prepared"],"picked":"SKIP","floor":13},{"not_picked":["Envenom","Unload"],"picked":"Malaise","floor":16},{"not_picked":["Deflect","Backflip"],"picked":"Dagger Spray+1","floor":18},{"not_picked":["Quick Slash","Reflex","Slice"],"picked":"SKIP","floor":20}],"player_experience":750338,"relics_obtained":[{"floor":8,"key":"Vajra"},{"floor":9,"key":"Pen Nib"}],"event_choices":[{"damage_healed":0,"gold_gain":0,"player_choice":"Lose Max HP","damage_taken":0,"relics_obtained":["Golden Idol"],"max_hp_gain":0,"max_hp_loss":6,"event_name":"Golden Idol","floor":2,"gold_loss":0},{"damage_healed":0,"gold_gain":0,"player_choice":"Entered Light","damage_taken":18,"max_hp_gain":0,"max_hp_loss":0,"event_name":"Shining Light","floor":4,"gold_loss":0,"cards_upgraded":["Strike_G","Strike_G"]},{"damage_healed":0,"gold_gain":75,"player_choice":"Gather Gold","damage_taken":11,"max_hp_gain":0,"max_hp_loss":0,"event_name":"World of Goop","floor":11,"gold_loss":0}],"is_beta":false,"boss_relics":[{"not_picked":["Pandora\u0027s Box","White Beast Statue"],"picked":"Philosopher\u0027s Stone"}],"items_purged_floors":[19],"is_endless":false,"potions_floor_spawned":[6,8,13,14,18,20],"killed_by":"Shelled Parasite and Fungi","ascension_level":20}