{"gold_per_floor":[10,23,98,98,98,133,133,166,166,166,190,190,213,237,237,237],"floor_reached":16,"playtime":11517,"items_purged":[],"score":272,"play_id":"4795c933-ce77-4c80-9026-78cad5973b8b","local_time":"20190803184820","is_ascension_mode":true,"campfire_choices":[{"floor":7,"key":"REST"},{"floor":10,"key":"REST"},{"data":"Double Tap","floor":12,"key":"SMITH"},{"data":"Twin Strike","floor":15,"key":"SMITH"}],"neow_cost":"NO_GOLD","seed_source_timestamp":0,"circlet_count":0,"master_deck":["AscendersBane","Strike_R","Strike_R","Strike_R","Strike_R","Defend_R","Defend_R","Defend_R","Defend_R","Bash","Twin Strike+1","Headbutt","Double Tap+1","Fiend Fire","Battle Trance","Heavy Blade","True Grit"],"special_seed":0,"relics":["Burning Blood","Golden Idol","Self Forming Clay","Lantern","Boot"],"potions_floor_usage":[6,16],"damage_taken":[{"damage":11,"enemies":"Cultist","floor":1,"turns":4},{"damage":2,"enemies":"2 Louse","floor":2,"turns":4},{"damage":42,"enemies":"Lagavulin","floor":6,"turns":7},{"damage":30,"enemies":"Gremlin Nob","floor":8,"turns":4},{"damage":0,"enemies":"Small Slimes","floor":11,"turns":3},{"damage":8,"enemies":"Blue Slaver","floor":13,"turns":3},{"damage":9,"enemies":"Exordium Wildlife","floor":14,"turns":4},{"damage":44,"enemies":"The Guardian","floor":16,"turns":6}],"seed_played":"-6585714446340265199","potions_obtained":[{"floor":2,"key":"EssenceOfSteel"},{"floor":8,"key":"Poison Potion"},{"floor":11,"key":"Ancient Potion"}],"is_trial":false,"path_per_floor":["M","M","?","?","?","E","R","E","T","R","M","R","M","M","R","B"],"character_chosen":"IRONCLAD","items_purchased":[],"campfire_rested":2,"item_purchase_floors":[],"current_hp_per_floor":[77,81,70,48,48,12,38,14,14,40,46,46,44,41,41,0],"gold":237,"neow_bonus":"TWENTY_PERCENT_HP_BONUS","is_prod":false,"is_daily":false,"chose_seed":false,"campfire_upgraded":2,"win_rate":0,"timestamp":1564876100,"path_taken":["M","?","?","?","?","E","R","E","T","R","M","R","?","M","R","BOSS"],"build_version":"2019-07-17","purchased_purges":0,"victory":false,"max_hp_per_floor":[89,89,89,89,89,89,89,89,89,89,89,89,89,89,89,89],"card_choices":[{"not_picked":["Anger","Havoc"],"picked":"Twin Strike","floor":1},{"not_picked":["Carnage","Sword Boomerang"],"picked":"Headbutt","floor":2},{"not_picked":["Clothesline","Uppercut"],"picked":"Fiend Fire","floor":6},{"not_picked":["Rupture","Clash"],"picked":"Battle Trance","floor":8},{"not_picked":["Combust","Rupture","Flex"],"picked":"SKIP","floor":11},{"not_picked":["Sword Boomerang","Wild Strike"],"picked":"Heavy Blade","floor":13},{"not_picked":["Combust","Reckless Charge"],"picked":"True Grit","floor":14}],"player_experience":430103,"relics_obtained":[{"floor":6,"key":"Self Forming Clay"},{"floor":8,"key":"Lantern"},{"floor":9,"key":"Boot"}],"event_choices":[{"damage_healed":0,"gold_gain":75,"player_choice":"Gather Gold","damage_taken":11,"max_hp_gain":0,"max_hp_loss":0,"event_name":"World of Goop","floor":3,"gold_loss":0},{"damage_healed":0,"gold_gain":0,"player_choice":"Take Damage","damage_taken":22,"relics_obtained":["Golden Idol"],"max_hp_gain":0,"max_hp_loss":0,"event_name":"Golden Idol","floor":4,"gold_loss":0},{"damage_healed":0,"gold_gain":0,"cards_transformed":["Strike_R"],"player_choice":"Transformed","damage_taken":0,"max_hp_gain":0,"max_hp_loss":0,"event_name":"Transmorgrifier","floor":5,"gold_loss":0,"cards_obtained":["Double Tap"]}],"is_beta":false,"boss_relics":[],"items_purged_floors":[],"is_endless":false,"potions_floor_spawned":[2,8,11],"killed_by":"The Guardian","ascension_level":14}