{"gold_per_floor":[113,133,133,146,71,71,34,45,45,61,61,76,76,76,76,166,166,182,205,229,39,89,89,89],"floor_reached":24,"playtime":966,"items_purged":["Regret","Strike_G"],"score":376,"play_id":"79ceb85e-315e-476f-af09-97957b1f1e51","local_time":"20190629103246","is_ascension_mode":true,"campfire_choices":[{"data":"Blade Dance","floor":6.0,"key":"SMITH"},{"data":"Calculated Gamble","floor":11.0,"key":"SMITH"},{"data":"Reflex","floor":13.0,"key":"SMITH"},{"data":"Well Laid Plans","floor":15.0,"key":"SMITH"},{"data":"Malaise","floor":23,"key":"SMITH"}],"neow_cost":"NONE","seed_source_timestamp":0,"circlet_count":0,"master_deck":["AscendersBane","Defend_G","Defend_G","Defend_G","Defend_G","Defend_G","Strike_G","Strike_G","Strike_G","Strike_G","Survivor","Neutralize","Calculated Gamble+1","Blade Dance+1","Well Laid Plans+1","Reflex+1","Tactician","Malaise+1","Infinite Blades","Finesse"],"special_seed":0,"relics":["Ring of the Snake","NeowsBlessing","Kunai","Golden Idol","Coffee Dripper"],"potions_floor_usage":[],"damage_taken":[{"damage":0.0,"enemies":"Cultist","floor":1.0,"turns":1.0},{"damage":0.0,"enemies":"Jaw Worm","floor":2.0,"turns":1.0},{"damage":0.0,"enemies":"Small Slimes","floor":4.0,"turns":1.0},{"damage":2.0,"enemies":"Blue Slaver","floor":8.0,"turns":3.0},{"damage":8.0,"enemies":"Gremlin Gang","floor":10.0,"turns":6.0},{"damage":0.0,"enemies":"Large Slime","floor":12.0,"turns":9.0},{"damage":41.0,"enemies":"Hexaghost","floor":16.0,"turns":16.0},{"damage":14.0,"enemies":"Spheric Guardian","floor":18.0,"turns":9.0},{"damage":0.0,"enemies":"2 Thieves","floor":19.0,"turns":4.0},{"damage":9.0,"enemies":"Centurion and Healer","floor":20.0,"turns":9.0},{"damage":19,"enemies":"Gremlin Leader","floor":24,"turns":4}],"seed_played":"8515258717229893351","potions_obtained":[{"floor":1.0,"key":"Energy Potion"},{"floor":2.0,"key":"LiquidBronze"},{"floor":4.0,"key":"Swift Potion"},{"floor":18.0,"key":"EntropicBrew"}],"is_trial":false,"path_per_floor":["M","M","?","M","$","R","$","M","T","M","R","M","R","?","R","B",null,"M","M","M","$","?","R","E"],"character_chosen":"THE_SILENT","items_purchased":["Well Laid Plans","Finesse"],"campfire_rested":0,"item_purchase_floors":[7,21],"current_hp_per_floor":[59,59,59,59,59,59,59,57,57,49,49,49,49,49,49,8,47,33,33,24,24,18,18,0],"gold":89,"neow_bonus":"THREE_ENEMY_KILL","is_prod":false,"is_daily":false,"chose_seed":false,"campfire_upgraded":5,"win_rate":0,"timestamp":1561775566,"path_taken":["M","M","?","M","$","R","?","M","T","?","R","M","R","?","R","BOSS","M","M","M","$","?","R","E"],"build_version":"2019-01-23","purchased_purges":2,"victory":false,"max_hp_per_floor":[66,66,66,66,66,66,66,66,66,66,66,66,66,60,60,60,60,60,60,60,60,60,60,60],"card_choices":[{"not_picked":["Riddle With Holes","Caltrops"],"picked":"Calculated Gamble","floor":1.0},{"not_picked":["Dodge and Roll","Outmaneuver","Flying Knee"],"picked":"SKIP","floor":2.0},{"not_picked":["Deadly Poison","Infinite Blades"],"picked":"Blade Dance","floor":4.0},{"not_picked":["Deadly Poison","Flying Knee"],"picked":"Reflex","floor":8.0},{"not_picked":["Noxious Fumes","Slice"],"picked":"Tactician","floor":10.0},{"not_picked":["Bane","PiercingWail","Deadly Poison"],"picked":"SKIP","floor":12.0},{"not_picked":["A Thousand Cuts","Phantasmal Killer"],"picked":"Malaise","floor":16.0},{"not_picked":["Deflect","Poisoned Stab+1","Flying Knee"],"picked":"SKIP","floor":18.0},{"not_picked":["Underhanded Strike","Dagger Spray+1"],"picked":"Infinite Blades","floor":19.0},{"not_picked":["Blade Dance","Riddle With Holes","Outmaneuver"],"picked":"SKIP","floor":20.0}],"player_experience":1492898,"relics_obtained":[],"event_choices":[{"damage_healed":0.0,"max_hp_gain":0.0,"max_hp_loss":0.0,"gold_gain":0.0,"event_name":"Big Fish","player_choice":"Box","floor":3.0,"gold_loss":0.0,"damage_taken":0.0,"relics_obtained":["Kunai"],"cards_obtained":["Regret"]},{"damage_healed":0.0,"max_hp_gain":0.0,"max_hp_loss":6.0,"gold_gain":0.0,"event_name":"Golden Idol","player_choice":"Lose Max HP","floor":14.0,"gold_loss":0.0,"damage_taken":0.0,"relics_obtained":["Golden Idol"]},{"damage_healed":0,"gold_gain":50,"player_choice":"Touch","damage_taken":6,"max_hp_gain":0,"max_hp_loss":0,"event_name":"FaceTrader","floor":22,"gold_loss":0}],"is_beta":false,"boss_relics":[{"not_picked":["Cursed Key","Philosopher\u0027s Stone"],"picked":"Coffee Dripper"}],"items_purged_floors":[5,21],"is_endless":false,"potions_floor_spawned":[1,2,4,12,18],"killed_by":"Gremlin Leader","ascension_level":20}