{"path_per_floor":["M","M","?","?","?","R","M","R","T","?","M","?","M","M","R","B",null,"M","$","M","T","$","E","M","$","T","?","?","R","M","?","R"],"character_chosen":"IRONCLAD","items_purchased":["Bottled Flame","Pummel"],"gold_per_floor":[113,126,126,126,126,126,141,141,164,219,230,180,191,211,211,310,310,327,66,80,104,66,92,111,36,36,36,36,36,49,49,49],"floor_reached":33,"campfire_rested":2,"playtime":2367,"current_hp_per_floor":[41,47,47,31,28,52,57,57,57,48,54,54,64,65,65,33,80,76,76,68,68,68,50,43,43,43,43,43,43,27,27,51],"items_purged":["Defend_R"],"gold":49,"score":281,"play_id":"8f8d56ab-73ac-4f4a-9839-542d06b1d013","local_time":"20180304222746","is_prod":false,"is_daily":false,"is_ascension_mode":false,"campfire_upgraded":3,"timestamp":1520198866,"path_taken":["M","M","?","?","?","R","M","R","T","?","?","?","?","M","R","BOSS","M","$","M","?","$","E","M","$","T","?","?","R","M","?","R","BOSS"],"build_version":"2018-03-01-PROD1","purchased_purges":1,"victory":false,"master_deck":["Defend_R+1","Defend_R","Defend_R+1","Bash+1","Bludgeon+1","Infernal Blade","Ghostly Armor+1","Iron Wave","Flex+1","Entrench","Offering","Rage","Juggernaut","Inflame+1","Shrug It Off+1","Pummel","Pummel+1","Seeing Red","Bite","Bite","Bite","Bite","Bite","Body Slam","Decay"],"max_hp_per_floor":[80,80,80,80,80,80,80,80,80,80,80,80,80,80,80,80,80,80,80,80,80,80,80,80,80,80,80,80,80,80,80,80],"relics":["Burning Blood","Shuriken","Frozen Eye","War Paint","Toolbox","Mark of Pain","Bottled Flame","Du-Vu Doll","Mummified Hand","Prayer Wheel"],"card_choices":[{"not_picked":["Impervious","Double Tap"],"picked":"Bludgeon"},{"not_picked":["Bloodletting","Perfected Strike"],"picked":"Infernal Blade"},{"not_picked":["Corruption","Perfected Strike"],"picked":"Ghostly Armor"},{"not_picked":["Shockwave","Twin Strike"],"picked":"Iron Wave"},{"not_picked":["Bloodletting","Body Slam"],"picked":"Flex"},{"not_picked":["Body Slam","True Grit"],"picked":"Entrench"},{"not_picked":["Heavy Blade","Clothesline"],"picked":"Offering"},{"not_picked":["Thunderclap","Iron Wave"],"picked":"Rage"},{"not_picked":["Fiend Fire","Offering"],"picked":"Juggernaut"},{"not_picked":["Thunderclap","Whirlwind"],"picked":"Inflame"},{"not_picked":["True Grit","Reckless Charge"],"picked":"Shrug It Off"},{"not_picked":["Armaments","Entrench"],"picked":"Pummel"},{"not_picked":["Headbutt","Carnage"],"picked":"Seeing Red"},{"not_picked":["Heavy Blade","Metallicize"],"picked":"Body Slam"}],"player_experience":75840,"potions_floor_usage":[10,10,18,24,33,33],"damage_taken":[{"damage":5,"enemies":"Small Slimes","floor":1,"turns":2},{"damage":0,"enemies":"Cultist","floor":2,"turns":2},{"damage":1,"enemies":"Jaw Worm","floor":7,"turns":2},{"damage":24,"enemies":"3 Sentries","floor":10,"turns":5},{"damage":0,"enemies":"Exordium Wildlife","floor":11,"turns":2},{"damage":8,"enemies":"Exordium Thugs","floor":13,"turns":5},{"damage":5,"enemies":"Looter","floor":14,"turns":2},{"damage":38,"enemies":"Hexaghost","floor":16,"turns":7},{"damage":10,"enemies":"2 Thieves","floor":18,"turns":2},{"damage":14,"enemies":"Shell Parasite","floor":20,"turns":4},{"damage":26,"enemies":"Book of Stabbing","floor":23,"turns":5},{"damage":15,"enemies":"Centurion and Healer","floor":24,"turns":5},{"damage":36,"enemies":"Slaver and Parasite","floor":30,"turns":6},{"damage":66,"enemies":"Automaton","floor":33,"turns":6}],"event_choices":[{"event_name":"Wheel of Change","player_choice":"Relic","floor":3,"damage_taken":0},{"event_name":"Shining Light","player_choice":"Entered Light","floor":4,"damage_taken":0},{"event_name":"Scrap Ooze","player_choice":"success","floor":5,"damage_taken":3},{"event_name":"Dead Adventurer","player_choice":"Searched \u00272\u0027 times","floor":10,"damage_taken":0},{"event_name":"The Cleric","player_choice":"Card Removal","floor":12,"damage_taken":0},{"event_name":"The Mausoleum","player_choice":"Yes","floor":27,"damage_taken":0},{"event_name":"Vampires","player_choice":"Became a vampire (Vial)","floor":28,"damage_taken":0},{"event_name":"Forgotten Altar","player_choice":"Smashed Altar","floor":31,"damage_taken":0}],"boss_relics":[{"not_picked":["Lizard Tail","Philosopher\u0027s Stone"],"picked":"Mark of Pain"}],"potions_floor_spawned":[1,2,14,16,23,30],"seed_played":"-4532593541570567045","killed_by":"Automaton","ascension_level":0,"is_trial":false}