{"gold_per_floor":[116,127,52,62,62,62,90,90,90,102,114,114,14,28,28,106,106,120,39,39,39,139,139,174,174,228,240,266,307,319,256,268,357,369,401,288,307,662,662,694,544,544,626,637,268,368,368,385,385,385,385,385,385,3,37,37],"floor_reached":57,"playtime":2801,"items_purged":["Strike_G","Pain","Predator","Blade Dance+1","Dagger Throw","Catalyst"],"score":3153,"play_id":"314121d1-9976-4d88-8378-0f8bd4e2f12c","local_time":"20190215121407","is_ascension_mode":true,"campfire_choices":[{"data":"Neutralize","floor":6.0,"key":"SMITH"},{"data":"After Image","floor":8.0,"key":"SMITH"},{"data":"Well Laid Plans","floor":12.0,"key":"SMITH"},{"data":"Blade Dance","floor":15.0,"key":"SMITH"},{"data":"Tools of the Trade","floor":23.0,"key":"SMITH"},{"data":"Grand Finale","floor":25,"key":"SMITH"},{"data":"Caltrops","floor":27,"key":"SMITH"},{"data":"Adrenaline","floor":32,"key":"SMITH"},{"floor":47,"key":"RECALL"},{"data":"Master of Strategy","floor":49,"key":"SMITH"},{"data":"Backflip","floor":53,"key":"SMITH"}],"neow_cost":"NONE","seed_source_timestamp":13210629708133,"circlet_count":0,"master_deck":["AscendersBane","Neutralize+1","Backstab","After Image+1","Backflip+1","Well Laid Plans+1","Grand Finale+1","Adrenaline+1","Adrenaline+1","Caltrops+1","Tools of the Trade+1","Deep Breath+1","Master of Strategy+1","Impatience"],"special_seed":0,"relics":["Ring of the Snake","WarpedTongs","Shuriken","Mummified Hand","Pandora\u0027s Box","Bird Faced Urn","Matryoshka","Singing Bowl","Pantograph","MawBank","Art of War","WristBlade","Old Coin","Lantern","War Paint","Pocketwatch","Bottled Flame"],"potions_floor_usage":[24,56],"damage_taken":[{"damage":1.0,"enemies":"Small Slimes","floor":1.0,"turns":5.0},{"damage":1.0,"enemies":"Cultist","floor":2.0,"turns":4.0},{"damage":1.0,"enemies":"Jaw Worm","floor":4.0,"turns":2.0},{"damage":16.0,"enemies":"3 Sentries","floor":7.0,"turns":6.0},{"damage":2.0,"enemies":"Looter","floor":10.0,"turns":3.0},{"damage":1.0,"enemies":"3 Louse","floor":11.0,"turns":3.0},{"damage":0.0,"enemies":"Exordium Wildlife","floor":14.0,"turns":2.0},{"damage":6.0,"enemies":"Hexaghost","floor":16.0,"turns":11.0},{"damage":0.0,"enemies":"Spheric Guardian","floor":18.0,"turns":2.0},{"damage":0.0,"enemies":"Colosseum Slavers","floor":22.0,"turns":3.0},{"damage":0.0,"enemies":"Colosseum Nobs","floor":22.0,"turns":2.0},{"damage":8,"enemies":"Slavers","floor":24,"turns":5},{"damage":0,"enemies":"2 Thieves","floor":28,"turns":2},{"damage":16,"enemies":"Gremlin Leader","floor":29,"turns":3},{"damage":0,"enemies":"Champ","floor":33,"turns":5},{"damage":0,"enemies":"3 Shapes","floor":35,"turns":2},{"damage":0,"enemies":"Orb Walker","floor":37,"turns":2},{"damage":14,"enemies":"2 Orb Walkers","floor":38,"turns":2},{"damage":0,"enemies":"Nemesis","floor":40,"turns":3},{"damage":0,"enemies":"Jaw Worm Horde","floor":44,"turns":1},{"damage":0,"enemies":"Mind Bloom Boss Battle","floor":46,"turns":1},{"damage":0,"enemies":"Sphere and 2 Shapes","floor":48,"turns":1},{"damage":0,"enemies":"Awakened One","floor":50,"turns":2},{"damage":0,"enemies":"Donu and Deca","floor":51,"turns":1},{"damage":0,"enemies":"Shield and Spear","floor":55,"turns":1},{"damage":38,"enemies":"The Heart","floor":56,"turns":4}],"seed_played":"1970255201413576006","potions_obtained":[{"floor":1.0,"key":"Explosive Potion"},{"floor":2.0,"key":"Swift Potion"},{"floor":10.0,"key":"SkillPotion"},{"floor":29,"key":"Regen Potion"},{"floor":33,"key":"Strength Potion"}],"is_trial":false,"path_per_floor":["M","M","$","M","?","R","E","R","T","M","M","R","$","M","R","B",null,"M","$","?","?","?","R","E","R","T","R","M","E","?","?","R","B",null,"M","$","M","?","?","E","$","?","T","M","$","?","R","M","R","B","B",null,"R","$","E","B",null],"character_chosen":"THE_SILENT","items_purchased":["GhostInAJar","Master of Strategy","Impatience","GhostInAJar"],"campfire_rested":0,"item_purchase_floors":[19,45,54,54],"current_hp_per_floor":[58,57,57,56,56,56,40,40,40,38,37,37,37,37,37,31,57,57,57,57,39,39,39,41,41,41,41,47,41,41,41,41,76,78,81,81,83,71,71,81,81,75,75,85,85,95,95,97,97,97,97,97,97,97,99,62],"gold":37,"neow_bonus":"REMOVE_CARD","is_prod":false,"is_daily":false,"chose_seed":false,"campfire_upgraded":10,"win_rate":0,"timestamp":1550204047,"path_taken":["M","M","$","M","?","R","E","R","T","M","?","R","$","M","R","BOSS","M","$","?","?","?","R","E","R","T","R","?","E","?","?","R","BOSS","M","$","M","?","?","E","$","?","T","M","$","?","R","M","R","BOSS","BOSS","R","$","E","BOSS"],"build_version":"2019-01-23","purchased_purges":6,"victory":true,"max_hp_per_floor":[66,66,66,66,66,66,66,66,66,66,66,66,66,66,66,66,66,66,66,66,71,71,71,73,73,73,73,75,77,77,77,77,79,79,81,81,83,85,85,87,87,91,91,93,93,95,95,97,97,97,97,97,97,97,99,99],"card_choices":[{"not_picked":["Dodge and Roll","Dagger Throw"],"picked":"Backstab","floor":1.0},{"not_picked":["Dagger Spray","Acrobatics"],"picked":"Predator","floor":2.0},{"not_picked":["Underhanded Strike","Dagger Spray","Cloak And Dagger"],"picked":"SKIP","floor":4.0},{"not_picked":["All Out Attack","Dagger Spray"],"picked":"After Image","floor":7.0},{"not_picked":["Prepared","Skewer"],"picked":"Backflip","floor":10.0},{"not_picked":["PiercingWail","Flechettes"],"picked":"Well Laid Plans","floor":11.0},{"not_picked":["Expertise","All Out Attack"],"picked":"Blade Dance","floor":14.0},{"not_picked":["Envenom","Phantasmal Killer"],"picked":"Grand Finale","floor":16.0},{"not_picked":["Dagger Spray","Dash","PiercingWail"],"picked":"SKIP","floor":18.0},{"not_picked":["Flying Knee","Deflect","Slice"],"picked":"Singing Bowl","floor":24},{"not_picked":["Terror","Quick Slash","Bane"],"picked":"Singing Bowl","floor":28},{"not_picked":["Poisoned Stab","All Out Attack","Bane"],"picked":"Singing Bowl","floor":29},{"not_picked":["Corpse Explosion","Die Die Die","Phantasmal Killer"],"picked":"Singing Bowl","floor":33},{"not_picked":["Backflip+1","Dodge and Roll","PiercingWail"],"picked":"Singing Bowl","floor":35},{"not_picked":["All Out Attack+1","Prepared","Eviscerate"],"picked":"Singing Bowl","floor":37},{"not_picked":["Blur","Terror","Backflip+1"],"picked":"Singing Bowl","floor":38},{"not_picked":["Doppelganger","Expertise","Poisoned Stab"],"picked":"Singing Bowl","floor":40},{"not_picked":["Madness","Mayhem","PanicButton"],"picked":"Singing Bowl","floor":42},{"not_picked":["Bandage Up","Violence","Mind Blast"],"picked":"Singing Bowl","floor":42},{"not_picked":["Discovery","Jack Of All Trades"],"picked":"Deep Breath","floor":42},{"not_picked":["Prepared","Reflex","Backflip+1"],"picked":"Singing Bowl","floor":44},{"not_picked":["Sucker Punch","Accuracy","Skewer+1"],"picked":"Singing Bowl","floor":46},{"not_picked":["Prepared","Sucker Punch","Flechettes"],"picked":"Singing Bowl","floor":48},{"not_picked":["Die Die Die","Blade Dance+1","Bane"],"picked":"Singing Bowl","floor":55}],"player_experience":2764937,"relics_obtained":[{"floor":7.0,"key":"Shuriken"},{"floor":9.0,"key":"Mummified Hand"},{"floor":22.0,"key":"Bird Faced Urn"},{"floor":22.0,"key":"Matryoshka"},{"floor":24,"key":"Singing Bowl"},{"floor":26,"key":"Pantograph"},{"floor":26,"key":"MawBank"},{"floor":29,"key":"Art of War"},{"floor":38,"key":"Old Coin"},{"floor":40,"key":"Lantern"},{"floor":43,"key":"War Paint"},{"floor":46,"key":"Pocketwatch"},{"floor":55,"key":"Bottled Flame"}],"event_choices":[{"damage_healed":0.0,"max_hp_gain":0.0,"max_hp_loss":0.0,"gold_gain":0.0,"event_name":"Accursed Blacksmith","player_choice":"Rummage","floor":5.0,"gold_loss":0.0,"damage_taken":0.0,"relics_obtained":["WarpedTongs"],"cards_obtained":["Pain"]},{"cards_removed":["Unload"],"damage_healed":0.0,"max_hp_gain":0.0,"max_hp_loss":0.0,"gold_gain":0.0,"event_name":"Back to Basics","player_choice":"Elegance","floor":20.0,"gold_loss":0.0,"damage_taken":0.0},{"damage_healed":0.0,"max_hp_gain":5.0,"max_hp_loss":0.0,"gold_gain":0.0,"event_name":"Forgotten Altar","player_choice":"Shed Blood","floor":21.0,"gold_loss":0.0,"damage_taken":23.0},{"damage_healed":0.0,"max_hp_gain":0.0,"max_hp_loss":0.0,"gold_gain":0.0,"event_name":"Colosseum","player_choice":"Fight","floor":22.0,"gold_loss":0.0,"damage_taken":0.0},{"damage_healed":0.0,"max_hp_gain":0.0,"max_hp_loss":0.0,"gold_gain":0.0,"event_name":"Colosseum","player_choice":"Fought Nobs","floor":22.0,"gold_loss":0.0,"damage_taken":0.0},{"damage_healed":0,"gold_gain":0,"player_choice":"Ignored","damage_taken":0,"max_hp_gain":0,"max_hp_loss":0,"event_name":"The Mausoleum","floor":30,"gold_loss":0},{"cards_removed":["Sucker Punch"],"damage_healed":0,"gold_gain":0,"player_choice":"Gave Gold","damage_taken":0,"max_hp_gain":0,"max_hp_loss":0,"event_name":"Beggar","floor":31,"gold_loss":75},{"damage_healed":0,"gold_gain":0,"player_choice":"Fight","damage_taken":0,"max_hp_gain":0,"max_hp_loss":0,"event_name":"Mysterious Sphere","floor":38,"gold_loss":0},{"cards_removed":["Survivor"],"damage_healed":0,"gold_gain":0,"player_choice":"Removed Skill","damage_taken":0,"max_hp_gain":0,"max_hp_loss":0,"event_name":"Falling","floor":39,"gold_loss":0},{"damage_healed":0,"gold_gain":0,"player_choice":"Memory 3","damage_taken":10,"max_hp_gain":0,"max_hp_loss":0,"event_name":"SensoryStone","floor":42,"gold_loss":0},{"damage_healed":0,"gold_gain":0,"player_choice":"Fight","damage_taken":0,"max_hp_gain":0,"max_hp_loss":0,"event_name":"MindBloom","floor":46,"gold_loss":0}],"is_beta":false,"boss_relics":[{"not_picked":["White Beast Statue","Black Star"],"picked":"Pandora\u0027s Box"},{"not_picked":["Eternal Feather","Fusion Hammer"],"picked":"WristBlade"}],"items_purged_floors":[3,13,36,41,45,54],"is_endless":false,"potions_floor_spawned":[1,2,10,29,33,37,38,48],"ascension_level":20}