{"gold_per_floor":[118,43,43,43,43,43,81,96,96,21,21,21,37,77,77,170,170,183,183,98,98,98,98,18,18,71,107,125,125,143,166,166,259,259,272,172,196,196],"floor_reached":38,"playtime":927,"items_purged":["Strike_B","Defend_B"],"score":796,"play_id":"a5ef12fc-3329-4c0e-91b6-1b2fd06c7d82","local_time":"20190122122127","is_ascension_mode":true,"campfire_choices":[{"data":"Dualcast","floor":6.0,"key":"SMITH"},{"floor":12.0,"key":"REST"},{"data":"Reinforced Body","floor":15.0,"key":"SMITH"},{"data":"Consume","floor":23.0,"key":"SMITH"},{"data":"Capacitor","floor":29.0,"key":"SMITH"},{"floor":32.0,"key":"REST"}],"neow_cost":"NONE","seed_source_timestamp":6694091619539,"circlet_count":0,"master_deck":["AscendersBane","Defend_B","Defend_B","Zap+1","Dualcast+1","Ball Lightning","Electrodynamics","Coolheaded+1","Reinforced Body+1","Core Surge","Consume+1","Multi-Cast","Echo Form","Capacitor+1","Capacitor","Fission","Coolheaded"],"special_seed":0,"relics":["Cracked Core","Potion Belt","Golden Idol","Bag of Preparation","Regal Pillow","War Paint","Philosopher\u0027s Stone","Strawberry","Tiny Chest","Bag of Marbles","Runic Dome"],"potions_floor_usage":[],"damage_taken":[{"damage":0.0,"enemies":"2 Louse","floor":1.0,"turns":4.0},{"damage":32.0,"enemies":"Gremlin Nob","floor":7.0,"turns":4.0},{"damage":2.0,"enemies":"Jaw Worm","floor":8.0,"turns":2.0},{"damage":0.0,"enemies":"Small Slimes","floor":13.0,"turns":2.0},{"damage":13.0,"enemies":"3 Sentries","floor":14.0,"turns":4.0},{"damage":18.0,"enemies":"The Guardian","floor":16.0,"turns":12.0},{"damage":0.0,"enemies":"Chosen","floor":18.0,"turns":3.0},{"damage":21.0,"enemies":"Gremlin Leader","floor":27.0,"turns":4.0},{"damage":3.0,"enemies":"Spheric Guardian","floor":28.0,"turns":3.0},{"damage":15.0,"enemies":"Centurion and Healer","floor":30.0,"turns":3.0},{"damage":17.0,"enemies":"Snake Plant","floor":31.0,"turns":3.0},{"damage":16.0,"enemies":"Collector","floor":33.0,"turns":7.0},{"damage":12.0,"enemies":"Orb Walker","floor":35.0,"turns":4.0},{"damage":10,"enemies":"3 Shapes","floor":37,"turns":2},{"damage":21,"enemies":"Maw","floor":38,"turns":3}],"seed_played":"7920639615604876202","potions_obtained":[{"floor":8.0,"key":"Block Potion"},{"floor":13.0,"key":"PowerPotion"},{"floor":14.0,"key":"AttackPotion"},{"floor":16.0,"key":"Regen Potion"},{"floor":28.0,"key":"AttackPotion"},{"floor":31.0,"key":"FocusPotion"},{"floor":33.0,"key":"PowerPotion"},{"floor":35.0,"key":"SpeedPotion"}],"is_trial":false,"path_per_floor":["M","$","?","?","$","R","E","M","T","?","?","R","M","E","R","B",null,"M","?","?","$","?","R","$","?","T","E","M","R","M","M","R","B",null,"M","$","M","M"],"character_chosen":"DEFECT","items_purchased":["Capacitor"],"campfire_rested":2,"item_purchase_floors":[24],"current_hp_per_floor":[64,64,64,53,53,53,21,19,19,19,12,46,46,33,33,15,52,61,61,68,68,68,68,68,68,68,47,44,44,29,12,48,32,61,49,49,39,18],"gold":196,"neow_bonus":"RANDOM_COMMON_RELIC","is_prod":false,"is_daily":false,"chose_seed":false,"campfire_upgraded":4,"win_rate":0,"timestamp":1548130887,"path_taken":["M","$","?","?","?","R","E","M","T","?","?","R","?","E","R","BOSS","M","?","?","$","?","R","$","?","T","E","M","R","M","M","R","BOSS","M","$","M","?"],"build_version":"2019-01-17v2","purchased_purges":2,"victory":false,"max_hp_per_floor":[71,71,64,64,64,64,64,64,64,64,64,64,64,64,64,64,64,64,64,71,71,71,71,71,71,71,71,71,71,71,71,71,71,71,71,71,71,71],"card_choices":[{"not_picked":["Cold Snap","Stack"],"picked":"Ball Lightning","floor":1.0},{"not_picked":["Lockon","Self Repair"],"picked":"Electrodynamics","floor":7.0},{"not_picked":["Double Energy","Steam","Skim"],"picked":"SKIP","floor":8.0},{"not_picked":["Beam Cell","Heatsinks"],"picked":"Coolheaded","floor":13.0},{"not_picked":["Go for the Eyes","Barrage"],"picked":"Reinforced Body","floor":14.0},{"not_picked":["Meteor Strike","Echo Form"],"picked":"Core Surge","floor":16.0},{"not_picked":["Barrage+1","Steam"],"picked":"Consume","floor":18.0},{"not_picked":["Streamline","Gash","Cold Snap"],"picked":"SKIP","floor":27.0},{"not_picked":["Storm","Loop","Rebound"],"picked":"SKIP","floor":28.0},{"not_picked":["Stack","Redo"],"picked":"Capacitor","floor":30.0},{"not_picked":["Streamline","Rebound","Steam"],"picked":"SKIP","floor":31.0},{"not_picked":["Machine Learning","Hyperbeam"],"picked":"Fission","floor":33.0},{"not_picked":["Reinforced Body","Compile Driver+1"],"picked":"Coolheaded","floor":35.0},{"not_picked":["Sunder","Rip and Tear","Streamline"],"picked":"SKIP","floor":37}],"player_experience":2127915,"relics_obtained":[{"floor":7.0,"key":"Regal Pillow"},{"floor":14.0,"key":"War Paint"},{"floor":26.0,"key":"Tiny Chest"},{"floor":27.0,"key":"Bag of Marbles"}],"event_choices":[{"damage_healed":0.0,"max_hp_gain":0.0,"max_hp_loss":7.0,"gold_gain":0.0,"event_name":"Golden Idol","player_choice":"Lose Max HP","floor":3.0,"gold_loss":0.0,"damage_taken":0.0,"relics_obtained":["Golden Idol"]},{"damage_healed":0.0,"max_hp_gain":0.0,"max_hp_loss":0.0,"gold_gain":0.0,"event_name":"Scrap Ooze","player_choice":"Success","floor":4.0,"gold_loss":0.0,"damage_taken":11.0,"relics_obtained":["Bag of Preparation"]},{"cards_removed":["Strike_B"],"damage_healed":0.0,"max_hp_gain":0.0,"max_hp_loss":0.0,"gold_gain":0.0,"event_name":"The Cleric","player_choice":"Card Removal","floor":10.0,"gold_loss":75.0,"damage_taken":0.0},{"cards_removed":["Strike_B"],"damage_healed":0.0,"max_hp_gain":0.0,"max_hp_loss":0.0,"gold_gain":0.0,"event_name":"Golden Wing","player_choice":"Card Removal","floor":11.0,"gold_loss":0.0,"damage_taken":7.0},{"damage_healed":0.0,"max_hp_gain":0.0,"max_hp_loss":0.0,"gold_gain":0.0,"cards_transformed":["Strike_B","Defend_B"],"event_name":"Drug Dealer","player_choice":"Became Test Subject","floor":19.0,"gold_loss":0.0,"damage_taken":0.0,"cards_obtained":["Multi-Cast","Echo Form"]},{"damage_healed":0.0,"max_hp_gain":0.0,"max_hp_loss":0.0,"gold_gain":0.0,"event_name":"Addict","player_choice":"Obtained Relic","floor":20.0,"gold_loss":85.0,"damage_taken":0.0,"relics_obtained":["Strawberry"]},{"damage_healed":0.0,"max_hp_gain":0.0,"max_hp_loss":0.0,"gold_gain":0.0,"event_name":"The Mausoleum","player_choice":"Ignored","floor":22.0,"gold_loss":0.0,"damage_taken":0.0},{"damage_healed":0.0,"max_hp_gain":0.0,"max_hp_loss":0.0,"gold_gain":0.0,"event_name":"Match and Keep!","player_choice":"0 cards matched","floor":25.0,"gold_loss":0.0,"damage_taken":0.0,"cards_obtained":[]}],"is_beta":false,"boss_relics":[{"not_picked":["White Beast Statue","Ectoplasm"],"picked":"Philosopher\u0027s Stone"},{"not_picked":["Calling Bell","Tiny House"],"picked":"Runic Dome"}],"items_purged_floors":[2,36],"is_endless":false,"potions_floor_spawned":[8,13,14,16,28,31,33,35],"killed_by":"Maw","ascension_level":20}