{"gold_per_floor":[112,112,0,16,29,29,29,29,53,74,94,108,92,110,110,208,208,187,187,212,212],"floor_reached":21,"playtime":758,"items_purged":["Strike_G"],"score":500,"play_id":"99dfb038-bc3c-4622-b9c6-b89aeb9af5c1","local_time":"20181120194153","is_ascension_mode":true,"campfire_choices":[{"data":"Noxious Fumes","floor":6,"key":"SMITH"},{"data":"Burst","floor":8,"key":"SMITH"},{"data":"Catalyst","floor":15,"key":"SMITH"}],"neow_cost":"NONE","seed_source_timestamp":2840370902554,"circlet_count":0,"master_deck":["AscendersBane","Defend_G","Defend_G","Defend_G","Defend_G","Defend_G","Strike_G","Strike_G","Survivor","Neutralize","Noxious Fumes+1","Burst+1","Catalyst+1","Acrobatics","Acrobatics","Blur","Deadly Poison"],"relics":["Ring of the Snake","NeowsBlessing","Tingsha","Golden Idol","Dream Catcher","Empty Cage","Omamori"],"potions_floor_usage":[16,16],"damage_taken":[{"damage":0,"enemies":"Cultist","floor":1,"turns":1},{"damage":0,"enemies":"2 Louse","floor":4,"turns":1},{"damage":0,"enemies":"Jaw Worm","floor":5,"turns":1},{"damage":12,"enemies":"Lots of Slimes","floor":10,"turns":4},{"damage":14,"enemies":"Exordium Wildlife","floor":11,"turns":8},{"damage":15,"enemies":"Large Slime","floor":12,"turns":9},{"damage":12,"enemies":"Exordium Thugs","floor":13,"turns":5},{"damage":1,"enemies":"Looter","floor":14,"turns":5},{"damage":0,"enemies":"Hexaghost","floor":16,"turns":8},{"damage":12,"enemies":"2 Thieves","floor":18,"turns":4},{"damage":14,"enemies":"Spheric Guardian","floor":20,"turns":6},{"damage":23,"enemies":"Centurion and Healer","floor":21,"turns":5}],"seed_played":"3611497885279664876","potions_obtained":[{"floor":5,"key":"Weak Potion"},{"floor":10,"key":"Ancient Potion"},{"floor":12,"key":"Block Potion"},{"floor":14,"key":"Dexterity Potion"},{"floor":18,"key":"AttackPotion"}],"is_trial":false,"path_per_floor":["M","T","$","M","M","R","?","R","T","M","M","M","M","M","R","B",null,"M","?","M","M"],"character_chosen":"THE_SILENT","items_purchased":["Noxious Fumes"],"campfire_rested":0,"item_purchase_floors":[3],"current_hp_per_floor":[59,59,59,59,59,59,59,59,59,47,33,18,6,5,5,5,46,34,34,20,0],"gold":212,"neow_bonus":"THREE_ENEMY_KILL","is_prod":false,"is_daily":false,"chose_seed":false,"campfire_upgraded":3,"win_rate":0,"timestamp":1542714113,"path_taken":["M","?","$","M","?","R","?","R","T","M","M","M","M","M","R","BOSS","M","?","?","M"],"build_version":"2018-11-15","purchased_purges":1,"victory":false,"max_hp_per_floor":[66,66,66,66,66,66,60,60,60,60,60,60,60,60,60,60,60,60,60,60,60],"card_choices":[{"not_picked":["Sucker Punch","Dagger Spray","Dodge and Roll"],"picked":"SKIP","floor":1},{"not_picked":["Outmaneuver","Reflex"],"picked":"Burst","floor":4},{"not_picked":["Blade Dance","Predator","Endless Agony"],"picked":"SKIP","floor":5},{"not_picked":["Caltrops","Sucker Punch","Dagger Throw"],"picked":"SKIP","floor":10},{"not_picked":["Dagger Throw","Endless Agony"],"picked":"Catalyst","floor":11},{"not_picked":["Dash","Terror"],"picked":"Acrobatics","floor":12},{"not_picked":["PiercingWail","Flying Knee"],"picked":"Acrobatics","floor":13},{"not_picked":["Slice","Sucker Punch","Poisoned Stab"],"picked":"SKIP","floor":14},{"not_picked":["Blade Dance","Outmaneuver"],"picked":"Blur","floor":18},{"not_picked":["Dagger Spray","Finisher"],"picked":"Deadly Poison","floor":20}],"player_experience":1120387,"relics_obtained":[{"floor":2,"key":"Tingsha"},{"floor":9,"key":"Dream Catcher"}],"event_choices":[{"damage_healed":0,"gold_gain":0,"player_choice":"Lose Max HP","damage_taken":0,"relics_obtained":["Golden Idol"],"max_hp_gain":0,"max_hp_loss":6,"event_name":"Golden Idol","floor":7,"gold_loss":0},{"damage_healed":0,"gold_gain":0,"player_choice":"Gave Potion","damage_taken":0,"relics_obtained":["Omamori"],"max_hp_gain":0,"max_hp_loss":0,"event_name":"WeMeetAgain","floor":19,"gold_loss":0}],"is_beta":true,"boss_relics":[{"not_picked":["Busted Crown","Philosopher\u0027s Stone"],"picked":"Empty Cage"}],"items_purged_floors":[3],"is_endless":false,"potions_floor_spawned":[5,10,12,13,14,18],"killed_by":"Centurion and Healer","ascension_level":20}