{"gold_per_floor":[117,42,42,60,60,60,73,73,73,73,99,99,117,156,156,246,246,259,283,296,216,216,216,50,75,75,75,93,134,134,154,154,245,245,260,260,279,299,323,323,323,362,386,401,401,425,456,472,472,472,472,472,472,30,74,74],"floor_reached":57,"playtime":2877,"items_purged":["Strike_G","Strike_G","Strike_G","Defend_G"],"score":2868,"play_id":"c01e924b-c1df-4b39-84a6-67536f9e473a","local_time":"20190212220256","is_ascension_mode":true,"campfire_choices":[{"data":"Neutralize","floor":6.0,"key":"SMITH"},{"data":"Deadly Poison","floor":8.0,"key":"SMITH"},{"data":"Survivor","floor":10.0,"key":"SMITH"},{"data":"Deadly Poison","floor":15.0,"key":"SMITH"},{"data":"Caltrops","floor":23.0,"key":"SMITH"},{"data":"Well Laid Plans","floor":27.0,"key":"SMITH"},{"data":"Defend_G","floor":32.0,"key":"SMITH"},{"data":"Catalyst","floor":40.0,"key":"SMITH"},{"floor":49.0,"key":"RECALL"},{"data":"Backflip","floor":53.0,"key":"SMITH"}],"neow_cost":"NONE","seed_source_timestamp":41187647365705,"circlet_count":0,"master_deck":["AscendersBane","Defend_G+1","Defend_G","Defend_G+1","Defend_G","Strike_G+1","Survivor+1","Neutralize+1","Deadly Poison+1","Deadly Poison+1","After Image","After Image","Caltrops+1","Well Laid Plans+1","Backflip+1","Malaise","Catalyst+1","Catalyst+1","Backflip+1","Escape Plan"],"special_seed":0,"relics":["Ring of the Snake","NeowsBlessing","Golden Idol","Question Card","Odd Mushroom","The Courier","Busted Crown","Bag of Preparation","Torii","Anchor","Cursed Key","FossilizedHelix","Lantern","Paper Crane","Du-Vu Doll"],"potions_floor_usage":[],"damage_taken":[{"damage":0.0,"enemies":"2 Louse","floor":1.0,"turns":1.0},{"damage":0.0,"enemies":"Small Slimes","floor":4.0,"turns":1.0},{"damage":0.0,"enemies":"Jaw Worm","floor":7.0,"turns":1.0},{"damage":21.0,"enemies":"The Mushroom Lair","floor":11.0,"turns":7.0},{"damage":5.0,"enemies":"Gremlin Gang","floor":13.0,"turns":5.0},{"damage":7.0,"enemies":"Lagavulin","floor":14.0,"turns":7.0},{"damage":21.0,"enemies":"The Guardian","floor":16.0,"turns":9.0},{"damage":0.0,"enemies":"Chosen","floor":18.0,"turns":6.0},{"damage":4.0,"enemies":"3 Byrds","floor":19.0,"turns":3.0},{"damage":4.0,"enemies":"Centurion and Healer","floor":20.0,"turns":11.0},{"damage":1.0,"enemies":"Chosen and Byrds","floor":25.0,"turns":5.0},{"damage":0.0,"enemies":"Snake Plant","floor":28.0,"turns":4.0},{"damage":44.0,"enemies":"Gremlin Leader","floor":29.0,"turns":10.0},{"damage":1.0,"enemies":"Shelled Parasite and Fungi","floor":31.0,"turns":4.0},{"damage":2.0,"enemies":"Champ","floor":33.0,"turns":16.0},{"damage":8.0,"enemies":"3 Darklings","floor":35.0,"turns":7.0},{"damage":0.0,"enemies":"Orb Walker","floor":37.0,"turns":3.0},{"damage":0.0,"enemies":"Sphere and 2 Shapes","floor":38.0,"turns":7.0},{"damage":0.0,"enemies":"4 Shapes","floor":39.0,"turns":9.0},{"damage":0.0,"enemies":"Nemesis","floor":42.0,"turns":5.0},{"damage":0.0,"enemies":"Spire Growth","floor":44.0,"turns":4.0},{"damage":0.0,"enemies":"Maw","floor":46.0,"turns":6.0},{"damage":0.0,"enemies":"Giant Head","floor":47.0,"turns":5.0},{"damage":0.0,"enemies":"Sphere and 2 Shapes","floor":48.0,"turns":5.0},{"damage":0.0,"enemies":"Time Eater","floor":50.0,"turns":8.0},{"damage":19.0,"enemies":"Awakened One","floor":51.0,"turns":20.0},{"damage":7.0,"enemies":"Shield and Spear","floor":55.0,"turns":11.0},{"damage":9,"enemies":"The Heart","floor":56,"turns":8}],"seed_played":"6786476787656856209","potions_obtained":[{"floor":1.0,"key":"SteroidPotion"},{"floor":11.0,"key":"AttackPotion"},{"floor":19.0,"key":"SteroidPotion"},{"floor":25.0,"key":"LiquidBronze"},{"floor":28.0,"key":"Regen Potion"},{"floor":33.0,"key":"Weak Potion"},{"floor":41.0,"key":"Fruit Juice"},{"floor":41.0,"key":"SkillPotion"},{"floor":44.0,"key":"Energy Potion"},{"floor":48.0,"key":"SkillPotion"}],"is_trial":false,"path_per_floor":["M","$","?","M","?","R","M","R","T","R","?","?","M","E","R","B",null,"M","M","M","$","?","R","$","M","T","R","M","E","?","M","R","B",null,"M","?","M","M","M","R","?","E","T","M","?","M","E","M","R","B","B",null,"R","$","E","B",null],"character_chosen":"THE_SILENT","items_purchased":["Well Laid Plans","Paper Crane","Block Potion","GhostInAJar"],"campfire_rested":0,"item_purchase_floors":[24,54,54,54],"current_hp_per_floor":[59,59,39,39,39,39,39,39,39,39,18,38,33,26,26,5,46,46,42,38,38,38,38,38,37,37,37,37,8,8,7,7,5,46,38,38,38,38,38,38,43,43,43,43,43,43,43,43,43,43,24,55,55,55,48,39],"gold":74,"neow_bonus":"THREE_ENEMY_KILL","is_prod":false,"is_daily":false,"chose_seed":false,"campfire_upgraded":9,"win_rate":0,"timestamp":1549980176,"path_taken":["M","$","?","M","?","R","M","R","T","R","?","?","?","E","R","BOSS","M","M","?","?","?","R","$","?","T","R","?","E","?","M","R","BOSS","M","?","M","M","?","R","?","E","T","?","?","M","E","M","R","BOSS","BOSS","R","$","E","BOSS"],"build_version":"2019-01-23","purchased_purges":4,"victory":true,"max_hp_per_floor":[66,66,66,66,60,60,60,60,60,60,60,60,60,60,60,60,60,60,60,60,60,60,60,60,60,60,60,60,60,60,60,60,60,60,60,60,60,60,60,60,65,65,65,65,65,65,65,65,65,65,65,65,65,65,65,65],"card_choices":[{"not_picked":["Setup","Heel Hook","Acrobatics"],"picked":"SKIP","floor":1.0},{"not_picked":["Finisher","Outmaneuver","Dagger Spray"],"picked":"SKIP","floor":4.0},{"not_picked":["Calculated Gamble","Bane"],"picked":"Deadly Poison","floor":7.0},{"not_picked":["Sucker Punch","Tactician","Deflect"],"picked":"Deadly Poison","floor":11.0},{"not_picked":["Cloak And Dagger","PiercingWail","Dagger Throw","Reflex"],"picked":"SKIP","floor":13.0},{"not_picked":["Poisoned Stab","Blade Dance","Backflip"],"picked":"After Image","floor":14.0},{"not_picked":["Corpse Explosion","Burst","Die Die Die"],"picked":"After Image","floor":16.0},{"not_picked":["Concentrate"],"picked":"Caltrops","floor":18.0},{"not_picked":["Slice"],"picked":"Acrobatics","floor":19.0},{"not_picked":["Backstab+1","Masterful Stab+1"],"picked":"SKIP","floor":20.0},{"not_picked":["Dodge and Roll"],"picked":"Backflip","floor":25.0},{"not_picked":["Setup","Poisoned Stab"],"picked":"SKIP","floor":28.0},{"not_picked":["Concentrate","Poisoned Stab"],"picked":"SKIP","floor":29.0},{"not_picked":["Flying Knee","Concentrate"],"picked":"SKIP","floor":31.0},{"not_picked":["Tools of the Trade"],"picked":"Malaise","floor":33.0},{"not_picked":["Slice+1"],"picked":"Catalyst+1","floor":35.0},{"not_picked":["Acrobatics"],"picked":"Catalyst","floor":37.0},{"not_picked":["Concentrate","Quick Slash+1"],"picked":"SKIP","floor":38.0},{"not_picked":["Underhanded Strike","Quick Slash"],"picked":"SKIP","floor":39.0},{"not_picked":["Dagger Throw","Quick Slash"],"picked":"SKIP","floor":42.0},{"not_picked":["Endless Agony","Flechettes"],"picked":"SKIP","floor":44.0},{"not_picked":["Prepared","Envenom"],"picked":"SKIP","floor":46.0},{"not_picked":["PiercingWail+1"],"picked":"Backflip","floor":47.0},{"not_picked":["PiercingWail","Poisoned Stab"],"picked":"SKIP","floor":48.0},{"not_picked":["Dodge and Roll"],"picked":"Escape Plan","floor":55.0}],"player_experience":2661999,"relics_obtained":[{"floor":9.0,"key":"Question Card"},{"floor":11.0,"key":"Odd Mushroom"},{"floor":14.0,"key":"The Courier"},{"floor":26.0,"key":"Torii"},{"floor":29.0,"key":"Anchor"},{"floor":42.0,"key":"FossilizedHelix"},{"floor":47.0,"key":"Lantern"},{"floor":55.0,"key":"Du-Vu Doll"}],"event_choices":[{"damage_healed":0.0,"max_hp_gain":0.0,"max_hp_loss":0.0,"gold_gain":0.0,"event_name":"Shining Light","player_choice":"Entered Light","floor":3.0,"gold_loss":0.0,"damage_taken":20.0,"cards_upgraded":["Strike_G","Defend_G"]},{"damage_healed":0.0,"max_hp_gain":0.0,"max_hp_loss":6.0,"gold_gain":0.0,"event_name":"Golden Idol","player_choice":"Lose Max HP","floor":5.0,"gold_loss":0.0,"damage_taken":0.0,"relics_obtained":["Golden Idol"]},{"damage_healed":0.0,"max_hp_gain":0.0,"max_hp_loss":0.0,"gold_gain":0.0,"event_name":"Mushrooms","player_choice":"Fought Mushrooms","floor":11.0,"gold_loss":0.0,"damage_taken":0.0},{"damage_healed":20.0,"max_hp_gain":0.0,"max_hp_loss":0.0,"gold_gain":0.0,"event_name":"Big Fish","player_choice":"Banana","floor":12.0,"gold_loss":0.0,"damage_taken":0.0},{"cards_removed":["Acrobatics"],"damage_healed":0.0,"max_hp_gain":0.0,"max_hp_loss":0.0,"gold_gain":0.0,"event_name":"WeMeetAgain","player_choice":"Gave Card","floor":22.0,"gold_loss":0.0,"damage_taken":0.0,"relics_obtained":["Bag of Preparation"]},{"damage_healed":0.0,"max_hp_gain":0.0,"max_hp_loss":0.0,"gold_gain":0.0,"event_name":"Upgrade Shrine","player_choice":"Upgraded","floor":30.0,"gold_loss":0.0,"damage_taken":0.0,"cards_upgraded":["Backflip"]},{"cards_removed":["Strike_G"],"damage_healed":0.0,"max_hp_gain":0.0,"max_hp_loss":0.0,"gold_gain":0.0,"event_name":"Purifier","player_choice":"Purged","floor":36.0,"gold_loss":0.0,"damage_taken":0.0},{"damage_healed":0.0,"max_hp_gain":0.0,"max_hp_loss":0.0,"gold_gain":0.0,"event_name":"Lab","player_choice":"Got Potions","floor":41.0,"gold_loss":0.0,"damage_taken":0.0},{"cards_removed":["Doubt"],"damage_healed":0.0,"max_hp_gain":0.0,"max_hp_loss":0.0,"gold_gain":0.0,"event_name":"Purifier","player_choice":"Purged","floor":45.0,"gold_loss":0.0,"damage_taken":0.0}],"is_beta":false,"boss_relics":[{"not_picked":["Snecko Eye","Calling Bell"],"picked":"Busted Crown"},{"not_picked":["WristBlade","Pandora\u0027s Box"],"picked":"Cursed Key"}],"items_purged_floors":[2,21,24,54],"is_endless":false,"potions_floor_spawned":[1,11,19,25,28,33,38,44,47,48],"ascension_level":20}