{"gold_per_floor":[116,41,41,41,316,336,370,370,370,388,388,1,1,27,27,101,101,111,123,123],"floor_reached":20,"playtime":484,"items_purged":["Strike_B"],"score":510,"play_id":"cffc3fb1-fbf0-4534-98ba-fdc02a0c74fa","local_time":"20190425044031","is_ascension_mode":true,"campfire_choices":[{"data":"Consume","floor":8.0,"key":"SMITH"},{"data":"Capacitor","floor":11.0,"key":"SMITH"},{"data":"Dualcast","floor":13.0,"key":"SMITH"},{"data":"Rainbow","floor":15.0,"key":"SMITH"}],"neow_cost":"NONE","seed_source_timestamp":217543445829923,"circlet_count":0,"master_deck":["AscendersBane","Strike_B","Strike_B","Defend_B","Defend_B","Defend_B","Zap","Dualcast+1","Turbo","Regret","Recycle","Consume+1","Capacitor+1","Rainbow+1","Blur","After Image","Outmaneuver+1","Exhume"],"special_seed":0,"relics":["Cracked Core","NeowsBlessing","Dodecahedron","Blue Candle","PrismaticShard","FossilizedHelix","Runic Pyramid"],"potions_floor_usage":[19,20],"damage_taken":[{"damage":0.0,"enemies":"2 Louse","floor":1.0,"turns":1.0},{"damage":0.0,"enemies":"Small Slimes","floor":6.0,"turns":1.0},{"damage":0.0,"enemies":"Lagavulin","floor":7.0,"turns":1.0},{"damage":3.0,"enemies":"Cultist","floor":10.0,"turns":4.0},{"damage":47.0,"enemies":"Gremlin Nob","floor":14.0,"turns":5.0},{"damage":1.0,"enemies":"The Guardian","floor":16.0,"turns":10.0},{"damage":10,"enemies":"Chosen","floor":18,"turns":6},{"damage":40,"enemies":"3 Byrds","floor":19,"turns":6},{"damage":8,"enemies":"Snake Plant","floor":20,"turns":3}],"seed_played":"6146395959392445563","potions_obtained":[{"floor":6.0,"key":"FocusPotion"},{"floor":7.0,"key":"Weak Potion"},{"floor":14.0,"key":"FearPotion"},{"floor":18,"key":"Block Potion"},{"floor":19,"key":"Regen Potion"}],"is_trial":false,"path_per_floor":["M","?","?","$","?","M","E","R","T","M","R","$","R","E","R","B",null,"M","M","M"],"character_chosen":"DEFECT","items_purchased":["PrismaticShard","Rainbow"],"campfire_rested":0,"item_purchase_floors":[12,12],"current_hp_per_floor":[64,64,57,57,57,57,57,57,57,54,54,54,54,7,7,6,55,45,5,6],"gold":123,"neow_bonus":"THREE_ENEMY_KILL","is_prod":false,"is_daily":false,"chose_seed":false,"campfire_upgraded":4,"win_rate":0,"timestamp":1556138431,"path_taken":["M","?","?","$","?","M","E","R","T","?","R","?","R","E","R","BOSS","M","M","M"],"build_version":"2019-01-23","purchased_purges":1,"victory":false,"max_hp_per_floor":[71,71,71,71,71,71,71,71,71,71,71,71,71,71,71,71,71,71,71,71],"card_choices":[{"not_picked":["Compile Driver","Go for the Eyes"],"picked":"Turbo","floor":1.0},{"not_picked":["Cold Snap","Chaos"],"picked":"Recycle","floor":6.0},{"not_picked":["Capacitor","Redo"],"picked":"Consume","floor":7.0},{"not_picked":["Reprogram","Fission"],"picked":"Capacitor","floor":10.0},{"not_picked":["Infinite Blades","Turbo"],"picked":"Blur","floor":14.0},{"not_picked":["Malaise","Offering"],"picked":"After Image","floor":16.0},{"not_picked":["Shrug It Off","Rebound"],"picked":"Outmaneuver+1","floor":18},{"not_picked":["Thunderclap","Havoc"],"picked":"Exhume","floor":19}],"player_experience":4509382,"relics_obtained":[{"floor":7.0,"key":"Dodecahedron"},{"floor":9.0,"key":"Blue Candle"},{"floor":14.0,"key":"FossilizedHelix"}],"event_choices":[{"cards_removed":["Strike_B"],"damage_healed":0.0,"max_hp_gain":0.0,"max_hp_loss":0.0,"gold_gain":0.0,"event_name":"The Cleric","player_choice":"Card Removal","floor":2.0,"gold_loss":75.0,"damage_taken":0.0},{"cards_removed":["Defend_B"],"damage_healed":0.0,"max_hp_gain":0.0,"max_hp_loss":0.0,"gold_gain":0.0,"event_name":"Golden Wing","player_choice":"Card Removal","floor":3.0,"gold_loss":0.0,"damage_taken":7.0},{"damage_healed":0.0,"max_hp_gain":0.0,"max_hp_loss":0.0,"gold_gain":275.0,"event_name":"Golden Shrine","player_choice":"Desecrate","floor":5.0,"gold_loss":0.0,"damage_taken":0.0,"cards_obtained":["Regret"]}],"is_beta":false,"boss_relics":[{"not_picked":["Nuclear Battery","Pandora\u0027s Box"],"picked":"Runic Pyramid"}],"items_purged_floors":[12],"is_endless":false,"potions_floor_spawned":[6,7,14,18,19],"killed_by":"Snake Plant","ascension_level":20}