{"gold_per_floor":[112,122,122,72,72,72,100,115,115,179,179,255,255,275,275,379,379,394,174,188,203,103,135,135,135,135,50,50,70,70,70,70,173,173,185,185,185,199,218,218,237,237,237,112,112,132,147,164,164,164],"floor_reached":51,"playtime":2276,"items_purged":["Strike_B","Zap","Strike_B"],"score":665,"play_id":"ad0624e9-2550-4b08-ba16-06e53fdf0697","local_time":"20190717161739","is_ascension_mode":false,"campfire_choices":[{"data":"Hyperbeam","floor":6.0,"key":"SMITH"},{"data":"Dualcast","floor":11.0,"key":"SMITH"},{"data":"1","floor":13.0,"key":"LIFT"},{"data":"2","floor":15.0,"key":"LIFT"},{"data":"3","floor":24.0,"key":"LIFT"},{"floor":28.0,"key":"REST"},{"data":"Recycle","floor":30.0,"key":"SMITH"},{"data":"Panacea","floor":32.0,"key":"SMITH"},{"data":"Impatience","floor":40.0,"key":"SMITH"},{"data":"Panacea","floor":42.0,"key":"SMITH"},{"data":"Reboot","floor":49,"key":"SMITH"}],"neow_cost":"NONE","seed_source_timestamp":24774649807136,"circlet_count":0,"master_deck":["Defend_B","Defend_B","Defend_B","Defend_B","Dualcast+1","Hyperbeam+1","BootSequence","Chill","Auto Shields","Reboot+1","Recycle+1","Echo Form","Coolheaded+1","Self Repair","Panacea+1","Core Surge","Trip","Impatience+1","Panacea+1","Skim+1","Skim+1"],"special_seed":0,"relics":["Cracked Core","Symbiotic Virus","Strawberry","Girya","Question Card","Cursed Key","Bag of Marbles","Blood Vial","Anchor","Runic Dome","Dodecahedron"],"potions_floor_usage":[],"damage_taken":[{"damage":0.0,"enemies":"2 Louse","floor":1.0,"turns":1.0},{"damage":0.0,"enemies":"Jaw Worm","floor":2.0,"turns":2.0},{"damage":39.0,"enemies":"Gremlin Nob","floor":7.0,"turns":5.0},{"damage":0.0,"enemies":"Small Slimes","floor":8.0,"turns":2.0},{"damage":0.0,"enemies":"3 Sentries","floor":10.0,"turns":2.0},{"damage":0.0,"enemies":"3 Louse","floor":14.0,"turns":2.0},{"damage":40.0,"enemies":"Hexaghost","floor":16.0,"turns":10.0},{"damage":0.0,"enemies":"3 Byrds","floor":18.0,"turns":3.0},{"damage":0.0,"enemies":"Chosen","floor":20.0,"turns":3.0},{"damage":9.0,"enemies":"Sentry and Sphere","floor":21.0,"turns":4.0},{"damage":6.0,"enemies":"Slavers","floor":23.0,"turns":2.0},{"damage":0.0,"enemies":"Snake Plant","floor":29.0,"turns":2.0},{"damage":35.0,"enemies":"Champ","floor":33.0,"turns":13.0},{"damage":4.0,"enemies":"3 Darklings","floor":35.0,"turns":3.0},{"damage":0.0,"enemies":"3 Shapes","floor":38.0,"turns":1.0},{"damage":27.0,"enemies":"3 Darklings","floor":39.0,"turns":3.0},{"damage":0.0,"enemies":"Spire Growth","floor":41.0,"turns":3.0},{"damage":0,"enemies":"Maw","floor":46,"turns":6},{"damage":0,"enemies":"Transient","floor":47,"turns":5},{"damage":0,"enemies":"4 Shapes","floor":48,"turns":3},{"damage":41,"enemies":"Awakened One","floor":50,"turns":5}],"seed_played":"-3874798850156045959","potions_obtained":[{"floor":1.0,"key":"Poison Potion"},{"floor":7.0,"key":"FearPotion"},{"floor":8.0,"key":"SteroidPotion"},{"floor":16.0,"key":"SpeedPotion"},{"floor":23.0,"key":"FairyPotion"},{"floor":35.0,"key":"SpeedPotion"},{"floor":47,"key":"SpeedPotion"}],"is_trial":false,"path_per_floor":["M","M","?","?","?","R","E","M","T","?","R","T","R","M","R","B",null,"M","$","M","M","$","E","R","?","T","?","R","M","R","?","R","B",null,"M","?","?","M","M","R","M","R","T","$","?","M","M","M","R","B",null],"character_chosen":"DEFECT","items_purchased":["Bag of Marbles"],"campfire_rested":1,"item_purchase_floors":[19],"current_hp_per_floor":[75,75,75,75,75,75,36,36,43,43,43,43,43,43,43,3,82,82,82,82,73,73,67,67,51,51,51,77,79,79,79,79,53,87,87,77,77,86,74,74,83,83,83,83,83,87,87,87,87,46],"gold":164,"neow_bonus":"ONE_RANDOM_RARE_CARD","is_prod":false,"is_daily":false,"chose_seed":false,"campfire_upgraded":7,"win_rate":0,"timestamp":1563351459,"path_taken":["M","M","?","?","?","R","E","M","T","?","R","?","R","?","R","BOSS","M","$","M","M","$","E","R","?","T","?","R","M","R","?","R","BOSS","M","?","?","M","M","R","M","R","T","?","?","?","M","M","R","BOSS"],"build_version":"2019-07-05","purchased_purges":3,"victory":true,"max_hp_per_floor":[75,75,75,75,75,75,75,75,82,82,82,82,82,82,82,82,82,82,82,82,82,82,82,82,87,87,87,87,87,87,87,87,87,87,87,87,87,87,87,87,87,87,87,87,87,87,87,87,87,87],"card_choices":[{"not_picked":["Redo","Scrape"],"picked":"BootSequence","floor":1.0},{"not_picked":["Redo","Rebound"],"picked":"Chill","floor":2.0},{"not_picked":["Ball Lightning","Blizzard","Barrage"],"picked":"SKIP","floor":7.0},{"not_picked":["Barrage","Hologram"],"picked":"Auto Shields","floor":8.0},{"not_picked":["Chill","Conserve Battery"],"picked":"Reboot","floor":10.0},{"not_picked":["Compile Driver","BootSequence","Lockon"],"picked":"Recycle","floor":14.0},{"not_picked":["Fission","All For One","Electrodynamics"],"picked":"Echo Form","floor":16.0},{"not_picked":["Hologram","Steam Power","Storm"],"picked":"Coolheaded+1","floor":18.0},{"not_picked":["BootSequence+1","Ball Lightning","Heatsinks","Static Discharge"],"picked":"SKIP","floor":20.0},{"not_picked":["White Noise","Go for the Eyes","Coolheaded","Redo"],"picked":"SKIP","floor":21.0},{"not_picked":["Steam+1","FTL","Capacitor+1","Static Discharge"],"picked":"SKIP","floor":23.0},{"not_picked":["Steam+1","Capacitor+1","Static Discharge"],"picked":"FTL","floor":23.0},{"not_picked":["Cold Snap","Barrage","Force Field","Ball Lightning"],"picked":"SKIP","floor":29.0},{"not_picked":["Stack","Turbo+1","Sweeping Beam+1","Blizzard+1"],"picked":"SKIP","floor":35.0},{"not_picked":["Blind","Mayhem","Madness"],"picked":"Trip","floor":36.0},{"not_picked":["Chrysalis","Blind","Jack Of All Trades"],"picked":"Impatience","floor":36.0},{"not_picked":["Transmutation","Chrysalis","Secret Weapon"],"picked":"Panacea","floor":36.0},{"not_picked":["Conserve Battery","Melter+1","Ball Lightning+1"],"picked":"Skim+1","floor":38.0},{"not_picked":["Streamline","Loop+1","Glacier"],"picked":"Skim+1","floor":39.0},{"not_picked":["Hologram","Barrage","Blizzard+1","Redo+1"],"picked":"SKIP","floor":41.0},{"not_picked":["Redo","Coolheaded+1","Streamline+1","Cold Snap"],"picked":"SKIP","floor":46},{"not_picked":["Turbo","Auto Shields","All For One","Self Repair+1"],"picked":"SKIP","floor":47},{"not_picked":["Redo","Consume","Defragment","Cold Snap+1"],"picked":"SKIP","floor":48}],"player_experience":5758121,"relics_obtained":[{"floor":7.0,"key":"Symbiotic Virus"},{"floor":9.0,"key":"Strawberry"},{"floor":10.0,"key":"Girya"},{"floor":12.0,"key":"Question Card"},{"floor":23.0,"key":"Blood Vial"}],"event_choices":[{"damage_healed":0.0,"max_hp_gain":0.0,"max_hp_loss":0.0,"gold_gain":0.0,"event_name":"Liars Game","player_choice":"Ignored","floor":3.0,"gold_loss":0.0,"damage_taken":0.0},{"cards_removed":["Strike_B"],"damage_healed":0.0,"max_hp_gain":0.0,"max_hp_loss":0.0,"gold_gain":0.0,"event_name":"The Cleric","player_choice":"Card Removal","floor":4.0,"gold_loss":50.0,"damage_taken":0.0},{"cards_removed":["Strike_B"],"damage_healed":0.0,"max_hp_gain":0.0,"max_hp_loss":0.0,"gold_gain":0.0,"event_name":"Living Wall","player_choice":"Forget","floor":5.0,"gold_loss":0.0,"damage_taken":0.0},{"damage_healed":0.0,"max_hp_gain":0.0,"max_hp_loss":0.0,"gold_gain":0.0,"event_name":"Dead Adventurer","player_choice":"Searched \u00271\u0027 times","floor":10.0,"gold_loss":0.0,"damage_taken":0.0},{"damage_healed":0.0,"max_hp_gain":5.0,"max_hp_loss":0.0,"gold_gain":0.0,"event_name":"Forgotten Altar","player_choice":"Shed Blood","floor":25.0,"gold_loss":0.0,"damage_taken":21.0},{"damage_healed":0.0,"max_hp_gain":0.0,"max_hp_loss":0.0,"gold_gain":0.0,"event_name":"Addict","player_choice":"Obtained Relic","floor":27.0,"gold_loss":85.0,"damage_taken":0.0,"relics_obtained":["Anchor"]},{"damage_healed":0.0,"max_hp_gain":0.0,"max_hp_loss":0.0,"gold_gain":0.0,"event_name":"Match and Keep!","player_choice":"3 cards matched","floor":31.0,"gold_loss":0.0,"damage_taken":0.0,"cards_obtained":["Self Repair","Panacea","Core Surge"]},{"damage_healed":0.0,"max_hp_gain":0.0,"max_hp_loss":0.0,"gold_gain":0.0,"event_name":"Match and Keep!","player_choice":"3 cards matched","floor":31.0,"gold_loss":0.0,"damage_taken":0.0,"cards_obtained":["Self Repair","Panacea","Core Surge"]},{"damage_healed":0.0,"max_hp_gain":0.0,"max_hp_loss":0.0,"gold_gain":0.0,"event_name":"SensoryStone","player_choice":"Memory 3","floor":36.0,"gold_loss":0.0,"damage_taken":10.0},{"cards_removed":["FTL"],"damage_healed":0.0,"max_hp_gain":0.0,"max_hp_loss":0.0,"gold_gain":0.0,"event_name":"Falling","player_choice":"Removed Attack","floor":37.0,"gold_loss":0.0,"damage_taken":0.0},{"damage_healed":0,"gold_gain":0,"player_choice":"Gave Potion","damage_taken":0,"relics_obtained":["Dodecahedron"],"max_hp_gain":0,"max_hp_loss":0,"event_name":"WeMeetAgain","floor":45,"gold_loss":0}],"is_beta":false,"boss_relics":[{"not_picked":["Calling Bell","Ectoplasm"],"picked":"Cursed Key"},{"not_picked":["Orrery","White Beast Statue"],"picked":"Runic Dome"}],"items_purged_floors":[19,22,44],"is_endless":false,"potions_floor_spawned":[1,7,8,16,20,23,29,35,39,47,48],"ascension_level":0}