{"gold_per_floor":[119,119,143,175,187,199,244,256,268,303,338,373,385],"floor_reached":13,"playtime":207,"items_purged":[],"score":220,"play_id":"e586c8ce-36cf-4481-8fa9-33710d627e75","local_time":"20181120151125","is_ascension_mode":true,"campfire_choices":[{"data":"Zap","floor":6,"key":"SMITH"},{"data":"Dualcast","floor":8,"key":"SMITH"}],"neow_cost":"NONE","seed_source_timestamp":1743650273323379,"circlet_count":0,"master_deck":["AscendersBane","Strike_B","Strike_B","Strike_B","Strike_B","Defend_B","Defend_B","Defend_B","Defend_B","Zap+1","Dualcast+1","Coolheaded+1","Reinforced Body+1"],"relics":["Cracked Core","NeowsBlessing","MawBank","Golden Idol","Toxic Egg 2","The Courier"],"potions_floor_usage":[],"damage_taken":[{"damage":0,"enemies":"2 Louse","floor":1,"turns":1},{"damage":0,"enemies":"Jaw Worm","floor":4,"turns":1},{"damage":0,"enemies":"3 Sentries","floor":7,"turns":1},{"damage":2,"enemies":"Small Slimes","floor":10,"turns":3},{"damage":27,"enemies":"Exordium Thugs","floor":11,"turns":5},{"damage":4,"enemies":"2 Fungi Beasts","floor":12,"turns":3},{"damage":0,"enemies":"Gremlin Nob","floor":13,"turns":2}],"seed_played":"4986228228081656814","potions_obtained":[{"floor":4,"key":"Strength Potion"},{"floor":7,"key":"SteroidPotion"}],"is_trial":false,"path_per_floor":["M","?","T","M","?","R","E","R","T","M","M","M","E"],"character_chosen":"DEFECT","items_purchased":[],"campfire_rested":0,"item_purchase_floors":[],"current_hp_per_floor":[64,69,69,69,43,43,43,43,43,41,14,10,10],"gold":385,"neow_bonus":"THREE_ENEMY_KILL","is_prod":false,"is_daily":false,"chose_seed":false,"campfire_upgraded":2,"win_rate":0,"timestamp":1542697885,"path_taken":["M","?","?","M","?","R","E","R","T","M","?","M","E"],"build_version":"2018-11-15","purchased_purges":0,"victory":false,"max_hp_per_floor":[71,76,76,76,76,76,76,76,76,76,76,76,76],"card_choices":[{"not_picked":["Go for the Eyes","Storm","Melter"],"picked":"SKIP","floor":1},{"not_picked":["Cold Snap","Sweeping Beam","Ball Lightning"],"picked":"SKIP","floor":4},{"not_picked":["Conserve Battery","Skim"],"picked":"Coolheaded","floor":7},{"not_picked":["Melter","Beam Cell","Leap+1"],"picked":"SKIP","floor":10},{"not_picked":["Cold Snap","Barrage","Ball Lightning"],"picked":"SKIP","floor":11},{"not_picked":["Gash","Doom and Gloom"],"picked":"Reinforced Body+1","floor":12}],"player_experience":577209,"relics_obtained":[{"floor":3,"key":"MawBank"},{"floor":7,"key":"Toxic Egg 2"},{"floor":9,"key":"The Courier"}],"event_choices":[{"damage_healed":0,"gold_gain":0,"player_choice":"Donut","damage_taken":0,"max_hp_gain":5,"max_hp_loss":0,"event_name":"Big Fish","floor":2,"gold_loss":0},{"damage_healed":0,"gold_gain":0,"player_choice":"Take Damage","damage_taken":26,"relics_obtained":["Golden Idol"],"max_hp_gain":0,"max_hp_loss":0,"event_name":"Golden Idol","floor":5,"gold_loss":0}],"is_beta":true,"boss_relics":[],"items_purged_floors":[],"is_endless":false,"potions_floor_spawned":[4,7],"killed_by":"Gremlin Nob","ascension_level":20}