{"gold_per_floor":[12,12,29,39,51,51,51,82,109,34,34],"floor_reached":11,"playtime":480,"items_purged":[],"score":128,"play_id":"981ba2a4-3824-4a3f-903d-f667527313ea","local_time":"20190219161421","is_ascension_mode":true,"campfire_choices":[{"data":"Tactician","floor":6,"key":"SMITH"}],"neow_cost":"NO_GOLD","seed_source_timestamp":155027921338617,"circlet_count":0,"master_deck":["AscendersBane","Defend_G","Defend_G","Defend_G","Defend_G","Defend_G","Strike_G","Strike_G","Survivor","Neutralize","Bouncing Flask","Tactician+1","After Image","Outmaneuver","Acrobatics","Phantasmal Killer"],"special_seed":0,"relics":["Ring of the Snake","Orichalcum","Juzu Bracelet"],"potions_floor_usage":[8,8,11],"damage_taken":[{"damage":1.0,"enemies":"2 Louse","floor":1.0,"turns":4.0},{"damage":3,"enemies":"Cultist","floor":3,"turns":5},{"damage":0,"enemies":"Small Slimes","floor":4,"turns":5},{"damage":0,"enemies":"Looter","floor":5,"turns":4},{"damage":32,"enemies":"3 Sentries","floor":8,"turns":17},{"damage":34,"enemies":"The Mushroom Lair","floor":11,"turns":7}],"seed_played":"-515416162130356706","potions_obtained":[{"floor":4,"key":"AttackPotion"},{"floor":5,"key":"Explosive Potion"},{"floor":8,"key":"SpeedPotion"}],"is_trial":false,"path_per_floor":["M","?","M","M","M","R","?","E","T","?","?"],"character_chosen":"THE_SILENT","items_purchased":[],"campfire_rested":0,"item_purchase_floors":[],"current_hp_per_floor":[58,58,55,55,55,55,55,23,23,23,0],"gold":34,"neow_bonus":"TRANSFORM_TWO_CARDS","is_prod":false,"is_daily":false,"chose_seed":false,"campfire_upgraded":1,"win_rate":0,"timestamp":1550564061,"path_taken":["M","?","M","?","M","R","?","E","T","?","?"],"build_version":"2019-01-23","purchased_purges":0,"victory":false,"max_hp_per_floor":[66,66,66,66,66,66,66,66,66,66,66],"card_choices":[{"not_picked":["Cloak And Dagger","Bane","Bouncing Flask"],"picked":"SKIP","floor":1.0},{"not_picked":["Flying Knee","PiercingWail"],"picked":"Outmaneuver","floor":3},{"not_picked":["Dash","Underhanded Strike","Sucker Punch"],"picked":"SKIP","floor":4},{"not_picked":["Dodge and Roll","Finisher"],"picked":"Acrobatics","floor":5},{"not_picked":["Noxious Fumes","Sucker Punch"],"picked":"Phantasmal Killer","floor":8}],"player_experience":841740,"relics_obtained":[{"floor":8,"key":"Orichalcum"},{"floor":9,"key":"Juzu Bracelet"}],"event_choices":[{"damage_healed":0,"gold_gain":0,"player_choice":"1 cards matched","damage_taken":0,"max_hp_gain":0,"max_hp_loss":0,"event_name":"Match and Keep!","floor":2,"gold_loss":0,"cards_obtained":["After Image"]},{"damage_healed":0,"gold_gain":0,"player_choice":"Ignored","damage_taken":0,"max_hp_gain":0,"max_hp_loss":0,"event_name":"Liars Game","floor":7,"gold_loss":0},{"cards_removed":["Strike_G"],"damage_healed":0,"gold_gain":0,"player_choice":"Card Removal","damage_taken":0,"max_hp_gain":0,"max_hp_loss":0,"event_name":"The Cleric","floor":10,"gold_loss":75},{"damage_healed":0,"gold_gain":0,"player_choice":"Fought Mushrooms","damage_taken":0,"max_hp_gain":0,"max_hp_loss":0,"event_name":"Mushrooms","floor":11,"gold_loss":0}],"is_beta":false,"boss_relics":[],"items_purged_floors":[],"is_endless":false,"potions_floor_spawned":[4,5,8],"killed_by":"The Mushroom Lair","ascension_level":15}