{"gold_per_floor":[119,40,57,70,87,114,114,144,170,170,182,208,208,226,226,300,300,310,19,31,31,31,31],"floor_reached":23,"playtime":1333,"items_purged":["Strike_B"],"score":572,"play_id":"56013722-740c-429d-9b5b-6d76792fdda1","local_time":"20190807125257","is_ascension_mode":true,"campfire_choices":[{"data":"Sunder","floor":7,"key":"SMITH"},{"data":"Hologram","floor":10,"key":"SMITH"},{"data":"Self Repair","floor":15,"key":"SMITH"}],"neow_cost":"NONE","seed_source_timestamp":4231582005318,"circlet_count":0,"master_deck":["AscendersBane","Strike_B","Strike_B","Strike_B","Defend_B","Defend_B","Defend_B","Defend_B","Zap+1","Dualcast","Sunder+1","Self Repair+1","Conserve Battery","Cold Snap","Hologram+1","Seek","Chill","BootSequence","Glacier","Echo Form","Coolheaded","Compile Driver","Rip and Tear","Echo Form"],"relics":["Cracked Core","NeowsBlessing","Pocketwatch","Oddly Smooth Stone","Bag of Preparation","Sozu","Membership Card"],"potions_floor_usage":[6,12,23,23],"damage_taken":[{"damage":0,"enemies":"Cultist","floor":1,"turns":1},{"damage":0,"enemies":"2 Louse","floor":3,"turns":1},{"damage":0,"enemies":"Jaw Worm","floor":4,"turns":1},{"damage":13,"enemies":"Exordium Wildlife","floor":5,"turns":4},{"damage":19,"enemies":"3 Sentries","floor":6,"turns":7},{"damage":6,"enemies":"Gremlin Nob","floor":8,"turns":3},{"damage":14,"enemies":"Lots of Slimes","floor":11,"turns":4},{"damage":0,"enemies":"3 Sentries","floor":12,"turns":6},{"damage":4,"enemies":"Large Slime","floor":14,"turns":4},{"damage":0,"enemies":"The Guardian","floor":16,"turns":15},{"damage":1,"enemies":"3 Byrds","floor":18,"turns":5},{"damage":0,"enemies":"Shell Parasite","floor":20,"turns":2},{"damage":73,"enemies":"Book of Stabbing","floor":23,"turns":7}],"seed_played":"-7915505713588468417","potions_obtained":[{"floor":5,"key":"Fire Potion"},{"floor":11,"key":"SteroidPotion"},{"floor":12,"key":"FearPotion"},{"floor":14,"key":"Explosive Potion"}],"is_trial":false,"path_per_floor":["M","$","M","M","M","E","R","E","T","R","M","E","?","M","R","B",null,"M","$","M","?","?","E"],"character_chosen":"DEFECT","items_purchased":["Self Repair","Membership Card","Compile Driver"],"campfire_rested":0,"item_purchase_floors":[2,19,19],"current_hp_per_floor":[64,64,71,71,65,53,53,47,47,47,40,47,47,50,50,60,68,71,71,71,71,71,0],"gold":31,"neow_bonus":"THREE_ENEMY_KILL","is_prod":false,"is_daily":false,"chose_seed":false,"campfire_upgraded":3,"win_rate":0,"timestamp":1565175177,"path_taken":["M","$","M","?","M","E","R","E","T","R","M","E","?","?","R","BOSS","M","$","M","?","?","E"],"build_version":"2019-07-17","purchased_purges":1,"victory":false,"max_hp_per_floor":[71,71,71,71,71,71,71,71,71,71,71,71,71,71,71,71,71,71,71,71,71,71,71],"card_choices":[{"not_picked":["Conserve Battery","Beam Cell"],"picked":"Sunder","floor":1},{"not_picked":["Rip and Tear","Fusion"],"picked":"Conserve Battery","floor":3},{"not_picked":["Aggregate","Stack"],"picked":"Cold Snap","floor":4},{"not_picked":["Barrage","Tempest"],"picked":"Hologram","floor":5},{"not_picked":["Conserve Battery","Steam"],"picked":"Seek","floor":6},{"not_picked":["Stack","Gash","White Noise"],"picked":"SKIP","floor":8},{"not_picked":["Go for the Eyes","Compile Driver"],"picked":"Chill","floor":11},{"not_picked":["Stack","Storm"],"picked":"BootSequence","floor":12},{"not_picked":["Genetic Algorithm","Lockon"],"picked":"Glacier","floor":14},{"not_picked":["All For One","Thunder Strike"],"picked":"Echo Form","floor":16},{"not_picked":["Stack","Reprogram"],"picked":"Coolheaded","floor":18},{"not_picked":["Beam Cell","Leap"],"picked":"Rip and Tear","floor":20}],"player_experience":823770,"relics_obtained":[{"floor":6,"key":"Pocketwatch"},{"floor":8,"key":"Oddly Smooth Stone"},{"floor":12,"key":"Bag of Preparation"}],"event_choices":[{"damage_healed":0,"gold_gain":0,"player_choice":"Upgraded","damage_taken":0,"max_hp_gain":0,"max_hp_loss":0,"event_name":"Upgrade Shrine","floor":13,"gold_loss":0,"cards_upgraded":["Zap"]},{"damage_healed":0,"gold_gain":0,"player_choice":"Ignored","damage_taken":0,"max_hp_gain":0,"max_hp_loss":0,"event_name":"Ghosts","floor":21,"gold_loss":0},{"damage_healed":0,"gold_gain":0,"player_choice":"Copied","damage_taken":0,"max_hp_gain":0,"max_hp_loss":0,"event_name":"Duplicator","floor":22,"gold_loss":0,"cards_obtained":["Echo Form"]}],"is_beta":false,"boss_relics":[{"not_picked":["Calling Bell","White Beast Statue"],"picked":"Sozu"}],"items_purged_floors":[19],"is_endless":false,"potions_floor_spawned":[5,11,12,14,18,20],"killed_by":"Book of Stabbing","ascension_level":20}