{"gold_per_floor":[117,117,43,93,107,142,142,153,153,153,153,185,185,219,219,219],"floor_reached":16,"playtime":607,"items_purged":[],"score":282,"play_id":"12b0c3d3-ec25-4d7a-8b48-e171fa2be0cf","local_time":"20190409121236","is_ascension_mode":true,"campfire_choices":[{"data":"Bouncing Flask","floor":7.0,"key":"SMITH"},{"data":"Well Laid Plans","floor":11.0,"key":"SMITH"},{"data":"Survivor","floor":13.0,"key":"SMITH"},{"data":"Calculated Gamble","floor":15.0,"key":"SMITH"}],"neow_cost":"NONE","seed_source_timestamp":3340352555607,"circlet_count":0,"master_deck":["AscendersBane","Defend_G","Defend_G","Defend_G","Defend_G","Defend_G","Strike_G","Strike_G","Strike_G+1","Strike_G","Survivor+1","Neutralize+1","Calculated Gamble+1","Bouncing Flask+1","Tactician+1","Well Laid Plans+1","Calculated Gamble+1"],"special_seed":0,"relics":["Ring of the Snake","NeowsBlessing","Singing Bowl","Centennial Puzzle","War Paint","Whetstone","Tough Bandages"],"potions_floor_usage":[16],"damage_taken":[{"damage":0.0,"enemies":"2 Louse","floor":1.0,"turns":1.0},{"damage":0.0,"enemies":"Jaw Worm","floor":5.0,"turns":1.0},{"damage":0.0,"enemies":"3 Sentries","floor":6.0,"turns":1.0},{"damage":1.0,"enemies":"Cultist","floor":8.0,"turns":3.0},{"damage":12.0,"enemies":"Lagavulin","floor":12.0,"turns":5.0},{"damage":5.0,"enemies":"3 Sentries","floor":14.0,"turns":10.0},{"damage":4,"enemies":"Slime Boss","floor":16,"turns":9}],"seed_played":"1793610624310818686","potions_obtained":[{"floor":6.0,"key":"GhostInAJar"},{"floor":12.0,"key":"PowerPotion"},{"floor":14.0,"key":"SpeedPotion"}],"is_trial":false,"path_per_floor":["M","?","$","?","M","E","R","M","T","?","R","E","R","E","R","B"],"character_chosen":"THE_SILENT","items_purchased":["Bouncing Flask"],"campfire_rested":0,"item_purchase_floors":[3],"current_hp_per_floor":[59,24,24,24,26,26,26,25,25,18,18,8,8,3,3,0],"gold":219,"neow_bonus":"THREE_ENEMY_KILL","is_prod":false,"is_daily":false,"chose_seed":false,"campfire_upgraded":4,"win_rate":0,"timestamp":1554783156,"path_taken":["M","?","$","?","?","E","R","M","T","?","R","E","R","E","R","BOSS"],"build_version":"2019-01-23","purchased_purges":0,"victory":false,"max_hp_per_floor":[66,66,66,66,68,68,68,68,68,68,68,70,70,70,70,70],"card_choices":[{"not_picked":["Flying Knee","Prepared"],"picked":"Calculated Gamble","floor":1.0},{"not_picked":["Underhanded Strike","Caltrops","Finisher"],"picked":"Singing Bowl","floor":5.0},{"not_picked":["Glass Knife","Blur"],"picked":"Tactician","floor":6.0},{"not_picked":["Deadly Poison","Blade Dance"],"picked":"Well Laid Plans","floor":8.0},{"not_picked":["Heel Hook","Sucker Punch","Slice"],"picked":"Singing Bowl","floor":12.0},{"not_picked":["Crippling Poison","Riddle With Holes"],"picked":"Calculated Gamble","floor":14.0}],"player_experience":4180212,"relics_obtained":[{"floor":6.0,"key":"Centennial Puzzle"},{"floor":9.0,"key":"War Paint"},{"floor":12.0,"key":"Whetstone"},{"floor":14.0,"key":"Tough Bandages"}],"event_choices":[{"damage_healed":0.0,"max_hp_gain":0.0,"max_hp_loss":0.0,"gold_gain":0.0,"event_name":"Scrap Ooze","player_choice":"Success","floor":2.0,"gold_loss":0.0,"damage_taken":35.0,"relics_obtained":["Singing Bowl"]},{"damage_healed":0.0,"max_hp_gain":0.0,"max_hp_loss":0.0,"gold_gain":50.0,"event_name":"Golden Shrine","player_choice":"Pray","floor":4.0,"gold_loss":0.0,"damage_taken":0.0},{"cards_removed":["Strike_G"],"damage_healed":0.0,"max_hp_gain":0.0,"max_hp_loss":0.0,"gold_gain":0.0,"event_name":"Golden Wing","player_choice":"Card Removal","floor":10.0,"gold_loss":0.0,"damage_taken":7.0}],"is_beta":false,"boss_relics":[],"items_purged_floors":[],"is_endless":false,"potions_floor_spawned":[6,12,14],"killed_by":"Slime Boss","ascension_level":20}