{"gold_per_floor":[368,384,3,3,16,46,46,11,63,63,63,75,75,87,87,87],"floor_reached":16,"playtime":371,"items_purged":["Normality"],"score":200,"play_id":"2583d16c-4be2-4383-85b5-74e32c452bbf","local_time":"20190227192124","is_ascension_mode":true,"campfire_choices":[{"floor":10,"key":"REST"},{"data":"Capacitor","floor":15,"key":"SMITH"}],"neow_cost":"CURSE","seed_source_timestamp":30067155825846,"circlet_count":0,"master_deck":["AscendersBane","Strike_B","Strike_B","Strike_B","Strike_B+1","Defend_B","Defend_B","Defend_B","Defend_B","Zap+1","Dualcast","Rip and Tear+1","Capacitor+1","Glacier","Fission","Loop","Self Repair","Fusion"],"special_seed":0,"relics":["Cracked Core","Bag of Preparation","Dream Catcher","Regal Pillow"],"potions_floor_usage":[12,16],"damage_taken":[{"damage":1.0,"enemies":"2 Louse","floor":1.0,"turns":3.0},{"damage":12.0,"enemies":"Small Slimes","floor":2.0,"turns":2.0},{"damage":0,"enemies":"Cultist","floor":5,"turns":3},{"damage":29,"enemies":"Lagavulin","floor":6,"turns":8},{"damage":0,"enemies":"Gremlin Gang","floor":12,"turns":2},{"damage":1,"enemies":"Large Slime","floor":14,"turns":5},{"damage":60,"enemies":"Hexaghost","floor":16,"turns":7}],"seed_played":"-8475007703014577460","potions_obtained":[{"floor":2.0,"key":"FocusPotion"},{"floor":12,"key":"EssenceOfSteel"}],"is_trial":false,"path_per_floor":["M","M","$","?","M","E","?","?","T","R","?","M","$","M","R","B"],"character_chosen":"DEFECT","items_purchased":["Bag of Preparation","Glacier","Explosive Potion"],"campfire_rested":1,"item_purchase_floors":[3,3,3],"current_hp_per_floor":[63,51,51,51,51,22,1,18,18,54,54,54,54,60,60,0],"gold":87,"neow_bonus":"TWO_FIFTY_GOLD","is_prod":false,"is_daily":false,"chose_seed":false,"campfire_upgraded":1,"win_rate":0,"timestamp":1551266484,"path_taken":["M","M","$","?","M","E","?","?","T","R","?","?","$","M","R","BOSS"],"build_version":"2019-01-23","purchased_purges":1,"victory":false,"max_hp_per_floor":[71,71,71,71,71,71,71,71,71,71,71,71,71,71,71,71],"card_choices":[{"not_picked":["Stack","Lockon"],"picked":"Rip and Tear","floor":1.0},{"not_picked":["Streamline","Leap"],"picked":"Capacitor","floor":2.0},{"not_picked":["Go for the Eyes","Turbo"],"picked":"Fission","floor":5},{"not_picked":["Double Energy","Turbo"],"picked":"Loop","floor":6},{"not_picked":["Ball Lightning","Steam"],"picked":"Self Repair","floor":12},{"not_picked":["Sweeping Beam","Cold Snap"],"picked":"Fusion","floor":14}],"player_experience":3204893,"relics_obtained":[{"floor":6,"key":"Dream Catcher"},{"floor":9,"key":"Regal Pillow"}],"event_choices":[{"damage_healed":0,"gold_gain":0,"player_choice":"Grow","damage_taken":0,"max_hp_gain":0,"max_hp_loss":0,"event_name":"Living Wall","floor":4,"gold_loss":0,"cards_upgraded":["Rip and Tear"]},{"damage_healed":0,"gold_gain":0,"player_choice":"Entered Light","damage_taken":21,"max_hp_gain":0,"max_hp_loss":0,"event_name":"Shining Light","floor":7,"gold_loss":0,"cards_upgraded":["Strike_B","Zap"]},{"damage_healed":17,"gold_gain":0,"player_choice":"Healed","damage_taken":0,"max_hp_gain":0,"max_hp_loss":0,"event_name":"The Cleric","floor":8,"gold_loss":35},{"damage_healed":0,"gold_gain":0,"player_choice":"0 cards matched","damage_taken":0,"max_hp_gain":0,"max_hp_loss":0,"event_name":"Match and Keep!","floor":11,"gold_loss":0,"cards_obtained":[]}],"is_beta":false,"boss_relics":[],"items_purged_floors":[3],"is_endless":false,"potions_floor_spawned":[2,12],"killed_by":"Hexaghost","ascension_level":20}