{"gold_per_floor":[215,226,72,72,72,72,113,113,161,161,161],"floor_reached":11,"playtime":500,"items_purged":["Strike_R"],"score":138,"play_id":"e7f96b06-0b58-4465-a913-141d160ab131","local_time":"20190210131041","is_ascension_mode":true,"campfire_choices":[{"data":"Shockwave","floor":6.0,"key":"SMITH"},{"data":"Uppercut","floor":8.0,"key":"SMITH"}],"neow_cost":"NONE","seed_source_timestamp":16357954447483,"circlet_count":0,"master_deck":["AscendersBane","Strike_R+1","Strike_R+1","Strike_R","Defend_R","Defend_R","Defend_R","Defend_R","Bash","Rupture","Shockwave+1","Bloodletting","Uppercut+1"],"special_seed":0,"relics":["Burning Blood","Golden Idol","Singing Bowl","Pen Nib"],"potions_floor_usage":[],"damage_taken":[{"damage":2.0,"enemies":"Cultist","floor":1.0,"turns":4.0},{"damage":9.0,"enemies":"2 Louse","floor":2.0,"turns":5.0},{"damage":34.0,"enemies":"3 Sentries","floor":7.0,"turns":11.0},{"damage":29,"enemies":"Lagavulin","floor":11,"turns":7}],"seed_played":"-404189096359376539","potions_obtained":[{"floor":2.0,"key":"Block Potion"}],"is_trial":false,"path_per_floor":["M","M","$","?","?","R","E","R","T","?","E"],"character_chosen":"IRONCLAD","items_purchased":["Bloodletting"],"campfire_rested":0,"item_purchase_floors":[3],"current_hp_per_floor":[72,69,69,46,46,46,18,18,18,18,0],"gold":161,"neow_bonus":"HUNDRED_GOLD","is_prod":false,"is_daily":false,"chose_seed":false,"campfire_upgraded":2,"win_rate":0,"timestamp":1549775441,"path_taken":["M","M","$","?","?","R","E","R","T","?","E"],"build_version":"2019-01-23","purchased_purges":1,"victory":false,"max_hp_per_floor":[75,75,75,75,68,68,68,68,68,68,68],"card_choices":[{"not_picked":["Thunderclap","Pummel"],"picked":"Rupture","floor":1.0},{"not_picked":["Pommel Strike","Wild Strike"],"picked":"Shockwave","floor":2.0},{"not_picked":["Whirlwind","Headbutt"],"picked":"Uppercut","floor":7.0}],"player_experience":2569616,"relics_obtained":[{"floor":7.0,"key":"Singing Bowl"},{"floor":9.0,"key":"Pen Nib"}],"event_choices":[{"damage_healed":0.0,"max_hp_gain":0.0,"max_hp_loss":0.0,"gold_gain":0.0,"event_name":"Shining Light","player_choice":"Entered Light","floor":4.0,"gold_loss":0.0,"damage_taken":23.0,"cards_upgraded":["Strike_R","Strike_R"]},{"damage_healed":0.0,"max_hp_gain":0.0,"max_hp_loss":7.0,"gold_gain":0.0,"event_name":"Golden Idol","player_choice":"Lose Max HP","floor":5.0,"gold_loss":0.0,"damage_taken":0.0,"relics_obtained":["Golden Idol"]},{"cards_removed":["Strike_R"],"damage_healed":0,"gold_gain":0,"player_choice":"Forget","damage_taken":0,"max_hp_gain":0,"max_hp_loss":0,"event_name":"Living Wall","floor":10,"gold_loss":0}],"is_beta":false,"boss_relics":[],"items_purged_floors":[3],"is_endless":false,"potions_floor_spawned":[2],"killed_by":"Lagavulin","ascension_level":20}