{"gold_per_floor":[116,41,191,191,208,208,239,239,239,274,274,285,313,336,336,413,413,425,425,435,466,516,516,529,529],"floor_reached":25,"playtime":599,"items_purged":["Strike_B"],"score":391,"play_id":"b1734119-f9c5-4ded-ad34-04d001324c35","local_time":"20181217173344","is_ascension_mode":true,"campfire_choices":[{"data":"Static Discharge","floor":6,"key":"SMITH"},{"data":"Zap","floor":8,"key":"SMITH"},{"data":"Static Discharge","floor":15,"key":"SMITH"},{"data":"Consume","floor":23,"key":"SMITH"}],"neow_cost":"TEN_PERCENT_HP_LOSS","seed_source_timestamp":19678168722958,"circlet_count":0,"master_deck":["AscendersBane","Strike_B","Strike_B","Strike_B","Defend_B","Defend_B","Defend_B","Defend_B","Zap+1","Dualcast","Ball Lightning","Doubt","Static Discharge+1","Coolheaded","Seek","Static Discharge+1","Seek","Hologram+1","Hello World+1","Consume+1","Tempest"],"relics":["Cracked Core","Mango","CultistMask","Omamori","Orichalcum","Boot","Happy Flower","Cursed Key","Red Mask"],"potions_floor_usage":[21,21,25],"damage_taken":[{"damage":7,"enemies":"Jaw Worm","floor":1,"turns":3},{"damage":3,"enemies":"Small Slimes","floor":5,"turns":3},{"damage":40,"enemies":"3 Sentries","floor":7,"turns":5},{"damage":18,"enemies":"Lagavulin","floor":10,"turns":7},{"damage":0,"enemies":"Cultist","floor":12,"turns":3},{"damage":18,"enemies":"3 Sentries","floor":13,"turns":5},{"damage":31,"enemies":"Hexaghost","floor":16,"turns":5},{"damage":7,"enemies":"Chosen","floor":18,"turns":3},{"damage":17,"enemies":"2 Thieves","floor":20,"turns":2},{"damage":16,"enemies":"Masked Bandits","floor":21,"turns":3},{"damage":3,"enemies":"Snake Plant","floor":24,"turns":3},{"damage":25,"enemies":"Slavers","floor":25,"turns":2}],"seed_played":"-1682508617423934989","potions_obtained":[{"floor":5,"key":"SkillPotion"},{"floor":7,"key":"FocusPotion"},{"floor":24,"key":"LiquidBronze"}],"is_trial":false,"path_per_floor":["M","$","?","?","M","R","E","R","T","E","?","M","E","T","R","B",null,"M","?","M","?","?","R","M","E"],"character_chosen":"DEFECT","items_purchased":[],"campfire_rested":0,"item_purchase_floors":[],"current_hp_per_floor":[71,71,71,71,68,68,28,28,28,10,78,78,60,60,60,29,66,59,59,42,26,26,26,23,0],"gold":529,"neow_bonus":"ONE_RARE_RELIC","is_prod":false,"is_daily":false,"chose_seed":false,"campfire_upgraded":4,"win_rate":0,"timestamp":1545039224,"path_taken":["M","$","?","?","?","R","E","R","T","E","?","?","E","?","R","BOSS","M","?","M","?","?","R","M","E"],"build_version":"2018-12-13","purchased_purges":1,"victory":false,"max_hp_per_floor":[78,78,78,78,78,78,78,78,78,78,78,78,78,78,78,78,78,78,78,78,78,78,78,78,78],"card_choices":[{"not_picked":["Streamline","Double Energy"],"picked":"Ball Lightning","floor":1},{"not_picked":["Turbo","Leap"],"picked":"Static Discharge","floor":5},{"not_picked":["Skim","Redo"],"picked":"Coolheaded","floor":7},{"not_picked":["Hologram","Genetic Algorithm"],"picked":"Seek","floor":10},{"not_picked":["Doom and Gloom","Barrage","Blizzard"],"picked":"SKIP","floor":12},{"not_picked":["Reinforced Body","Steam Power"],"picked":"Static Discharge","floor":13},{"not_picked":["Creative AI","Hyperbeam"],"picked":"Seek","floor":16},{"not_picked":["Gash+1","Turbo"],"picked":"Hologram+1","floor":18},{"not_picked":["Turbo","Rebound"],"picked":"Hello World+1","floor":20},{"not_picked":["Hello World","Go for the Eyes"],"picked":"Consume","floor":21},{"not_picked":["Coolheaded","Aggregate"],"picked":"Tempest","floor":24}],"player_experience":1317089,"relics_obtained":[{"floor":7,"key":"Omamori"},{"floor":10,"key":"Orichalcum"},{"floor":13,"key":"Boot"},{"floor":14,"key":"Happy Flower"},{"floor":21,"key":"Red Mask"}],"event_choices":[{"damage_healed":0,"gold_gain":150,"player_choice":"AGREE","damage_taken":0,"max_hp_gain":0,"max_hp_loss":0,"event_name":"Liars Game","floor":3,"gold_loss":0,"cards_obtained":["Doubt"]},{"damage_healed":0,"gold_gain":0,"player_choice":"Trade","damage_taken":0,"relics_obtained":["CultistMask"],"max_hp_gain":0,"max_hp_loss":0,"event_name":"FaceTrader","floor":4,"gold_loss":0},{"damage_healed":68,"gold_gain":0,"player_choice":"Full Heal","damage_taken":0,"max_hp_gain":0,"max_hp_loss":0,"event_name":"Wheel of Change","floor":11,"gold_loss":0},{"damage_healed":0,"gold_gain":0,"player_choice":"Smashed Altar","damage_taken":0,"max_hp_gain":0,"max_hp_loss":0,"event_name":"Forgotten Altar","floor":19,"gold_loss":0,"cards_obtained":["Decay"]},{"damage_healed":0,"gold_gain":0,"player_choice":"Fought Bandits","damage_taken":0,"max_hp_gain":0,"max_hp_loss":0,"event_name":"Masked Bandits","floor":21,"gold_loss":0},{"damage_healed":0,"gold_gain":100,"player_choice":"Bet on Murderer","damage_taken":0,"max_hp_gain":0,"max_hp_loss":0,"event_name":"The Joust","floor":22,"gold_loss":50}],"is_beta":false,"boss_relics":[{"not_picked":["Lizard Tail","Fusion Hammer"],"picked":"Cursed Key"}],"items_purged_floors":[2],"is_endless":false,"potions_floor_spawned":[5,7,10,13,18,24],"killed_by":"Slavers","ascension_level":16}