{"gold_per_floor":[219,39,39,39,53,53,87,87,87,87,99,99,99,24,24,24],"floor_reached":16,"playtime":317,"items_purged":["Strike_B"],"score":192,"play_id":"6bd8bfc8-bbc1-45a6-a5c4-f03b47710172","local_time":"20190511185829","is_ascension_mode":true,"campfire_choices":[{"data":"Consume","floor":6.0,"key":"SMITH"},{"floor":8,"key":"REST"},{"data":"Coolheaded","floor":10,"key":"SMITH"},{"data":"Dualcast","floor":12,"key":"SMITH"},{"data":"Coolheaded","floor":15,"key":"SMITH"}],"neow_cost":"NONE","seed_source_timestamp":23288552404740,"circlet_count":0,"master_deck":["AscendersBane","Strike_B","Strike_B","Defend_B","Defend_B","Defend_B","Defend_B","Zap","Dualcast+1","Coolheaded+1","Consume+1","Cold Snap","Turbo","Coolheaded+1","Undo"],"special_seed":0,"relics":["Cracked Core","Happy Flower","Omamori","Regal Pillow","Letter Opener"],"potions_floor_usage":[],"damage_taken":[{"damage":2.0,"enemies":"Cultist","floor":1.0,"turns":4.0},{"damage":5.0,"enemies":"Jaw Worm","floor":5.0,"turns":5.0},{"damage":51,"enemies":"Gremlin Nob","floor":7,"turns":4},{"damage":4,"enemies":"2 Louse","floor":11,"turns":2},{"damage":0,"enemies":"Hexaghost","floor":16,"turns":9}],"seed_played":"2792179039403760393","potions_obtained":[{"floor":5.0,"key":"Energy Potion"},{"floor":7,"key":"Ancient Potion"}],"is_trial":false,"path_per_floor":["M","$","T","$","M","R","E","R","T","R","M","R","?","?","R","B"],"character_chosen":"DEFECT","items_purchased":["Consume","Cold Snap"],"campfire_rested":1,"item_purchase_floors":[2,2],"current_hp_per_floor":[62,62,62,62,57,57,6,27,27,27,23,23,5,5,5,5],"gold":24,"neow_bonus":"HUNDRED_GOLD","is_prod":false,"is_daily":false,"chose_seed":false,"campfire_upgraded":4,"win_rate":0,"timestamp":1557572309,"path_taken":["M","$","?","?","M","R","E","R","T","R","M","R","?","?","R","BOSS"],"build_version":"2019-01-23","purchased_purges":1,"victory":false,"max_hp_per_floor":[71,71,71,71,71,71,71,71,71,71,71,71,71,71,71,71],"card_choices":[{"not_picked":["Streamline","Rebound"],"picked":"Coolheaded","floor":1.0},{"not_picked":["Reprogram","Gash"],"picked":"Turbo","floor":5.0},{"not_picked":["Go for the Eyes","Beam Cell"],"picked":"Coolheaded","floor":7},{"not_picked":["Stack","Redo"],"picked":"Undo","floor":11}],"player_experience":4698155,"relics_obtained":[{"floor":3.0,"key":"Happy Flower"},{"floor":7,"key":"Omamori"},{"floor":9,"key":"Regal Pillow"}],"event_choices":[{"damage_healed":0,"gold_gain":0,"player_choice":"Success","damage_taken":18,"relics_obtained":["Letter Opener"],"max_hp_gain":0,"max_hp_loss":0,"event_name":"Scrap Ooze","floor":13,"gold_loss":0},{"cards_removed":["Strike_B"],"damage_healed":0,"gold_gain":0,"player_choice":"Card Removal","damage_taken":0,"max_hp_gain":0,"max_hp_loss":0,"event_name":"The Cleric","floor":14,"gold_loss":75}],"is_beta":false,"boss_relics":[],"items_purged_floors":[2],"is_endless":false,"potions_floor_spawned":[5,7,11],"killed_by":"Hexaghost","ascension_level":20}