{"gold_per_floor":[115,129,148,0,13,40,40,67,91,91,16,28,83,100,100,177,177,197,197,222,235,135,135,170,188,214,227,258,258,183,254,254,327,327,337,349,362,374,374,408,408,54,54,66,78],"floor_reached":45,"playtime":3403,"items_purged":["Pain","Strike_G"],"score":863,"play_id":"339c16d0-9d4a-411f-8acc-3e89e8fbad66","local_time":"20190428163329","is_ascension_mode":true,"campfire_choices":[{"floor":7.0,"key":"REST"},{"data":"Footwork","floor":15.0,"key":"SMITH"},{"data":"A Thousand Cuts","floor":23.0,"key":"SMITH"},{"floor":29.0,"key":"DIG"},{"floor":32.0,"key":"REST"},{"floor":41.0,"key":"REST"},{"floor":44.0,"key":"REST"}],"neow_cost":"NONE","seed_source_timestamp":14607691903466,"circlet_count":0,"master_deck":["AscendersBane","Defend_G","Defend_G","Defend_G","Defend_G","Defend_G","Strike_G","Strike_G","Strike_G","Strike_G","Survivor","Neutralize","Dagger Throw","Footwork+1","Crippling Poison","Glass Knife","Deflect","Deadly Poison","A Thousand Cuts+1","Cloak And Dagger","PiercingWail","Eviscerate","Dagger Throw","Sucker Punch+1","Storm of Steel","Bouncing Flask","Metamorphosis","Crippling Poison+1"],"special_seed":0,"relics":["Ring of the Snake","Blood Vial","Strawberry","Anchor","WarpedTongs","Orichalcum","Snecko Eye","Red Mask","Shovel","Oddly Smooth Stone","Lantern","Boot","Busted Crown","Blue Candle","Membership Card","Calipers","MawBank"],"potions_floor_usage":[],"damage_taken":[{"damage":7.0,"enemies":"Jaw Worm","floor":1.0,"turns":5.0},{"damage":1.0,"enemies":"Cultist","floor":2.0,"turns":3.0},{"damage":1.0,"enemies":"2 Louse","floor":3.0,"turns":3.0},{"damage":13.0,"enemies":"Exordium Wildlife","floor":5.0,"turns":4.0},{"damage":20.0,"enemies":"Gremlin Nob","floor":6.0,"turns":5.0},{"damage":14.0,"enemies":"3 Sentries","floor":8.0,"turns":9.0},{"damage":0.0,"enemies":"Looter","floor":12.0,"turns":2.0},{"damage":5.0,"enemies":"Gremlin Nob","floor":13.0,"turns":4.0},{"damage":4.0,"enemies":"Exordium Thugs","floor":14.0,"turns":4.0},{"damage":19.0,"enemies":"Slime Boss","floor":16.0,"turns":11.0},{"damage":3.0,"enemies":"Shell Parasite","floor":18.0,"turns":7.0},{"damage":0.0,"enemies":"Masked Bandits","floor":20.0,"turns":3.0},{"damage":0.0,"enemies":"3 Byrds","floor":21.0,"turns":3.0},{"damage":13.0,"enemies":"Gremlin Leader","floor":24.0,"turns":5.0},{"damage":12.0,"enemies":"Snecko","floor":25.0,"turns":5.0},{"damage":0.0,"enemies":"Centurion and Healer","floor":27.0,"turns":6.0},{"damage":9.0,"enemies":"Book of Stabbing","floor":28.0,"turns":6.0},{"damage":22.0,"enemies":"Collector","floor":33.0,"turns":13.0},{"damage":0.0,"enemies":"3 Shapes","floor":35.0,"turns":5.0},{"damage":9.0,"enemies":"3 Darklings","floor":36.0,"turns":6.0},{"damage":7.0,"enemies":"Sphere and 2 Shapes","floor":37.0,"turns":8.0},{"damage":1.0,"enemies":"Jaw Worm Horde","floor":38.0,"turns":4.0},{"damage":53.0,"enemies":"Nemesis","floor":40.0,"turns":7.0},{"damage":75,"enemies":"Giant Head","floor":45,"turns":8}],"seed_played":"-224441636052095278","potions_obtained":[{"floor":3.0,"key":"SteroidPotion"},{"floor":5.0,"key":"FearPotion"},{"floor":6.0,"key":"Fire Potion"},{"floor":8.0,"key":"Explosive Potion"},{"floor":13.0,"key":"Regen Potion"},{"floor":21.0,"key":"FairyPotion"},{"floor":27.0,"key":"SteroidPotion"},{"floor":28.0,"key":"Block Potion"},{"floor":36.0,"key":"Block Potion"}],"is_trial":false,"path_per_floor":["M","M","M","$","M","E","R","E","T","?","$","M","?","M","R","B",null,"M","?","?","M","$","R","E","M","T","M","E","R","?","T","R","B",null,"M","M","M","M","?","E","R","$","T","R","E"],"character_chosen":"THE_SILENT","items_purchased":["Glass Knife","Membership Card","Calipers"],"campfire_rested":4,"item_purchase_floors":[4,42,42],"current_hp_per_floor":[52,51,50,50,37,17,36,31,31,31,31,33,30,28,28,26,61,60,39,41,43,43,43,32,22,22,24,17,17,17,17,40,20,64,66,59,54,55,45,2,25,25,25,48,0],"gold":78,"neow_bonus":"ONE_RANDOM_RARE_CARD","is_prod":false,"is_daily":false,"chose_seed":false,"campfire_upgraded":2,"win_rate":0,"timestamp":1556462009,"path_taken":["M","M","M","$","M","E","R","E","T","?","?","M","?","?","R","BOSS","M","?","?","M","$","R","E","?","T","M","E","R","?","?","R","BOSS","M","M","?","M","?","E","R","$","T","R","E"],"build_version":"2019-01-23","purchased_purges":2,"victory":false,"max_hp_per_floor":[66,66,66,66,66,66,66,73,73,73,73,73,73,73,73,73,73,73,78,78,78,78,78,78,78,78,78,78,78,78,78,78,78,78,78,78,78,78,78,78,78,78,78,78,78],"card_choices":[{"not_picked":["Sucker Punch","Bouncing Flask"],"picked":"Dagger Throw","floor":1.0},{"not_picked":["Deadly Poison","Deflect"],"picked":"Footwork","floor":2.0},{"not_picked":["Quick Slash","Acrobatics"],"picked":"Crippling Poison","floor":3.0},{"not_picked":["Blade Dance","Flying Knee"],"picked":"Deflect","floor":5.0},{"not_picked":["Accuracy","Prepared"],"picked":"Deadly Poison","floor":6.0},{"not_picked":["Bane","Eviscerate"],"picked":"A Thousand Cuts","floor":8.0},{"not_picked":["Accuracy","Poisoned Stab"],"picked":"Cloak And Dagger","floor":12.0},{"not_picked":["Cloak And Dagger","Well Laid Plans"],"picked":"PiercingWail","floor":14.0},{"not_picked":["Well Laid Plans+1","Expertise","Blade Dance"],"picked":"SKIP","floor":18.0},{"not_picked":["Prepared","Bane"],"picked":"Eviscerate","floor":21.0},{"not_picked":["Masterful Stab","Setup","Blade Dance"],"picked":"SKIP","floor":24.0},{"not_picked":["Caltrops","All Out Attack"],"picked":"Dagger Throw","floor":25.0},{"not_picked":["Blur","Endless Agony"],"picked":"Sucker Punch+1","floor":27.0},{"not_picked":["Dagger Spray","Slice","Escape Plan+1"],"picked":"SKIP","floor":28.0},{"not_picked":["Dagger Spray","Slice","Escape Plan+1"],"picked":"SKIP","floor":28.0},{"not_picked":["Envenom","Doppelganger"],"picked":"Storm of Steel","floor":33.0},{"not_picked":["Blade Dance"],"picked":"SKIP","floor":35.0},{"not_picked":["Flying Knee"],"picked":"SKIP","floor":36.0},{"not_picked":[],"picked":"Bouncing Flask","floor":37.0},{"not_picked":["Masterful Stab"],"picked":"SKIP","floor":38.0},{"not_picked":[],"picked":"Metamorphosis","floor":39.0},{"not_picked":[],"picked":"Crippling Poison+1","floor":40.0}],"player_experience":517346,"relics_obtained":[{"floor":6.0,"key":"Blood Vial"},{"floor":8.0,"key":"Strawberry"},{"floor":9.0,"key":"Anchor"},{"floor":13.0,"key":"Orichalcum"},{"floor":20.0,"key":"Red Mask"},{"floor":24.0,"key":"Shovel"},{"floor":26.0,"key":"Oddly Smooth Stone"},{"floor":28.0,"key":"Lantern"},{"floor":29.0,"key":"Boot"},{"floor":40.0,"key":"Blue Candle"},{"floor":43.0,"key":"MawBank"}],"event_choices":[{"damage_healed":0.0,"max_hp_gain":0.0,"max_hp_loss":0.0,"gold_gain":0.0,"event_name":"Accursed Blacksmith","player_choice":"Rummage","floor":10.0,"gold_loss":0.0,"damage_taken":0.0,"relics_obtained":["WarpedTongs"],"cards_obtained":["Pain"]},{"damage_healed":0.0,"max_hp_gain":0.0,"max_hp_loss":0.0,"gold_gain":0.0,"event_name":"Dead Adventurer","player_choice":"Searched \u00271\u0027 times","floor":13.0,"gold_loss":0.0,"damage_taken":0.0},{"damage_healed":0.0,"max_hp_gain":5.0,"max_hp_loss":0.0,"gold_gain":0.0,"event_name":"Forgotten Altar","player_choice":"Shed Blood","floor":19.0,"gold_loss":0.0,"damage_taken":26.0},{"damage_healed":0.0,"max_hp_gain":0.0,"max_hp_loss":0.0,"gold_gain":0.0,"event_name":"Masked Bandits","player_choice":"Fought Bandits","floor":20.0,"gold_loss":0.0,"damage_taken":0.0},{"cards_removed":["Grand Finale"],"damage_healed":0.0,"max_hp_gain":0.0,"max_hp_loss":0.0,"gold_gain":0.0,"event_name":"Beggar","player_choice":"Gave Gold","floor":30.0,"gold_loss":75.0,"damage_taken":0.0},{"damage_healed":0.0,"max_hp_gain":0.0,"max_hp_loss":0.0,"gold_gain":0.0,"event_name":"SensoryStone","player_choice":"Memory 3","floor":39.0,"gold_loss":0.0,"damage_taken":10.0}],"is_beta":false,"boss_relics":[{"not_picked":["Sozu","Philosopher\u0027s Stone"],"picked":"Snecko Eye"},{"not_picked":["WristBlade","Runic Dome"],"picked":"Busted Crown"}],"items_purged_floors":[11,22],"is_endless":false,"potions_floor_spawned":[3,5,6,8,13,21,27,28,36],"killed_by":"Giant Head","ascension_level":15}