{"gold_per_floor":[113,133,183,21,39,68,68,81,81,95,114,114,141,58,58,134,134,154,154,168,68,68,68,87,100,100,100,111,26,26,44,44,120,120,136,154,65,65,76,104,104,132,132,132,132,149,165,36,36,36,36],"floor_reached":51,"playtime":5278,"items_purged":["Strike_G","Strike_G","Defend_G"],"score":1488,"play_id":"8aa4a5e0-22b6-4faf-a345-0abee868a1d2","local_time":"20181205123501","is_ascension_mode":true,"campfire_choices":[{"floor":7.0,"key":"REST"},{"floor":12.0,"key":"REST"},{"floor":15.0,"key":"REST"},{"floor":23.0,"key":"RECALL"},{"floor":27.0,"key":"REST"},{"floor":30.0,"key":"REST"},{"floor":32.0,"key":"REST"},{"floor":41.0,"key":"REST"},{"floor":49.0,"key":"REST"}],"neow_cost":"NONE","seed_source_timestamp":8938166160223,"circlet_count":0,"master_deck":["AscendersBane","Defend_G","Defend_G","Defend_G","Defend_G","Strike_G","Survivor","Backflip","Predator","Well Laid Plans","Backflip","Leg Sweep","Deadly Poison","Footwork","Night Terror","Backflip","Deadly Poison","After Image","Footwork","Dodge and Roll","Wraith Form v2","Footwork","Deadly Poison","Noxious Fumes"],"special_seed":0,"relics":["Fusion Hammer","Oddly Smooth Stone","The Specimen","Runic Dome","Mercury Hourglass","Runic Pyramid","Smiling Mask","Blue Candle","Paper Crane","Bottled Lightning"],"potions_floor_usage":[],"damage_taken":[{"damage":0.0,"enemies":"Small Slimes","floor":1.0,"turns":4.0},{"damage":2.0,"enemies":"Cultist","floor":2.0,"turns":5.0},{"damage":0.0,"enemies":"Jaw Worm","floor":5.0,"turns":4.0},{"damage":39.0,"enemies":"Gremlin Nob","floor":6.0,"turns":5.0},{"damage":6.0,"enemies":"Gremlin Gang","floor":8.0,"turns":5.0},{"damage":10.0,"enemies":"3 Louse","floor":10.0,"turns":4.0},{"damage":0.0,"enemies":"Looter","floor":11.0,"turns":4.0},{"damage":3.0,"enemies":"Lagavulin","floor":13.0,"turns":8.0},{"damage":48.0,"enemies":"Slime Boss","floor":16.0,"turns":20.0},{"damage":0.0,"enemies":"Chosen","floor":18.0,"turns":8.0},{"damage":2.0,"enemies":"Shell Parasite","floor":20.0,"turns":9.0},{"damage":4.0,"enemies":"3 Cultists","floor":24.0,"turns":8.0},{"damage":15.0,"enemies":"Sentry and Sphere","floor":25.0,"turns":4.0},{"damage":14.0,"enemies":"Centurion and Healer","floor":28.0,"turns":7.0},{"damage":1.0,"enemies":"Cultist and Chosen","floor":31.0,"turns":7.0},{"damage":0.0,"enemies":"Champ","floor":33.0,"turns":26.0},{"damage":0.0,"enemies":"3 Shapes","floor":35.0,"turns":6.0},{"damage":0.0,"enemies":"Orb Walker","floor":36.0,"turns":6.0},{"damage":0.0,"enemies":"Spire Growth","floor":39.0,"turns":10.0},{"damage":0.0,"enemies":"Giant Head","floor":40.0,"turns":16.0},{"damage":7.0,"enemies":"Reptomancer","floor":42.0,"turns":12.0},{"damage":2.0,"enemies":"4 Shapes","floor":46.0,"turns":6.0},{"damage":11.0,"enemies":"Jaw Worm Horde","floor":47.0,"turns":9.0},{"damage":24,"enemies":"Time Eater","floor":50,"turns":21},{"damage":50,"enemies":"Awakened One","floor":51,"turns":26}],"seed_played":"-3348182399415217008","potions_obtained":[{"floor":2.0,"key":"LiquidBronze"},{"floor":6.0,"key":"Ancient Potion"},{"floor":25.0,"key":"PowerPotion"},{"floor":33.0,"key":"EssenceOfSteel"},{"floor":46.0,"key":"EssenceOfSteel"}],"is_trial":false,"path_per_floor":["M","M","?","$","M","E","R","M","T","M","M","R","E","$","R","B",null,"M","?","M","$","?","R","M","M","T","R","M","$","R","M","R","B",null,"M","M","$","?","M","E","R","E","T","?","T","M","M","$","R","B","B"],"character_chosen":"THE_SILENT","items_purchased":["Well Laid Plans","Footwork","Footwork","Footwork","Noxious Fumes"],"campfire_rested":8,"item_purchase_floors":[4,14,29,37,48],"current_hp_per_floor":[59,57,57,57,57,18,37,31,31,21,21,40,37,37,56,8,52,52,52,50,50,50,50,46,31,31,50,36,36,55,54,66,66,66,66,66,66,66,66,66,66,59,59,59,59,57,46,46,63,39,0],"gold":36,"neow_bonus":"BOSS_RELIC","is_prod":false,"is_daily":false,"chose_seed":false,"campfire_upgraded":0,"win_rate":0,"timestamp":1543984501,"path_taken":["M","M","?","?","M","E","R","M","T","M","M","R","E","$","R","BOSS","M","?","?","$","?","R","M","M","T","R","M","$","R","M","R","BOSS","M","M","$","?","M","E","R","E","T","?","?","M","M","$","R","BOSS","BOSS"],"build_version":"2018-11-15","purchased_purges":3,"victory":false,"max_hp_per_floor":[66,66,66,66,66,66,66,66,66,66,66,66,66,66,66,66,66,66,66,66,66,66,66,66,66,66,66,66,66,66,66,66,66,66,66,66,66,66,66,66,66,66,66,63,63,63,63,63,63,63,63],"card_choices":[{"not_picked":["Dagger Throw","Distraction"],"picked":"Backflip","floor":1.0},{"not_picked":["Slice","Dagger Throw"],"picked":"Predator","floor":2.0},{"not_picked":["Slice","Bane","PiercingWail"],"picked":"SKIP","floor":5.0},{"not_picked":["Bane","Outmaneuver"],"picked":"Backflip","floor":6.0},{"not_picked":["Sucker Punch","Outmaneuver"],"picked":"Leg Sweep","floor":8.0},{"not_picked":["Poisoned Stab","Leg Sweep","Outmaneuver"],"picked":"SKIP","floor":10.0},{"not_picked":["Outmaneuver","Escape Plan"],"picked":"Deadly Poison","floor":11.0},{"not_picked":["Infinite Blades","Setup","Blade Dance"],"picked":"SKIP","floor":13.0},{"not_picked":["Wraith Form v2","Burst"],"picked":"Night Terror","floor":16.0},{"not_picked":["Underhanded Strike","Setup","Slice+1"],"picked":"SKIP","floor":18.0},{"not_picked":["Poisoned Stab","Deadly Poison"],"picked":"Backflip","floor":20.0},{"not_picked":["Dodge and Roll","Predator"],"picked":"Deadly Poison","floor":24.0},{"not_picked":["Sucker Punch","Dagger Spray","Outmaneuver"],"picked":"SKIP","floor":25.0},{"not_picked":["Flying Knee","Bane"],"picked":"After Image","floor":28.0},{"not_picked":["Concentrate","Masterful Stab+1"],"picked":"Dodge and Roll","floor":31.0},{"not_picked":["Unload","Burst"],"picked":"Wraith Form v2","floor":33.0},{"not_picked":["Deadly Poison+1","Leg Sweep+1","Bane"],"picked":"SKIP","floor":35.0},{"not_picked":["Bane","Slice","Predator"],"picked":"SKIP","floor":36.0},{"not_picked":["Slice+1","Eviscerate","Deadly Poison"],"picked":"SKIP","floor":39.0},{"not_picked":["Masterful Stab+1","Concentrate+1","Deadly Poison"],"picked":"SKIP","floor":40.0},{"not_picked":["Phantasmal Killer","Deadly Poison","PiercingWail"],"picked":"SKIP","floor":42.0},{"not_picked":["Phantasmal Killer","PiercingWail"],"picked":"Deadly Poison","floor":42.0},{"not_picked":["Backstab","Tactician","Masterful Stab"],"picked":"SKIP","floor":46.0},{"not_picked":["Flying Knee","Deflect","Slice"],"picked":"SKIP","floor":47.0}],"player_experience":1153766,"relics_obtained":[{"floor":6.0,"key":"Oddly Smooth Stone"},{"floor":13.0,"key":"The Specimen"},{"floor":26.0,"key":"Mercury Hourglass"},{"floor":40.0,"key":"Smiling Mask"},{"floor":42.0,"key":"Blue Candle"},{"floor":43.0,"key":"Paper Crane"},{"floor":45.0,"key":"Bottled Lightning"}],"event_choices":[{"damage_healed":0.0,"max_hp_gain":0.0,"max_hp_loss":0.0,"gold_gain":50.0,"event_name":"Golden Shrine","player_choice":"Pray","floor":3.0,"gold_loss":0.0,"damage_taken":0.0},{"cards_removed":["Strike_G"],"damage_healed":0.0,"max_hp_gain":0.0,"max_hp_loss":0.0,"gold_gain":0.0,"event_name":"Purifier","player_choice":"Purged","floor":19.0,"gold_loss":0.0,"damage_taken":0.0},{"cards_removed":["Strike_G"],"damage_healed":0.0,"max_hp_gain":0.0,"max_hp_loss":0.0,"gold_gain":0.0,"event_name":"Back to Basics","player_choice":"Elegance","floor":22.0,"gold_loss":0.0,"damage_taken":0.0},{"cards_removed":["Neutralize"],"damage_healed":0.0,"max_hp_gain":0.0,"max_hp_loss":0.0,"gold_gain":0.0,"event_name":"Falling","player_choice":"Removed Attack","floor":38.0,"gold_loss":0.0,"damage_taken":0.0},{"damage_healed":0.0,"max_hp_gain":0.0,"max_hp_loss":3.0,"gold_gain":0.0,"event_name":"Winding Halls","player_choice":"Max HP","floor":44.0,"gold_loss":0.0,"damage_taken":0.0}],"is_beta":false,"boss_relics":[{"not_picked":["Coffee Dripper","Busted Crown"],"picked":"Runic Dome"},{"not_picked":["Calling Bell","Eternal Feather"],"picked":"Runic Pyramid"}],"items_purged_floors":[4,21,48],"is_endless":false,"potions_floor_spawned":[2,6,8,13,25,28,33,40,46,47],"killed_by":"Awakened One","ascension_level":20}