{"gold_per_floor":[110,124,138,48,48,48,60,60,132,132,144,144,175,189,189,262,262,279,39,39,39,39,39,39],"floor_reached":24,"playtime":547,"items_purged":["Strike_R"],"score":388,"play_id":"def6db34-0335-4640-ba9c-7a74be144dc7","local_time":"20190312130011","is_ascension_mode":true,"campfire_choices":[{"data":"Searing Blow+1","floor":6.0,"key":"SMITH"},{"data":"Searing Blow+2","floor":10.0,"key":"SMITH"},{"data":"Searing Blow+3","floor":12.0,"key":"SMITH"},{"data":"Searing Blow+4","floor":15.0,"key":"SMITH"},{"data":"Searing Blow+5","floor":23,"key":"SMITH"}],"neow_cost":"NONE","seed_source_timestamp":1320294780240,"circlet_count":0,"master_deck":["AscendersBane","Strike_R","Strike_R","Strike_R","Strike_R","Defend_R+1","Defend_R","Defend_R+1","Defend_R","Bash","Second Wind","Searing Blow+6","Doubt","Armaments","Battle Trance"],"special_seed":0,"relics":["Burning Blood","NeowsBlessing","Omamori","Calling Bell","Molten Egg 2","Gambling Chip","War Paint","Bag of Marbles"],"potions_floor_usage":[],"damage_taken":[{"damage":0.0,"enemies":"Small Slimes","floor":1.0,"turns":1.0},{"damage":0.0,"enemies":"Cultist","floor":2.0,"turns":1.0},{"damage":0.0,"enemies":"Jaw Worm","floor":3.0,"turns":1.0},{"damage":11.0,"enemies":"2 Fungi Beasts","floor":7.0,"turns":4.0},{"damage":6.0,"enemies":"Exordium Wildlife","floor":11.0,"turns":4.0},{"damage":25.0,"enemies":"3 Sentries","floor":13.0,"turns":9.0},{"damage":19.0,"enemies":"Exordium Thugs","floor":14.0,"turns":6.0},{"damage":20.0,"enemies":"Slime Boss","floor":16.0,"turns":8.0},{"damage":35,"enemies":"Shell Parasite","floor":18,"turns":6},{"damage":20,"enemies":"Colosseum Slavers","floor":22,"turns":5},{"damage":7,"enemies":"Book of Stabbing","floor":24,"turns":3}],"seed_played":"-2620409152652836173","potions_obtained":[{"floor":1.0,"key":"SteroidPotion"},{"floor":2.0,"key":"LiquidBronze"},{"floor":7.0,"key":"PowerPotion"}],"is_trial":false,"path_per_floor":["M","M","M","$","?","R","M","$","T","R","M","R","E","M","R","B",null,"M","$","?","?","?","R","E"],"character_chosen":"IRONCLAD","items_purchased":["Searing Blow","Bag of Marbles"],"campfire_rested":0,"item_purchase_floors":[4,19],"current_hp_per_floor":[74,75,75,75,75,75,70,70,70,70,70,70,51,38,38,24,62,33,33,33,33,19,19,12],"gold":39,"neow_bonus":"THREE_ENEMY_KILL","is_prod":false,"is_daily":false,"chose_seed":false,"campfire_upgraded":5,"win_rate":0,"timestamp":1552366811,"path_taken":["M","M","M","$","?","R","M","?","T","R","M","R","E","?","R","BOSS","M","$","?","?","?","R","E"],"build_version":"2019-01-23","purchased_purges":1,"victory":false,"max_hp_per_floor":[75,75,75,75,75,75,75,75,75,75,75,75,75,75,75,75,75,75,75,75,75,75,75,75],"card_choices":[{"not_picked":["Flex","Iron Wave"],"picked":"Second Wind","floor":1.0},{"not_picked":["Sword Boomerang","Thunderclap","Perfected Strike"],"picked":"SKIP","floor":2.0},{"not_picked":["Combust","Cleave","Pommel Strike"],"picked":"SKIP","floor":3.0},{"not_picked":["Clash","Thunderclap","Flex"],"picked":"SKIP","floor":7.0},{"not_picked":["Infernal Blade","Clash","Cleave"],"picked":"SKIP","floor":11.0},{"not_picked":["Burning Pact","Feed","Rage"],"picked":"SKIP","floor":13.0},{"not_picked":["Inflame","Cleave","Hemokinesis"],"picked":"SKIP","floor":14.0},{"not_picked":["Burning Pact","Flame Barrier"],"picked":"Armaments","floor":18}],"player_experience":3509563,"relics_obtained":[{"floor":13.0,"key":"Omamori"},{"floor":17,"key":"Molten Egg 2"},{"floor":17,"key":"Gambling Chip"},{"floor":17,"key":"War Paint"}],"event_choices":[{"damage_healed":0.0,"max_hp_gain":0.0,"max_hp_loss":0.0,"gold_gain":0.0,"event_name":"Upgrade Shrine","player_choice":"Upgraded","floor":5.0,"gold_loss":0.0,"damage_taken":0.0,"cards_upgraded":["Searing Blow"]},{"damage_healed":0,"gold_gain":0,"player_choice":"Read","damage_taken":0,"max_hp_gain":0,"max_hp_loss":0,"event_name":"The Library","floor":20,"gold_loss":0,"cards_obtained":["Battle Trance"]},{"damage_healed":0,"gold_gain":0,"player_choice":"Fight","damage_taken":0,"max_hp_gain":0,"max_hp_loss":0,"event_name":"Colosseum","floor":22,"gold_loss":0},{"damage_healed":0,"gold_gain":0,"player_choice":"Fled From Nobs","damage_taken":0,"max_hp_gain":0,"max_hp_loss":0,"event_name":"Colosseum","floor":22,"gold_loss":0}],"is_beta":false,"boss_relics":[{"not_picked":["Lizard Tail","Orrery"],"picked":"Calling Bell"}],"items_purged_floors":[19],"is_endless":false,"potions_floor_spawned":[1,2,7,13,22],"killed_by":"Book of Stabbing","ascension_level":20}