{"gold_per_floor":[16,32,182,182,52,92,108,121,121,21,51,51,14,27,27,126,126,146,61,61,74,74,74,74,74,98,117,117],"floor_reached":28,"playtime":930,"items_purged":["Doubt","Strike_B"],"score":432,"play_id":"6a10738a-0a0e-43ff-aa32-b9370568325c","local_time":"20190612044612","is_ascension_mode":true,"campfire_choices":[{"data":"Recycle","floor":12,"key":"SMITH"},{"data":"Coolheaded","floor":15,"key":"SMITH"},{"data":"Coolheaded","floor":23,"key":"SMITH"},{"floor":25,"key":"REST"}],"neow_cost":"NO_GOLD","seed_source_timestamp":31486810026154,"circlet_count":0,"master_deck":["AscendersBane","Zap","Dualcast","Reprogram","Seek","Rip and Tear","Recycle+1","Cold Snap","Coolheaded+1","White Noise","Storm","Coolheaded+1","Echo Form","Auto Shields","Genetic Algorithm","Storm","Turbo","Turbo"],"special_seed":0,"relics":["Cracked Core","Golden Idol","Pocketwatch","Sundial","Pandora\u0027s Box","Omamori","Nilry\u0027s Codex","The Courier","Vajra"],"potions_floor_usage":[6,8,18,28],"damage_taken":[{"damage":4.0,"enemies":"Small Slimes","floor":1.0,"turns":3.0},{"damage":7.0,"enemies":"Jaw Worm","floor":2.0,"turns":4.0},{"damage":11,"enemies":"Gremlin Nob","floor":6,"turns":3},{"damage":1,"enemies":"2 Louse","floor":7,"turns":2},{"damage":6,"enemies":"Exordium Wildlife","floor":8,"turns":4},{"damage":5,"enemies":"Large Slime","floor":14,"turns":6},{"damage":21,"enemies":"The Guardian","floor":16,"turns":14},{"damage":25,"enemies":"3 Byrds","floor":18,"turns":5},{"damage":0,"enemies":"Spheric Guardian","floor":21,"turns":6},{"damage":13,"enemies":"Snake Plant","floor":27,"turns":7},{"damage":19,"enemies":"Slavers","floor":28,"turns":1}],"seed_played":"8689612470596143857","potions_obtained":[{"floor":6,"key":"SpeedPotion"},{"floor":7,"key":"AttackPotion"},{"floor":14,"key":"SneckoOil"},{"floor":18,"key":"Fruit Juice"},{"floor":27,"key":"Poison Potion"}],"is_trial":false,"path_per_floor":["M","M","?","?","$","E","M","M","T","$","?","R","$","M","R","B",null,"M","?","?","M","?","R","?","R","T","M","E"],"character_chosen":"DEFECT","items_purchased":["PowerPotion","Storm"],"campfire_rested":1,"item_purchase_floors":[5,13],"current_hp_per_floor":[60,53,53,53,53,42,41,35,35,35,35,35,35,30,30,9,50,30,30,9,9,9,9,9,29,29,16,0],"gold":117,"neow_bonus":"TRANSFORM_TWO_CARDS","is_prod":false,"is_daily":false,"chose_seed":false,"campfire_upgraded":3,"win_rate":0,"timestamp":1560282372,"path_taken":["M","M","?","?","$","E","?","M","T","$","?","R","?","M","R","BOSS","M","?","?","M","?","R","?","R","T","M","E"],"build_version":"2019-01-23","purchased_purges":2,"victory":false,"max_hp_per_floor":[71,71,71,64,64,64,64,64,64,64,64,64,64,64,64,64,64,69,69,69,69,69,69,69,69,69,69,69],"card_choices":[{"not_picked":["Barrage","Force Field"],"picked":"Rip and Tear","floor":1.0},{"not_picked":["Compile Driver","FTL"],"picked":"Recycle","floor":2.0},{"not_picked":["Scrape","Barrage"],"picked":"Cold Snap","floor":6},{"not_picked":["Beam Cell","Conserve Battery"],"picked":"Coolheaded","floor":7},{"not_picked":["Recycle","Ball Lightning"],"picked":"White Noise","floor":8},{"not_picked":["Conserve Battery","Redo"],"picked":"Coolheaded","floor":14},{"not_picked":["Seek","Thunder Strike"],"picked":"Echo Form","floor":16},{"not_picked":["Rip and Tear","Hologram"],"picked":"Turbo","floor":18},{"not_picked":["Streamline+1","Rip and Tear","Defragment"],"picked":"SKIP","floor":21},{"not_picked":["Tempest","Reprogram","Hologram+1"],"picked":"SKIP","floor":27}],"player_experience":587034,"relics_obtained":[{"floor":6,"key":"Pocketwatch"},{"floor":20,"key":"Nilry\u0027s Codex"},{"floor":26,"key":"Vajra"}],"event_choices":[{"damage_healed":0.0,"max_hp_gain":0.0,"max_hp_loss":0.0,"gold_gain":150.0,"event_name":"Liars Game","player_choice":"AGREE","floor":3.0,"gold_loss":0.0,"damage_taken":0.0,"cards_obtained":["Doubt"]},{"damage_healed":0.0,"max_hp_gain":0.0,"max_hp_loss":7.0,"gold_gain":0.0,"event_name":"Golden Idol","player_choice":"Lose Max HP","floor":4.0,"gold_loss":0.0,"damage_taken":0.0,"relics_obtained":["Golden Idol"]},{"damage_healed":0,"gold_gain":30,"player_choice":"Searched \u00273\u0027 times","damage_taken":0,"relics_obtained":["Sundial"],"max_hp_gain":0,"max_hp_loss":0,"event_name":"Dead Adventurer","floor":11,"gold_loss":0},{"damage_healed":0,"gold_gain":0,"player_choice":"Obtained Relic","damage_taken":0,"relics_obtained":["Omamori"],"max_hp_gain":0,"max_hp_loss":0,"event_name":"Addict","floor":19,"gold_loss":85},{"damage_healed":0,"gold_gain":0,"player_choice":"Obtained Book","damage_taken":21,"max_hp_gain":0,"max_hp_loss":0,"event_name":"Cursed Tome","floor":20,"gold_loss":0},{"cards_removed":["Doom and Gloom"],"damage_healed":0,"gold_gain":0,"player_choice":"Elegance","damage_taken":0,"max_hp_gain":0,"max_hp_loss":0,"event_name":"Back to Basics","floor":22,"gold_loss":0},{"damage_healed":0,"gold_gain":0,"player_choice":"Gave Potion","damage_taken":0,"relics_obtained":["The Courier"],"max_hp_gain":0,"max_hp_loss":0,"event_name":"WeMeetAgain","floor":24,"gold_loss":0}],"is_beta":false,"boss_relics":[{"not_picked":["Nuclear Battery","Coffee Dripper"],"picked":"Pandora\u0027s Box"}],"items_purged_floors":[5,10],"is_endless":false,"potions_floor_spawned":[6,7,14,18,27],"killed_by":"Slavers","ascension_level":20}