{"gold_per_floor":[16,31,44,44,44,75,75,94,94,94,119,12,12,53,53,53],"floor_reached":16,"playtime":512,"items_purged":["Defend_B"],"score":220,"play_id":"7d361add-1823-43fd-ba40-0248cc0a3b91","local_time":"20190808142723","is_ascension_mode":true,"campfire_choices":[{"data":"Zap","floor":7,"key":"SMITH"},{"floor":10,"key":"REST"},{"floor":15,"key":"REST"}],"neow_cost":"NO_GOLD","seed_source_timestamp":97125161672357,"circlet_count":0,"master_deck":["AscendersBane","Strike_B","Strike_B","Strike_B","Strike_B","Defend_B","Defend_B","Defend_B","Zap+1","Dualcast","Chill","Cold Snap","Steam","Rip and Tear","Static Discharge","Turbo","Streamline","Seek"],"relics":["Cracked Core","Unceasing Top","Golden Idol","Smiling Mask","Pen Nib","Shuriken","Meat on the Bone"],"potions_floor_usage":[14,14,16],"damage_taken":[{"damage":1,"enemies":"Small Slimes","floor":1,"turns":3},{"damage":0,"enemies":"2 Louse","floor":2,"turns":3},{"damage":8,"enemies":"Jaw Worm","floor":3,"turns":3},{"damage":32,"enemies":"Lagavulin","floor":6,"turns":8},{"damage":6,"enemies":"Blue Slaver","floor":8,"turns":2},{"damage":7,"enemies":"Looter","floor":11,"turns":3},{"damage":4,"enemies":"Gremlin Nob","floor":14,"turns":3},{"damage":31,"enemies":"Slime Boss","floor":16,"turns":7}],"seed_played":"-6202118778700999706","potions_obtained":[{"floor":6,"key":"SteroidPotion"},{"floor":8,"key":"Swift Potion"},{"floor":14,"key":"SteroidPotion"}],"is_trial":false,"path_per_floor":["M","M","M","?","?","E","R","M","T","R","M","$","?","E","R","B"],"character_chosen":"DEFECT","items_purchased":["Streamline"],"campfire_rested":2,"item_purchase_floors":[12],"current_hp_per_floor":[63,63,55,60,60,28,28,22,22,42,35,35,9,5,25,0],"gold":53,"neow_bonus":"ONE_RARE_RELIC","is_prod":false,"is_daily":false,"chose_seed":false,"campfire_upgraded":1,"win_rate":0,"timestamp":1565267243,"path_taken":["M","M","M","?","?","E","R","M","T","R","?","$","?","E","R","BOSS"],"build_version":"2019-07-17","purchased_purges":1,"victory":false,"max_hp_per_floor":[71,71,71,76,69,69,69,69,69,69,69,69,69,69,69,69],"card_choices":[{"not_picked":["Sweeping Beam","Ball Lightning"],"picked":"Chill","floor":1},{"not_picked":["Go for the Eyes","Hologram"],"picked":"Cold Snap","floor":2},{"not_picked":["Coolheaded","Doom and Gloom"],"picked":"Steam","floor":3},{"not_picked":["Gash","Turbo"],"picked":"Rip and Tear","floor":6},{"not_picked":["Redo","Rebound"],"picked":"Static Discharge","floor":8},{"not_picked":["Scrape","Compile Driver"],"picked":"Turbo","floor":11},{"not_picked":["Go for the Eyes","Leap"],"picked":"Seek","floor":14}],"player_experience":845184,"relics_obtained":[{"floor":6,"key":"Smiling Mask"},{"floor":9,"key":"Pen Nib"},{"floor":14,"key":"Meat on the Bone"}],"event_choices":[{"damage_healed":0,"gold_gain":0,"player_choice":"Donut","damage_taken":0,"max_hp_gain":5,"max_hp_loss":0,"event_name":"Big Fish","floor":4,"gold_loss":0},{"damage_healed":0,"gold_gain":0,"player_choice":"Lose Max HP","damage_taken":0,"relics_obtained":["Golden Idol"],"max_hp_gain":0,"max_hp_loss":7,"event_name":"Golden Idol","floor":5,"gold_loss":0},{"damage_healed":0,"gold_gain":0,"player_choice":"Success","damage_taken":26,"relics_obtained":["Shuriken"],"max_hp_gain":0,"max_hp_loss":0,"event_name":"Scrap Ooze","floor":13,"gold_loss":0}],"is_beta":false,"boss_relics":[],"items_purged_floors":[12],"is_endless":false,"potions_floor_spawned":[6,8,11,14],"killed_by":"Slime Boss","ascension_level":20}