{"path_per_floor":["M","?","M","?","M","R","$","E","T","M","R","?","M","M","R","B",null,"M","M","?","M","?","E","R","M","T","?","R","M","M","M","R"],"character_chosen":"THE_SILENT","items_purchased":[],"gold_per_floor":[115,190,202,202,217,217,142,174,174,186,186,186,198,212,212,314,314,325,342,342,357,357,382,382,392,416,416,416,428,447,464,464],"floor_reached":33,"campfire_rested":2,"playtime":2192,"current_hp_per_floor":[70,59,59,45,44,44,44,33,33,33,33,33,33,33,33,12,70,56,56,56,36,36,28,28,3,3,3,24,17,9,3,24],"items_purged":["Defend_G"],"gold":464,"score":297,"play_id":"b6b30a2a-4f24-4ca9-b3e7-a35bf6c48361","is_prod":false,"is_daily":false,"is_ascension_mode":false,"campfire_upgraded":4,"path_taken":["M","?","M","?","M","R","$","E","T","M","R","?","M","?","R","BOSS","M","M","?","M","?","E","R","M","T","?","R","M","M","M","R","BOSS"],"build_version":"2018-02-15-PROD1","purchased_purges":1,"victory":false,"master_deck":["Defend_G+1","Defend_G","Defend_G+1","Strike_G","Strike_G","Strike_G","Survivor","Neutralize+1","Escape Plan","Dagger Spray+1","Escape Plan","Dagger Throw","Dash+1","Adrenaline","Escape Plan","Prepared","Underhanded Strike","Prepared+1","Backflip","Escape Plan","Choke","Bullet Time","Acrobatics+1","Eviscerate"],"max_hp_per_floor":[70,70,70,70,70,70,70,70,70,70,70,70,70,70,70,70,70,70,70,70,70,70,70,70,70,70,70,70,70,70,70,70],"relics":["Ring of the Snake","Orichalcum","Snake Skull","Orrery","Centennial Puzzle","Ancient Tea Set"],"card_choices":[{"not_picked":["Infinite Blades","Poisoned Stab"],"picked":"Escape Plan"},{"not_picked":["Leg Sweep","Backstab"],"picked":"Dagger Spray"},{"not_picked":["Prepared","Expertise"],"picked":"Escape Plan"},{"not_picked":["Sucker Punch","Acrobatics"],"picked":"Dagger Throw"},{"not_picked":["Predator","Acrobatics"],"picked":"Dash"},{"not_picked":["Die Die Die","Unload"],"picked":"Adrenaline"},{"not_picked":["Underhanded Strike","Backflip"],"picked":"Escape Plan"},{"not_picked":["Skewer","Poisoned Stab"],"picked":"Prepared"},{"not_picked":["Quick Slash","PiercingWail"],"picked":"Underhanded Strike"},{"not_picked":["PiercingWail","Underhanded Strike"],"picked":"Prepared"},{"not_picked":["Deadly Poison","Dodge and Roll"],"picked":"Backflip"},{"not_picked":["Underhanded Strike","PiercingWail"],"picked":"Escape Plan"},{"not_picked":["Prepared","Underhanded Strike"],"picked":"Choke"},{"not_picked":["Prepared","Dagger Spray"],"picked":"Acrobatics"},{"not_picked":["Dagger Spray","Doppelganger"],"picked":"Eviscerate"}],"player_experience":87181,"potions_floor_usage":[16,18,19,23,23,23,31,33],"damage_taken":[{"damage":0.0,"enemies":"Small Slimes","floor":1.0,"turns":4.0},{"damage":0.0,"enemies":"Jaw Worm","floor":3.0,"turns":6.0},{"damage":1.0,"enemies":"Cultist","floor":5.0,"turns":5.0},{"damage":11,"enemies":"3 Sentries","floor":8,"turns":7},{"damage":0,"enemies":"2 Fungi Beasts","floor":10,"turns":4},{"damage":0,"enemies":"Blue Slaver","floor":13,"turns":4},{"damage":0,"enemies":"Looter","floor":14,"turns":3},{"damage":21,"enemies":"The Guardian","floor":16,"turns":12},{"damage":14,"enemies":"Chosen","floor":18,"turns":8},{"damage":0,"enemies":"3 Byrds","floor":19,"turns":5},{"damage":20,"enemies":"Slaver and Parasite","floor":21,"turns":9},{"damage":23,"enemies":"Book of Stabbing","floor":23,"turns":10},{"damage":25,"enemies":"Chosen and Byrds","floor":25,"turns":8},{"damage":7,"enemies":"Snecko","floor":29,"turns":6},{"damage":8,"enemies":"Snake Plant","floor":30,"turns":4},{"damage":6,"enemies":"Cultist and Chosen","floor":31,"turns":7},{"damage":38,"enemies":"Collector","floor":33,"turns":6}],"event_choices":[{"event_name":"World of Goop","player_choice":"Gather Gold","floor":2.0,"damage_taken":0.0},{"event_name":"Shining Light","player_choice":"Entered Light","floor":4.0,"damage_taken":0.0},{"event_name":"Liars Game","player_choice":"disagreed","floor":12,"damage_taken":0},{"event_name":"Back to Basics","player_choice":"Elegance","floor":20,"damage_taken":0},{"event_name":"Bonfire Elementals","player_choice":"BASIC","floor":22,"damage_taken":0},{"event_name":"Transmorgrifier","player_choice":"Transform","floor":27,"damage_taken":0}],"boss_relics":[{"not_picked":["Tiny House","Runic Dome"],"picked":"Orrery"}],"potions_floor_spawned":[1,3,10,13,16,19,21,29,30],"seed_played":"-6867243026225185912","killed_by":"Collector","ascension_level":0,"is_trial":false}