{"gold_per_floor":[364,364,364,382,396,396,165,240,292,292,292,324,324,342,342,438,438,455,370,105,105,89,89,108,108,138,158,158],"floor_reached":28,"playtime":918,"items_purged":["Strike_R","Strike_R"],"score":266,"play_id":"12a78829-7907-4a92-ae62-b48294325548","local_time":"20181024232213","is_ascension_mode":false,"campfire_choices":[{"data":"True Grit","floor":6.0,"key":"SMITH"},{"data":"Feed","floor":11.0,"key":"SMITH"},{"data":"Double Tap","floor":13.0,"key":"SMITH"},{"data":"Flex","floor":15.0,"key":"SMITH"},{"floor":23.0,"key":"REST"},{"floor":25.0,"key":"REST"}],"neow_cost":"TEN_PERCENT_HP_LOSS","seed_source_timestamp":47149884309979,"circlet_count":0,"master_deck":["Strike_R","Strike_R","Strike_R","Defend_R","Defend_R","Defend_R","Defend_R","Bash","True Grit+1","Double Tap+1","Flex+1","Shrug It Off","Feed+1","Dropkick","Feed","Burning Pact","Writhe"],"special_seed":0,"relics":["Burning Blood","PreservedInsect","Mummified Hand","Singing Bowl","White Beast Statue","Paper Frog","Membership Card","Blue Candle","Tiny Chest"],"potions_floor_usage":[27],"damage_taken":[{"damage":2.0,"enemies":"2 Louse","floor":1.0,"turns":4.0},{"damage":5.0,"enemies":"Cultist","floor":4.0,"turns":4.0},{"damage":5.0,"enemies":"Small Slimes","floor":5.0,"turns":3.0},{"damage":14.0,"enemies":"Gremlin Nob","floor":12.0,"turns":3.0},{"damage":6.0,"enemies":"Looter","floor":14.0,"turns":4.0},{"damage":35.0,"enemies":"Slime Boss","floor":16.0,"turns":15.0},{"damage":58.0,"enemies":"3 Byrds","floor":18.0,"turns":9.0},{"damage":22.0,"enemies":"2 Thieves","floor":22.0,"turns":4.0},{"damage":60.0,"enemies":"Shelled Parasite and Fungi","floor":24.0,"turns":18.0},{"damage":37,"enemies":"Cultist and Chosen","floor":27,"turns":9},{"damage":0,"enemies":"Chosen and Byrds","floor":28,"turns":1}],"seed_played":"7808098309093617721","potions_obtained":[{"floor":4.0,"key":"Dexterity Potion"},{"floor":5.0,"key":"SkillPotion"},{"floor":12.0,"key":"Fruit Juice"},{"floor":16.0,"key":"Swift Potion"},{"floor":18.0,"key":"Fruit Juice"},{"floor":22.0,"key":"Strength Potion"},{"floor":24.0,"key":"GamblersBrew"},{"floor":27,"key":"Ancient Potion"}],"is_trial":false,"path_per_floor":["M","?","?","M","M","R","$","?","T","T","R","E","R","M","R","B",null,"M","?","$","?","M","R","M","R","T","M"],"character_chosen":"IRONCLAD","items_purchased":["Feed","Membership Card","Burning Pact"],"campfire_rested":2,"item_purchase_floors":[7,20,20],"current_hp_per_floor":[72,72,72,72,72,72,72,61,61,61,61,57,57,68,68,39,87,49,49,49,49,39,71,26,60,60,35,35],"gold":158,"neow_bonus":"TWO_FIFTY_GOLD","is_prod":false,"is_daily":false,"chose_seed":false,"campfire_upgraded":4,"win_rate":0,"timestamp":1540394533,"path_taken":["M","?","?","M","M","R","$","?","T","?","R","E","R","M","R","BOSS","M","?","$","?","?","R","M","R","T","M","M"],"build_version":"2018-10-18","purchased_purges":2,"victory":false,"max_hp_per_floor":[72,72,72,72,72,72,72,72,72,72,72,76,76,87,87,87,87,101,101,101,101,107,107,116,116,116,122,122],"card_choices":[{"not_picked":["Iron Wave","Fire Breathing"],"picked":"True Grit","floor":1.0},{"not_picked":["Pommel Strike","Warcry"],"picked":"Flex","floor":4.0},{"not_picked":["Metallicize","True Grit"],"picked":"Shrug It Off","floor":5.0},{"not_picked":["Power Through","Feel No Pain"],"picked":"Dropkick","floor":12.0},{"not_picked":["Thunderclap","Bloodletting","Clash"],"picked":"Singing Bowl","floor":14.0},{"not_picked":["Bludgeon","Exhume"],"picked":"Feed","floor":16.0},{"not_picked":["Pommel Strike","Bloodletting+1","Sword Boomerang"],"picked":"Singing Bowl","floor":18.0},{"not_picked":["Flame Barrier","Thunderclap","Iron Wave"],"picked":"Singing Bowl","floor":22.0},{"not_picked":["Clash+1","Juggernaut","Anger+1"],"picked":"Singing Bowl","floor":24.0},{"not_picked":["Warcry","Heavy Blade","Evolve"],"picked":"Singing Bowl","floor":27}],"player_experience":619757,"relics_obtained":[{"floor":9.0,"key":"PreservedInsect"},{"floor":10.0,"key":"Mummified Hand"},{"floor":12.0,"key":"Singing Bowl"},{"floor":26.0,"key":"Tiny Chest"}],"event_choices":[{"damage_healed":0.0,"max_hp_gain":0.0,"max_hp_loss":0.0,"gold_gain":0.0,"event_name":"Match and Keep!","player_choice":"1 cards matched","floor":2.0,"gold_loss":0.0,"damage_taken":0.0,"cards_obtained":["Double Tap"]},{"damage_healed":0.0,"max_hp_gain":0.0,"max_hp_loss":0.0,"gold_gain":0.0,"event_name":"Liars Game","player_choice":"Ignored","floor":3.0,"gold_loss":0.0,"damage_taken":0.0},{"damage_healed":0.0,"max_hp_gain":0.0,"max_hp_loss":0.0,"gold_gain":75.0,"event_name":"World of Goop","player_choice":"Gather Gold","floor":8.0,"gold_loss":0.0,"damage_taken":11.0},{"damage_healed":0.0,"max_hp_gain":0.0,"max_hp_loss":0.0,"gold_gain":0.0,"event_name":"Addict","player_choice":"Obtained Relic","floor":19.0,"gold_loss":85.0,"damage_taken":0.0,"relics_obtained":["Paper Frog"]},{"damage_healed":0.0,"max_hp_gain":0.0,"max_hp_loss":0.0,"gold_gain":0.0,"event_name":"The Mausoleum","player_choice":"Opened","floor":21.0,"gold_loss":0.0,"damage_taken":0.0,"relics_obtained":["Blue Candle"],"cards_obtained":["Writhe"]}],"is_beta":false,"boss_relics":[{"not_picked":["Lizard Tail","Runic Cube"],"picked":"White Beast Statue"}],"items_purged_floors":[7,20],"is_endless":false,"potions_floor_spawned":[4,5,12,16,18,22,24,27],"killed_by":"Chosen and Byrds","ascension_level":0}