{"gold_per_floor":[113,127,140,140,215,215,215,243,243,168,168,168,13,30,30,30],"floor_reached":16,"playtime":392,"items_purged":["Strike_G","Strike_G"],"score":196,"play_id":"f9d0d046-edbd-46c2-9b70-ee32ef683f88","local_time":"20190204135846","is_ascension_mode":true,"campfire_choices":[{"data":"Malaise","floor":6.0,"key":"SMITH"},{"data":"Masterful Stab","floor":12.0,"key":"SMITH"},{"data":"Acrobatics","floor":15,"key":"SMITH"}],"neow_cost":"NONE","seed_source_timestamp":8082324668516,"circlet_count":0,"master_deck":["AscendersBane","Defend_G","Defend_G","Defend_G","Defend_G","Defend_G","Strike_G","Strike_G","Survivor","Neutralize","Acrobatics+1","Masterful Stab+1","Malaise+1"],"special_seed":0,"relics":["Ring of the Snake","Strawberry","Thread and Needle","Tough Bandages"],"potions_floor_usage":[],"damage_taken":[{"damage":2.0,"enemies":"2 Louse","floor":1.0,"turns":4.0},{"damage":4.0,"enemies":"Small Slimes","floor":2.0,"turns":6.0},{"damage":0.0,"enemies":"Cultist","floor":3.0,"turns":4.0},{"damage":42.0,"enemies":"Gremlin Nob","floor":8.0,"turns":5.0},{"damage":1,"enemies":"Large Slime","floor":14,"turns":8},{"damage":7,"enemies":"Hexaghost","floor":16,"turns":10}],"seed_played":"7985377418717906551","potions_obtained":[{"floor":3.0,"key":"Strength Potion"}],"is_trial":false,"path_per_floor":["M","M","M","?","?","R","?","E","T","$","?","R","$","M","R","B"],"character_chosen":"THE_SILENT","items_purchased":["Energy Potion"],"campfire_rested":0,"item_purchase_floors":[13],"current_hp_per_floor":[64,60,60,60,49,49,49,7,7,7,7,7,7,6,6,0],"gold":30,"neow_bonus":"RANDOM_COMMON_RELIC","is_prod":false,"is_daily":false,"chose_seed":false,"campfire_upgraded":3,"win_rate":0,"timestamp":1549259926,"path_taken":["M","M","M","?","?","R","?","E","T","$","?","R","$","M","R","BOSS"],"build_version":"2019-01-23","purchased_purges":2,"victory":false,"max_hp_per_floor":[73,73,73,73,73,73,73,73,73,73,73,73,73,73,73,73],"card_choices":[{"not_picked":["Tactician","Deflect"],"picked":"Acrobatics","floor":1.0},{"not_picked":["Flying Knee","Sucker Punch"],"picked":"Masterful Stab","floor":2.0},{"not_picked":["Sucker Punch","Dagger Spray","Backstab"],"picked":"SKIP","floor":3.0},{"not_picked":["Masterful Stab","Malaise","Flying Knee"],"picked":"SKIP","floor":8.0},{"not_picked":["Catalyst","Quick Slash","Outmaneuver"],"picked":"SKIP","floor":14}],"player_experience":1412806,"relics_obtained":[{"floor":8.0,"key":"Thread and Needle"},{"floor":9.0,"key":"Tough Bandages"}],"event_choices":[{"damage_healed":0.0,"max_hp_gain":0.0,"max_hp_loss":0.0,"gold_gain":0.0,"cards_transformed":["Strike_G"],"event_name":"Living Wall","player_choice":"Change","floor":4.0,"gold_loss":0.0,"damage_taken":0.0,"cards_obtained":["Malaise"]},{"damage_healed":0.0,"max_hp_gain":0.0,"max_hp_loss":0.0,"gold_gain":75.0,"event_name":"World of Goop","player_choice":"Gather Gold","floor":5.0,"gold_loss":0.0,"damage_taken":11.0},{"damage_healed":0.0,"max_hp_gain":0.0,"max_hp_loss":0.0,"gold_gain":0.0,"event_name":"Liars Game","player_choice":"Ignored","floor":7.0,"gold_loss":0.0,"damage_taken":0.0},{"damage_healed":0.0,"max_hp_gain":0.0,"max_hp_loss":0.0,"gold_gain":0.0,"event_name":"WeMeetAgain","player_choice":"Ignored","floor":11.0,"gold_loss":0.0,"damage_taken":0.0}],"is_beta":true,"boss_relics":[],"items_purged_floors":[10,13],"is_endless":false,"potions_floor_spawned":[3],"killed_by":"Hexaghost","ascension_level":20}