{"gold_per_floor":[112,112,33,33,33,33,64,64,64,64,83,103,103,133,133,236,236,246,246,246],"floor_reached":20,"playtime":526,"items_purged":[],"score":315,"play_id":"81f90769-2f45-48c8-acd6-9bb4b2ac4c2c","local_time":"20181009165323","is_ascension_mode":true,"campfire_choices":[{"data":"Zap","floor":6,"key":"SMITH"},{"data":"Genetic Algorithm","floor":8,"key":"SMITH"},{"data":"Hologram","floor":10,"key":"SMITH"},{"data":"FTL","floor":13,"key":"SMITH"},{"data":"Gash","floor":15,"key":"SMITH"}],"neow_cost":"NONE","seed_source_timestamp":615824561059678,"circlet_count":0,"master_deck":["Strike_B","Defend_B","Defend_B","Defend_B","Zap+1","Dualcast","AscendersBane","Gash+1","Genetic Algorithm+1","FTL+1","Hologram+1","Go for the Eyes","Leap","Reinforced Body","Chill+1","Thunder Strike+1","Reinforced Body+1","Hologram"],"relics":["Cracked Core","NeowsBlessing","Symbiotic Virus","Pantograph","Shuriken","Astrolabe"],"potions_floor_usage":[],"damage_taken":[{"damage":0,"enemies":"2 Louse","floor":1,"turns":1},{"damage":0,"enemies":"Lagavulin","floor":7,"turns":3},{"damage":0,"enemies":"Small Slimes","floor":11,"turns":1},{"damage":3,"enemies":"Jaw Worm","floor":12,"turns":3},{"damage":25,"enemies":"Gremlin Nob","floor":14,"turns":5},{"damage":44,"enemies":"The Guardian","floor":16,"turns":11},{"damage":29,"enemies":"3 Byrds","floor":18,"turns":7},{"damage":10,"enemies":"Shell Parasite","floor":20,"turns":5}],"seed_played":"-2863013577461700154","potions_obtained":[{"floor":1,"key":"Poison Potion"},{"floor":11,"key":"Weak Potion"},{"floor":14,"key":"Regen Potion"}],"is_trial":false,"path_per_floor":["M","?","$","?","?","R","E","R","T","R","M","M","R","E","R","B",null,"M","?"],"character_chosen":"DEFECT","items_purchased":["FTL"],"campfire_rested":0,"item_purchase_floors":[3],"current_hp_per_floor":[68,68,68,73,73,73,73,73,73,73,73,70,70,45,45,26,67,38,38,28],"gold":246,"neow_bonus":"THREE_ENEMY_KILL","is_prod":false,"is_daily":false,"chose_seed":false,"campfire_upgraded":5,"win_rate":0,"timestamp":1539075203,"path_taken":["M","?","$","?","?","R","E","R","T","R","M","M","R","E","R","BOSS","M","?","M"],"build_version":"2018-10-04v2","purchased_purges":0,"victory":false,"max_hp_per_floor":[75,75,75,80,80,80,80,80,80,80,80,80,80,80,80,80,80,80,80,80],"card_choices":[{"not_picked":["Force Field","Storm"],"picked":"Gash","floor":1},{"not_picked":["Turbo","Leap"],"picked":"Hologram","floor":7},{"not_picked":["Fusion","Compile Driver"],"picked":"Go for the Eyes","floor":11},{"not_picked":["Recycle","Chaos"],"picked":"Leap","floor":12},{"not_picked":["Force Field","Redo"],"picked":"Reinforced Body","floor":14},{"not_picked":["Leap","Melter"],"picked":"Hologram","floor":18}],"player_experience":255098,"relics_obtained":[{"floor":7,"key":"Symbiotic Virus"},{"floor":9,"key":"Pantograph"},{"floor":14,"key":"Shuriken"}],"event_choices":[{"event_name":"Living Wall","player_choice":"Change","floor":2,"damage_taken":0},{"event_name":"Big Fish","player_choice":"Donut","floor":4,"damage_taken":0},{"event_name":"The Cleric","player_choice":"Leave","floor":5,"damage_taken":0},{"event_name":"Vampires","player_choice":"Ignored","floor":19,"damage_taken":0}],"is_beta":false,"boss_relics":[{"not_picked":["Calling Bell","FrozenCore"],"picked":"Astrolabe"}],"items_purged_floors":[],"is_endless":false,"potions_floor_spawned":[1,11,14],"killed_by":"Shell Parasite","ascension_level":11}