{"gold_per_floor":[118,118,132,146,164,164,179,179,179,119,145,0,0,100,100,199,199,213,0,0,0,19,32,32,50,50,50,50,50,61,81,81,181,231,245,265,282,300,320,334,348,348,348,348,364,150,150,150,150,150],"floor_reached":51,"playtime":2314,"items_purged":["Strike_G","Defend_G","Parasite"],"score":678,"play_id":"87bb0aa9-a258-420a-8cad-19d72064dad6","local_time":"20181021151215","is_ascension_mode":false,"campfire_choices":[{"data":"Deadly Poison","floor":6.0,"key":"SMITH"},{"data":"Neutralize","floor":8.0,"key":"SMITH"},{"data":"Well Laid Plans","floor":13.0,"key":"SMITH"},{"data":"Noxious Fumes","floor":15.0,"key":"SMITH"},{"data":"Footwork","floor":24.0,"key":"SMITH"},{"data":"Adrenaline","floor":27,"key":"SMITH"},{"data":"Fusion","floor":32,"key":"SMITH"},{"data":"Uppercut","floor":44,"key":"SMITH"},{"data":"Catalyst","floor":47,"key":"SMITH"},{"data":"Noxious Fumes","floor":49,"key":"SMITH"}],"neow_cost":"NONE","seed_source_timestamp":23797152123135,"circlet_count":0,"master_deck":["Defend_G","Defend_G+1","Defend_G","Strike_G","Strike_G","Strike_G","Survivor","Neutralize+1","Deadly Poison+1","Backflip","Noxious Fumes+1","Well Laid Plans+1","Adrenaline+1","Backflip","Footwork+1","Fusion+1","Sunder+1","Body Slam+1","Reaper","Uppercut+1","Double Energy","Calculated Gamble+1","Catalyst+1","Sever Soul","Reinforced Body","Catalyst+1","Noxious Fumes+1"],"special_seed":0,"relics":["Ring of the Snake","The Courier","Juzu Bracelet","Cursed Key","PrismaticShard","Meat on the Bone","Tiny House"],"potions_floor_usage":[35,38,40,40,50,50,50],"damage_taken":[{"damage":0.0,"enemies":"2 Louse","floor":1.0,"turns":7.0},{"damage":0.0,"enemies":"Small Slimes","floor":3.0,"turns":5.0},{"damage":0.0,"enemies":"Cultist","floor":4.0,"turns":4.0},{"damage":5.0,"enemies":"3 Louse","floor":5.0,"turns":5.0},{"damage":1.0,"enemies":"Red Slaver","floor":7.0,"turns":4.0},{"damage":26.0,"enemies":"Gremlin Nob","floor":11.0,"turns":4.0},{"damage":11.0,"enemies":"The Guardian","floor":16.0,"turns":9.0},{"damage":0.0,"enemies":"Shell Parasite","floor":18.0,"turns":5.0},{"damage":0.0,"enemies":"3 Byrds","floor":22.0,"turns":4.0},{"damage":0.0,"enemies":"Snake Plant","floor":23.0,"turns":6.0},{"damage":4.0,"enemies":"3 Cultists","floor":25.0,"turns":6.0},{"damage":0,"enemies":"Centurion and Healer","floor":30,"turns":4},{"damage":0,"enemies":"Snake Plant","floor":31,"turns":4},{"damage":7,"enemies":"Champ","floor":33,"turns":10},{"damage":4,"enemies":"3 Darklings","floor":35,"turns":6},{"damage":0,"enemies":"Orb Walker","floor":36,"turns":3},{"damage":0,"enemies":"Writhing Mass","floor":37,"turns":7},{"damage":30,"enemies":"Sphere and 2 Shapes","floor":38,"turns":6},{"damage":4,"enemies":"Transient","floor":39,"turns":5},{"damage":4,"enemies":"Jaw Worm Horde","floor":40,"turns":4},{"damage":10,"enemies":"Writhing Mass","floor":41,"turns":5},{"damage":1,"enemies":"Transient","floor":45,"turns":5},{"damage":33,"enemies":"Time Eater","floor":50,"turns":8}],"seed_played":"-8629612840776738306","potions_obtained":[{"floor":1.0,"key":"EssenceOfSteel"},{"floor":4.0,"key":"LiquidBronze"},{"floor":5.0,"key":"Swift Potion"},{"floor":16.0,"key":"Block Potion"},{"floor":22.0,"key":"Explosive Potion"},{"floor":34,"key":"Regen Potion"},{"floor":38,"key":"Explosive Potion"},{"floor":39,"key":"AttackPotion"},{"floor":41,"key":"Ancient Potion"},{"floor":45,"key":"Explosive Potion"}],"is_trial":false,"path_per_floor":["M","?","M","M","M","R","M","R","T","$","E","$","R","?","R","B",null,"M","$","?","$","M","M","R","M","T","R","$","?","M","M","R","B",null,"M","M","M","M","M","M","M","?","T","R","M","$","R","?","R","B"],"character_chosen":"THE_SILENT","items_purchased":["Well Laid Plans","Footwork","PrismaticShard","Noxious Fumes","SteroidPotion","Strength Potion"],"campfire_rested":0,"item_purchase_floors":[12,19,19,46,46,46],"current_hp_per_floor":[70,70,70,70,65,65,64,64,64,64,38,38,38,38,38,27,70,70,70,70,70,70,70,70,66,66,66,66,59,59,59,59,52,75,75,75,75,49,45,53,46,46,46,46,49,49,49,49,49,44],"gold":150,"neow_bonus":"REMOVE_CARD","is_prod":false,"is_daily":false,"chose_seed":false,"campfire_upgraded":10,"win_rate":0,"timestamp":1540105935,"path_taken":["M","?","M","M","M","R","M","R","T","$","E","$","R","?","R","BOSS","M","$","?","$","M","M","R","M","T","R","$","?","M","M","R","BOSS","M","M","M","M","M","M","M","?","T","R","M","$","R","?","R","BOSS"],"build_version":"2018-10-18","purchased_purges":3,"victory":true,"max_hp_per_floor":[70,70,70,70,70,70,70,70,70,70,70,70,70,70,70,70,70,70,70,70,70,70,70,70,70,70,70,70,70,70,70,70,70,75,75,75,75,75,75,75,75,75,75,75,75,72,72,68,68,68],"card_choices":[{"not_picked":["Flechettes","Flying Knee","Dagger Spray"],"picked":"SKIP","floor":1.0},{"not_picked":["Concentrate","Endless Agony","PiercingWail"],"picked":"SKIP","floor":3.0},{"not_picked":["Setup","Flechettes"],"picked":"Deadly Poison","floor":4.0},{"not_picked":["Outmaneuver","Expertise","Masterful Stab"],"picked":"SKIP","floor":5.0},{"not_picked":["Poisoned Stab","Dodge and Roll"],"picked":"Backflip","floor":7.0},{"not_picked":["Backflip","Bullet Time"],"picked":"Noxious Fumes","floor":11.0},{"not_picked":["Tools of the Trade","Storm of Steel"],"picked":"Adrenaline","floor":16.0},{"not_picked":["Bouncing Flask","Sucker Punch+1"],"picked":"Backflip","floor":18.0},{"not_picked":["Steam","Sentinel"],"picked":"Fusion","floor":22.0},{"not_picked":["Gash","Glacier+1"],"picked":"Sunder+1","floor":23.0},{"not_picked":["Stack","Slice","Stack"],"picked":"SKIP","floor":25.0},{"not_picked":["Ball Lightning","Havoc+1"],"picked":"Body Slam+1","floor":30},{"not_picked":["Setup","Combust","Rebound"],"picked":"SKIP","floor":31},{"not_picked":["Transmutation","Mayhem"],"picked":"Reaper","floor":33},{"not_picked":["Perfected Strike+1","Beam Cell"],"picked":"Uppercut","floor":34},{"not_picked":["Twin Strike","Chaos","Glacier+1"],"picked":"SKIP","floor":35},{"not_picked":["Acrobatics+1","Distraction"],"picked":"Double Energy","floor":36},{"not_picked":["Underhanded Strike","Clash"],"picked":"Calculated Gamble+1","floor":37},{"not_picked":["Dagger Throw+1","Anger+1"],"picked":"Catalyst+1","floor":38},{"not_picked":["All Out Attack","Tactician+1","Ball Lightning"],"picked":"SKIP","floor":39},{"not_picked":["Coolheaded+1","Backflip+1"],"picked":"Sever Soul","floor":40},{"not_picked":["Streamline","Pommel Strike"],"picked":"Reinforced Body","floor":41},{"not_picked":["Shrug It Off","Turbo+1"],"picked":"Catalyst","floor":45}],"player_experience":455481,"relics_obtained":[{"floor":9.0,"key":"The Courier"},{"floor":11.0,"key":"Juzu Bracelet"},{"floor":20.0,"key":"Meat on the Bone"}],"event_choices":[{"cards_removed":["Defend_G"],"damage_healed":0.0,"max_hp_gain":0.0,"max_hp_loss":0.0,"gold_gain":0.0,"event_name":"Living Wall","player_choice":"Forget","floor":2.0,"gold_loss":0.0,"damage_taken":0.0},{"damage_healed":0.0,"max_hp_gain":0.0,"max_hp_loss":0.0,"gold_gain":100.0,"event_name":"Golden Shrine","player_choice":"Pray","floor":14.0,"gold_loss":0.0,"damage_taken":0.0},{"damage_healed":0.0,"max_hp_gain":0.0,"max_hp_loss":0.0,"gold_gain":0.0,"event_name":"Wheel of Change","player_choice":"Relic","floor":20.0,"gold_loss":0.0,"damage_taken":0.0},{"damage_healed":0,"gold_gain":0,"player_choice":"Damaged","damage_taken":7,"max_hp_gain":0,"max_hp_loss":0,"event_name":"Wheel of Change","floor":29,"gold_loss":0},{"damage_healed":0,"gold_gain":0,"player_choice":"Ignored","damage_taken":0,"max_hp_gain":0,"max_hp_loss":0,"event_name":"Tomb of Lord Red Mask","floor":42,"gold_loss":0},{"damage_healed":0,"gold_gain":0,"player_choice":"Max HP","damage_taken":0,"max_hp_gain":0,"max_hp_loss":4,"event_name":"Winding Halls","floor":48,"gold_loss":0}],"is_beta":false,"boss_relics":[{"not_picked":["WristBlade","Black Star"],"picked":"Cursed Key"},{"not_picked":["Fusion Hammer","Busted Crown"],"picked":"Tiny House"}],"items_purged_floors":[10,12,46],"is_endless":false,"potions_floor_spawned":[1,4,5,11,16,22,38,39,41,45],"ascension_level":0}