{"gold_per_floor":[10,28,38,54,73,73,73,73,124,49,60,60,88,163,163,241,241,258,258,289,21,21,21,47,63,63,10,26,41,41],"floor_reached":30,"playtime":1337,"items_purged":["Strike_B"],"score":500,"play_id":"6d9335ba-3581-4cfa-b05a-ce01feed2d09","local_time":"20190304194527","is_ascension_mode":true,"campfire_choices":[{"data":"Zap","floor":6.0,"key":"SMITH"},{"data":"Dualcast","floor":8.0,"key":"SMITH"},{"data":"White Noise","floor":12.0,"key":"SMITH"},{"floor":15.0,"key":"REST"},{"data":"Fission","floor":23.0,"key":"SMITH"}],"neow_cost":"NO_GOLD","seed_source_timestamp":0,"circlet_count":0,"master_deck":["AscendersBane","Strike_B","Strike_B","Strike_B","Defend_B","Defend_B","Defend_B","Defend_B","Zap+1","Dualcast+1","Echo Form","White Noise+1","Ball Lightning","FTL","Capacitor","Cold Snap","Fission+1","Hologram","Chill","Coolheaded","Chaos","Conserve Battery"],"special_seed":0,"relics":["Cracked Core","Lantern","Meat on the Bone","Runic Dome","Red Mask","Strange Spoon","FaceOfCleric","PreservedInsect"],"potions_floor_usage":[30,30],"damage_taken":[{"damage":2.0,"enemies":"2 Louse","floor":1.0,"turns":3.0},{"damage":2.0,"enemies":"Jaw Worm","floor":2.0,"turns":3.0},{"damage":0.0,"enemies":"Cultist","floor":3.0,"turns":3.0},{"damage":21.0,"enemies":"Exordium Thugs","floor":4.0,"turns":5.0},{"damage":12.0,"enemies":"Looter","floor":5.0,"turns":3.0},{"damage":3.0,"enemies":"Large Slime","floor":11.0,"turns":4.0},{"damage":33.0,"enemies":"Gremlin Nob","floor":13.0,"turns":4.0},{"damage":22.0,"enemies":"The Guardian","floor":16.0,"turns":8.0},{"damage":1.0,"enemies":"Spheric Guardian","floor":18.0,"turns":5.0},{"damage":42.0,"enemies":"Masked Bandits","floor":20.0,"turns":4.0},{"damage":22.0,"enemies":"Gremlin Leader","floor":24.0,"turns":5.0},{"damage":16.0,"enemies":"Shell Parasite","floor":25.0,"turns":4.0},{"damage":13.0,"enemies":"Centurion and Healer","floor":28.0,"turns":9.0},{"damage":15.0,"enemies":"Snecko","floor":29.0,"turns":7.0},{"damage":23,"enemies":"Cultist and Chosen","floor":30,"turns":5}],"seed_played":"-106317239934587224","potions_obtained":[{"floor":2.0,"key":"AttackPotion"},{"floor":3.0,"key":"Regen Potion"},{"floor":5.0,"key":"SpeedPotion"},{"floor":20.0,"key":"Strength Potion"},{"floor":28.0,"key":"PowerPotion"},{"floor":29.0,"key":"SteroidPotion"}],"is_trial":false,"path_per_floor":["M","M","M","M","M","R","?","R","T","$","M","R","E","?","R","B",null,"M","?","?","$","?","R","E","M","T","$","M","M","M"],"character_chosen":"DEFECT","items_purchased":["Strange Spoon","Fire Potion","SkillPotion"],"campfire_rested":1,"item_purchase_floors":[21,21,27],"current_hp_per_floor":[62,60,60,53,41,41,64,64,64,64,61,61,28,17,38,28,60,59,59,29,29,29,29,20,17,17,17,17,15,0],"gold":41,"neow_bonus":"THREE_RARE_CARDS","is_prod":false,"is_daily":false,"chose_seed":false,"campfire_upgraded":4,"win_rate":0,"timestamp":1551699927,"path_taken":["M","M","M","M","M","R","?","R","T","$","M","R","E","?","R","BOSS","M","?","?","$","?","R","E","?","T","?","M","M","M"],"build_version":"2019-01-23","purchased_purges":1,"victory":false,"max_hp_per_floor":[71,71,71,71,71,71,71,71,71,71,71,71,71,71,71,71,71,71,71,71,71,71,71,72,73,73,73,74,75,75],"card_choices":[{"not_picked":["Fission","Machine Learning"],"picked":"Echo Form","floor":0.0},{"not_picked":["Gash","Aggregate"],"picked":"White Noise","floor":1.0},{"not_picked":["Redo","Compile Driver","Stack"],"picked":"SKIP","floor":2.0},{"not_picked":["Stack","Streamline"],"picked":"Ball Lightning","floor":3.0},{"not_picked":["Barrage","Go for the Eyes"],"picked":"FTL","floor":4.0},{"not_picked":["Turbo","Chill"],"picked":"Capacitor","floor":5.0},{"not_picked":["Sweeping Beam","Darkness"],"picked":"Cold Snap","floor":11.0},{"not_picked":["Go for the Eyes","Multi-Cast","Lockon"],"picked":"SKIP","floor":13.0},{"not_picked":["Thunder Strike","Electrodynamics"],"picked":"Fission","floor":16.0},{"not_picked":["Reprogram+1","Sweeping Beam","Scrape"],"picked":"SKIP","floor":18.0},{"not_picked":["Skim","Melter"],"picked":"Chill","floor":20.0},{"not_picked":["Blizzard","Redo","Stack"],"picked":"SKIP","floor":24.0},{"not_picked":["Leap","Ball Lightning"],"picked":"Coolheaded","floor":25.0},{"not_picked":["Go for the Eyes","Steam"],"picked":"Chaos","floor":28.0},{"not_picked":["Cold Snap","Barrage"],"picked":"Conserve Battery","floor":29.0}],"player_experience":3311267,"relics_obtained":[{"floor":9.0,"key":"Lantern"},{"floor":13.0,"key":"Meat on the Bone"},{"floor":20.0,"key":"Red Mask"},{"floor":24.0,"key":"PreservedInsect"}],"event_choices":[{"damage_healed":23.0,"max_hp_gain":0.0,"max_hp_loss":0.0,"gold_gain":0.0,"event_name":"Big Fish","player_choice":"Banana","floor":7.0,"gold_loss":0.0,"damage_taken":0.0},{"damage_healed":0.0,"max_hp_gain":0.0,"max_hp_loss":0.0,"gold_gain":75.0,"event_name":"World of Goop","player_choice":"Gather Gold","floor":14.0,"gold_loss":0.0,"damage_taken":11.0},{"damage_healed":0.0,"max_hp_gain":0.0,"max_hp_loss":0.0,"gold_gain":0.0,"event_name":"The Library","player_choice":"Read","floor":19.0,"gold_loss":0.0,"damage_taken":0.0,"cards_obtained":["Hologram"]},{"damage_healed":0.0,"max_hp_gain":0.0,"max_hp_loss":0.0,"gold_gain":0.0,"event_name":"Masked Bandits","player_choice":"Fought Bandits","floor":20.0,"gold_loss":0.0,"damage_taken":0.0},{"damage_healed":0.0,"max_hp_gain":0.0,"max_hp_loss":0.0,"gold_gain":0.0,"event_name":"FaceTrader","player_choice":"Trade","floor":22.0,"gold_loss":0.0,"damage_taken":0.0,"relics_obtained":["FaceOfCleric"]}],"is_beta":false,"boss_relics":[{"not_picked":["Philosopher\u0027s Stone","Inserter"],"picked":"Runic Dome"}],"items_purged_floors":[10],"is_endless":false,"potions_floor_spawned":[2,3,5,11,13,20,28,29],"killed_by":"Cultist and Chosen","ascension_level":20}