{"gold_per_floor":[117,130,150,150,3,3,16,16,16,16,16,27,46,62,62,165,165,178,178,278,303,288,288,307,35,61,71,71,82,82,99,99,196,196,213,213,228,239,252,252,152,152,164,51,65,65,82,96,96,96],"floor_reached":51,"playtime":2213,"items_purged":["Strike_R","Strike_R","Bash"],"score":745,"play_id":"4c8feca4-b239-43e6-ab62-a311c519cbda","local_time":"20190630152628","is_ascension_mode":false,"campfire_choices":[{"data":"Limit Break","floor":6.0,"key":"SMITH"},{"data":"Flame Barrier","floor":10.0,"key":"SMITH"},{"data":"Battle Trance","floor":15.0,"key":"SMITH"},{"data":"True Grit","floor":23.0,"key":"SMITH"},{"data":"Flex","floor":28.0,"key":"SMITH"},{"data":"Pommel Strike","floor":30.0,"key":"SMITH"},{"data":"Offering","floor":32.0,"key":"SMITH"},{"data":"Barricade","floor":40,"key":"SMITH"},{"data":"Second Wind","floor":46,"key":"SMITH"},{"data":"Feel No Pain","floor":49,"key":"SMITH"}],"neow_cost":"TEN_PERCENT_HP_LOSS","seed_source_timestamp":10241025672470,"circlet_count":0,"master_deck":["Defend_R","Defend_R","Defend_R","Defend_R","Flame Barrier+1","Combust","Battle Trance+1","Feel No Pain+1","Limit Break+1","Shrug It Off","Flex+1","True Grit+1","Offering+1","Ghostly","Ghostly","Ghostly","Ghostly","Ghostly","Pommel Strike+1","Second Wind+1","Barricade+1","Parasite"],"special_seed":0,"relics":["Burning Blood","Happy Flower","Mummified Hand","Lizard Tail","Thread and Needle","Self Forming Clay","Red Mask","Brimstone","Blood Vial","Mark of Pain","MawBank","Sundial"],"potions_floor_usage":[50,50],"damage_taken":[{"damage":3.0,"enemies":"Jaw Worm","floor":1.0,"turns":4.0},{"damage":1.0,"enemies":"Cultist","floor":2.0,"turns":3.0},{"damage":5.0,"enemies":"Small Slimes","floor":3.0,"turns":3.0},{"damage":6.0,"enemies":"2 Fungi Beasts","floor":7.0,"turns":4.0},{"damage":14.0,"enemies":"3 Louse","floor":12.0,"turns":2.0},{"damage":9.0,"enemies":"Looter","floor":13.0,"turns":4.0},{"damage":7.0,"enemies":"Exordium Thugs","floor":14.0,"turns":7.0},{"damage":30.0,"enemies":"Slime Boss","floor":16.0,"turns":8.0},{"damage":18.0,"enemies":"Spheric Guardian","floor":18.0,"turns":3.0},{"damage":7.0,"enemies":"Colosseum Slavers","floor":20.0,"turns":6.0},{"damage":11.0,"enemies":"Colosseum Nobs","floor":20.0,"turns":8.0},{"damage":7.0,"enemies":"Masked Bandits","floor":21.0,"turns":7.0},{"damage":11.0,"enemies":"2 Thieves","floor":22.0,"turns":5.0},{"damage":13.0,"enemies":"Snecko","floor":24.0,"turns":8.0},{"damage":5.0,"enemies":"Cultist and Chosen","floor":27.0,"turns":6.0},{"damage":3.0,"enemies":"Snake Plant","floor":29.0,"turns":4.0},{"damage":9.0,"enemies":"Shelled Parasite and Fungi","floor":31.0,"turns":6.0},{"damage":12.0,"enemies":"Automaton","floor":33.0,"turns":7.0},{"damage":5,"enemies":"3 Darklings","floor":35,"turns":8},{"damage":4,"enemies":"Orb Walker","floor":37,"turns":4},{"damage":3,"enemies":"Transient","floor":38,"turns":5},{"damage":3,"enemies":"4 Shapes","floor":39,"turns":5},{"damage":4,"enemies":"Spire Growth","floor":45,"turns":4},{"damage":5,"enemies":"Jaw Worm Horde","floor":47,"turns":6},{"damage":8,"enemies":"Writhing Mass","floor":48,"turns":5},{"damage":7,"enemies":"Awakened One","floor":50,"turns":8}],"seed_played":"-5192991205022403285","potions_obtained":[{"floor":3.0,"key":"Weak Potion"},{"floor":7.0,"key":"AttackPotion"},{"floor":14.0,"key":"SteroidPotion"},{"floor":16.0,"key":"PowerPotion"},{"floor":20.0,"key":"BloodPotion"},{"floor":22.0,"key":"LiquidBronze"},{"floor":24.0,"key":"Energy Potion"},{"floor":38,"key":"Ancient Potion"},{"floor":45,"key":"Energy Potion"},{"floor":48,"key":"Strength Potion"}],"is_trial":false,"path_per_floor":["M","M","M","?","$","R","M","?","T","R","?","M","M","M","R","B",null,"M","?","?","?","M","R","M","$","T","M","R","M","R","M","R","B",null,"M","?","M","M","M","R","$","?","T","$","M","R","M","M","R","B",null],"character_chosen":"IRONCLAD","items_purchased":["Limit Break","Brimstone"],"campfire_rested":0,"item_purchase_floors":[5,25],"current_hp_per_floor":[72,72,72,72,72,72,72,77,77,77,44,36,33,32,32,8,77,65,38,32,31,29,29,22,22,22,25,25,30,30,29,29,25,38,38,38,38,38,38,38,38,38,38,38,38,38,38,36,36,37],"gold":96,"neow_bonus":"TRANSFORM_TWO_CARDS","is_prod":false,"is_daily":false,"chose_seed":false,"campfire_upgraded":10,"win_rate":0,"timestamp":1561879588,"path_taken":["M","M","M","?","$","R","?","?","T","R","?","M","M","M","R","BOSS","M","?","?","?","M","R","M","$","T","M","R","M","R","M","R","BOSS","M","?","?","M","M","R","$","?","T","?","?","R","?","M","R","BOSS"],"build_version":"2019-01-23","purchased_purges":3,"victory":true,"max_hp_per_floor":[72,72,72,72,72,72,72,77,77,77,77,77,77,77,77,77,77,77,38,38,38,38,38,38,38,38,38,38,38,38,38,38,38,38,38,38,38,38,38,38,38,38,38,38,38,38,38,38,38,38],"card_choices":[{"not_picked":["Cleave","Heavy Blade","Pummel"],"picked":"SKIP","floor":1.0},{"not_picked":["Power Through","True Grit"],"picked":"Battle Trance","floor":2.0},{"not_picked":["Clothesline","Bloodletting"],"picked":"Feel No Pain","floor":3.0},{"not_picked":["Sentinel","Havoc","Perfected Strike"],"picked":"SKIP","floor":7.0},{"not_picked":["Clothesline","Cleave"],"picked":"Shrug It Off","floor":12.0},{"not_picked":["Thunderclap","Twin Strike"],"picked":"Flex","floor":13.0},{"not_picked":["Clash","Anger"],"picked":"True Grit","floor":14.0},{"not_picked":["Berserk","Demon Form"],"picked":"Offering","floor":16.0},{"not_picked":["Ghostly Armor","Reckless Charge","Shrug It Off"],"picked":"SKIP","floor":18.0},{"not_picked":["Pommel Strike","Sentinel+1","Thunderclap"],"picked":"SKIP","floor":22.0},{"not_picked":["Sentinel+1","Thunderclap"],"picked":"Pommel Strike","floor":22.0},{"not_picked":["Sword Boomerang","Shrug It Off","Headbutt"],"picked":"SKIP","floor":24.0},{"not_picked":["Ghostly Armor","Iron Wave","Shrug It Off+1"],"picked":"SKIP","floor":27.0},{"not_picked":["Shockwave","Pummel","Perfected Strike"],"picked":"SKIP","floor":29.0},{"not_picked":["Headbutt+1","Flame Barrier"],"picked":"Second Wind","floor":31.0},{"not_picked":["Exhume","Impervious"],"picked":"Barricade","floor":33.0},{"not_picked":["Perfected Strike","Armaments+1","Clothesline+1"],"picked":"SKIP","floor":35},{"not_picked":["Dropkick","Clash","Cleave+1"],"picked":"SKIP","floor":37},{"not_picked":["Thunderclap+1","Rage+1","Flex+1"],"picked":"SKIP","floor":38},{"not_picked":["Shockwave","Uppercut+1","Warcry+1"],"picked":"SKIP","floor":39},{"not_picked":["Iron Wave","Anger+1","Cleave"],"picked":"SKIP","floor":45},{"not_picked":["Headbutt","Flex+1","Seeing Red+1"],"picked":"SKIP","floor":47},{"not_picked":["Sentinel+1","Iron Wave","Sword Boomerang"],"picked":"SKIP","floor":48}],"player_experience":5595278,"relics_obtained":[{"floor":9.0,"key":"Happy Flower"},{"floor":20.0,"key":"Thread and Needle"},{"floor":20.0,"key":"Self Forming Clay"},{"floor":21.0,"key":"Red Mask"},{"floor":26.0,"key":"Blood Vial"},{"floor":43,"key":"Sundial"}],"event_choices":[{"cards_removed":["Strike_R"],"damage_healed":0.0,"max_hp_gain":0.0,"max_hp_loss":0.0,"gold_gain":0.0,"event_name":"Bonfire Elementals","player_choice":"Offered Basic","floor":4.0,"gold_loss":0.0,"damage_taken":0.0},{"damage_healed":0.0,"max_hp_gain":5.0,"max_hp_loss":0.0,"gold_gain":0.0,"event_name":"Big Fish","player_choice":"Donut","floor":8.0,"gold_loss":0.0,"damage_taken":0.0},{"damage_healed":0.0,"max_hp_gain":0.0,"max_hp_loss":0.0,"gold_gain":0.0,"event_name":"Scrap Ooze","player_choice":"Success","floor":11.0,"gold_loss":0.0,"damage_taken":33.0,"relics_obtained":["Mummified Hand"]},{"damage_healed":0.0,"max_hp_gain":0.0,"max_hp_loss":39.0,"gold_gain":0.0,"event_name":"Ghosts","player_choice":"Became a Ghost","floor":19.0,"gold_loss":0.0,"damage_taken":0.0,"cards_obtained":["Ghostly","Ghostly","Ghostly","Ghostly","Ghostly"]},{"damage_healed":0.0,"max_hp_gain":0.0,"max_hp_loss":0.0,"gold_gain":0.0,"event_name":"Colosseum","player_choice":"Fight","floor":20.0,"gold_loss":0.0,"damage_taken":0.0},{"damage_healed":0.0,"max_hp_gain":0.0,"max_hp_loss":0.0,"gold_gain":0.0,"event_name":"Colosseum","player_choice":"Fought Nobs","floor":20.0,"gold_loss":0.0,"damage_taken":0.0},{"damage_healed":0.0,"max_hp_gain":0.0,"max_hp_loss":0.0,"gold_gain":0.0,"event_name":"Masked Bandits","player_choice":"Fought Bandits","floor":21.0,"gold_loss":0.0,"damage_taken":0.0},{"damage_healed":0,"gold_gain":0,"player_choice":"Bought 0 Potions","damage_taken":0,"max_hp_gain":0,"max_hp_loss":0,"event_name":"The Woman in Blue","floor":36,"gold_loss":0},{"damage_healed":0,"gold_gain":0,"player_choice":"Gave Potion","damage_taken":0,"relics_obtained":["MawBank"],"max_hp_gain":0,"max_hp_loss":0,"event_name":"WeMeetAgain","floor":42,"gold_loss":0}],"is_beta":false,"boss_relics":[{"not_picked":["White Beast Statue","Velvet Choker"],"picked":"Lizard Tail"},{"not_picked":["Astrolabe","Calling Bell"],"picked":"Mark of Pain"}],"items_purged_floors":[25,41,44],"is_endless":false,"potions_floor_spawned":[3,7,14,16,20,22,24,31,38,45,47,48],"ascension_level":0}