{"gold_per_floor":[118,47,47,47,97,97,113,113,137,59,59],"floor_reached":11,"playtime":142,"items_purged":[],"score":103,"play_id":"33fe0901-8f1f-451c-b167-b3a8a5d03ee0","local_time":"20190219142958","is_ascension_mode":true,"campfire_choices":[{"data":"Noxious Fumes","floor":6,"key":"SMITH"},{"data":"Catalyst","floor":8,"key":"SMITH"}],"neow_cost":"PERCENT_DAMAGE","seed_source_timestamp":153544205996762,"circlet_count":0,"master_deck":["AscendersBane","Defend_G","Defend_G","Defend_G","Defend_G+1","Strike_G","Strike_G+1","Strike_G","Strike_G","Survivor","Neutralize","Noxious Fumes+1","Catalyst+1","Well Laid Plans"],"special_seed":0,"relics":["Ring of the Snake","Oddly Smooth Stone"],"potions_floor_usage":[],"damage_taken":[{"damage":0.0,"enemies":"Jaw Worm","floor":1.0,"turns":6.0},{"damage":2,"enemies":"Small Slimes","floor":7,"turns":4},{"damage":18,"enemies":"Gremlin Nob","floor":11,"turns":3}],"seed_played":"-4397695805219222557","potions_obtained":[],"is_trial":false,"path_per_floor":["M","$","?","?","?","R","M","R","T","$","E"],"character_chosen":"THE_SILENT","items_purchased":["Noxious Fumes","Well Laid Plans"],"campfire_rested":0,"item_purchase_floors":[2,10],"current_hp_per_floor":[44,44,24,24,18,18,16,16,16,16,0],"gold":59,"neow_bonus":"REMOVE_TWO","is_prod":false,"is_daily":false,"chose_seed":false,"campfire_upgraded":2,"win_rate":0,"timestamp":1550557798,"path_taken":["M","$","?","?","?","R","?","R","T","$","E"],"build_version":"2019-01-23","purchased_purges":0,"victory":false,"max_hp_per_floor":[66,66,66,66,66,66,66,66,66,66,66],"card_choices":[{"not_picked":["Dagger Throw","Finisher","Reflex"],"picked":"SKIP","floor":1.0},{"not_picked":["Distraction","Flechettes"],"picked":"Catalyst","floor":7}],"player_experience":840469,"relics_obtained":[{"floor":9,"key":"Oddly Smooth Stone"}],"event_choices":[{"damage_healed":0.0,"max_hp_gain":0.0,"max_hp_loss":0.0,"gold_gain":0.0,"event_name":"Shining Light","player_choice":"Entered Light","floor":3.0,"gold_loss":0.0,"damage_taken":20.0,"cards_upgraded":["Defend_G","Strike_G"]},{"damage_healed":0.0,"max_hp_gain":0.0,"max_hp_loss":0.0,"gold_gain":0.0,"event_name":"The Cleric","player_choice":"Leave","floor":4.0,"gold_loss":0.0,"damage_taken":0.0},{"damage_healed":0,"gold_gain":50,"player_choice":"Touch","damage_taken":6,"max_hp_gain":0,"max_hp_loss":0,"event_name":"FaceTrader","floor":5,"gold_loss":0}],"is_beta":false,"boss_relics":[],"items_purged_floors":[],"is_endless":false,"potions_floor_spawned":[],"killed_by":"Gremlin Nob","ascension_level":15}