{"gold_per_floor":[113,113,38,49,49,49,68,68,68,12,24,24,40,55,55,128,128,148,158,176,34,34,34,34],"floor_reached":24,"playtime":786,"items_purged":["Strike_G","Strike_G"],"score":376,"play_id":"deb2cfd1-1d7d-49e1-aa87-51cbb0ad8556","local_time":"20190105164033","is_ascension_mode":true,"campfire_choices":[{"data":"Neutralize","floor":6,"key":"SMITH"},{"floor":8,"key":"RECALL"},{"data":"Deadly Poison","floor":15,"key":"SMITH"},{"data":"Well Laid Plans","floor":23,"key":"SMITH"}],"neow_cost":"TEN_PERCENT_HP_LOSS","seed_source_timestamp":21873291926327,"circlet_count":0,"master_deck":["AscendersBane","Defend_G","Defend_G","Defend_G","Defend_G","Defend_G","Strike_G","Strike_G","Strike_G","Survivor","Neutralize+1","Corpse Explosion+1","Backflip","Deadly Poison+1","After Image","Malaise","Well Laid Plans+1"],"special_seed":0,"relics":["Ring of the Snake","Velvet Choker","FaceOfCleric"],"potions_floor_usage":[16,16],"damage_taken":[{"damage":0.0,"enemies":"2 Louse","floor":1.0,"turns":2.0},{"damage":3,"enemies":"Jaw Worm","floor":4,"turns":5},{"damage":0,"enemies":"Cultist","floor":7,"turns":4},{"damage":11,"enemies":"Red Slaver","floor":11,"turns":9},{"damage":0,"enemies":"3 Louse","floor":13,"turns":2},{"damage":0,"enemies":"2 Fungi Beasts","floor":14,"turns":4},{"damage":16,"enemies":"Slime Boss","floor":16,"turns":9},{"damage":21,"enemies":"2 Thieves","floor":18,"turns":4},{"damage":4,"enemies":"Shell Parasite","floor":19,"turns":8},{"damage":4,"enemies":"Cultist and Chosen","floor":20,"turns":6},{"damage":0,"enemies":"Book of Stabbing","floor":24,"turns":1}],"seed_played":"3785583103500364889","potions_obtained":[{"floor":4,"key":"Fire Potion"},{"floor":20,"key":"Explosive Potion"}],"is_trial":false,"path_per_floor":["M","?","$","M","?","R","M","R","T","$","M","?","M","M","R","B",null,"M","M","M","$","?","R","E"],"character_chosen":"THE_SILENT","items_purchased":["Fire Potion","Well Laid Plans"],"campfire_rested":0,"item_purchase_floors":[10,21],"current_hp_per_floor":[59,59,59,56,56,56,56,56,56,56,45,45,45,45,45,29,52,31,27,23,23,23,23,23],"gold":34,"neow_bonus":"THREE_RARE_CARDS","is_prod":false,"is_daily":false,"chose_seed":false,"campfire_upgraded":3,"win_rate":0,"timestamp":1546677633,"path_taken":["M","?","$","M","?","R","?","R","T","?","M","?","M","M","R","BOSS","M","M","M","$","?","R","E"],"build_version":"2019-01-03v4","purchased_purges":2,"victory":false,"max_hp_per_floor":[60,60,60,60,60,60,60,60,60,60,60,60,60,60,60,60,60,60,60,60,60,60,60,60],"card_choices":[{"not_picked":["Wraith Form v2","Doppelganger"],"picked":"Corpse Explosion","floor":0.0},{"not_picked":["Poisoned Stab","Deflect"],"picked":"Backflip","floor":1.0},{"not_picked":["Dodge and Roll","Masterful Stab","Heel Hook"],"picked":"SKIP","floor":4},{"not_picked":["Blade Dance","Cloak And Dagger","PiercingWail"],"picked":"SKIP","floor":7},{"not_picked":["Prepared","PiercingWail"],"picked":"Deadly Poison","floor":11},{"not_picked":["Blade Dance","Underhanded Strike","Prepared"],"picked":"SKIP","floor":13},{"not_picked":["Deflect","Terror"],"picked":"After Image","floor":14},{"not_picked":["A Thousand Cuts","Grand Finale"],"picked":"Malaise","floor":16},{"not_picked":["Poisoned Stab+1","Flechettes","Concentrate"],"picked":"SKIP","floor":18},{"not_picked":["Slice+1","Cloak And Dagger","Reflex+1"],"picked":"SKIP","floor":19},{"not_picked":["Dodge and Roll","Deadly Poison","Eviscerate"],"picked":"SKIP","floor":20}],"player_experience":1748446,"relics_obtained":[],"event_choices":[{"damage_healed":0,"gold_gain":0,"player_choice":"Fled","damage_taken":0,"max_hp_gain":0,"max_hp_loss":0,"event_name":"Scrap Ooze","floor":2,"gold_loss":0},{"damage_healed":0,"gold_gain":0,"player_choice":"Upgraded","damage_taken":0,"max_hp_gain":0,"max_hp_loss":0,"event_name":"Upgrade Shrine","floor":5,"gold_loss":0,"cards_upgraded":["Corpse Explosion"]},{"damage_healed":0,"gold_gain":0,"player_choice":"Ignored","damage_taken":0,"max_hp_gain":0,"max_hp_loss":0,"event_name":"Liars Game","floor":12,"gold_loss":0},{"damage_healed":0,"gold_gain":0,"player_choice":"Trade","damage_taken":0,"relics_obtained":["FaceOfCleric"],"max_hp_gain":0,"max_hp_loss":0,"event_name":"FaceTrader","floor":22,"gold_loss":0}],"is_beta":false,"boss_relics":[{"not_picked":["Runic Dome","Sozu"],"picked":"Velvet Choker"}],"items_purged_floors":[3,21],"is_endless":false,"potions_floor_spawned":[4,11,13,20],"killed_by":"Book of Stabbing","ascension_level":20}