{"gold_per_floor":[360,285,311,328,348,348,374,374,374,449,468,468,544,557,557,653,653,669,689,689,689,65,65,80,91,116,116,166,166,192,209,209,314,314,329,345,362,379,88,120,133,163,163,182,182,233,263,280,280,280],"floor_reached":51,"playtime":2519,"items_purged":["Decay","Strike_G"],"score":1034,"play_id":"d6179df5-8f84-4065-90ed-a71fc0d78e56","local_time":"20181017232511","is_ascension_mode":false,"campfire_choices":[{"data":"Predator","floor":6.0,"key":"SMITH"},{"data":"Night Terror","floor":8.0,"key":"SMITH"},{"floor":12.0,"key":"REST"},{"data":"Tools of the Trade","floor":15.0,"key":"SMITH"},{"data":"Wraith Form v2","floor":23.0,"key":"SMITH"},{"data":"Well Laid Plans","floor":27,"key":"SMITH"},{"data":"Footwork","floor":29,"key":"SMITH"},{"data":"Venomology","floor":32,"key":"SMITH"},{"data":"Defend_G","floor":49,"key":"PURGE"}],"neow_cost":"CURSE","seed_source_timestamp":45506427496599,"circlet_count":0,"master_deck":["Defend_G","Defend_G","Defend_G","Defend_G","Strike_G","Strike_G","Survivor","Predator+1","Night Terror+1","Concentrate","Tools of the Trade+1","Wraith Form v2+1","Escape Plan","Bullet Time","Setup","Ghostly","Ghostly","Ghostly","Ghostly","Ghostly","Footwork+1","Venomology+1","Bullet Time","Catalyst+1","Well Laid Plans+1","Corpse Explosion+1","Burst+1","Deadly Poison+1","Die Die Die","After Image","Acrobatics+1","Catalyst+1","Grand Finale"],"special_seed":0,"relics":["Ring of the Snake","Snake Skull","Orichalcum","Du-Vu Doll","Tiny Chest","Coffee Dripper","Potion Belt","Oddly Smooth Stone","Toxic Egg 2","Runic Pyramid","The Courier","Ice Cream","Letter Opener","Peace Pipe","Singing Bowl"],"potions_floor_usage":[37,38,40,41,44,46,47,48,50,50,50],"damage_taken":[{"damage":0.0,"enemies":"Cultist","floor":1.0,"turns":4.0},{"damage":0.0,"enemies":"Small Slimes","floor":4.0,"turns":3.0},{"damage":0.0,"enemies":"2 Louse","floor":5.0,"turns":2.0},{"damage":22.0,"enemies":"3 Sentries","floor":7.0,"turns":11.0},{"damage":0.0,"enemies":"Large Slime","floor":11.0,"turns":6.0},{"damage":6.0,"enemies":"Blue Slaver","floor":14.0,"turns":6.0},{"damage":43.0,"enemies":"Slime Boss","floor":16.0,"turns":10.0},{"damage":10.0,"enemies":"Chosen","floor":18.0,"turns":6.0},{"damage":10.0,"enemies":"Shell Parasite","floor":19.0,"turns":7.0},{"damage":10,"enemies":"Snake Plant","floor":24,"turns":10},{"damage":0,"enemies":"Snecko","floor":25,"turns":6},{"damage":0,"enemies":"Gremlin Leader","floor":30,"turns":15},{"damage":0,"enemies":"Cultist and Chosen","floor":31,"turns":4},{"damage":0,"enemies":"Collector","floor":33,"turns":4},{"damage":0,"enemies":"Orb Walker","floor":35,"turns":3},{"damage":0,"enemies":"3 Shapes","floor":36,"turns":3},{"damage":0,"enemies":"Spire Growth","floor":37,"turns":7},{"damage":0,"enemies":"4 Shapes","floor":38,"turns":5},{"damage":0,"enemies":"Nemesis","floor":40,"turns":7},{"damage":0,"enemies":"Reptomancer","floor":41,"turns":3},{"damage":0,"enemies":"2 Orb Walkers","floor":42,"turns":8},{"damage":0,"enemies":"Transient","floor":44,"turns":5},{"damage":0,"enemies":"Mysterious Sphere","floor":46,"turns":4},{"damage":0,"enemies":"Giant Head","floor":47,"turns":5},{"damage":0,"enemies":"Spire Growth","floor":48,"turns":7},{"damage":0,"enemies":"Donu and Deca","floor":50,"turns":6}],"seed_played":"-2882952312906728298","potions_obtained":[{"floor":4.0,"key":"Swift Potion"},{"floor":5.0,"key":"PowerPotion"},{"floor":7.0,"key":"PowerPotion"},{"floor":18.0,"key":"Swift Potion"},{"floor":31,"key":"FairyPotion"},{"floor":36,"key":"GhostInAJar"},{"floor":40,"key":"GamblersBrew"},{"floor":42,"key":"Fruit Juice"}],"is_trial":false,"path_per_floor":["M","$","T","M","M","R","E","R","T","?","M","R","T","M","R","B",null,"M","M","?","?","$","R","M","M","T","R","?","R","E","M","R","B",null,"M","M","M","M","$","E","M","E","T","M","?","?","E","M","R","B"],"character_chosen":"THE_SILENT","items_purchased":["Footwork","Potion Belt","Venomology","Bullet Time","Die Die Die","After Image"],"campfire_rested":1,"item_purchase_floors":[22,22,22,22,39,39],"current_hp_per_floor":[70,70,70,70,70,70,48,48,48,37,37,58,58,52,52,9,70,60,50,50,35,35,35,25,25,25,25,25,25,25,25,25,25,35,35,35,35,35,35,35,35,35,35,40,40,40,42,44,44,44],"gold":280,"neow_bonus":"TWO_FIFTY_GOLD","is_prod":false,"is_daily":false,"chose_seed":false,"campfire_upgraded":7,"win_rate":0,"timestamp":1539789911,"path_taken":["M","$","?","M","M","R","E","R","T","?","M","R","?","M","R","BOSS","M","M","?","?","$","R","M","M","T","R","?","R","E","M","R","BOSS","M","M","M","M","$","E","M","E","T","M","?","?","E","M","R","BOSS"],"build_version":"2018-10-11","purchased_purges":2,"victory":true,"max_hp_per_floor":[70,70,70,70,70,70,70,70,70,70,70,70,70,70,70,70,70,70,70,70,35,35,35,35,35,35,35,35,35,35,35,35,35,35,35,35,35,35,35,35,35,35,35,40,40,40,42,44,44,44],"card_choices":[{"not_picked":["Underhanded Strike","Outmaneuver"],"picked":"Predator","floor":1.0},{"not_picked":["Sucker Punch","Blur","Blade Dance"],"picked":"SKIP","floor":4.0},{"not_picked":["Choke","Flying Knee"],"picked":"Night Terror","floor":5.0},{"not_picked":["Acrobatics","Quick Slash","Concentrate"],"picked":"SKIP","floor":7.0},{"not_picked":["Acrobatics","Quick Slash"],"picked":"Concentrate","floor":7.0},{"not_picked":["Slice","Underhanded Strike","Choke"],"picked":"SKIP","floor":11.0},{"not_picked":["Slice","Dagger Spray"],"picked":"Tools of the Trade","floor":14.0},{"not_picked":["Envenom","Night Terror"],"picked":"Wraith Form v2","floor":16.0},{"not_picked":["Deflect+1","Dodge and Roll"],"picked":"Escape Plan","floor":18.0},{"not_picked":["Cloak And Dagger","Dagger Spray","Outmaneuver+1"],"picked":"SKIP","floor":19.0},{"not_picked":["Poisoned Stab+1","Blade Dance"],"picked":"Catalyst+1","floor":24},{"not_picked":["Sucker Punch","Deflect"],"picked":"Well Laid Plans","floor":25},{"not_picked":["Phantasmal Killer","Predator"],"picked":"Corpse Explosion","floor":30},{"not_picked":["Terror+1","Poisoned Stab+1","PiercingWail+1"],"picked":"SKIP","floor":31},{"not_picked":["A Thousand Cuts","Phantasmal Killer+1"],"picked":"Burst+1","floor":33},{"not_picked":["Masterful Stab","Poisoned Stab","Underhanded Strike+1"],"picked":"SKIP","floor":35},{"not_picked":["Outmaneuver+1","Finisher+1"],"picked":"Deadly Poison+1","floor":36},{"not_picked":["Riddle With Holes","Dodge and Roll+1","Accuracy+1"],"picked":"SKIP","floor":37},{"not_picked":["Dagger Throw","Calculated Gamble+1","Prepared+1"],"picked":"SKIP","floor":38},{"not_picked":["Finisher","Blur+1","Heel Hook"],"picked":"SKIP","floor":40},{"not_picked":["Acrobatics+1","Masterful Stab","Slice"],"picked":"SKIP","floor":41},{"not_picked":["Masterful Stab","Slice"],"picked":"Acrobatics+1","floor":41},{"not_picked":["Flying Knee+1","Infinite Blades"],"picked":"Catalyst+1","floor":42},{"not_picked":["Prepared+1","Leg Sweep+1","Slice"],"picked":"SKIP","floor":44},{"not_picked":["Choke+1","Underhanded Strike"],"picked":"Grand Finale","floor":46},{"not_picked":["Caltrops+1","Prepared+1","PiercingWail+1"],"picked":"Singing Bowl","floor":47},{"not_picked":["Cloak And Dagger+1","Backstab","Quick Slash+1"],"picked":"Singing Bowl","floor":48}],"player_experience":306652,"relics_obtained":[{"floor":3.0,"key":"Snake Skull"},{"floor":7.0,"key":"Orichalcum"},{"floor":9.0,"key":"Du-Vu Doll"},{"floor":13.0,"key":"Tiny Chest"},{"floor":26,"key":"Oddly Smooth Stone"},{"floor":30,"key":"Toxic Egg 2"},{"floor":40,"key":"The Courier"},{"floor":42,"key":"Ice Cream"},{"floor":43,"key":"Letter Opener"},{"floor":46,"key":"Peace Pipe"},{"floor":47,"key":"Singing Bowl"}],"event_choices":[{"event_name":"World of Goop","player_choice":"Gather Gold","floor":10.0,"damage_taken":0.0},{"event_name":"Drug Dealer","player_choice":"Became Test Subject","floor":20.0,"damage_taken":0.0},{"event_name":"Ghosts","player_choice":"Became a Ghost","floor":21.0,"damage_taken":0.0},{"event_name":"The Joust","player_choice":"Bet on Murderer","floor":28,"damage_taken":0},{"event_name":"Falling","player_choice":"Removed Attack","floor":45,"damage_taken":0},{"event_name":"Mysterious Sphere","player_choice":"Fight","floor":46,"damage_taken":0}],"is_beta":false,"boss_relics":[{"not_picked":["Ring of the Serpent","White Beast Statue"],"picked":"Coffee Dripper"},{"not_picked":["Fusion Hammer","Eternal Feather"],"picked":"Runic Pyramid"}],"items_purged_floors":[2,22],"is_endless":false,"potions_floor_spawned":[4,5,7,18,31,36,40,42,47,48],"ascension_level":0}