{"gold_per_floor":[113,113,129,54,54,54,88,88,88,88,107,117,135,150,150,228,228,246,259,259,259,278,278,278,278,308,335,346,362,362],"floor_reached":30,"playtime":802,"items_purged":["Strike_B"],"score":429,"play_id":"92285afb-876c-46ff-a086-985ed18ef6b8","local_time":"20181012015913","is_ascension_mode":true,"campfire_choices":[{"data":"Zap","floor":6,"key":"SMITH"},{"data":"Go for the Eyes","floor":10,"key":"SMITH"},{"data":"Beam Cell","floor":15,"key":"SMITH"},{"floor":23,"key":"REST"},{"floor":25,"key":"REST"}],"neow_cost":"NONE","seed_source_timestamp":93987111535542,"circlet_count":0,"master_deck":["Strike_B","Strike_B","Defend_B","Defend_B","Defend_B","Zap+1","AscendersBane","Go for the Eyes+1","Sweeping Beam","Leap","Beam Cell+1","FTL","FTL","Skim","Echo Form","Turbo+1","Leap"],"relics":["Cracked Core","Vajra","Omamori","The Courier","Empty Cage","Question Card","Tiny Chest","Bronze Scales"],"potions_floor_usage":[16,22,29],"damage_taken":[{"damage":0,"enemies":"Cultist","floor":1,"turns":3},{"damage":5,"enemies":"2 Louse","floor":3,"turns":2},{"damage":37,"enemies":"3 Sentries","floor":7,"turns":7},{"damage":0,"enemies":"Small Slimes","floor":11,"turns":2},{"damage":8,"enemies":"Blue Slaver","floor":12,"turns":3},{"damage":0,"enemies":"Exordium Thugs","floor":13,"turns":4},{"damage":0,"enemies":"Lots of Slimes","floor":14,"turns":1},{"damage":7,"enemies":"The Guardian","floor":16,"turns":9},{"damage":8,"enemies":"3 Byrds","floor":18,"turns":4},{"damage":14,"enemies":"Spheric Guardian","floor":19,"turns":4},{"damage":29,"enemies":"Snake Plant","floor":22,"turns":5},{"damage":18,"enemies":"Snecko","floor":28,"turns":5},{"damage":6,"enemies":"3 Cultists","floor":29,"turns":4},{"damage":0,"enemies":"Snake Plant","floor":30,"turns":2}],"seed_played":"-2516409643766231913","potions_obtained":[{"floor":7,"key":"Weak Potion"},{"floor":12,"key":"LiquidBronze"},{"floor":13,"key":"PowerPotion"},{"floor":19,"key":"Ancient Potion"},{"floor":28,"key":"AttackPotion"}],"is_trial":false,"path_per_floor":["M","?","M","$","?","R","E","$","T","R","M","M","M","M","R","B",null,"M","M","?","?","M","R","?","R","T","T","M","M"],"character_chosen":"DEFECT","items_purchased":[],"campfire_rested":2,"item_purchase_floors":[],"current_hp_per_floor":[64,69,64,64,57,57,20,20,20,20,20,12,12,12,12,5,58,50,36,36,36,7,29,7,31,31,31,13,7,7],"gold":362,"neow_bonus":"RANDOM_COMMON_RELIC","is_prod":false,"is_daily":false,"chose_seed":false,"campfire_upgraded":3,"win_rate":0,"timestamp":1539280753,"path_taken":["M","?","M","$","?","R","E","$","T","R","?","M","?","M","R","BOSS","M","M","?","?","M","R","?","R","T","?","M","M","M"],"build_version":"2018-10-04v2","purchased_purges":1,"victory":false,"max_hp_per_floor":[71,76,76,76,76,76,76,76,76,76,76,76,76,76,76,76,76,76,76,76,76,76,76,81,81,81,81,81,81,81],"card_choices":[{"not_picked":["Leap","Redo"],"picked":"Go for the Eyes","floor":1},{"not_picked":["Reinforced Body","Capacitor"],"picked":"Sweeping Beam","floor":3},{"not_picked":["Creative AI","Amplify"],"picked":"Leap","floor":7},{"not_picked":["Rebound","Darkness"],"picked":"Beam Cell","floor":11},{"not_picked":["Cold Snap","Blizzard"],"picked":"FTL","floor":12},{"not_picked":["Stack","Capacitor"],"picked":"FTL","floor":13},{"not_picked":["Redo","Rebound"],"picked":"Skim","floor":14},{"not_picked":["Creative AI","Machine Learning"],"picked":"Echo Form","floor":16},{"not_picked":["Lockon","Rebound","Genetic Algorithm"],"picked":"SKIP","floor":18},{"not_picked":["Consume+1","Coolheaded"],"picked":"Turbo+1","floor":19},{"not_picked":["Lockon+1","Chill","Chaos","Storm"],"picked":"SKIP","floor":22},{"not_picked":["Double Energy","Barrage","Rip and Tear"],"picked":"Leap","floor":28},{"not_picked":["Cold Snap+1","Leap+1","Darkness","Chill"],"picked":"SKIP","floor":29}],"player_experience":291788,"relics_obtained":[{"floor":7,"key":"Omamori"},{"floor":9,"key":"The Courier"},{"floor":26,"key":"Tiny Chest"},{"floor":27,"key":"Bronze Scales"}],"event_choices":[{"event_name":"Big Fish","player_choice":"Donut","floor":2,"damage_taken":0},{"event_name":"Golden Wing","player_choice":"Card Removal","floor":5,"damage_taken":0},{"event_name":"Vampires","player_choice":"Ignored","floor":20,"damage_taken":0},{"event_name":"The Mausoleum","player_choice":"Yes","floor":21,"damage_taken":0},{"event_name":"Forgotten Altar","player_choice":"Shed Blood","floor":24,"damage_taken":0}],"is_beta":false,"boss_relics":[{"not_picked":["Lizard Tail","Runic Pyramid"],"picked":"Empty Cage"}],"items_purged_floors":[4],"is_endless":false,"potions_floor_spawned":[7,12,13,19,28],"killed_by":"Snake Plant","ascension_level":17}