{"gold_per_floor":[116,116,191,366,376,376,275,275,275,289,299,299,311,52,52,147,147,161,171,71,86,185,185,197,197,197,72,90,108,124,124,124,221,221,237,28,41,41,60,60,108,108,108,121,121,134,134,0,0,0],"floor_reached":51,"playtime":2385,"items_purged":["Doubt","Strike_G","Strike_G"],"score":714,"play_id":"f839b61d-4ac4-4fcd-a485-a1aac3d2e89e","local_time":"20181020182150","is_ascension_mode":false,"campfire_choices":[{"data":"Bouncing Flask","floor":8.0,"key":"SMITH"},{"data":"Deadly Poison","floor":12.0,"key":"SMITH"},{"data":"Catalyst","floor":15.0,"key":"SMITH"},{"data":"Leg Sweep","floor":23.0,"key":"SMITH"},{"data":"Noxious Fumes","floor":25.0,"key":"SMITH"},{"data":"Noxious Fumes","floor":32.0,"key":"SMITH"},{"data":"Backflip","floor":40.0,"key":"SMITH"},{"data":"Defend_G","floor":42,"key":"SMITH"},{"data":"Defend_G","floor":45,"key":"SMITH"},{"data":"Defend_G","floor":47,"key":"SMITH"},{"data":"Defend_G","floor":49,"key":"SMITH"}],"neow_cost":"NONE","seed_source_timestamp":27123349060250,"circlet_count":0,"master_deck":["Defend_G+1","Defend_G+1","Defend_G+1","Defend_G+1","Strike_G","Strike_G","Survivor","Neutralize","After Image","Predator","Bouncing Flask+1","Deadly Poison+1","Backflip+1","Leg Sweep+1","Catalyst+1","Bullet Time+1","Leg Sweep+1","Noxious Fumes+1","Blade Dance+1","Noxious Fumes+1","Corpse Explosion+1","Backflip+1","Catalyst+1","Crippling Poison+1","Envenom","Clumsy","Footwork+1","Footwork+1"],"special_seed":0,"relics":["Ring of the Snake","Potion Belt","Bag of Preparation","Toxic Egg 2","Cursed Key","Runic Pyramid","DollysMirror","Mango","Anchor","Red Mask"],"potions_floor_usage":[46,50,50,50],"damage_taken":[{"damage":0.0,"enemies":"Small Slimes","floor":1.0,"turns":4.0},{"damage":0.0,"enemies":"2 Louse","floor":5.0,"turns":3.0},{"damage":5.0,"enemies":"Jaw Worm","floor":10.0,"turns":3.0},{"damage":5.0,"enemies":"3 Louse","floor":11.0,"turns":3.0},{"damage":0.0,"enemies":"2 Fungi Beasts","floor":13.0,"turns":5.0},{"damage":17.0,"enemies":"Hexaghost","floor":16.0,"turns":5.0},{"damage":0.0,"enemies":"Chosen","floor":18.0,"turns":4.0},{"damage":0.0,"enemies":"3 Byrds","floor":19.0,"turns":6.0},{"damage":0.0,"enemies":"Snecko","floor":21.0,"turns":4.0},{"damage":0.0,"enemies":"Chosen and Byrds","floor":24.0,"turns":7.0},{"damage":6.0,"enemies":"Centurion and Healer","floor":28.0,"turns":7.0},{"damage":0.0,"enemies":"Snecko","floor":29.0,"turns":5.0},{"damage":0.0,"enemies":"Chosen and Byrds","floor":30.0,"turns":6.0},{"damage":6.0,"enemies":"Champ","floor":33.0,"turns":9.0},{"damage":0.0,"enemies":"3 Shapes","floor":35.0,"turns":2.0},{"damage":0.0,"enemies":"Orb Walker","floor":37.0,"turns":3.0},{"damage":0.0,"enemies":"4 Shapes","floor":39.0,"turns":4.0},{"damage":0,"enemies":"2 Orb Walkers","floor":41,"turns":2},{"damage":0,"enemies":"Writhing Mass","floor":44,"turns":4},{"damage":2,"enemies":"Transient","floor":46,"turns":5},{"damage":0,"enemies":"Time Eater","floor":50,"turns":6}],"seed_played":"428046981855388049","potions_obtained":[{"floor":11.0,"key":"Regen Potion"},{"floor":13.0,"key":"Block Potion"},{"floor":19.0,"key":"PowerPotion"},{"floor":21.0,"key":"LiquidBronze"},{"floor":28.0,"key":"Weak Potion"},{"floor":35.0,"key":"SpeedPotion"},{"floor":41,"key":"Poison Potion"}],"is_trial":false,"path_per_floor":["M","?","?","?","M","T","$","R","T","M","M","R","M","$","R","B",null,"M","M","$","M","?","R","M","R","T","$","M","M","M","?","R","B",null,"M","$","M","$","M","R","?","R","T","M","R","M","R","?","R","B"],"character_chosen":"THE_SILENT","items_purchased":["Deadly Poison","Toxic Egg 2","DollysMirror"],"campfire_rested":0,"item_purchase_floors":[7,14,36],"current_hp_per_floor":[70,70,59,59,59,59,59,59,59,54,49,49,49,49,49,32,70,70,70,70,70,70,70,70,70,70,70,64,64,64,64,64,58,70,70,70,70,70,70,70,84,84,84,84,84,84,84,84,84,84],"gold":0,"neow_bonus":"ONE_RANDOM_RARE_CARD","is_prod":false,"is_daily":false,"chose_seed":false,"campfire_upgraded":11,"win_rate":0,"timestamp":1540030910,"path_taken":["M","?","?","?","M","?","$","R","T","M","M","R","?","$","R","BOSS","M","M","$","M","?","R","?","R","T","$","M","M","?","?","R","BOSS","M","$","M","$","M","R","?","R","T","?","R","M","R","?","R","BOSS"],"build_version":"2018-10-18","purchased_purges":3,"victory":true,"max_hp_per_floor":[70,70,70,70,70,70,70,70,70,70,70,70,70,70,70,70,70,70,70,70,70,70,70,70,70,70,70,70,70,70,70,70,70,70,70,70,70,70,70,70,84,84,84,84,84,84,84,84,84,84],"card_choices":[{"not_picked":["Acrobatics","Dagger Spray"],"picked":"Predator","floor":1.0},{"not_picked":["PiercingWail","Flying Knee","Heel Hook"],"picked":"SKIP","floor":5.0},{"not_picked":["Heel Hook","Bane"],"picked":"Backflip","floor":10.0},{"not_picked":["Sucker Punch","Grand Finale"],"picked":"Leg Sweep","floor":11.0},{"not_picked":["Riddle With Holes","Flying Knee"],"picked":"Catalyst","floor":13.0},{"not_picked":["After Image","Phantasmal Killer+1"],"picked":"Bullet Time+1","floor":16.0},{"not_picked":["Quick Slash","Blade Dance+1"],"picked":"Leg Sweep+1","floor":18.0},{"not_picked":["All Out Attack","Bane","Skewer"],"picked":"SKIP","floor":19.0},{"not_picked":["Outmaneuver+1","Bane+1","Eviscerate"],"picked":"SKIP","floor":21.0},{"not_picked":["Backflip+1","Storm of Steel+1"],"picked":"Noxious Fumes","floor":24.0},{"not_picked":["Blade Dance+1","Slice","Dagger Spray"],"picked":"SKIP","floor":28.0},{"not_picked":["Slice","Dagger Spray"],"picked":"Blade Dance+1","floor":28.0},{"not_picked":["Infinite Blades","Quick Slash"],"picked":"Noxious Fumes","floor":29.0},{"not_picked":["Bane","Flying Knee","PiercingWail+1"],"picked":"SKIP","floor":30.0},{"not_picked":["Burst+1","Grand Finale"],"picked":"Corpse Explosion+1","floor":33.0},{"not_picked":["Bane+1","Slice"],"picked":"Backflip+1","floor":35.0},{"not_picked":["Slice+1","Blade Dance+1"],"picked":"Crippling Poison+1","floor":37.0},{"not_picked":["Blade Dance+1","Heel Hook+1","Blur+1"],"picked":"SKIP","floor":39.0},{"not_picked":["Masterful Stab+1","Heel Hook"],"picked":"Envenom","floor":41},{"not_picked":["PiercingWail+1","Quick Slash+1"],"picked":"Footwork+1","floor":44},{"not_picked":["Dagger Throw+1","Heel Hook+1"],"picked":"Footwork+1","floor":46}],"player_experience":410201,"relics_obtained":[{"floor":6.0,"key":"Potion Belt"},{"floor":9.0,"key":"Bag of Preparation"},{"floor":41,"key":"Mango"},{"floor":43,"key":"Anchor"}],"event_choices":[{"damage_healed":0.0,"max_hp_gain":0.0,"max_hp_loss":0.0,"gold_gain":0.0,"cards_transformed":["Strike_G"],"event_name":"Living Wall","player_choice":"Change","floor":2.0,"gold_loss":0.0,"damage_taken":0.0,"cards_obtained":["Bouncing Flask"]},{"damage_healed":0.0,"max_hp_gain":0.0,"max_hp_loss":0.0,"gold_gain":75.0,"event_name":"World of Goop","player_choice":"Gather Gold","floor":3.0,"gold_loss":0.0,"damage_taken":11.0},{"damage_healed":0.0,"max_hp_gain":0.0,"max_hp_loss":0.0,"gold_gain":175.0,"event_name":"Liars Game","player_choice":"AGREE","floor":4.0,"gold_loss":0.0,"damage_taken":0.0,"cards_obtained":["Doubt"]},{"damage_healed":0.0,"max_hp_gain":0.0,"max_hp_loss":0.0,"gold_gain":99.0,"event_name":"Nest","player_choice":"Stole From Cult","floor":22.0,"gold_loss":0.0,"damage_taken":0.0},{"cards_removed":["Defend_G"],"damage_healed":0.0,"max_hp_gain":0.0,"max_hp_loss":0.0,"gold_gain":0.0,"event_name":"Back to Basics","player_choice":"Elegance","floor":31.0,"gold_loss":0.0,"damage_taken":0.0},{"damage_healed":0,"gold_gain":0,"player_choice":"Fight","damage_taken":0,"max_hp_gain":0,"max_hp_loss":0,"event_name":"Mysterious Sphere","floor":41,"gold_loss":0},{"damage_healed":0,"gold_gain":0,"player_choice":"Paid","damage_taken":0,"relics_obtained":["Red Mask"],"max_hp_gain":0,"max_hp_loss":0,"event_name":"Tomb of Lord Red Mask","floor":48,"gold_loss":134}],"is_beta":false,"boss_relics":[{"not_picked":["Eternal Feather","Ring of the Serpent"],"picked":"Cursed Key"},{"not_picked":["Busted Crown","Philosopher\u0027s Stone"],"picked":"Runic Pyramid"}],"items_purged_floors":[7,20,27],"is_endless":false,"potions_floor_spawned":[11,13,19,21,28,29,35,37,39,41],"ascension_level":0}