{"path_per_floor":["M","?","?","M","M","R","?","R","T","E","?","R","E","M","R","B",null,"M","M","?","M","T","R","?","R","T","R","$","?","E","?","R"],"character_chosen":"THE_SILENT","items_purchased":["Shovel","Setup"],"gold_per_floor":[117,117,117,130,144,144,201,201,201,229,229,229,259,273,273,376,376,362,374,374,392,392,392,392,392,392,392,15,15,47,47,47],"floor_reached":33,"campfire_rested":3,"playtime":1927,"current_hp_per_floor":[63,63,63,60,60,60,43,43,43,29,50,50,39,32,50,30,63,58,58,47,40,40,40,40,40,40,60,60,60,28,28,42],"items_purged":[],"gold":47,"score":295,"play_id":"ae43dae0-0c62-48ef-b33e-682a14df9ee4","local_time":"20180308220830","is_prod":false,"is_daily":false,"is_ascension_mode":false,"campfire_upgraded":2,"timestamp":1520543310,"path_taken":["M","?","?","M","M","R","?","R","T","E","?","R","E","M","R","BOSS","M","M","?","M","?","R","?","R","T","R","$","?","E","?","R","BOSS"],"build_version":"2018-03-01-PROD1","purchased_purges":0,"victory":false,"master_deck":["Defend_G","Defend_G","Defend_G","Defend_G","Defend_G","Survivor","Neutralize","Prepared+1","Normality","Flying Knee+1","Finisher","Malaise","Distraction","Infinite Blades","Expertise+1","Doppelganger","Skewer+1","Flechettes","Infinite Blades+1","Setup","Venomology","Bite+1","Bite+1","Bite+1","Bite+1","Bite+1"],"max_hp_per_floor":[63,63,63,63,63,63,63,63,63,63,63,63,63,63,63,63,63,63,63,68,68,68,68,68,68,68,68,68,68,68,47,47],"relics":["Ring of the Snake","Girya","Juzu Bracelet","Omamori","Matryoshka","Art of War","Ice Cream","Black Star","Whetstone","Vajra","Happy Flower","Dodecahedron","Shovel","Molten Egg 2","Oddly Smooth Stone","Anchor"],"card_choices":[{"not_picked":["Backflip","Deflect"],"picked":"Prepared"},{"not_picked":["Dagger Throw","Dodge and Roll"],"picked":"Flying Knee"},{"not_picked":["Bane","Blur"],"picked":"Finisher"},{"not_picked":["Deflect","Cloak And Dagger"],"picked":"Malaise"},{"not_picked":["Catalyst","Backflip"],"picked":"Distraction"},{"not_picked":["Distraction","Heel Hook"],"picked":"Infinite Blades"},{"not_picked":["Prepared","Slice"],"picked":"Expertise"},{"not_picked":["Night Terror","Bullet Time"],"picked":"Doppelganger"},{"not_picked":["Crippling Poison","Acrobatics"],"picked":"Skewer"},{"not_picked":["Caltrops","Acrobatics"],"picked":"Flechettes"},{"not_picked":["Cloak And Dagger","Deflect"],"picked":"Infinite Blades"},{"not_picked":["Quick Slash","Malaise"],"picked":"Venomology"}],"player_experience":127974,"potions_floor_usage":[33],"damage_taken":[{"damage":0.0,"enemies":"2 Louse","floor":1.0,"turns":4.0},{"damage":3.0,"enemies":"Cultist","floor":4.0,"turns":7.0},{"damage":0.0,"enemies":"Jaw Worm","floor":5.0,"turns":4.0},{"damage":17.0,"enemies":"3 Sentries","floor":7.0,"turns":8.0},{"damage":14.0,"enemies":"Gremlin Nob","floor":10.0,"turns":3.0},{"damage":11.0,"enemies":"3 Sentries","floor":13.0,"turns":6.0},{"damage":7.0,"enemies":"Looter","floor":14.0,"turns":3.0},{"damage":20.0,"enemies":"Hexaghost","floor":16.0,"turns":10.0},{"damage":5.0,"enemies":"2 Thieves","floor":18.0,"turns":4.0},{"damage":0.0,"enemies":"Spheric Guardian","floor":19.0,"turns":2.0},{"damage":7.0,"enemies":"Cultist and Chosen","floor":21.0,"turns":9.0},{"damage":32.0,"enemies":"Slavers","floor":30.0,"turns":3.0},{"damage":110,"enemies":"Automaton","floor":33,"turns":6}],"event_choices":[{"event_name":"Upgrade Shrine","player_choice":"Upgraded","floor":2.0,"damage_taken":0.0},{"event_name":"Accursed Blacksmith","player_choice":"Rummage","floor":3.0,"damage_taken":0.0},{"event_name":"Dead Adventurer","player_choice":"Searched \u00271\u0027 times","floor":7.0,"damage_taken":0.0},{"event_name":"Big Fish","player_choice":"Banana","floor":11.0,"damage_taken":0.0},{"event_name":"Forgotten Altar","player_choice":"Shed Blood","floor":20.0,"damage_taken":0.0},{"event_name":"The Lab","player_choice":"Got Potions","floor":24.0,"damage_taken":0.0},{"event_name":"The Mausoleum","player_choice":"Yes","floor":29.0,"damage_taken":0.0},{"event_name":"Vampires","player_choice":"Became a vampire","floor":31.0,"damage_taken":0.0}],"boss_relics":[],"potions_floor_spawned":[5,7,10,13,16,18,19],"seed_played":"8488745436051782786","killed_by":"Automaton","ascension_level":0,"is_trial":false}