{"gold_per_floor":[117,117,42,61,61,61,96,96,96,115,140,140,73,89,89,189,189,204,221,238,251,265,265,278,278,355,49,63,82,82,82,82,183,183,198,198,198,208,108,108,108,18,18,38,49,94,17,32,32,32],"floor_reached":51,"playtime":1286,"items_purged":["Quick Slash","Underhanded Strike","Accuracy+1"],"score":724,"play_id":"2dc45ce7-385f-4dbc-8739-44bc33e39eb5","local_time":"20181125101435","is_ascension_mode":false,"campfire_choices":[{"data":"Neutralize","floor":6,"key":"SMITH"},{"data":"Terror","floor":8,"key":"SMITH"},{"data":"Catalyst","floor":12,"key":"SMITH"},{"data":"Deadly Poison","floor":15,"key":"SMITH"},{"data":"Catalyst","floor":23,"key":"SMITH"},{"data":"Well Laid Plans","floor":25,"key":"SMITH"},{"data":"Catalyst","floor":30,"key":"SMITH"},{"data":"Night Terror","floor":32,"key":"SMITH"},{"data":"Backflip","floor":40,"key":"SMITH"},{"data":"PanicButton","floor":49,"key":"SMITH"}],"neow_cost":"NONE","seed_source_timestamp":4985440153543,"circlet_count":0,"master_deck":["Survivor+1","Neutralize+1","Terror+1","Heel Hook+1","Backflip+1","PiercingWail+1","Backflip+1","Deadly Poison+1","Backflip+1","Catalyst+1","Well Laid Plans+1","Corpse Explosion+1","Night Terror+1","Corpse Explosion+1","Catalyst+1","Catalyst+1","Bouncing Flask+1","Night Terror+1","Backflip+1","Prepared+1","PanicButton+1","Calculated Gamble"],"special_seed":0,"relics":["Pandora\u0027s Box","Gremlin Horn","Paper Crane","Lantern","Runic Dome","The Courier","Lee\u0027s Waffle","Runic Pyramid","Mark of the Bloom","Dead Branch"],"potions_floor_usage":[44],"damage_taken":[{"damage":3.0,"enemies":"Jaw Worm","floor":1.0,"turns":3.0},{"damage":0.0,"enemies":"Small Slimes","floor":4.0,"turns":3.0},{"damage":17,"enemies":"Gremlin Nob","floor":7,"turns":4},{"damage":0,"enemies":"Cultist","floor":10,"turns":2},{"damage":0,"enemies":"Gremlin Gang","floor":14,"turns":4},{"damage":14,"enemies":"The Guardian","floor":16,"turns":6},{"damage":0,"enemies":"2 Thieves","floor":18,"turns":2},{"damage":0,"enemies":"3 Byrds","floor":19,"turns":3},{"damage":0,"enemies":"Snake Plant","floor":20,"turns":2},{"damage":10,"enemies":"Cultist and Chosen","floor":21,"turns":3},{"damage":10,"enemies":"Snecko","floor":22,"turns":4},{"damage":19,"enemies":"Snake Plant","floor":24,"turns":3},{"damage":2,"enemies":"Centurion and Healer","floor":28,"turns":2},{"damage":12,"enemies":"Shelled Parasite and Fungi","floor":29,"turns":2},{"damage":12,"enemies":"Champ","floor":33,"turns":3},{"damage":6,"enemies":"3 Shapes","floor":35,"turns":2},{"damage":0,"enemies":"3 Darklings","floor":38,"turns":1},{"damage":0,"enemies":"Jaw Worm Horde","floor":44,"turns":1},{"damage":0,"enemies":"4 Shapes","floor":45,"turns":2},{"damage":6,"enemies":"2 Orb Walkers","floor":46,"turns":3},{"damage":0,"enemies":"Transient","floor":48,"turns":4},{"damage":30,"enemies":"Donu and Deca","floor":50,"turns":3}],"seed_played":"-3514155201317748132","potions_obtained":[{"floor":10,"key":"SteroidPotion"},{"floor":14,"key":"Strength Potion"},{"floor":19,"key":"LiquidBronze"},{"floor":35,"key":"Swift Potion"}],"is_trial":false,"path_per_floor":["M","?","$","M","?","R","E","R","T","M","T","R","$","M","R","B",null,"M","M","M","M","M","R","M","R","T","$","M","M","R","?","R","B",null,"M","?","?","M","$","R","$","?","T","M","M","?","$","M","R","B",null],"character_chosen":"THE_SILENT","items_purchased":["Well Laid Plans","Catalyst","Lee\u0027s Waffle","PanicButton"],"campfire_rested":0,"item_purchase_floors":[13,27,27,47],"current_hp_per_floor":[67,67,67,67,67,67,50,50,50,50,50,50,50,50,50,36,70,70,70,70,60,50,50,31,31,31,77,75,63,63,63,63,51,77,71,71,71,71,71,71,71,71,71,71,71,65,65,65,65,35],"gold":32,"neow_bonus":"BOSS_RELIC","is_prod":false,"is_daily":false,"chose_seed":false,"campfire_upgraded":10,"win_rate":0,"timestamp":1543112075,"path_taken":["M","?","$","M","?","R","E","R","T","?","?","R","$","?","R","BOSS","M","?","?","M","M","R","M","R","T","$","M","M","R","?","R","BOSS","M","?","?","?","$","R","$","?","T","M","?","?","?","M","R","BOSS"],"build_version":"2018-11-15","purchased_purges":3,"victory":true,"max_hp_per_floor":[70,70,70,70,70,70,70,70,70,70,70,70,70,70,70,70,70,70,70,70,70,70,70,70,70,70,77,77,77,77,77,77,77,77,77,77,73,73,73,73,73,73,73,73,73,73,73,73,73,73],"card_choices":[{"not_picked":["Poisoned Stab","Slice"],"picked":"Backflip","floor":1.0},{"not_picked":["Cloak And Dagger","Calculated Gamble"],"picked":"Deadly Poison","floor":4.0},{"not_picked":["All Out Attack","PiercingWail"],"picked":"Backflip","floor":7},{"not_picked":["Poisoned Stab","Setup"],"picked":"Catalyst","floor":10},{"not_picked":["Predator","Sucker Punch"],"picked":"Corpse Explosion","floor":14},{"not_picked":["Unload","Tools of the Trade"],"picked":"Night Terror","floor":16},{"not_picked":["Dodge and Roll+1","Tactician","Outmaneuver"],"picked":"SKIP","floor":18},{"not_picked":["Outmaneuver","Riddle With Holes","Cloak And Dagger"],"picked":"SKIP","floor":19},{"not_picked":["Predator+1","Outmaneuver+1","Deflect"],"picked":"SKIP","floor":20},{"not_picked":["Poisoned Stab+1","Prepared+1"],"picked":"Corpse Explosion","floor":21},{"not_picked":["Underhanded Strike+1","Deadly Poison"],"picked":"Catalyst","floor":22},{"not_picked":["Expertise","Deadly Poison","Endless Agony"],"picked":"SKIP","floor":24},{"not_picked":["Blade Dance","Eviscerate+1","Choke"],"picked":"SKIP","floor":28},{"not_picked":["Choke","Dagger Spray+1"],"picked":"Bouncing Flask+1","floor":29},{"not_picked":["Grand Finale","Die Die Die"],"picked":"Night Terror","floor":33},{"not_picked":["Poisoned Stab+1","Deadly Poison","Distraction+1"],"picked":"SKIP","floor":35},{"not_picked":["Deadly Poison+1","Deflect"],"picked":"Backflip","floor":38},{"not_picked":["Skewer+1","Masterful Stab+1","Poisoned Stab"],"picked":"SKIP","floor":44},{"not_picked":["Cloak And Dagger","Setup","Die Die Die"],"picked":"SKIP","floor":45},{"not_picked":["Masterful Stab","Calculated Gamble"],"picked":"Prepared+1","floor":46},{"not_picked":["Deflect+1","Accuracy+1"],"picked":"Calculated Gamble","floor":48}],"player_experience":1178287,"relics_obtained":[{"floor":7,"key":"Gremlin Horn"},{"floor":9,"key":"Paper Crane"},{"floor":11,"key":"Lantern"},{"floor":26,"key":"The Courier"},{"floor":46,"key":"Dead Branch"}],"event_choices":[{"damage_healed":0.0,"max_hp_gain":0.0,"max_hp_loss":0.0,"gold_gain":0.0,"event_name":"Scrap Ooze","player_choice":"Fled","floor":2.0,"gold_loss":0.0,"damage_taken":0.0},{"cards_removed":["Flying Knee"],"damage_healed":0,"gold_gain":0,"player_choice":"Forget","damage_taken":0,"max_hp_gain":0,"max_hp_loss":0,"event_name":"Living Wall","floor":5,"gold_loss":0},{"cards_removed":["Bane"],"damage_healed":0,"gold_gain":0,"player_choice":"Elegance","damage_taken":0,"max_hp_gain":0,"max_hp_loss":0,"event_name":"Back to Basics","floor":31,"gold_loss":0},{"damage_healed":0,"gold_gain":0,"player_choice":"Upgrade","damage_taken":0,"relics_obtained":["Mark of the Bloom"],"max_hp_gain":0,"max_hp_loss":0,"event_name":"MindBloom","floor":36,"gold_loss":0,"cards_upgraded":["Survivor","Accuracy","Predator","Heel Hook","Backflip","PiercingWail","Backflip","Backflip","Corpse Explosion","Corpse Explosion","Night Terror"]},{"damage_healed":0,"gold_gain":0,"player_choice":"Max HP","damage_taken":0,"max_hp_gain":0,"max_hp_loss":4,"event_name":"Winding Halls","floor":37,"gold_loss":0},{"cards_removed":["Predator"],"damage_healed":0,"gold_gain":0,"player_choice":"Removal","damage_taken":0,"max_hp_gain":0,"max_hp_loss":0,"event_name":"Designer","floor":42,"gold_loss":90},{"damage_healed":0,"gold_gain":0,"player_choice":"Fight","damage_taken":0,"max_hp_gain":0,"max_hp_loss":0,"event_name":"Mysterious Sphere","floor":46,"gold_loss":0}],"is_beta":false,"boss_relics":[{"not_picked":["Black Star","Fusion Hammer"],"picked":"Runic Dome"},{"not_picked":["Sozu","Tiny House"],"picked":"Runic Pyramid"}],"items_purged_floors":[3,27,39],"is_endless":false,"potions_floor_spawned":[10,14,19,21,33,35],"ascension_level":0}