{"gold_per_floor":[362,209,225,235,245,245,256,284,284,284,298,298,298,298,298,399,399,411,311,297,317,337,337,337,357,437,183,196,196,209,125,125,224,224,241,15,32,32,32,57,71,71,98,118,118,118,118,128,128,128],"floor_reached":51,"playtime":2694,"items_purged":["Defend_G","Strike_G","Strike_G","Strike_G"],"score":781,"play_id":"8bd97187-acf0-48c9-b376-3f2dfff52407","local_time":"20181029112452","is_ascension_mode":false,"campfire_choices":[{"data":"Poisoned Stab","floor":6.0,"key":"SMITH"},{"data":"Well Laid Plans","floor":13.0,"key":"SMITH"},{"data":"Neutralize","floor":15.0,"key":"SMITH"},{"data":"Footwork","floor":23.0,"key":"SMITH"},{"data":"Terror","floor":32.0,"key":"SMITH"}],"neow_cost":"TEN_PERCENT_HP_LOSS","seed_source_timestamp":0,"circlet_count":0,"master_deck":["Defend_G+1","Defend_G+1","Defend_G+1","Defend_G+1","Strike_G+1","Survivor+1","Neutralize+1","Well Laid Plans+1","Well Laid Plans+1","Poisoned Stab+1","Footwork+1","Terror+1","Catalyst+1","Night Terror+1","Heel Hook+1","Well Laid Plans+1","Backstab+1","Purity+1","Night Terror+1","Burst+1","Impatience+1","Blur+1","Leg Sweep+1"],"special_seed":0,"relics":["Ring of the Snake","PreservedInsect","Toxic Egg 2","Coffee Dripper","Question Card","Mark of the Bloom","Mercury Hourglass","Regal Pillow"],"potions_floor_usage":[50],"damage_taken":[{"damage":0.0,"enemies":"Cultist","floor":1.0,"turns":6.0},{"damage":0.0,"enemies":"Jaw Worm","floor":3.0,"turns":4.0},{"damage":0.0,"enemies":"Small Slimes","floor":4.0,"turns":4.0},{"damage":4.0,"enemies":"Looter","floor":5.0,"turns":4.0},{"damage":8.0,"enemies":"Large Slime","floor":7.0,"turns":8.0},{"damage":7.0,"enemies":"3 Sentries","floor":8.0,"turns":11.0},{"damage":0.0,"enemies":"2 Fungi Beasts","floor":11.0,"turns":3.0},{"damage":2.0,"enemies":"Hexaghost","floor":16.0,"turns":9.0},{"damage":7.0,"enemies":"Spheric Guardian","floor":18.0,"turns":5.0},{"damage":10.0,"enemies":"2 Thieves","floor":20.0,"turns":4.0},{"damage":11.0,"enemies":"Shelled Parasite and Fungi","floor":21.0,"turns":6.0},{"damage":7.0,"enemies":"Snake Plant","floor":22.0,"turns":4.0},{"damage":6.0,"enemies":"Colosseum Slavers","floor":24.0,"turns":5.0},{"damage":4.0,"enemies":"3 Cultists","floor":25.0,"turns":9.0},{"damage":0.0,"enemies":"Centurion and Healer","floor":28.0,"turns":5.0},{"damage":0.0,"enemies":"Snake Plant","floor":30.0,"turns":4.0},{"damage":19.0,"enemies":"Collector","floor":33.0,"turns":5.0},{"damage":15.0,"enemies":"Orb Walker","floor":35.0,"turns":3.0},{"damage":9.0,"enemies":"3 Darklings","floor":37.0,"turns":5.0},{"damage":15.0,"enemies":"Reptomancer","floor":40.0,"turns":7.0},{"damage":0.0,"enemies":"Spire Growth","floor":41.0,"turns":6.0},{"damage":1.0,"enemies":"4 Shapes","floor":44.0,"turns":18.0},{"damage":19.0,"enemies":"Jaw Worm Horde","floor":48.0,"turns":8.0},{"damage":0,"enemies":"Donu and Deca","floor":50,"turns":17}],"seed_played":"4419838456893733496","potions_obtained":[{"floor":3.0,"key":"SteroidPotion"},{"floor":5.0,"key":"Explosive Potion"},{"floor":20.0,"key":"GamblersBrew"},{"floor":21.0,"key":"GamblersBrew"},{"floor":28.0,"key":"GamblersBrew"},{"floor":33.0,"key":"Fire Potion"},{"floor":40.0,"key":"EssenceOfSteel"},{"floor":44.0,"key":"Regen Potion"}],"is_trial":false,"path_per_floor":["M","$","M","M","M","R","M","E","T","?","M","?","R","?","R","B",null,"M","$","M","M","M","R","?","M","T","$","M","?","M","$","R","B",null,"M","$","M","?","?","E","M","R","T","M","?","R","?","M","R","B"],"character_chosen":"THE_SILENT","items_purchased":["Well Laid Plans","Fire Potion","EssenceOfSteel","Purity+1","GhostInAJar"],"campfire_rested":0,"item_purchase_floors":[2,27,27,31,36],"current_hp_per_floor":[63,63,63,63,59,59,51,44,44,49,49,35,35,28,28,26,68,61,61,51,40,33,33,27,23,23,23,23,23,23,23,23,4,68,53,53,44,44,44,29,29,29,29,28,28,28,28,9,9,9],"gold":128,"neow_bonus":"TWO_FIFTY_GOLD","is_prod":false,"is_daily":false,"chose_seed":false,"campfire_upgraded":5,"win_rate":0,"timestamp":1540783492,"path_taken":["M","$","M","?","M","R","M","E","T","?","M","?","R","?","R","BOSS","M","$","M","M","M","R","?","M","T","$","M","?","M","?","R","BOSS","M","$","M","?","?","E","?","R","T","M","?","R","?","M","R","BOSS"],"build_version":"2018-10-25v2","purchased_purges":4,"victory":true,"max_hp_per_floor":[63,63,63,63,63,63,63,63,63,68,68,68,68,68,68,68,68,68,68,68,68,68,68,68,68,68,68,68,68,68,68,68,68,68,68,68,68,68,68,68,68,68,68,68,59,59,56,56,56,56],"card_choices":[{"not_picked":["Cloak And Dagger","Dash","Finisher"],"picked":"SKIP","floor":1.0},{"not_picked":["Cloak And Dagger","Setup","Predator"],"picked":"SKIP","floor":3.0},{"not_picked":["Acrobatics","Sucker Punch"],"picked":"Well Laid Plans","floor":4.0},{"not_picked":["Finisher","Cloak And Dagger"],"picked":"Poisoned Stab","floor":5.0},{"not_picked":["Sucker Punch","Blade Dance"],"picked":"Footwork","floor":7.0},{"not_picked":["Sucker Punch","Acrobatics"],"picked":"Terror","floor":8.0},{"not_picked":["Poisoned Stab","Finisher"],"picked":"Catalyst+1","floor":11.0},{"not_picked":["Die Die Die","Doppelganger+1"],"picked":"Night Terror+1","floor":16.0},{"not_picked":["Riddle With Holes","Outmaneuver+1"],"picked":"Heel Hook+1","floor":18.0},{"not_picked":["Bane","Reflex+1"],"picked":"Well Laid Plans+1","floor":20.0},{"not_picked":["Caltrops","Flechettes","Backstab"],"picked":"SKIP","floor":21.0},{"not_picked":["Caltrops","Flechettes"],"picked":"Backstab","floor":21.0},{"not_picked":["Flechettes+1","Caltrops","Blade Dance+1"],"picked":"SKIP","floor":22.0},{"not_picked":["Underhanded Strike","Distraction+1","Dagger Throw"],"picked":"SKIP","floor":25.0},{"not_picked":["Caltrops","Slice","Backflip+1","Dagger Spray"],"picked":"SKIP","floor":28.0},{"not_picked":["Poisoned Stab","Reflex+1","Deflect+1","Slice"],"picked":"SKIP","floor":30.0},{"not_picked":["Glass Knife","Doppelganger+1","Venomology+1"],"picked":"Night Terror+1","floor":33.0},{"not_picked":["Deflect+1","Dodge and Roll+1","Blade Dance+1","Cloak And Dagger+1"],"picked":"SKIP","floor":35.0},{"not_picked":["Bane","Infinite Blades","Cloak And Dagger+1","Dagger Throw+1"],"picked":"SKIP","floor":37.0},{"not_picked":["Slice","Masterful Stab","Distraction+1","Bouncing Flask+1"],"picked":"SKIP","floor":40.0},{"not_picked":["Infinite Blades+1","Slice","Deflect+1"],"picked":"Blur+1","floor":41.0},{"not_picked":["Dagger Spray","Quick Slash","Caltrops","Flying Knee+1"],"picked":"SKIP","floor":44.0},{"not_picked":["Distraction+1","Tactician+1","Expertise+1"],"picked":"Leg Sweep+1","floor":48.0}],"player_experience":702629,"relics_obtained":[{"floor":8.0,"key":"PreservedInsect"},{"floor":9.0,"key":"Toxic Egg 2"},{"floor":26.0,"key":"Question Card"},{"floor":40.0,"key":"Mercury Hourglass"},{"floor":43.0,"key":"Regal Pillow"}],"event_choices":[{"damage_healed":0.0,"max_hp_gain":5.0,"max_hp_loss":0.0,"gold_gain":0.0,"event_name":"Big Fish","player_choice":"Donut","floor":10.0,"gold_loss":0.0,"damage_taken":0.0},{"damage_healed":0.0,"max_hp_gain":0.0,"max_hp_loss":0.0,"gold_gain":0.0,"event_name":"Shining Light","player_choice":"Entered Light","floor":12.0,"gold_loss":0.0,"damage_taken":14.0,"cards_upgraded":["Strike_G","Well Laid Plans"]},{"cards_removed":["Strike_G"],"damage_healed":0.0,"max_hp_gain":0.0,"max_hp_loss":0.0,"gold_gain":0.0,"event_name":"Golden Wing","player_choice":"Card Removal","floor":14.0,"gold_loss":0.0,"damage_taken":7.0},{"damage_healed":0.0,"max_hp_gain":0.0,"max_hp_loss":0.0,"gold_gain":0.0,"event_name":"Colosseum","player_choice":"Fight","floor":24.0,"gold_loss":0.0,"damage_taken":0.0},{"damage_healed":0.0,"max_hp_gain":0.0,"max_hp_loss":0.0,"gold_gain":0.0,"event_name":"Colosseum","player_choice":"Fled From Nobs","floor":24.0,"gold_loss":0.0,"damage_taken":0.0},{"damage_healed":0.0,"max_hp_gain":0.0,"max_hp_loss":0.0,"gold_gain":0.0,"event_name":"Match and Keep!","player_choice":"0 cards matched","floor":29.0,"gold_loss":0.0,"damage_taken":0.0,"cards_obtained":[]},{"damage_healed":0.0,"max_hp_gain":0.0,"max_hp_loss":0.0,"gold_gain":0.0,"event_name":"MindBloom","player_choice":"Upgrade","floor":38.0,"gold_loss":0.0,"damage_taken":0.0,"cards_upgraded":["Defend_G","Defend_G","Defend_G","Defend_G","Survivor","Backstab"],"relics_obtained":["Mark of the Bloom"]},{"damage_healed":0.0,"max_hp_gain":0.0,"max_hp_loss":0.0,"gold_gain":0.0,"event_name":"Match and Keep!","player_choice":"2 cards matched","floor":39.0,"gold_loss":0.0,"damage_taken":0.0,"cards_obtained":["Burst","Impatience"]},{"damage_healed":59.0,"max_hp_gain":0.0,"max_hp_loss":9.0,"gold_gain":0.0,"event_name":"The Moai Head","player_choice":"Heal","floor":45.0,"gold_loss":0.0,"damage_taken":0.0},{"damage_healed":0.0,"max_hp_gain":0.0,"max_hp_loss":3.0,"gold_gain":0.0,"event_name":"Winding Halls","player_choice":"Max HP","floor":47.0,"gold_loss":0.0,"damage_taken":0.0}],"is_beta":false,"boss_relics":[{"not_picked":["Snecko Eye","Runic Dome"],"picked":"Coffee Dripper"},{"not_picked":["HoveringKite","Velvet Choker","Philosopher\u0027s Stone"]}],"items_purged_floors":[2,19,27,36],"is_endless":false,"potions_floor_spawned":[3,5,20,21,22,28,33,35,40,44],"ascension_level":0}