{"gold_per_floor":[110,110,110,130,30,30,49,49,73,148,148,173,173,173],"floor_reached":14,"playtime":255,"items_purged":["Strike_R"],"score":156,"play_id":"dc3cdc02-0007-4f0f-954f-1704e310b998","local_time":"20190311111102","is_ascension_mode":true,"campfire_choices":[{"data":"Searing Blow","floor":6,"key":"SMITH"},{"data":"Searing Blow+1","floor":11,"key":"SMITH"}],"neow_cost":"TEN_PERCENT_HP_LOSS","seed_source_timestamp":304714986923,"circlet_count":0,"master_deck":["AscendersBane","Strike_R","Strike_R","Defend_R","Defend_R+1","Defend_R","Defend_R+1","Bash","Seeing Red","Dual Wield","Flex","Searing Blow+2","Armaments"],"special_seed":0,"relics":["Burning Blood","Golden Idol","Lantern"],"potions_floor_usage":[14,14],"damage_taken":[{"damage":1.0,"enemies":"Cultist","floor":1.0,"turns":4.0},{"damage":0,"enemies":"2 Louse","floor":4,"turns":4},{"damage":7,"enemies":"Jaw Worm","floor":7,"turns":3},{"damage":5,"enemies":"Blue Slaver","floor":12,"turns":2},{"damage":34,"enemies":"Gremlin Nob","floor":14,"turns":4}],"seed_played":"-5721909443670779872","potions_obtained":[{"floor":7,"key":"Block Potion"},{"floor":12,"key":"SkillPotion"}],"is_trial":false,"path_per_floor":["M","$","?","M","$","R","M","?","T","?","R","M","?","E"],"character_chosen":"IRONCLAD","items_purchased":["Armaments"],"campfire_rested":0,"item_purchase_floors":[5],"current_hp_per_floor":[68,68,48,54,54,54,53,53,53,42,42,43,43,9],"gold":173,"neow_bonus":"TRANSFORM_TWO_CARDS","is_prod":false,"is_daily":false,"chose_seed":false,"campfire_upgraded":2,"win_rate":0,"timestamp":1552273862,"path_taken":["M","$","?","M","$","R","M","?","T","?","R","?","?","E"],"build_version":"2019-01-23","purchased_purges":1,"victory":false,"max_hp_per_floor":[68,68,68,68,68,68,68,62,62,62,62,62,62,62],"card_choices":[{"not_picked":["Anger","Thunderclap"],"picked":"Flex","floor":1.0},{"not_picked":["Heavy Blade","Sever Soul"],"picked":"Searing Blow","floor":4},{"not_picked":["Armaments","True Grit","Twin Strike"],"picked":"SKIP","floor":7},{"not_picked":["Shrug It Off","Sword Boomerang","Dark Embrace"],"picked":"SKIP","floor":12}],"player_experience":3471301,"relics_obtained":[{"floor":9,"key":"Lantern"}],"event_choices":[{"damage_healed":0,"gold_gain":0,"player_choice":"Entered Light","damage_taken":20,"max_hp_gain":0,"max_hp_loss":0,"event_name":"Shining Light","floor":3,"gold_loss":0,"cards_upgraded":["Defend_R","Defend_R"]},{"damage_healed":0,"gold_gain":0,"player_choice":"Lose Max HP","damage_taken":0,"relics_obtained":["Golden Idol"],"max_hp_gain":0,"max_hp_loss":6,"event_name":"Golden Idol","floor":8,"gold_loss":0},{"damage_healed":0,"gold_gain":75,"player_choice":"Gather Gold","damage_taken":11,"max_hp_gain":0,"max_hp_loss":0,"event_name":"World of Goop","floor":10,"gold_loss":0},{"damage_healed":0,"gold_gain":0,"player_choice":"Ignored","damage_taken":0,"max_hp_gain":0,"max_hp_loss":0,"event_name":"Liars Game","floor":13,"gold_loss":0}],"is_beta":false,"boss_relics":[],"items_purged_floors":[5],"is_endless":false,"potions_floor_spawned":[7,12],"killed_by":"Gremlin Nob","ascension_level":20}