{"gold_per_floor":[109,25,25,44,63,98,98,98,98,98,98],"floor_reached":11,"playtime":377,"items_purged":[],"score":142,"play_id":"5365770b-6221-403b-91d5-a0ed7b89ba7d","local_time":"20190205162034","is_ascension_mode":true,"campfire_choices":[{"data":"Bouncing Flask","floor":7,"key":"SMITH"},{"data":"Well Laid Plans","floor":10,"key":"SMITH"}],"neow_cost":"NONE","seed_source_timestamp":7368510273032,"circlet_count":0,"master_deck":["AscendersBane","Defend_G","Defend_G","Defend_G","Defend_G","Defend_G","Strike_G","Strike_G","Strike_G","Strike_G","Strike_G","Survivor","Neutralize","Unload","Deadly Poison","Well Laid Plans+1","Eviscerate","Masterful Stab","Bouncing Flask+1"],"relics":["Ring of the Snake","Letter Opener","Ice Cream","Matryoshka"],"potions_floor_usage":[6,6],"damage_taken":[{"damage":4,"enemies":"Jaw Worm","floor":1,"turns":4},{"damage":0,"enemies":"Cultist","floor":4,"turns":3},{"damage":0,"enemies":"Small Slimes","floor":5,"turns":2},{"damage":32,"enemies":"Lagavulin","floor":6,"turns":8},{"damage":11,"enemies":"Gremlin Nob","floor":11,"turns":3}],"seed_played":"4247272399072911245","potions_obtained":[{"floor":3,"key":"Strength Potion"},{"floor":3,"key":"Energy Potion"},{"floor":6,"key":"Dexterity Potion"}],"is_trial":false,"path_per_floor":["M","$","?","M","M","E","R","?","T","R","E"],"character_chosen":"THE_SILENT","items_purchased":["Well Laid Plans"],"campfire_rested":0,"item_purchase_floors":[2],"current_hp_per_floor":[55,55,55,55,55,23,23,18,18,18,7],"gold":98,"neow_bonus":"ONE_RANDOM_RARE_CARD","is_prod":false,"is_daily":false,"chose_seed":false,"campfire_upgraded":2,"win_rate":0,"timestamp":1549354834,"path_taken":["M","$","?","M","?","E","R","?","T","R","E"],"build_version":"2019-01-23","purchased_purges":0,"victory":false,"max_hp_per_floor":[66,66,66,66,66,66,66,66,66,66,66],"card_choices":[{"not_picked":["Underhanded Strike","Finisher"],"picked":"Deadly Poison","floor":1},{"not_picked":["Dodge and Roll","PiercingWail"],"picked":"Eviscerate","floor":4},{"not_picked":["Quick Slash","Dagger Spray"],"picked":"Masterful Stab","floor":5},{"not_picked":["Doppelganger","Poisoned Stab"],"picked":"Bouncing Flask","floor":6}],"player_experience":2536442,"relics_obtained":[{"floor":6,"key":"Letter Opener"},{"floor":9,"key":"Matryoshka"}],"event_choices":[{"damage_healed":0,"gold_gain":0,"player_choice":"Got Potions","damage_taken":0,"max_hp_gain":0,"max_hp_loss":0,"event_name":"Lab","floor":3,"gold_loss":0},{"damage_healed":0,"gold_gain":0,"player_choice":"Success","damage_taken":5,"relics_obtained":["Ice Cream"],"max_hp_gain":0,"max_hp_loss":0,"event_name":"Scrap Ooze","floor":8,"gold_loss":0}],"is_beta":false,"boss_relics":[],"items_purged_floors":[],"is_endless":false,"potions_floor_spawned":[6],"killed_by":"Gremlin Nob","ascension_level":20}