{"gold_per_floor":[369,8,8,8,31,31,47,66,66,86,109,9,9,9],"floor_reached":14,"playtime":310,"items_purged":["Strike_B","Strike_B"],"score":164,"play_id":"33e6af5c-7469-4ded-a976-fd2be1b922e7","local_time":"20190119185401","is_ascension_mode":true,"campfire_choices":[{"data":"Apotheosis","floor":6.0,"key":"SMITH"},{"data":"Defragment","floor":13.0,"key":"SMITH"}],"neow_cost":"PERCENT_DAMAGE","seed_source_timestamp":23436255248124,"circlet_count":0,"master_deck":["AscendersBane","Strike_B","Strike_B","Defend_B","Defend_B","Defend_B","Defend_B","Zap","Dualcast","Capacitor","Apotheosis+1","Defragment+1","Ball Lightning","Coolheaded","Recycle"],"special_seed":0,"relics":["Cracked Core","Golden Idol","Meat on the Bone"],"potions_floor_usage":[14],"damage_taken":[{"damage":7.0,"enemies":"Jaw Worm","floor":1.0,"turns":4.0},{"damage":1.0,"enemies":"Cultist","floor":5.0,"turns":3.0},{"damage":6.0,"enemies":"2 Louse","floor":7.0,"turns":2.0},{"damage":6.0,"enemies":"2 Fungi Beasts","floor":8.0,"turns":3.0},{"damage":1.0,"enemies":"Looter","floor":10.0,"turns":4.0},{"damage":9.0,"enemies":"Exordium Wildlife","floor":11.0,"turns":7.0},{"damage":57,"enemies":"Gremlin Nob","floor":14,"turns":4}],"seed_played":"-5006741394533654458","potions_obtained":[{"floor":1.0,"key":"EssenceOfSteel"},{"floor":10.0,"key":"Weak Potion"}],"is_trial":false,"path_per_floor":["M","$","?","?","M","R","M","M","T","M","M","$","R","E"],"character_chosen":"DEFECT","items_purchased":["Apotheosis","Defragment"],"campfire_rested":0,"item_purchase_floors":[2,2],"current_hp_per_floor":[39,39,39,39,38,38,32,26,26,37,40,40,40,0],"gold":9,"neow_bonus":"TWO_FIFTY_GOLD","is_prod":false,"is_daily":false,"chose_seed":false,"campfire_upgraded":2,"win_rate":0,"timestamp":1547895241,"path_taken":["M","$","?","?","M","R","M","M","T","M","M","$","R","E"],"build_version":"2019-01-17v2","purchased_purges":2,"victory":false,"max_hp_per_floor":[71,71,64,64,64,64,64,64,64,64,64,64,64,64],"card_choices":[{"not_picked":["Conserve Battery","Streamline"],"picked":"Capacitor","floor":1.0},{"not_picked":["Steam","Go for the Eyes","Doom and Gloom"],"picked":"SKIP","floor":5.0},{"not_picked":["Fusion","Rebound"],"picked":"Ball Lightning","floor":7.0},{"not_picked":["Stack","Leap"],"picked":"Coolheaded","floor":8.0},{"not_picked":["Go for the Eyes","Ball Lightning","Scrape"],"picked":"SKIP","floor":10.0},{"not_picked":["Redo","Sunder"],"picked":"Recycle","floor":11.0}],"player_experience":2042199,"relics_obtained":[{"floor":9.0,"key":"Meat on the Bone"}],"event_choices":[{"damage_healed":0.0,"max_hp_gain":0.0,"max_hp_loss":7.0,"gold_gain":0.0,"event_name":"Golden Idol","player_choice":"Lose Max HP","floor":3.0,"gold_loss":0.0,"damage_taken":0.0,"relics_obtained":["Golden Idol"]},{"damage_healed":0.0,"max_hp_gain":0.0,"max_hp_loss":0.0,"gold_gain":0.0,"event_name":"Liars Game","player_choice":"Ignored","floor":4.0,"gold_loss":0.0,"damage_taken":0.0}],"is_beta":false,"boss_relics":[],"items_purged_floors":[2,12],"is_endless":false,"potions_floor_spawned":[1,10,11],"killed_by":"Gremlin Nob","ascension_level":20}