{"gold_per_floor":[114,127,127,137,137,171,186,186,211,211,242,242,256,274,274,348,348,365,380,380,305,355,355,372,372,395,395,413,413],"floor_reached":29,"playtime":1230,"items_purged":["Strike_G"],"score":470,"play_id":"f6a200de-8445-45a3-b054-c31287af9709","local_time":"20190107165949","is_ascension_mode":true,"campfire_choices":[{"floor":8,"key":"REST"},{"data":"Noxious Fumes","floor":10,"key":"SMITH"},{"data":"Footwork","floor":12,"key":"SMITH"},{"data":"Deadly Poison","floor":15,"key":"SMITH"},{"data":"Well Laid Plans","floor":23,"key":"SMITH"},{"data":"Neutralize","floor":25,"key":"SMITH"}],"neow_cost":"TEN_PERCENT_HP_LOSS","seed_source_timestamp":17030932443797,"circlet_count":0,"master_deck":["AscendersBane","Defend_G","Defend_G","Defend_G","Defend_G","Strike_G+1","Survivor","Neutralize+1","Dagger Throw+1","Poisoned Stab","Noxious Fumes+1","Masterful Stab","Footwork+1","Die Die Die","Deadly Poison+1","Adrenaline","Well Laid Plans+1","Blur"],"special_seed":0,"relics":["Ring of the Snake","Oddly Smooth Stone","Potion Belt","Centennial Puzzle","Orrery","Lantern"],"potions_floor_usage":[11,16,18,19,19,20,28],"damage_taken":[{"damage":13.0,"enemies":"Jaw Worm","floor":1.0,"turns":8.0},{"damage":0.0,"enemies":"2 Louse","floor":2.0,"turns":3.0},{"damage":0.0,"enemies":"Cultist","floor":4.0,"turns":3.0},{"damage":14.0,"enemies":"3 Sentries","floor":6.0,"turns":7.0},{"damage":0,"enemies":"2 Fungi Beasts","floor":7,"turns":2},{"damage":8,"enemies":"Lagavulin","floor":11,"turns":7},{"damage":0,"enemies":"Exordium Thugs","floor":13,"turns":3},{"damage":2,"enemies":"Looter","floor":14,"turns":3},{"damage":1,"enemies":"Hexaghost","floor":16,"turns":9},{"damage":19,"enemies":"2 Thieves","floor":18,"turns":3},{"damage":0,"enemies":"Shell Parasite","floor":19,"turns":7},{"damage":11,"enemies":"Colosseum Slavers","floor":20,"turns":5},{"damage":12,"enemies":"Snake Plant","floor":24,"turns":5},{"damage":0,"enemies":"3 Cultists","floor":28,"turns":5},{"damage":0,"enemies":"Slavers","floor":29,"turns":1}],"seed_played":"5816299977518091100","potions_obtained":[{"floor":1.0,"key":"Poison Potion"},{"floor":2.0,"key":"Dexterity Potion"},{"floor":11,"key":"PowerPotion"},{"floor":13,"key":"Swift Potion"},{"floor":14,"key":"AttackPotion"},{"floor":16,"key":"Ancient Potion"},{"floor":18,"key":"Dexterity Potion"},{"floor":24,"key":"Fire Potion"}],"is_trial":false,"path_per_floor":["M","M","?","M","?","E","M","R","T","R","E","R","M","M","R","B",null,"M","M","?","$","?","R","M","R","T","?","M","E"],"character_chosen":"THE_SILENT","items_purchased":[],"campfire_rested":1,"item_purchase_floors":[],"current_hp_per_floor":[46,46,28,28,28,14,14,32,32,32,24,24,24,22,22,21,50,31,31,20,20,20,20,8,8,8,8,8,8],"gold":413,"neow_bonus":"REMOVE_TWO","is_prod":false,"is_daily":false,"chose_seed":false,"campfire_upgraded":5,"win_rate":0,"timestamp":1546851589,"path_taken":["M","M","?","M","?","E","M","R","T","R","E","R","M","M","R","BOSS","M","M","?","$","?","R","M","R","T","?","M","E"],"build_version":"2019-01-03v4","purchased_purges":1,"victory":false,"max_hp_per_floor":[60,60,60,60,60,60,60,60,60,60,60,60,60,60,60,60,60,60,60,60,60,60,60,60,60,60,60,60,60],"card_choices":[{"not_picked":["Bane","Dodge and Roll"],"picked":"Dagger Throw","floor":1.0},{"not_picked":["Bane","Terror"],"picked":"Poisoned Stab","floor":2.0},{"not_picked":["Expertise","Blade Dance"],"picked":"Noxious Fumes","floor":4.0},{"not_picked":["Choke","Sucker Punch","Acrobatics"],"picked":"SKIP","floor":6.0},{"not_picked":["PiercingWail","Deadly Poison"],"picked":"Footwork","floor":7},{"not_picked":["Deflect","Dash"],"picked":"Die Die Die","floor":11},{"not_picked":["Choke","Prepared"],"picked":"Deadly Poison","floor":13},{"not_picked":["Bane","Dash","Blade Dance"],"picked":"SKIP","floor":14},{"not_picked":["A Thousand Cuts","Glass Knife"],"picked":"Adrenaline","floor":16},{"not_picked":["Dodge and Roll","Footwork"],"picked":"Well Laid Plans","floor":17},{"not_picked":["Flechettes","Distraction"],"picked":"Blur","floor":18},{"not_picked":["Phantasmal Killer","Slice+1","Outmaneuver"],"picked":"SKIP","floor":19},{"not_picked":["Slice","Flechettes","Tactician"],"picked":"SKIP","floor":24},{"not_picked":["Outmaneuver+1","Masterful Stab","Dagger Spray"],"picked":"SKIP","floor":28}],"player_experience":1818160,"relics_obtained":[{"floor":6.0,"key":"Oddly Smooth Stone"},{"floor":9,"key":"Potion Belt"},{"floor":11,"key":"Centennial Puzzle"},{"floor":26,"key":"Lantern"}],"event_choices":[{"damage_healed":0.0,"max_hp_gain":0.0,"max_hp_loss":0.0,"gold_gain":0.0,"event_name":"Shining Light","player_choice":"Entered Light","floor":3.0,"gold_loss":0.0,"damage_taken":18.0,"cards_upgraded":["Dagger Throw","Strike_G"]},{"damage_healed":0.0,"max_hp_gain":0.0,"max_hp_loss":0.0,"gold_gain":0.0,"cards_transformed":["Strike_G"],"event_name":"Living Wall","player_choice":"Change","floor":5.0,"gold_loss":0.0,"damage_taken":0.0,"cards_obtained":["Masterful Stab"]},{"damage_healed":0,"gold_gain":0,"player_choice":"Fight","damage_taken":0,"max_hp_gain":0,"max_hp_loss":0,"event_name":"Colosseum","floor":20,"gold_loss":0},{"damage_healed":0,"gold_gain":0,"player_choice":"Fled From Nobs","damage_taken":0,"max_hp_gain":0,"max_hp_loss":0,"event_name":"Colosseum","floor":20,"gold_loss":0},{"damage_healed":0,"gold_gain":50,"player_choice":"Stole From Cult","damage_taken":0,"max_hp_gain":0,"max_hp_loss":0,"event_name":"Nest","floor":22,"gold_loss":0},{"cards_removed":["Strike_G"],"damage_healed":0,"gold_gain":0,"player_choice":"Elegance","damage_taken":0,"max_hp_gain":0,"max_hp_loss":0,"event_name":"Back to Basics","floor":27,"gold_loss":0}],"is_beta":false,"boss_relics":[{"not_picked":["Fusion Hammer","Velvet Choker"],"picked":"Orrery"}],"items_purged_floors":[21],"is_endless":false,"potions_floor_spawned":[1,2,11,13,14,16,18,24],"killed_by":"Slavers","ascension_level":20}