{"gold_per_floor":[111,111,121,133,58,58,68,68,92,92,110,126,137,154,154,232,232,245,260,260,260,175,209,209,209],"floor_reached":25,"playtime":575,"items_purged":["Strike_B"],"score":430,"play_id":"9e758190-1c45-4d16-b18e-54f2c4918d5e","local_time":"20190222225737","is_ascension_mode":true,"campfire_choices":[{"data":"Zap","floor":6,"key":"SMITH"},{"data":"Hologram","floor":8,"key":"SMITH"},{"data":"Loop","floor":10,"key":"SMITH"},{"data":"Capacitor","floor":15,"key":"SMITH"},{"data":"Dualcast","floor":24,"key":"SMITH"}],"neow_cost":"NONE","seed_source_timestamp":442781863566525,"circlet_count":0,"master_deck":["AscendersBane","Strike_B","Defend_B","Defend_B","Defend_B","Defend_B","Zap+1","Dualcast+1","Loop+1","Blizzard","Ball Lightning","Hologram+1","Skim","Reinforced Body","Compile Driver","Capacitor+1","Electrodynamics","Self Repair"],"relics":["Cracked Core","NeowsBlessing","PreservedInsect","Busted Crown","Juzu Bracelet","Gambling Chip"],"potions_floor_usage":[11,16,18,25,25],"damage_taken":[{"damage":0,"enemies":"Small Slimes","floor":1,"turns":1},{"damage":0,"enemies":"Cultist","floor":3,"turns":1},{"damage":0,"enemies":"2 Louse","floor":4,"turns":1},{"damage":7,"enemies":"Looter","floor":7,"turns":3},{"damage":1,"enemies":"Exordium Wildlife","floor":11,"turns":3},{"damage":10,"enemies":"3 Louse","floor":12,"turns":3},{"damage":6,"enemies":"Exordium Thugs","floor":13,"turns":4},{"damage":0,"enemies":"2 Fungi Beasts","floor":14,"turns":3},{"damage":20,"enemies":"The Guardian","floor":16,"turns":11},{"damage":17,"enemies":"2 Thieves","floor":18,"turns":4},{"damage":0,"enemies":"3 Byrds","floor":19,"turns":3},{"damage":34,"enemies":"Slavers","floor":23,"turns":3},{"damage":19,"enemies":"Book of Stabbing","floor":25,"turns":4}],"seed_played":"5372377611134375003","potions_obtained":[{"floor":1,"key":"Block Potion"},{"floor":3,"key":"Block Potion"},{"floor":13,"key":"Poison Potion"},{"floor":18,"key":"LiquidBronze"},{"floor":23,"key":"Strength Potion"}],"is_trial":false,"path_per_floor":["M","?","M","M","$","R","M","R","T","R","M","M","M","M","R","B",null,"M","M","?","?","?","E","R","E"],"character_chosen":"DEFECT","items_purchased":[],"campfire_rested":0,"item_purchase_floors":[],"current_hp_per_floor":[64,64,64,64,64,64,57,57,57,57,56,46,40,40,40,20,58,41,41,41,41,41,14,14,0],"gold":209,"neow_bonus":"THREE_ENEMY_KILL","is_prod":false,"is_daily":false,"chose_seed":false,"campfire_upgraded":5,"win_rate":0,"timestamp":1550847457,"path_taken":["M","?","M","M","$","R","M","R","T","R","?","M","M","M","R","BOSS","M","M","?","?","?","E","R","E"],"build_version":"2019-01-23","purchased_purges":1,"victory":false,"max_hp_per_floor":[71,71,71,71,71,71,71,71,71,71,71,71,71,71,71,71,71,71,71,71,71,71,71,71,71],"card_choices":[{"not_picked":["Steam Power","Doom and Gloom"],"picked":"Loop","floor":1},{"not_picked":["Go for the Eyes","Redo"],"picked":"Blizzard","floor":3},{"not_picked":["Aggregate","Steam Power"],"picked":"Ball Lightning","floor":4},{"not_picked":["Beam Cell","Loop"],"picked":"Hologram","floor":7},{"not_picked":["Rebound","Sweeping Beam"],"picked":"Skim","floor":11},{"not_picked":["Steam Power","Hologram"],"picked":"Reinforced Body","floor":12},{"not_picked":["Steam","Leap"],"picked":"Compile Driver","floor":13},{"not_picked":["Conserve Battery","Storm"],"picked":"Capacitor","floor":14},{"not_picked":["Creative AI","Biased Cognition"],"picked":"Electrodynamics","floor":16},{"not_picked":["Redo"],"picked":"SKIP","floor":18},{"not_picked":[],"picked":"Self Repair","floor":19},{"not_picked":["Ball Lightning"],"picked":"SKIP","floor":23}],"player_experience":916556,"relics_obtained":[{"floor":9,"key":"PreservedInsect"},{"floor":23,"key":"Gambling Chip"}],"event_choices":[{"cards_removed":["Strike_B"],"damage_healed":0,"gold_gain":0,"player_choice":"Purged","damage_taken":0,"max_hp_gain":0,"max_hp_loss":0,"event_name":"Purifier","floor":2,"gold_loss":0},{"cards_removed":["Strike_B"],"damage_healed":0,"gold_gain":0,"player_choice":"Elegance","damage_taken":0,"max_hp_gain":0,"max_hp_loss":0,"event_name":"Back to Basics","floor":20,"gold_loss":0},{"damage_healed":0,"gold_gain":0,"player_choice":"Ignored","damage_taken":0,"max_hp_gain":0,"max_hp_loss":0,"event_name":"Vampires","floor":21,"gold_loss":0},{"damage_healed":0,"gold_gain":0,"player_choice":"Obtained Relic","damage_taken":0,"relics_obtained":["Juzu Bracelet"],"max_hp_gain":0,"max_hp_loss":0,"event_name":"Addict","floor":22,"gold_loss":85}],"is_beta":false,"boss_relics":[{"not_picked":["Tiny House","Lizard Tail"],"picked":"Busted Crown"}],"items_purged_floors":[5],"is_endless":false,"potions_floor_spawned":[1,3,13,18,23],"killed_by":"Book of Stabbing","ascension_level":20}