{"gold_per_floor":[18,38,52,64,83,116,116,141,141,168,168,197,213,224,224,298,298,308,308,233,250,87,122,141,170,170,170,202,217,232,260,260,339,339,353,373,373,393,404,404,404,404,428,463,476,476,60,89,89,89,89,89,89,1,28,28],"floor_reached":57,"playtime":3367,"items_purged":["Riddle With Holes+1"],"score":3348,"play_id":"59a94cd2-e711-4f65-9451-d253cbc65142","local_time":"20190404184320","is_ascension_mode":true,"campfire_choices":[{"data":"Glass Knife","floor":7.0,"key":"SMITH"},{"data":"Noxious Fumes","floor":11.0,"key":"SMITH"},{"data":"Cloak And Dagger","floor":15.0,"key":"SMITH"},{"data":"1","floor":32.0,"key":"LIFT"},{"data":"Burst","floor":40.0,"key":"SMITH"},{"floor":49.0,"key":"RECALL"},{"data":"2","floor":53.0,"key":"LIFT"}],"neow_cost":"NO_GOLD","seed_source_timestamp":19283732851922,"circlet_count":0,"master_deck":["AscendersBane","Survivor","Neutralize","Adrenaline","Cloak And Dagger+1","Noxious Fumes+1","A Thousand Cuts","Distraction","Glass Knife+1","Acrobatics","Malaise","Backflip","Dagger Throw+1","Burst+1","Doppelganger","Venomology","Finisher+1","Phantasmal Killer","Blade Dance","Dash+1","Calculated Gamble","Terror","PiercingWail+1","Venomology","Skewer+1","Night Terror","Cloak And Dagger","Endless Agony+1","After Image","Setup+1","Prepared+1","Tactician","Well Laid Plans","Backflip","Well Laid Plans","Caltrops"],"special_seed":0,"relics":["Ring of the Snake","Shuriken","Whetstone","Meat on the Bone","Molten Egg 2","Bag of Preparation","Pandora\u0027s Box","Potion Belt","Bag of Marbles","Girya","Anchor","Unceasing Top","Coffee Dripper","Pen Nib","Turnip","Thread and Needle","Gambling Chip","Blue Candle","Kunai"],"potions_floor_usage":[56,56,56,56],"damage_taken":[{"damage":1.0,"enemies":"Cultist","floor":1.0,"turns":6.0},{"damage":4.0,"enemies":"Small Slimes","floor":2.0,"turns":4.0},{"damage":0.0,"enemies":"2 Louse","floor":3.0,"turns":3.0},{"damage":1.0,"enemies":"Exordium Thugs","floor":4.0,"turns":5.0},{"damage":1.0,"enemies":"Blue Slaver","floor":5.0,"turns":7.0},{"damage":9.0,"enemies":"Lagavulin","floor":6.0,"turns":7.0},{"damage":8.0,"enemies":"Gremlin Nob","floor":8.0,"turns":3.0},{"damage":14.0,"enemies":"Lagavulin","floor":10.0,"turns":6.0},{"damage":16.0,"enemies":"3 Sentries","floor":12.0,"turns":8.0},{"damage":0.0,"enemies":"2 Fungi Beasts","floor":13.0,"turns":2.0},{"damage":5.0,"enemies":"Looter","floor":14.0,"turns":2.0},{"damage":15.0,"enemies":"Hexaghost","floor":16.0,"turns":9.0},{"damage":0.0,"enemies":"Spheric Guardian","floor":18.0,"turns":1.0},{"damage":0.0,"enemies":"2 Thieves","floor":21.0,"turns":1.0},{"damage":0.0,"enemies":"Slavers","floor":23.0,"turns":3.0},{"damage":0.0,"enemies":"Sentry and Sphere","floor":24.0,"turns":1.0},{"damage":0.0,"enemies":"Book of Stabbing","floor":25.0,"turns":3.0},{"damage":0.0,"enemies":"Gremlin Leader","floor":28.0,"turns":6.0},{"damage":6.0,"enemies":"Snake Plant","floor":29.0,"turns":4.0},{"damage":1.0,"enemies":"Centurion and Healer","floor":30.0,"turns":5.0},{"damage":11.0,"enemies":"Slavers","floor":31.0,"turns":5.0},{"damage":7.0,"enemies":"Automaton","floor":33.0,"turns":8.0},{"damage":10.0,"enemies":"3 Shapes","floor":35.0,"turns":6.0},{"damage":0.0,"enemies":"Orb Walker","floor":36.0,"turns":3.0},{"damage":0.0,"enemies":"4 Shapes","floor":38.0,"turns":3.0},{"damage":25.0,"enemies":"Maw","floor":39.0,"turns":6.0},{"damage":0.0,"enemies":"Nemesis","floor":44.0,"turns":3.0},{"damage":0.0,"enemies":"Transient","floor":45.0,"turns":6.0},{"damage":0.0,"enemies":"Giant Head","floor":48.0,"turns":3.0},{"damage":0.0,"enemies":"Donu and Deca","floor":50.0,"turns":7.0},{"damage":0.0,"enemies":"Time Eater","floor":51.0,"turns":10.0},{"damage":0.0,"enemies":"Shield and Spear","floor":55.0,"turns":4.0},{"damage":18,"enemies":"The Heart","floor":56,"turns":9}],"seed_played":"-7850968350274740437","potions_obtained":[{"floor":2.0,"key":"GhostInAJar"},{"floor":4.0,"key":"SteroidPotion"},{"floor":8.0,"key":"GhostInAJar"},{"floor":24.0,"key":"SteroidPotion"},{"floor":28.0,"key":"Swift Potion"},{"floor":29.0,"key":"SpeedPotion"},{"floor":33.0,"key":"LiquidBronze"},{"floor":35.0,"key":"Swift Potion"},{"floor":44.0,"key":"Dexterity Potion"},{"floor":55.0,"key":"GamblersBrew"}],"is_trial":false,"path_per_floor":["M","M","M","M","M","E","R","E","T","E","R","E","M","M","R","B",null,"M","?","$","M","$","E","M","E","T","?","E","M","M","E","R","B",null,"M","M","?","M","M","R","?","?","T","E","M","T","$","E","R","B","B",null,"R","$","E","B",null],"character_chosen":"THE_SILENT","items_purchased":["Potion Belt","Well Laid Plans","Gambling Chip","Well Laid Plans"],"campfire_rested":0,"item_purchase_floors":[22,47,47,54],"current_hp_per_floor":[58,54,54,53,52,43,43,35,35,33,33,29,41,36,36,33,58,58,63,63,63,63,63,63,63,63,63,63,57,56,45,45,38,59,49,54,54,54,41,41,41,41,41,41,41,41,41,41,41,41,41,58,58,58,58,40],"gold":28,"neow_bonus":"THREE_RARE_CARDS","is_prod":false,"is_daily":false,"chose_seed":false,"campfire_upgraded":4,"win_rate":0,"timestamp":1554374600,"path_taken":["M","M","?","M","M","E","R","E","T","E","R","E","M","M","R","BOSS","M","?","$","?","?","E","M","E","T","?","E","M","M","E","R","BOSS","M","M","?","M","M","R","?","?","T","E","M","?","$","E","R","BOSS","BOSS","R","$","E","BOSS"],"build_version":"2019-01-23","purchased_purges":1,"victory":true,"max_hp_per_floor":[66,66,66,66,66,66,66,66,66,66,66,66,66,66,66,66,66,66,66,66,66,66,66,66,66,66,66,66,66,66,66,66,66,66,66,66,66,66,66,66,63,63,63,63,63,63,63,63,63,63,63,63,63,63,63,63],"card_choices":[{"not_picked":["A Thousand Cuts","Bullet Time"],"picked":"Adrenaline","floor":0.0},{"not_picked":["Cloak And Dagger","Bane","Underhanded Strike"],"picked":"SKIP","floor":1.0},{"not_picked":["Blade Dance","Quick Slash"],"picked":"Cloak And Dagger","floor":2.0},{"not_picked":["Prepared","Bane"],"picked":"Noxious Fumes","floor":3.0},{"not_picked":["Blade Dance","Accuracy"],"picked":"A Thousand Cuts","floor":4.0},{"not_picked":["PiercingWail","Slice"],"picked":"Distraction","floor":5.0},{"not_picked":["PiercingWail","All Out Attack"],"picked":"Glass Knife","floor":6.0},{"not_picked":["Dagger Spray","Blur"],"picked":"Acrobatics","floor":8.0},{"not_picked":["Dagger Spray","Caltrops"],"picked":"Malaise","floor":10.0},{"not_picked":["Predator+1","Distraction"],"picked":"Backflip","floor":12.0},{"not_picked":["Bane+1","Acrobatics"],"picked":"Dagger Throw+1","floor":13.0},{"not_picked":["Noxious Fumes","Prepared","Sucker Punch+1"],"picked":"SKIP","floor":14.0},{"not_picked":["Doppelganger","Malaise"],"picked":"Burst","floor":16.0},{"not_picked":["Underhanded Strike+1","Bane+1","Outmaneuver"],"picked":"SKIP","floor":18.0},{"not_picked":["All Out Attack+1","Outmaneuver","Deflect"],"picked":"SKIP","floor":21.0},{"not_picked":["Riddle With Holes+1","Setup","Dagger Throw+1"],"picked":"SKIP","floor":23.0},{"not_picked":["Deflect","Backflip"],"picked":"Terror","floor":24.0},{"not_picked":["Backflip","Outmaneuver"],"picked":"PiercingWail+1","floor":25.0},{"not_picked":["Setup","Dagger Throw+1","Caltrops"],"picked":"SKIP","floor":28.0},{"not_picked":["Predator+1","Dodge and Roll+1"],"picked":"Night Terror","floor":29.0},{"not_picked":["Dodge and Roll","Bane+1"],"picked":"Cloak And Dagger","floor":30.0},{"not_picked":["A Thousand Cuts","Slice+1"],"picked":"Endless Agony+1","floor":31.0},{"not_picked":["Grand Finale+1","Night Terror"],"picked":"After Image","floor":33.0},{"not_picked":["All Out Attack+1","Dagger Throw+1","Blade Dance+1"],"picked":"SKIP","floor":35.0},{"not_picked":["Slice+1","All Out Attack+1"],"picked":"Setup+1","floor":36.0},{"not_picked":["Prepared","Phantasmal Killer","Choke+1"],"picked":"SKIP","floor":38.0},{"not_picked":["Slice+1","Outmaneuver","Prepared+1"],"picked":"SKIP","floor":39.0},{"not_picked":["Slice+1","Outmaneuver"],"picked":"Prepared+1","floor":39.0},{"not_picked":["Flying Knee+1","A Thousand Cuts","Blade Dance"],"picked":"SKIP","floor":44.0},{"not_picked":["Bane+1","Finisher+1"],"picked":"Tactician","floor":45.0},{"not_picked":["Acrobatics","Dash+1"],"picked":"Backflip","floor":48.0},{"not_picked":["Deflect","Dagger Throw+1"],"picked":"Caltrops","floor":55.0}],"player_experience":4049331,"relics_obtained":[{"floor":6.0,"key":"Shuriken"},{"floor":8.0,"key":"Whetstone"},{"floor":9.0,"key":"Meat on the Bone"},{"floor":10.0,"key":"Molten Egg 2"},{"floor":12.0,"key":"Bag of Preparation"},{"floor":23.0,"key":"Bag of Marbles"},{"floor":25.0,"key":"Girya"},{"floor":28.0,"key":"Anchor"},{"floor":31.0,"key":"Unceasing Top"},{"floor":43.0,"key":"Pen Nib"},{"floor":44.0,"key":"Turnip"},{"floor":46.0,"key":"Thread and Needle"},{"floor":48.0,"key":"Blue Candle"},{"floor":55.0,"key":"Kunai"}],"event_choices":[{"cards_removed":["Dagger Spray"],"damage_healed":5.0,"max_hp_gain":0.0,"max_hp_loss":0.0,"gold_gain":0.0,"event_name":"Bonfire Elementals","player_choice":"Offered Common","floor":19.0,"gold_loss":0.0,"damage_taken":0.0},{"cards_removed":["Dagger Spray"],"damage_healed":5.0,"max_hp_gain":0.0,"max_hp_loss":0.0,"gold_gain":0.0,"event_name":"Bonfire Elementals","player_choice":"Offered Special","floor":19.0,"gold_loss":0.0,"damage_taken":0.0},{"damage_healed":0.0,"max_hp_gain":0.0,"max_hp_loss":0.0,"gold_gain":0.0,"event_name":"Match and Keep!","player_choice":"2 cards matched","floor":27.0,"gold_loss":0.0,"damage_taken":0.0,"cards_obtained":["Venomology","Skewer"]},{"damage_healed":0.0,"max_hp_gain":0.0,"max_hp_loss":0.0,"gold_gain":0.0,"event_name":"Tomb of Lord Red Mask","player_choice":"Ignored","floor":37.0,"gold_loss":0.0,"damage_taken":0.0},{"damage_healed":0.0,"max_hp_gain":0.0,"max_hp_loss":3.0,"gold_gain":0.0,"event_name":"Winding Halls","player_choice":"Max HP","floor":41.0,"gold_loss":0.0,"damage_taken":0.0},{"cards_removed":["Masterful Stab"],"damage_healed":0.0,"max_hp_gain":0.0,"max_hp_loss":0.0,"gold_gain":0.0,"event_name":"Falling","player_choice":"Removed Attack","floor":42.0,"gold_loss":0.0,"damage_taken":0.0}],"is_beta":false,"boss_relics":[{"not_picked":["Runic Dome","Ring of the Serpent"],"picked":"Pandora\u0027s Box"},{"not_picked":["Empty Cage","WristBlade"],"picked":"Coffee Dripper"}],"items_purged_floors":[20],"is_endless":false,"potions_floor_spawned":[2,4,5,8,14,18,24,28,29,33,35,44,55],"ascension_level":20}