{"gold_per_floor":[119,269,269,11,11,11,11,11,11,42,3,3,16,51,51,147,147,170,95,220,220],"floor_reached":21,"playtime":613,"items_purged":["Doubt"],"score":362,"play_id":"e6bb82a6-175a-4432-a6c8-83e5de2d26a6","local_time":"20190509170810","is_ascension_mode":true,"campfire_choices":[{"data":"Dualcast","floor":6.0,"key":"SMITH"},{"data":"Zap","floor":8.0,"key":"SMITH"},{"data":"Defragment","floor":12.0,"key":"SMITH"},{"data":"Storm","floor":15.0,"key":"SMITH"}],"neow_cost":"CURSE","seed_source_timestamp":632486764576,"circlet_count":0,"master_deck":["AscendersBane","Strike_B","Defend_B","Defend_B","Defend_B","Defend_B","Zap+1","Dualcast+1","Clumsy","Steam","Storm+1","Ball Lightning","Skim","Capacitor","Ball Lightning","Defragment+1","Capacitor","Capacitor","Biased Cognition","Coolheaded","Hologram","Coolheaded","Amplify","Recycle","Cold Snap"],"special_seed":0,"relics":["Cracked Core","Golden Idol","Mummified Hand","Symbiotic Virus","Bottled Lightning","Boot","Orrery","Torii","Toxic Egg 2"],"potions_floor_usage":[],"damage_taken":[{"damage":9.0,"enemies":"2 Louse","floor":1.0,"turns":4.0},{"damage":10.0,"enemies":"Lagavulin","floor":10.0,"turns":5.0},{"damage":3.0,"enemies":"Small Slimes","floor":13.0,"turns":3.0},{"damage":15.0,"enemies":"3 Sentries","floor":14.0,"turns":4.0},{"damage":11.0,"enemies":"Hexaghost","floor":16.0,"turns":6.0},{"damage":0.0,"enemies":"Spheric Guardian","floor":18.0,"turns":3.0},{"damage":30,"enemies":"Colosseum Slavers","floor":20,"turns":4},{"damage":14,"enemies":"Colosseum Nobs","floor":20,"turns":3},{"damage":16,"enemies":"Shell Parasite","floor":21,"turns":1}],"seed_played":"6410009145686509103","potions_obtained":[{"floor":16.0,"key":"Energy Potion"},{"floor":18.0,"key":"Strength Potion"},{"floor":20,"key":"Ancient Potion"}],"is_trial":false,"path_per_floor":["M","?","?","$","?","R","T","R","T","E","$","R","M","E","R","B",null,"M","?","?","M"],"character_chosen":"DEFECT","items_purchased":["Skim","Capacitor","Ball Lightning","Defragment"],"campfire_rested":0,"item_purchase_floors":[4,4,4,11],"current_hp_per_floor":[55,55,55,55,55,55,55,55,55,45,45,45,42,27,27,16,52,52,52,8,0],"gold":220,"neow_bonus":"TRANSFORM_TWO_CARDS","is_prod":false,"is_daily":false,"chose_seed":false,"campfire_upgraded":4,"win_rate":0,"timestamp":1557392890,"path_taken":["M","?","?","$","?","R","?","R","T","E","$","R","M","E","R","BOSS","M","?","?","M"],"build_version":"2019-01-23","purchased_purges":1,"victory":false,"max_hp_per_floor":[71,71,64,64,64,64,64,64,64,64,64,64,64,64,64,64,64,64,64,64,64],"card_choices":[{"not_picked":["Beam Cell","Sweeping Beam"],"picked":"Ball Lightning","floor":1.0},{"not_picked":["Rebound","Melter","Steam Power"],"picked":"SKIP","floor":10.0},{"not_picked":["Barrage","Conserve Battery"],"picked":"Capacitor","floor":13.0},{"not_picked":["Genetic Algorithm","Stack"],"picked":"Capacitor","floor":14.0},{"not_picked":["All For One","Reboot"],"picked":"Biased Cognition","floor":16.0},{"not_picked":["Storm","Go for the Eyes"],"picked":"Coolheaded","floor":17.0},{"not_picked":["Melter","Rebound"],"picked":"Hologram","floor":17.0},{"not_picked":["Melter","Compile Driver"],"picked":"Coolheaded","floor":17.0},{"not_picked":["Aggregate","Ball Lightning"],"picked":"Amplify","floor":17.0},{"not_picked":["Ball Lightning","Conserve Battery"],"picked":"Recycle","floor":18.0},{"not_picked":["Barrage","Go for the Eyes"],"picked":"Cold Snap","floor":20}],"player_experience":4663276,"relics_obtained":[{"floor":7.0,"key":"Mummified Hand"},{"floor":9.0,"key":"Symbiotic Virus"},{"floor":10.0,"key":"Bottled Lightning"},{"floor":14.0,"key":"Boot"},{"floor":20,"key":"Torii"},{"floor":20,"key":"Toxic Egg 2"}],"event_choices":[{"damage_healed":0.0,"max_hp_gain":0.0,"max_hp_loss":0.0,"gold_gain":150.0,"event_name":"Liars Game","player_choice":"AGREE","floor":2.0,"gold_loss":0.0,"damage_taken":0.0,"cards_obtained":["Doubt"]},{"damage_healed":0.0,"max_hp_gain":0.0,"max_hp_loss":7.0,"gold_gain":0.0,"event_name":"Golden Idol","player_choice":"Lose Max HP","floor":3.0,"gold_loss":0.0,"damage_taken":0.0,"relics_obtained":["Golden Idol"]},{"damage_healed":0.0,"max_hp_gain":0.0,"max_hp_loss":0.0,"gold_gain":0.0,"event_name":"The Cleric","player_choice":"Leave","floor":5.0,"gold_loss":0.0,"damage_taken":0.0},{"cards_removed":["Strike_B"],"damage_healed":0.0,"max_hp_gain":0.0,"max_hp_loss":0.0,"gold_gain":0.0,"event_name":"Beggar","player_choice":"Gave Gold","floor":19.0,"gold_loss":75.0,"damage_taken":0.0},{"damage_healed":0,"gold_gain":0,"player_choice":"Fight","damage_taken":0,"max_hp_gain":0,"max_hp_loss":0,"event_name":"Colosseum","floor":20,"gold_loss":0},{"damage_healed":0,"gold_gain":0,"player_choice":"Fought Nobs","damage_taken":0,"max_hp_gain":0,"max_hp_loss":0,"event_name":"Colosseum","floor":20,"gold_loss":0}],"is_beta":false,"boss_relics":[{"not_picked":["Black Star","Calling Bell"],"picked":"Orrery"}],"items_purged_floors":[4],"is_endless":false,"potions_floor_spawned":[16,18,20],"killed_by":"Shell Parasite","ascension_level":20}