{"path_per_floor":["M","M","$","?","M","E","M","M","T","R"],"character_chosen":"IRONCLAD","items_purchased":["Sword Boomerang"],"gold_per_floor":[144,189,162,162,207,297,342,387,387,387,387],"floor_reached":11,"campfire_rested":0,"playtime":258,"item_purchase_floors":[3],"current_hp_per_floor":[80,80,80,80,77,41,21,16,16,16,0],"items_purged":[],"gold":387,"score":100,"play_id":"e2c89dbf-d94c-46b1-b038-f5ed817f9066","local_time":"20180528104443","daily_mods":["Specialized","Midas","Lethality"],"is_prod":false,"is_daily":true,"chose_seed":false,"is_ascension_mode":false,"campfire_upgraded":0,"win_rate":0,"timestamp":1527475483,"campfire_choices":[{"floor":10,"key":"DIG"}],"path_taken":["M","M","$","?","M","E","M","M","T","R","E"],"build_version":"2018-05-25","seed_source_timestamp":0,"purchased_purges":0,"victory":false,"master_deck":["Strike_R","Strike_R","Strike_R","Strike_R","Strike_R","Defend_R","Defend_R","Defend_R","Defend_R","Bash","Juggernaut","Juggernaut","Juggernaut","Juggernaut","Juggernaut","Heavy Blade","Sword Boomerang"],"max_hp_per_floor":[80,80,80,80,80,80,80,80,80,80,80],"relics":["Burning Blood","Shovel","Paper Frog","Happy Flower"],"card_choices":[{"not_picked":["Body Slam","Twin Strike"],"picked":"Heavy Blade","floor":1},{"not_picked":["Thunderclap","Flex","Body Slam"],"picked":"SKIP","floor":2},{"not_picked":["Dual Wield","Thunderclap","Flex"],"picked":"SKIP","floor":5},{"not_picked":["True Grit","Flex","Exhume"],"picked":"SKIP","floor":6},{"not_picked":["Second Wind","Anger","Spot Weakness"],"picked":"SKIP","floor":7},{"not_picked":["Flex","Burning Pact","True Grit"],"picked":"SKIP","floor":8}],"player_experience":501417,"potions_floor_usage":[2,5,8,8,11,11],"damage_taken":[{"damage":5,"enemies":"2 Louse","floor":1,"turns":2},{"damage":0,"enemies":"Small Slimes","floor":2,"turns":3},{"damage":9,"enemies":"Jaw Worm","floor":5,"turns":2},{"damage":42,"enemies":"Lagavulin","floor":6,"turns":5},{"damage":26,"enemies":"Exordium Thugs","floor":7,"turns":5},{"damage":19,"enemies":"3 Louse","floor":8,"turns":3},{"damage":28,"enemies":"3 Sentries","floor":11,"turns":2}],"relics_obtained":[{"floor":6,"key":"Shovel"},{"floor":9,"key":"Paper Frog"},{"floor":10,"key":"Happy Flower"}],"event_choices":[{"event_name":"Liars Game","player_choice":"disagreed","floor":4,"damage_taken":0}],"boss_relics":[],"items_purged_floors":[],"potions_floor_spawned":[1,6,8],"seed_played":"-5471505413937297899","killed_by":"3 Sentries","ascension_level":0,"potions_obtained":[{"floor":1,"key":"EntropicBrew"},{"floor":6,"key":"Regen Potion"},{"floor":8,"key":"Strength Potion"}],"is_trial":false}