{"gold_per_floor":[119,119,44,44,54,81,81,96,96,121,121,134,134,150,150,224,224,236,250,264,264,179,179,197,197,267,167,167,184,204,215,215,215],"floor_reached":33,"playtime":803,"items_purged":["Strike_R","Strike_R"],"score":497,"play_id":"3ad4f5b5-0c5d-49e6-b8d2-6b6f55de3c51","local_time":"20181110000611","is_ascension_mode":true,"campfire_choices":[{"data":"Combust","floor":7.0,"key":"SMITH"},{"data":"Double Tap","floor":11.0,"key":"SMITH"},{"data":"Shockwave","floor":13.0,"key":"SMITH"},{"data":"Clash","floor":15.0,"key":"SMITH"},{"data":"Limit Break","floor":23,"key":"SMITH"},{"data":"Spot Weakness","floor":28,"key":"SMITH"},{"data":"True Grit","floor":32,"key":"SMITH"}],"neow_cost":"NONE","seed_source_timestamp":8494001611692,"circlet_count":0,"master_deck":["AscendersBane","Strike_R","Strike_R","Strike_R","Defend_R","Defend_R","Defend_R","Bash","Carnage+1","Combust+1","Shockwave+1","Double Tap+1","Clash+1","Clash","Limit Break+1","Spot Weakness+1","True Grit+1","Shrug It Off","Flex","Shrug It Off","Metallicize+1"],"special_seed":0,"relics":["Burning Blood","NeowsBlessing","Shuriken","Anchor","Ornamental Fan","Eternal Feather","Bronze Scales","Frozen Egg 2","Gremlin Horn"],"potions_floor_usage":[18,30,30,33],"damage_taken":[{"damage":0.0,"enemies":"Small Slimes","floor":1.0,"turns":1.0},{"damage":0.0,"enemies":"Cultist","floor":5.0,"turns":1.0},{"damage":0.0,"enemies":"Lagavulin","floor":6.0,"turns":1.0},{"damage":2.0,"enemies":"Jaw Worm","floor":8.0,"turns":3.0},{"damage":18.0,"enemies":"Gremlin Nob","floor":10.0,"turns":3.0},{"damage":16.0,"enemies":"Exordium Thugs","floor":12.0,"turns":5.0},{"damage":3.0,"enemies":"Lots of Slimes","floor":14.0,"turns":3.0},{"damage":12.0,"enemies":"Slime Boss","floor":16.0,"turns":7.0},{"damage":28,"enemies":"Shell Parasite","floor":18,"turns":6},{"damage":8,"enemies":"2 Thieves","floor":19,"turns":3},{"damage":7,"enemies":"Cultist and Chosen","floor":20,"turns":4},{"damage":9,"enemies":"Snake Plant","floor":24,"turns":2},{"damage":1,"enemies":"Chosen and Byrds","floor":29,"turns":6},{"damage":18,"enemies":"Shelled Parasite and Fungi","floor":30,"turns":5},{"damage":12,"enemies":"Snake Plant","floor":31,"turns":3},{"damage":65,"enemies":"Automaton","floor":33,"turns":6}],"seed_played":"1179270408457671551","potions_obtained":[{"floor":6.0,"key":"SkillPotion"},{"floor":12.0,"key":"Energy Potion"},{"floor":18,"key":"Energy Potion"},{"floor":30,"key":"Fruit Juice"}],"is_trial":false,"path_per_floor":["M","?","$","?","M","E","R","M","T","E","R","M","R","M","R","B",null,"M","M","M","?","?","R","M","?","T","$","R","M","M","M","R","B"],"character_chosen":"IRONCLAD","items_purchased":[],"campfire_rested":0,"item_purchase_floors":[],"current_hp_per_floor":[74,74,74,74,75,75,75,75,75,63,63,53,53,56,56,50,69,47,45,44,23,23,32,29,29,29,29,38,43,36,30,42,0],"gold":215,"neow_bonus":"THREE_ENEMY_KILL","is_prod":false,"is_daily":false,"chose_seed":false,"campfire_upgraded":7,"win_rate":0,"timestamp":1541779571,"path_taken":["M","?","?","?","?","E","R","M","T","E","R","M","R","M","R","BOSS","M","?","M","?","?","R","M","?","T","$","R","M","?","M","R","BOSS"],"build_version":"2018-11-08","purchased_purges":2,"victory":false,"max_hp_per_floor":[75,75,75,75,75,75,75,75,75,75,75,75,75,75,75,75,75,75,75,75,80,80,80,80,80,80,80,80,80,85,85,85,85],"card_choices":[{"not_picked":["Armaments","Warcry"],"picked":"Carnage","floor":1.0},{"not_picked":["Anger","Corruption","Wild Strike"],"picked":"SKIP","floor":5.0},{"not_picked":["Armaments","Ghostly Armor"],"picked":"Combust","floor":6.0},{"not_picked":["Carnage","Flex"],"picked":"Shockwave","floor":8.0},{"not_picked":["Shrug It Off","Sword Boomerang"],"picked":"Double Tap","floor":10.0},{"not_picked":["Armaments","Headbutt"],"picked":"Clash","floor":12.0},{"not_picked":["Shockwave","Headbutt"],"picked":"Clash","floor":14.0},{"not_picked":["Exhume","Fiend Fire"],"picked":"Limit Break","floor":16.0},{"not_picked":["Cleave+1","Thunderclap"],"picked":"Spot Weakness","floor":18},{"not_picked":["Flex","Twin Strike"],"picked":"True Grit","floor":19},{"not_picked":["Whirlwind","Clothesline","Barricade"],"picked":"SKIP","floor":20},{"not_picked":["Battle Trance","Pommel Strike"],"picked":"Shrug It Off","floor":24},{"not_picked":["Wild Strike","Iron Wave+1"],"picked":"Flex","floor":29},{"not_picked":["Corruption+1","Combust+1"],"picked":"Shrug It Off","floor":30},{"not_picked":["Intimidate","Burning Pact"],"picked":"Metallicize+1","floor":31}],"player_experience":956484,"relics_obtained":[{"floor":6.0,"key":"Shuriken"},{"floor":9.0,"key":"Anchor"},{"floor":10.0,"key":"Ornamental Fan"},{"floor":25,"key":"Frozen Egg 2"},{"floor":26,"key":"Gremlin Horn"}],"event_choices":[{"damage_healed":0.0,"max_hp_gain":0.0,"max_hp_loss":0.0,"gold_gain":0.0,"event_name":"Upgrade Shrine","player_choice":"Upgraded","floor":2.0,"gold_loss":0.0,"damage_taken":0.0,"cards_upgraded":["Carnage"]},{"cards_removed":["Defend_R"],"damage_healed":0.0,"max_hp_gain":0.0,"max_hp_loss":0.0,"gold_gain":0.0,"event_name":"Wheel of Change","player_choice":"Card Removal","floor":4.0,"gold_loss":0.0,"damage_taken":0.0},{"damage_healed":0,"gold_gain":0,"player_choice":"Shed Blood","damage_taken":26,"max_hp_gain":5,"max_hp_loss":0,"event_name":"Forgotten Altar","floor":21,"gold_loss":0},{"damage_healed":0,"gold_gain":0,"player_choice":"Obtained Relic","damage_taken":0,"relics_obtained":["Bronze Scales"],"max_hp_gain":0,"max_hp_loss":0,"event_name":"Addict","floor":22,"gold_loss":85},{"damage_healed":0,"gold_gain":0,"player_choice":"Relic","damage_taken":0,"max_hp_gain":0,"max_hp_loss":0,"event_name":"Wheel of Change","floor":25,"gold_loss":0}],"is_beta":false,"boss_relics":[{"not_picked":["Runic Cube","Orrery"],"picked":"Eternal Feather"}],"items_purged_floors":[3,27],"is_endless":false,"potions_floor_spawned":[6,12,16,18,20,30],"killed_by":"Automaton","ascension_level":15}