{"gold_per_floor":[112,112,23,23,23,23,56,75,102,137,150,150,150,175,175,249,249,249,174,99,99,99,99,99,99,99,99,99,99,99,99,99,99,99,99,79,29,29,29,29,29,29,29,29,29,29,29,29,29,29,29,29,29,29,29,29],"floor_reached":57,"playtime":2523,"items_purged":["Dash","Survivor"],"score":3474,"play_id":"da398632-a9de-4cf7-92bc-d4d9d11ec092","local_time":"20190212201219","is_ascension_mode":true,"campfire_choices":[{"data":"Glass Knife","floor":6.0,"key":"SMITH"},{"data":"Well Laid Plans","floor":12.0,"key":"SMITH"},{"data":"Accuracy","floor":15.0,"key":"SMITH"},{"data":"Phantasmal Killer","floor":23.0,"key":"SMITH"},{"data":"Terror","floor":25.0,"key":"SMITH"},{"data":"Wraith Form v2","floor":29,"key":"SMITH"},{"data":"Adrenaline","floor":32,"key":"SMITH"},{"data":"Storm of Steel","floor":40,"key":"SMITH"},{"floor":44,"key":"RECALL"},{"data":"Calculated Gamble","floor":46,"key":"SMITH"},{"data":"Predator","floor":49,"key":"SMITH"},{"data":"After Image","floor":53,"key":"SMITH"}],"neow_cost":"NONE","seed_source_timestamp":35429134255269,"circlet_count":0,"master_deck":["AscendersBane","Neutralize+1","Accuracy+1","Glass Knife+1","Endless Agony","Storm of Steel+1","Dash+1","Terror+1","Predator+1","Well Laid Plans+1","Wraith Form v2+1","Infinite Blades","Phantasmal Killer+1","Adrenaline+1","After Image+1","Cloak And Dagger+1","Calculated Gamble+1","Cloak And Dagger+1"],"special_seed":0,"relics":["Pandora\u0027s Box","Happy Flower","Bag of Marbles","Thread and Needle","Du-Vu Doll","Ectoplasm","Red Mask","Smiling Mask","Bottled Tornado","Dead Branch","Coffee Dripper","The Specimen","Blue Candle","War Paint","Gambling Chip"],"potions_floor_usage":[56],"damage_taken":[{"damage":2.0,"enemies":"Jaw Worm","floor":1.0,"turns":3.0},{"damage":0.0,"enemies":"Gremlin Nob","floor":7.0,"turns":2.0},{"damage":0.0,"enemies":"2 Louse","floor":8.0,"turns":2.0},{"damage":3.0,"enemies":"3 Sentries","floor":10.0,"turns":6.0},{"damage":0.0,"enemies":"Small Slimes","floor":11.0,"turns":2.0},{"damage":0.0,"enemies":"Gremlin Nob","floor":14.0,"turns":3.0},{"damage":0.0,"enemies":"Slime Boss","floor":16.0,"turns":7.0},{"damage":0.0,"enemies":"Shell Parasite","floor":18.0,"turns":3.0},{"damage":0.0,"enemies":"3 Byrds","floor":21.0,"turns":3.0},{"damage":0.0,"enemies":"Masked Bandits","floor":22.0,"turns":3.0},{"damage":0.0,"enemies":"Gremlin Leader","floor":24.0,"turns":3.0},{"damage":0,"enemies":"Snecko","floor":28,"turns":4},{"damage":0,"enemies":"Book of Stabbing","floor":30,"turns":3},{"damage":0,"enemies":"Automaton","floor":33,"turns":5},{"damage":0,"enemies":"3 Shapes","floor":35,"turns":3},{"damage":0,"enemies":"Orb Walker","floor":38,"turns":2},{"damage":0,"enemies":"4 Shapes","floor":39,"turns":3},{"damage":0,"enemies":"Giant Head","floor":42,"turns":3},{"damage":0,"enemies":"Spire Growth","floor":45,"turns":3},{"damage":0,"enemies":"Transient","floor":47,"turns":4},{"damage":0,"enemies":"Nemesis","floor":48,"turns":3},{"damage":11,"enemies":"Time Eater","floor":50,"turns":9},{"damage":0,"enemies":"Awakened One","floor":51,"turns":9},{"damage":4,"enemies":"Shield and Spear","floor":55,"turns":3},{"damage":28,"enemies":"The Heart","floor":56,"turns":8}],"seed_played":"5699519900653985016","potions_obtained":[{"floor":7.0,"key":"FearPotion"},{"floor":11.0,"key":"GamblersBrew"},{"floor":18.0,"key":"Energy Potion"},{"floor":35,"key":"GhostInAJar"},{"floor":36,"key":"GamblersBrew"}],"is_trial":false,"path_per_floor":["M","?","$","?","?","R","E","M","T","E","M","R","?","E","R","B",null,"M","$","?","M","?","R","E","R","T","?","M","R","E","?","R","B",null,"M","?","$","M","M","R","T","E","T","R","M","R","M","E","R","B","B",null,"R","$","E","B",null],"character_chosen":"THE_SILENT","items_purchased":["Well Laid Plans"],"campfire_rested":0,"item_purchase_floors":[3],"current_hp_per_floor":[57,37,37,30,30,30,30,30,30,27,27,27,27,27,27,27,56,56,56,56,56,56,56,56,56,56,66,66,66,66,48,48,48,65,65,65,65,65,65,65,65,65,65,65,65,65,65,65,65,54,54,67,67,67,63,35],"gold":29,"neow_bonus":"BOSS_RELIC","is_prod":false,"is_daily":false,"chose_seed":false,"campfire_upgraded":11,"win_rate":0,"timestamp":1549973539,"path_taken":["M","?","$","?","?","R","E","M","T","E","?","R","?","E","R","BOSS","M","$","?","M","?","R","E","R","T","?","M","R","E","?","R","BOSS","M","?","?","?","M","R","?","E","T","R","M","R","M","E","R","BOSS","BOSS","R","$","E","BOSS"],"build_version":"2019-01-23","purchased_purges":2,"victory":true,"max_hp_per_floor":[66,66,66,66,66,66,66,66,66,66,66,66,66,66,66,66,66,66,66,66,66,66,66,66,66,66,66,66,66,66,71,71,71,71,71,71,71,71,71,71,71,71,71,71,71,71,71,71,71,71,71,71,71,71,71,71],"card_choices":[{"not_picked":["Dagger Throw","Bane"],"picked":"Predator","floor":1.0},{"not_picked":["Dagger Throw","Blade Dance","Outmaneuver"],"picked":"SKIP","floor":7.0},{"not_picked":["Bane","Blade Dance","Quick Slash"],"picked":"SKIP","floor":8.0},{"not_picked":["Outmaneuver","Heel Hook"],"picked":"Wraith Form v2","floor":10.0},{"not_picked":["PiercingWail","Deflect","Backstab"],"picked":"SKIP","floor":11.0},{"not_picked":["Poisoned Stab","Flechettes","Unload"],"picked":"SKIP","floor":14.0},{"not_picked":["Glass Knife","Storm of Steel"],"picked":"Phantasmal Killer","floor":16.0},{"not_picked":["Flying Knee","Skewer","Expertise"],"picked":"SKIP","floor":18.0},{"not_picked":["Blade Dance","Flying Knee","Backstab"],"picked":"SKIP","floor":21.0},{"not_picked":["Doppelganger","Prepared"],"picked":"Adrenaline","floor":24.0},{"not_picked":["Poisoned Stab","Dodge and Roll","Backflip"],"picked":"SKIP","floor":28},{"not_picked":["Finisher","Poisoned Stab","Well Laid Plans"],"picked":"SKIP","floor":30},{"not_picked":["Phantasmal Killer","Tools of the Trade"],"picked":"After Image","floor":33},{"not_picked":["Outmaneuver","Deflect","Dagger Spray+1"],"picked":"SKIP","floor":35},{"not_picked":["Quick Slash","Prepared+1"],"picked":"Cloak And Dagger+1","floor":38},{"not_picked":["Outmaneuver","Grand Finale","Blade Dance"],"picked":"SKIP","floor":39},{"not_picked":["Bane","Cloak And Dagger"],"picked":"Calculated Gamble","floor":42},{"not_picked":["Outmaneuver","Dash"],"picked":"Cloak And Dagger+1","floor":45},{"not_picked":["Flechettes","Quick Slash","Deflect+1"],"picked":"SKIP","floor":47},{"not_picked":["Prepared","Dagger Spray","Unload"],"picked":"SKIP","floor":48},{"not_picked":["Finisher","Dash","Flying Knee"],"picked":"SKIP","floor":55}],"player_experience":2657118,"relics_obtained":[{"floor":7.0,"key":"Happy Flower"},{"floor":9.0,"key":"Bag of Marbles"},{"floor":10.0,"key":"Thread and Needle"},{"floor":14.0,"key":"Du-Vu Doll"},{"floor":22.0,"key":"Red Mask"},{"floor":24.0,"key":"Smiling Mask"},{"floor":26.0,"key":"Bottled Tornado"},{"floor":30,"key":"Dead Branch"},{"floor":42,"key":"The Specimen"},{"floor":43,"key":"Blue Candle"},{"floor":48,"key":"War Paint"},{"floor":55,"key":"Gambling Chip"}],"event_choices":[{"damage_healed":0.0,"max_hp_gain":0.0,"max_hp_loss":0.0,"gold_gain":0.0,"event_name":"Shining Light","player_choice":"Entered Light","floor":2.0,"gold_loss":0.0,"damage_taken":20.0,"cards_upgraded":["Neutralize","Dash"]},{"cards_removed":["Storm of Steel"],"damage_healed":0.0,"max_hp_gain":0.0,"max_hp_loss":0.0,"gold_gain":0.0,"event_name":"Golden Wing","player_choice":"Card Removal","floor":4.0,"gold_loss":0.0,"damage_taken":7.0},{"damage_healed":0.0,"max_hp_gain":0.0,"max_hp_loss":0.0,"gold_gain":0.0,"event_name":"Liars Game","player_choice":"Ignored","floor":5.0,"gold_loss":0.0,"damage_taken":0.0},{"damage_healed":0.0,"max_hp_gain":0.0,"max_hp_loss":0.0,"gold_gain":0.0,"cards_transformed":["Dodge and Roll"],"event_name":"Living Wall","player_choice":"Change","floor":13.0,"gold_loss":0.0,"damage_taken":0.0,"cards_obtained":["Infinite Blades"]},{"cards_removed":["Blade Dance"],"damage_healed":0.0,"max_hp_gain":0.0,"max_hp_loss":0.0,"gold_gain":0.0,"event_name":"Beggar","player_choice":"Gave Gold","floor":20.0,"gold_loss":75.0,"damage_taken":0.0},{"damage_healed":0.0,"max_hp_gain":0.0,"max_hp_loss":0.0,"gold_gain":0.0,"event_name":"Masked Bandits","player_choice":"Fought Bandits","floor":22.0,"gold_loss":0.0,"damage_taken":0.0},{"damage_healed":13,"gold_gain":0,"player_choice":"Heal","damage_taken":0,"max_hp_gain":0,"max_hp_loss":0,"event_name":"The Library","floor":27,"gold_loss":0},{"damage_healed":0,"gold_gain":0,"player_choice":"Shed Blood","damage_taken":23,"max_hp_gain":5,"max_hp_loss":0,"event_name":"Forgotten Altar","floor":31,"gold_loss":0},{"damage_healed":0,"gold_gain":0,"player_choice":"Bought 1 Potion","damage_taken":0,"max_hp_gain":0,"max_hp_loss":0,"event_name":"The Woman in Blue","floor":36,"gold_loss":0}],"is_beta":false,"boss_relics":[{"not_picked":["Eternal Feather","Orrery"],"picked":"Ectoplasm"},{"not_picked":["Lizard Tail","Snecko Eye"],"picked":"Coffee Dripper"}],"items_purged_floors":[19,37],"is_endless":false,"potions_floor_spawned":[7,11,16,18,22,35,39,45,55],"ascension_level":20}