{"gold_per_floor":[218,218,233,508,73,73,87,87,169,80,112,112,145,165,165,237,237,247,247,247,297,309,309,342,359,359,378,17,28,28,42,42,116,116,133,133,133,133,144,169,169,194,194,206,206,235,73,98,98,98,98,98,98,98,127,127],"floor_reached":57,"playtime":2837,"items_purged":["Regret","Defend_B"],"score":3092,"play_id":"2451f5b1-50ea-40e3-8ed9-9eb0184cc2b0","local_time":"20190503083550","is_ascension_mode":true,"campfire_choices":[{"data":"Chaos","floor":6.0,"key":"SMITH"},{"data":"Dualcast","floor":8.0,"key":"SMITH"},{"data":"Biased Cognition","floor":12.0,"key":"SMITH"},{"data":"Zap","floor":15.0,"key":"SMITH"},{"data":"Defragment","floor":23.0,"key":"SMITH"},{"data":"Impatience","floor":30.0,"key":"SMITH"},{"data":"Hologram","floor":32.0,"key":"SMITH"},{"floor":41.0,"key":"RECALL"},{"data":"Defragment","floor":45.0,"key":"SMITH"},{"data":"Capacitor","floor":49.0,"key":"SMITH"},{"data":"Defragment","floor":53.0,"key":"SMITH"}],"neow_cost":"NONE","seed_source_timestamp":682511428717,"circlet_count":0,"master_deck":["AscendersBane","Defend_B","Zap+1","Dualcast+1","Turbo","Chaos+1","Ball Lightning","White Noise","Biased Cognition+1","Cold Snap","Genetic Algorithm","Seek","Fusion+1","Defragment+1","Streamline","Amplify","Undo+1","Chill+1","Impatience+1","Hologram+1","Rainbow","Purity","Thinking Ahead","Defragment+1","Compile Driver","Defragment+1","Glacier","Capacitor+1","Consume+1","Undo"],"special_seed":0,"relics":["Cracked Core","Cables","Anchor","Strawberry","Empty Cage","Bronze Scales","Bird Faced Urn","Bag of Preparation","Sozu","Happy Flower","Pen Nib","Mercury Hourglass","Art of War","Dodecahedron","Bag of Marbles"],"potions_floor_usage":[56,56],"damage_taken":[{"damage":12.0,"enemies":"Jaw Worm","floor":1.0,"turns":3.0},{"damage":2.0,"enemies":"Cultist","floor":3.0,"turns":4.0},{"damage":2.0,"enemies":"Small Slimes","floor":7.0,"turns":3.0},{"damage":18.0,"enemies":"3 Sentries","floor":11.0,"turns":5.0},{"damage":5.0,"enemies":"Gremlin Nob","floor":13.0,"turns":3.0},{"damage":0.0,"enemies":"2 Fungi Beasts","floor":14.0,"turns":3.0},{"damage":24.0,"enemies":"Hexaghost","floor":16.0,"turns":9.0},{"damage":3.0,"enemies":"2 Thieves","floor":18.0,"turns":4.0},{"damage":6.0,"enemies":"Shell Parasite","floor":22.0,"turns":4.0},{"damage":10.0,"enemies":"Gremlin Leader","floor":24.0,"turns":7.0},{"damage":0.0,"enemies":"Centurion and Healer","floor":25.0,"turns":9.0},{"damage":0.0,"enemies":"Chosen and Byrds","floor":27.0,"turns":5.0},{"damage":0.0,"enemies":"Snake Plant","floor":29.0,"turns":3.0},{"damage":3.0,"enemies":"Centurion and Healer","floor":31.0,"turns":5.0},{"damage":0.0,"enemies":"Automaton","floor":33.0,"turns":9.0},{"damage":0.0,"enemies":"3 Darklings","floor":35.0,"turns":3.0},{"damage":0.0,"enemies":"Orb Walker","floor":39.0,"turns":3.0},{"damage":62.0,"enemies":"Reptomancer","floor":40.0,"turns":9.0},{"damage":0.0,"enemies":"Nemesis","floor":42.0,"turns":5.0},{"damage":9.0,"enemies":"Writhing Mass","floor":44.0,"turns":5.0},{"damage":21.0,"enemies":"Reptomancer","floor":46.0,"turns":5.0},{"damage":0.0,"enemies":"Nemesis","floor":48.0,"turns":5.0},{"damage":14.0,"enemies":"Time Eater","floor":50.0,"turns":10.0},{"damage":0.0,"enemies":"Donu and Deca","floor":51.0,"turns":8.0},{"damage":9.0,"enemies":"Shield and Spear","floor":55.0,"turns":8.0},{"damage":68,"enemies":"The Heart","floor":56,"turns":9}],"seed_played":"5106934020734503044","potions_obtained":[{"floor":1.0,"key":"Fire Potion"},{"floor":11.0,"key":"SkillPotion"},{"floor":22.0,"key":"SkillPotion"},{"floor":27.0,"key":"Energy Potion"},{"floor":29.0,"key":"FocusPotion"}],"is_trial":false,"path_per_floor":["M","?","M","?","$","R","M","R","T","$","E","R","E","M","R","B",null,"M","?","?","?","M","R","E","M","T","M","$","M","R","M","R","B",null,"M","?","?","?","M","E","R","E","T","M","R","E","$","E","R","B","B",null,"R","$","E","B",null],"character_chosen":"DEFECT","items_purchased":["Cables","White Noise","Biased Cognition","Impatience","Bag of Preparation","Glacier","Capacitor"],"campfire_rested":0,"item_purchase_floors":[5,5,10,28,28,47,47],"current_hp_per_floor":[52,52,50,50,50,50,48,48,48,48,30,30,32,32,32,8,61,58,58,58,58,52,52,42,42,42,50,50,54,54,59,59,69,76,78,78,68,68,74,20,20,30,30,31,31,20,20,34,34,34,50,71,71,71,69,17],"gold":127,"neow_bonus":"HUNDRED_GOLD","is_prod":false,"is_daily":false,"chose_seed":false,"campfire_upgraded":10,"win_rate":0,"timestamp":1556843750,"path_taken":["M","?","M","?","$","R","?","R","T","$","E","R","E","M","R","BOSS","M","?","?","?","M","R","E","M","T","M","$","M","R","M","R","BOSS","M","?","?","?","?","E","R","E","T","M","R","E","$","E","R","BOSS","BOSS","R","$","E","BOSS"],"build_version":"2019-01-23","purchased_purges":2,"victory":true,"max_hp_per_floor":[71,71,71,71,71,71,71,71,71,71,71,71,78,78,78,78,78,78,78,78,78,78,78,78,78,78,78,78,78,78,78,78,78,78,78,78,78,78,78,78,78,78,78,78,78,78,78,78,78,78,78,78,78,78,78,78],"card_choices":[{"not_picked":["Hologram","Lockon"],"picked":"Turbo","floor":1.0},{"not_picked":["Rebound","Sweeping Beam"],"picked":"Ball Lightning","floor":3.0},{"not_picked":["Stack","Steam","Scrape"],"picked":"SKIP","floor":7.0},{"not_picked":["Turbo","Compile Driver"],"picked":"Cold Snap","floor":11.0},{"not_picked":["Coolheaded","Ball Lightning"],"picked":"Genetic Algorithm","floor":13.0},{"not_picked":["Conserve Battery","Sweeping Beam","Aggregate"],"picked":"SKIP","floor":14.0},{"not_picked":["Amplify","Hyperbeam"],"picked":"Seek","floor":16.0},{"not_picked":["Double Energy","Barrage"],"picked":"Fusion+1","floor":18.0},{"not_picked":["Reinforced Body","Compile Driver","Gash"],"picked":"SKIP","floor":22.0},{"not_picked":["Reinforced Body","Compile Driver","Gash"],"picked":"SKIP","floor":22.0},{"not_picked":["Coolheaded","Storm"],"picked":"Undo+1","floor":24.0},{"not_picked":["Redo","Conserve Battery","Reprogram"],"picked":"SKIP","floor":25.0},{"not_picked":["Sunder","Ball Lightning"],"picked":"Chill+1","floor":27.0},{"not_picked":["Ball Lightning","FTL","Melter"],"picked":"SKIP","floor":29.0},{"not_picked":["Doom and Gloom","Barrage"],"picked":"Hologram","floor":31.0},{"not_picked":["Meteor Strike","Thunder Strike"],"picked":"Rainbow","floor":33.0},{"not_picked":["Steam Power","Fusion+1","Rip and Tear"],"picked":"SKIP","floor":35.0},{"not_picked":["Panache","Mind Blast"],"picked":"Purity","floor":37.0},{"not_picked":["Mind Blast","Swift Strike"],"picked":"Thinking Ahead","floor":37.0},{"not_picked":["Stack","Streamline","Doom and Gloom"],"picked":"SKIP","floor":39.0},{"not_picked":["Tempest","Gash","Rip and Tear+1"],"picked":"SKIP","floor":40.0},{"not_picked":["Coolheaded","Reprogram"],"picked":"Defragment","floor":42.0},{"not_picked":["Conserve Battery","Reprogram"],"picked":"Compile Driver","floor":44.0},{"not_picked":["Multi-Cast","Leap"],"picked":"Defragment","floor":46.0},{"not_picked":["Storm+1","Barrage"],"picked":"Consume+1","floor":48.0},{"not_picked":["Blizzard","Aggregate+1"],"picked":"Undo","floor":55.0}],"player_experience":4566180,"relics_obtained":[{"floor":11.0,"key":"Anchor"},{"floor":13.0,"key":"Strawberry"},{"floor":24.0,"key":"Bronze Scales"},{"floor":26.0,"key":"Bird Faced Urn"},{"floor":40.0,"key":"Happy Flower"},{"floor":42.0,"key":"Pen Nib"},{"floor":43.0,"key":"Mercury Hourglass"},{"floor":46.0,"key":"Art of War"},{"floor":48.0,"key":"Dodecahedron"},{"floor":55.0,"key":"Bag of Marbles"}],"event_choices":[{"damage_healed":0.0,"max_hp_gain":0.0,"max_hp_loss":0.0,"gold_gain":0.0,"cards_transformed":["Strike_B"],"event_name":"Living Wall","player_choice":"Change","floor":2.0,"gold_loss":0.0,"damage_taken":0.0,"cards_obtained":["Chaos"]},{"damage_healed":0.0,"max_hp_gain":0.0,"max_hp_loss":0.0,"gold_gain":275.0,"event_name":"Golden Shrine","player_choice":"Desecrate","floor":4.0,"gold_loss":0.0,"damage_taken":0.0,"cards_obtained":["Regret"]},{"damage_healed":0.0,"max_hp_gain":0.0,"max_hp_loss":0.0,"gold_gain":0.0,"event_name":"The Library","player_choice":"Read","floor":19.0,"gold_loss":0.0,"damage_taken":0.0,"cards_obtained":["Defragment"]},{"damage_healed":0.0,"max_hp_gain":0.0,"max_hp_loss":0.0,"gold_gain":0.0,"cards_transformed":["Defend_B","Strike_B"],"event_name":"Drug Dealer","player_choice":"Became Test Subject","floor":20.0,"gold_loss":0.0,"damage_taken":0.0,"cards_obtained":["Streamline","Amplify"]},{"damage_healed":0.0,"max_hp_gain":0.0,"max_hp_loss":0.0,"gold_gain":50.0,"event_name":"Nest","player_choice":"Stole From Cult","floor":21.0,"gold_loss":0.0,"damage_taken":0.0},{"damage_healed":0.0,"max_hp_gain":0.0,"max_hp_loss":0.0,"gold_gain":0.0,"event_name":"Tomb of Lord Red Mask","player_choice":"Ignored","floor":36.0,"gold_loss":0.0,"damage_taken":0.0},{"damage_healed":0.0,"max_hp_gain":0.0,"max_hp_loss":0.0,"gold_gain":0.0,"event_name":"SensoryStone","player_choice":"Memory 3","floor":37.0,"gold_loss":0.0,"damage_taken":10.0},{"cards_removed":["Defend_B"],"damage_healed":0.0,"max_hp_gain":0.0,"max_hp_loss":0.0,"gold_gain":0.0,"event_name":"Bonfire Elementals","player_choice":"Offered Basic","floor":38.0,"gold_loss":0.0,"damage_taken":0.0}],"is_beta":false,"boss_relics":[{"not_picked":["Philosopher\u0027s Stone","Fusion Hammer"],"picked":"Empty Cage"},{"not_picked":["Black Star","Calling Bell"],"picked":"Sozu"}],"items_purged_floors":[5,28],"is_endless":false,"potions_floor_spawned":[1,11,13,22,27,29,33,40,44,46,48],"ascension_level":20}