{"gold_per_floor":[216,235,160,174,249,249,283,283,283,283,298,298,298,45,45,147,147,163,83,182,197,122,122,135,135,190,205,205,205,30,30,30,130,130,145,1144,1144,587,603,603,628,628,628,628,628,679,111,129,129,129],"floor_reached":51,"playtime":1145,"items_purged":["Strike_B","Strike_B","Strike_B","Normality","Normality"],"score":742,"play_id":"ab75487f-6cbd-4c0b-8268-516ed4b79c4b","local_time":"20190616080542","is_ascension_mode":false,"campfire_choices":[{"data":"Darkness","floor":6,"key":"SMITH"},{"data":"Dualcast","floor":8,"key":"SMITH"},{"floor":10,"key":"DIG"},{"data":"Lockon","floor":12,"key":"SMITH"},{"floor":15,"key":"DIG"},{"data":"Defragment","floor":23,"key":"SMITH"},{"data":"Coolheaded","floor":25,"key":"SMITH"},{"data":"Redo","floor":29,"key":"SMITH"},{"data":"Coolheaded","floor":32,"key":"SMITH"},{"floor":40,"key":"DIG"},{"floor":42,"key":"DIG"},{"floor":49,"key":"REST"}],"neow_cost":"NONE","seed_source_timestamp":925287289989,"circlet_count":0,"master_deck":["Defend_B+1","Zap+1","Dualcast+1","Streamline+1","Darkness+1","Capacitor","Lockon+1","Rainbow","Defragment+1","Coolheaded+1","Redo+1","Coolheaded+1","Electrodynamics","Seek+1","Self Repair+1","Buffer+1","Purity+1","Turbo+1","Chill+1","Coolheaded+1","Defragment","Steam Power+1","Glacier+1","Turbo+1"],"relics":["Cracked Core","Shovel","Ginger","Strawberry","War Paint","Happy Flower","Inserter","Orichalcum","Astrolabe","Toxic Egg 2","Torii","Anchor","Shuriken","Letter Opener","Centennial Puzzle","Runic Capacitor"],"potions_floor_usage":[2,18,50,50,50],"damage_taken":[{"damage":1,"enemies":"Jaw Worm","floor":1,"turns":3},{"damage":1,"enemies":"Cultist","floor":2,"turns":3},{"damage":0,"enemies":"2 Louse","floor":4,"turns":2},{"damage":25,"enemies":"Lagavulin","floor":7,"turns":8},{"damage":0,"enemies":"Large Slime","floor":11,"turns":5},{"damage":30,"enemies":"Hexaghost","floor":16,"turns":6},{"damage":20,"enemies":"3 Byrds","floor":18,"turns":4},{"damage":2,"enemies":"Chosen","floor":21,"turns":4},{"damage":16,"enemies":"Snake Plant","floor":24,"turns":5},{"damage":11,"enemies":"Snecko","floor":27,"turns":7},{"damage":2,"enemies":"Champ","floor":33,"turns":7},{"damage":9,"enemies":"Orb Walker","floor":35,"turns":4},{"damage":21,"enemies":"3 Shapes","floor":39,"turns":2},{"damage":27,"enemies":"Nemesis","floor":41,"turns":5},{"damage":0,"enemies":"3 Darklings","floor":48,"turns":3},{"damage":0,"enemies":"Awakened One","floor":50,"turns":8}],"seed_played":"-4610598380364240055","potions_obtained":[{"floor":1,"key":"Regen Potion"},{"floor":2,"key":"Fruit Juice"},{"floor":4,"key":"FocusPotion"},{"floor":7,"key":"Strength Potion"},{"floor":21,"key":"LiquidBronze"},{"floor":41,"key":"Dexterity Potion"}],"is_trial":false,"path_per_floor":["M","M","$","M","?","R","E","R","T","R","M","R","?","$","R","B",null,"M","$","?","M","?","R","M","R","T","M","?","R","$","?","R","B",null,"M","?","?","$","M","R","E","R","T","?","?","T","$","M","R","B",null],"character_chosen":"DEFECT","items_purchased":["War Paint","Defragment","Coolheaded","Toxic Egg 2","Purity+1","Turbo+1","Runic Capacitor","Defragment","Steam Power+1","Glacier+1"],"campfire_rested":1,"item_purchase_floors":[14,19,30,38,38,38,47,47,47,47],"current_hp_per_floor":[74,78,78,78,67,67,42,42,42,49,49,49,49,49,49,19,87,72,72,72,70,70,70,54,54,54,43,26,26,26,26,26,24,92,92,92,87,87,66,66,49,49,49,49,49,49,49,59,85,87],"gold":129,"neow_bonus":"HUNDRED_GOLD","is_prod":false,"is_daily":false,"chose_seed":false,"campfire_upgraded":7,"win_rate":0,"timestamp":1560643542,"path_taken":["M","M","$","M","?","R","E","R","T","R","M","R","?","$","R","BOSS","M","$","?","M","?","R","M","R","T","M","?","R","$","?","R","BOSS","M","?","?","$","?","R","E","R","T","?","?","?","$","M","R","BOSS"],"build_version":"2019-01-23","purchased_purges":5,"victory":true,"max_hp_per_floor":[75,80,80,80,80,80,80,80,80,87,87,87,87,87,87,87,87,87,87,87,87,87,87,87,87,87,87,92,92,92,92,92,92,92,92,92,87,87,87,87,87,87,87,87,87,87,87,87,87,87],"card_choices":[{"not_picked":["Reprogram","Beam Cell"],"picked":"Streamline","floor":1},{"not_picked":["Lockon","Coolheaded"],"picked":"Darkness","floor":2},{"not_picked":["Gash","Go for the Eyes","Double Energy"],"picked":"SKIP","floor":4},{"not_picked":["Beam Cell","Rip and Tear"],"picked":"Capacitor","floor":7},{"not_picked":["Self Repair","Barrage"],"picked":"Lockon","floor":11},{"not_picked":["Seek","Machine Learning"],"picked":"Rainbow","floor":16},{"not_picked":["Conserve Battery","Reinforced Body","Beam Cell+1"],"picked":"SKIP","floor":18},{"not_picked":["Turbo+1","Rebound"],"picked":"Coolheaded","floor":21},{"not_picked":["Go for the Eyes","Stack"],"picked":"Redo","floor":24},{"not_picked":["Conserve Battery","Leap+1","Steam Power"],"picked":"SKIP","floor":27},{"not_picked":["Core Surge","Reboot"],"picked":"Electrodynamics","floor":33},{"not_picked":["Beam Cell+1","Genetic Algorithm+1","Rebound"],"picked":"SKIP","floor":35},{"not_picked":["Streamline","Rip and Tear+1"],"picked":"Chill+1","floor":39},{"not_picked":["Conserve Battery+1","Compile Driver+1"],"picked":"Coolheaded+1","floor":41},{"not_picked":["Steam+1","Force Field+1"],"picked":"Turbo+1","floor":48}],"player_experience":5283567,"relics_obtained":[{"floor":7,"key":"Shovel"},{"floor":9,"key":"Ginger"},{"floor":10,"key":"Strawberry"},{"floor":15,"key":"Happy Flower"},{"floor":26,"key":"Orichalcum"},{"floor":40,"key":"Torii"},{"floor":41,"key":"Anchor"},{"floor":42,"key":"Shuriken"},{"floor":43,"key":"Letter Opener"},{"floor":46,"key":"Centennial Puzzle"}],"event_choices":[{"damage_healed":0,"gold_gain":75,"player_choice":"Gather Gold","damage_taken":11,"max_hp_gain":0,"max_hp_loss":0,"event_name":"World of Goop","floor":5,"gold_loss":0},{"damage_healed":0,"gold_gain":0,"player_choice":"Upgraded","damage_taken":0,"max_hp_gain":0,"max_hp_loss":0,"event_name":"Upgrade Shrine","floor":13,"gold_loss":0,"cards_upgraded":["Streamline"]},{"damage_healed":0,"gold_gain":99,"player_choice":"Stole From Cult","damage_taken":0,"max_hp_gain":0,"max_hp_loss":0,"event_name":"Nest","floor":20,"gold_loss":0},{"cards_removed":["Strike_B"],"damage_healed":0,"gold_gain":0,"player_choice":"Gave Gold","damage_taken":0,"max_hp_gain":0,"max_hp_loss":0,"event_name":"Beggar","floor":22,"gold_loss":75},{"damage_healed":0,"gold_gain":0,"player_choice":"Shed Blood","damage_taken":22,"max_hp_gain":5,"max_hp_loss":0,"event_name":"Forgotten Altar","floor":28,"gold_loss":0},{"damage_healed":0,"gold_gain":0,"player_choice":"Ignored","damage_taken":0,"max_hp_gain":0,"max_hp_loss":0,"event_name":"Cursed Tome","floor":31,"gold_loss":0},{"damage_healed":0,"gold_gain":999,"player_choice":"Gold","damage_taken":0,"max_hp_gain":0,"max_hp_loss":0,"event_name":"MindBloom","floor":36,"gold_loss":0,"cards_obtained":["Normality","Normality"]},{"damage_healed":0,"gold_gain":0,"player_choice":"Max HP","damage_taken":0,"max_hp_gain":0,"max_hp_loss":5,"event_name":"Winding Halls","floor":37,"gold_loss":0},{"damage_healed":0,"gold_gain":0,"player_choice":"Ignored","damage_taken":0,"max_hp_gain":0,"max_hp_loss":0,"event_name":"Tomb of Lord Red Mask","floor":44,"gold_loss":0},{"damage_healed":0,"gold_gain":0,"player_choice":"Ignored","damage_taken":0,"max_hp_gain":0,"max_hp_loss":0,"event_name":"Mysterious Sphere","floor":45,"gold_loss":0}],"is_beta":false,"boss_relics":[{"not_picked":["Philosopher\u0027s Stone","Calling Bell"],"picked":"Inserter"},{"not_picked":["Velvet Choker","Coffee Dripper"],"picked":"Astrolabe"}],"items_purged_floors":[3,14,30,38,47],"is_endless":false,"potions_floor_spawned":[1,2,4,7,21,33,35,41,48],"ascension_level":0}