{"gold_per_floor":[116,128,53,63,74,74,91,91,144,144,156,185,6,22,22,98,98,114,39,38,57,68,68,18,31,100,111,61,61,90,90,90,165,165,184,134,134,134,187,187,218,218,243,255,280,165,165,195,195,195,195,195,195,145,171,171],"floor_reached":57,"playtime":2051,"items_purged":["Strike_G","Strike_G","Strike_G","Strike_G","Defend_G","Defend_G","Defend_G"],"score":3060,"play_id":"949ac23f-854e-46ae-b21f-9d67af992dec","local_time":"20190215105959","is_ascension_mode":true,"campfire_choices":[{"data":"Catalyst","floor":6.0,"key":"SMITH"},{"data":"Deadly Poison","floor":8.0,"key":"SMITH"},{"data":"Neutralize","floor":10.0,"key":"SMITH"},{"data":"Catalyst","floor":15.0,"key":"SMITH"},{"data":"Wraith Form v2","floor":23.0,"key":"SMITH"},{"data":"Bouncing Flask","floor":29.0,"key":"SMITH"},{"data":"Venomology","floor":32.0,"key":"SMITH"},{"data":"Burst","floor":40.0,"key":"SMITH"},{"data":"Thinking Ahead","floor":42.0,"key":"SMITH"},{"data":"Calculated Gamble","floor":44.0,"key":"SMITH"},{"floor":49.0,"key":"RECALL"},{"data":"Reflex","floor":53,"key":"SMITH"}],"neow_cost":"NONE","seed_source_timestamp":9038873277030,"circlet_count":0,"master_deck":["AscendersBane","Defend_G","Defend_G","Survivor","Catalyst+1","Deadly Poison+1","Venomology+1","Catalyst+1","Backflip","Wraith Form v2+1","Bouncing Flask+1","Crippling Poison+1","Burst+1","Calculated Gamble+1","Thinking Ahead+1","Backflip","Reflex+1","Adrenaline"],"special_seed":0,"relics":["Ring of the Snake","NeowsBlessing","Smiling Mask","Mercury Hourglass","Runic Dome","Mummified Hand","Bronze Scales","Matryoshka","Runic Pyramid","The Specimen","Meat on the Bone","MawBank","Blood Vial","Sundial"],"potions_floor_usage":[51,55,56,56,56,56],"damage_taken":[{"damage":0.0,"enemies":"Cultist","floor":1.0,"turns":1.0},{"damage":0.0,"enemies":"Jaw Worm","floor":2.0,"turns":1.0},{"damage":0.0,"enemies":"2 Louse","floor":4.0,"turns":1.0},{"damage":42.0,"enemies":"Large Slime","floor":5.0,"turns":11.0},{"damage":7.0,"enemies":"3 Louse","floor":7.0,"turns":4.0},{"damage":3.0,"enemies":"Looter","floor":11.0,"turns":3.0},{"damage":0.0,"enemies":"Gremlin Nob","floor":12.0,"turns":3.0},{"damage":0.0,"enemies":"Large Slime","floor":14.0,"turns":4.0},{"damage":1.0,"enemies":"The Guardian","floor":16.0,"turns":9.0},{"damage":3.0,"enemies":"Spheric Guardian","floor":18.0,"turns":5.0},{"damage":0.0,"enemies":"2 Thieves","floor":20.0,"turns":4.0},{"damage":3.0,"enemies":"Shelled Parasite and Fungi","floor":21.0,"turns":5.0},{"damage":13.0,"enemies":"Sentry and Sphere","floor":22.0,"turns":7.0},{"damage":1.0,"enemies":"Centurion and Healer","floor":25.0,"turns":6.0},{"damage":0.0,"enemies":"Snake Plant","floor":27.0,"turns":2.0},{"damage":10.0,"enemies":"Slavers","floor":30.0,"turns":6.0},{"damage":13.0,"enemies":"Collector","floor":33.0,"turns":5.0},{"damage":0.0,"enemies":"3 Darklings","floor":35.0,"turns":3.0},{"damage":2.0,"enemies":"2 Orb Walkers","floor":39.0,"turns":4.0},{"damage":0.0,"enemies":"Giant Head","floor":41.0,"turns":2.0},{"damage":0.0,"enemies":"3 Shapes","floor":45.0,"turns":2.0},{"damage":0.0,"enemies":"Reptomancer","floor":48.0,"turns":2.0},{"damage":0.0,"enemies":"Time Eater","floor":50.0,"turns":2.0},{"damage":0,"enemies":"Donu and Deca","floor":51,"turns":5},{"damage":0,"enemies":"Shield and Spear","floor":55,"turns":4},{"damage":16,"enemies":"The Heart","floor":56,"turns":5}],"seed_played":"-8746890530164773438","potions_obtained":[{"floor":1.0,"key":"Dexterity Potion"},{"floor":4.0,"key":"GamblersBrew"},{"floor":11.0,"key":"GhostInAJar"},{"floor":22.0,"key":"Dexterity Potion"},{"floor":25.0,"key":"Fire Potion"},{"floor":33.0,"key":"Energy Potion"},{"floor":39.0,"key":"Dexterity Potion"},{"floor":45.0,"key":"Energy Potion"}],"is_trial":false,"path_per_floor":["M","M","$","M","M","R","M","R","T","R","M","E","$","M","R","B",null,"M","?","M","M","M","R","$","M","T","M","$","R","E","T","R","B",null,"M","$","?","?","?","R","E","R","T","R","M","$","?","E","R","B","B",null,"R","$","E","B",null],"character_chosen":"THE_SILENT","items_purchased":["Catalyst","Block Potion","Reflex"],"campfire_rested":0,"item_purchase_floors":[13,13,46],"current_hp_per_floor":[59,59,59,59,17,17,10,10,10,10,7,7,7,7,7,6,51,48,48,48,45,32,32,32,31,31,31,31,31,21,21,21,8,52,52,52,52,52,50,50,50,50,50,50,50,50,50,50,50,52,54,63,63,63,65,50],"gold":171,"neow_bonus":"THREE_ENEMY_KILL","is_prod":false,"is_daily":false,"chose_seed":false,"campfire_upgraded":11,"win_rate":0,"timestamp":1550199599,"path_taken":["M","M","$","M","M","R","M","R","T","R","M","E","$","M","R","BOSS","M","?","M","M","M","R","?","?","T","M","$","R","E","?","R","BOSS","M","$","?","?","?","R","E","R","T","R","M","$","?","E","R","BOSS","BOSS","R","$","E","BOSS"],"build_version":"2019-01-23","purchased_purges":7,"victory":true,"max_hp_per_floor":[66,66,66,66,66,66,66,66,66,66,66,66,66,66,66,66,66,66,66,66,66,66,66,66,66,66,66,66,66,66,66,66,66,66,66,66,66,66,66,66,66,66,66,66,66,66,66,66,66,66,66,66,66,66,66,66],"card_choices":[{"not_picked":["Acrobatics","Poisoned Stab"],"picked":"Catalyst","floor":1.0},{"not_picked":["Heel Hook","Endless Agony","Prepared"],"picked":"SKIP","floor":2.0},{"not_picked":["Cloak And Dagger","Distraction","Dodge and Roll"],"picked":"SKIP","floor":4.0},{"not_picked":["Terror","Heel Hook"],"picked":"Deadly Poison","floor":5.0},{"not_picked":["All Out Attack","Endless Agony","Blade Dance"],"picked":"SKIP","floor":7.0},{"not_picked":["Flying Knee","Dagger Throw","Quick Slash"],"picked":"SKIP","floor":11.0},{"not_picked":["Poisoned Stab","Backstab"],"picked":"Venomology","floor":12.0},{"not_picked":["Finisher","Sucker Punch"],"picked":"Backflip","floor":14.0},{"not_picked":["Doppelganger","Glass Knife"],"picked":"Wraith Form v2","floor":16.0},{"not_picked":["Cloak And Dagger","Caltrops","PiercingWail"],"picked":"SKIP","floor":18.0},{"not_picked":["Dodge and Roll","Skewer","PiercingWail"],"picked":"SKIP","floor":20.0},{"not_picked":["Leg Sweep","Poisoned Stab","Flechettes"],"picked":"SKIP","floor":21.0},{"not_picked":["Dagger Throw","Blur"],"picked":"Bouncing Flask","floor":22.0},{"not_picked":["Riddle With Holes","Outmaneuver","Dagger Throw"],"picked":"SKIP","floor":25.0},{"not_picked":["Riddle With Holes","Outmaneuver","Dagger Throw"],"picked":"SKIP","floor":25.0},{"not_picked":["Riddle With Holes","Outmaneuver","Dagger Throw"],"picked":"SKIP","floor":25.0},{"not_picked":["PiercingWail","Poisoned Stab"],"picked":"Crippling Poison+1","floor":27.0},{"not_picked":["Reflex","Crippling Poison","Dash"],"picked":"SKIP","floor":30.0},{"not_picked":["Die Die Die","Tools of the Trade"],"picked":"Burst","floor":33.0},{"not_picked":["Infinite Blades","Slice"],"picked":"Calculated Gamble","floor":35.0},{"not_picked":["Violence","HandOfGreed"],"picked":"Thinking Ahead","floor":37.0},{"not_picked":["Backflip","Backstab","Deflect"],"picked":"SKIP","floor":41.0},{"not_picked":["Flying Knee","Expertise+1"],"picked":"Backflip","floor":45.0},{"not_picked":["Footwork+1","Choke+1"],"picked":"Adrenaline","floor":48.0},{"not_picked":["Accuracy","Slice","Backstab"],"picked":"SKIP","floor":55}],"player_experience":2761608,"relics_obtained":[{"floor":9.0,"key":"Smiling Mask"},{"floor":12.0,"key":"Mercury Hourglass"},{"floor":26.0,"key":"Mummified Hand"},{"floor":30.0,"key":"Bronze Scales"},{"floor":31.0,"key":"Matryoshka"},{"floor":39.0,"key":"The Specimen"},{"floor":41.0,"key":"Meat on the Bone"},{"floor":43.0,"key":"MawBank"},{"floor":48.0,"key":"Blood Vial"},{"floor":55,"key":"Sundial"}],"event_choices":[{"cards_removed":["Strike_G"],"damage_healed":0.0,"max_hp_gain":0.0,"max_hp_loss":0.0,"gold_gain":0.0,"event_name":"Beggar","player_choice":"Gave Gold","floor":19.0,"gold_loss":75.0,"damage_taken":0.0},{"damage_healed":0.0,"max_hp_gain":0.0,"max_hp_loss":0.0,"gold_gain":0.0,"event_name":"SensoryStone","player_choice":"Memory 1","floor":37.0,"gold_loss":0.0,"damage_taken":0.0},{"damage_healed":0.0,"max_hp_gain":0.0,"max_hp_loss":0.0,"gold_gain":0.0,"event_name":"Tomb of Lord Red Mask","player_choice":"Ignored","floor":38.0,"gold_loss":0.0,"damage_taken":0.0},{"damage_healed":0.0,"max_hp_gain":0.0,"max_hp_loss":0.0,"gold_gain":0.0,"event_name":"Mysterious Sphere","player_choice":"Fight","floor":39.0,"gold_loss":0.0,"damage_taken":0.0},{"cards_removed":["Neutralize"],"damage_healed":0.0,"max_hp_gain":0.0,"max_hp_loss":0.0,"gold_gain":0.0,"event_name":"Falling","player_choice":"Removed Attack","floor":47.0,"gold_loss":0.0,"damage_taken":0.0}],"is_beta":false,"boss_relics":[{"not_picked":["Tiny House","Snecko Eye"],"picked":"Runic Dome"},{"not_picked":["Black Star","Lizard Tail"],"picked":"Runic Pyramid"}],"items_purged_floors":[3,13,24,28,36,46,54],"is_endless":false,"potions_floor_spawned":[1,4,11,22,25,27,33,39,45],"ascension_level":20}