{"path_per_floor":["M","M","?","M","?","?","M","M","T","M","M","R","?","$","R","B",null,"M","M","?","$","M","R","?"],"character_chosen":"THE_SILENT","items_purchased":["Accuracy","Distraction","Adrenaline"],"gold_per_floor":[115,134,134,147,147,147,163,173,173,185,203,203,203,47,47,149,149,159,179,179,28,45,45,45],"floor_reached":25,"campfire_rested":0,"playtime":2697,"current_hp_per_floor":[64,62,62,61,70,56,52,48,48,45,30,30,80,80,80,30,80,40,34,34,34,26,26,26],"items_purged":[],"gold":45,"score":221,"play_id":"a7abbd7f-bec9-4c98-80f9-7de1885d2d5a","local_time":"20180303143942","is_prod":false,"is_daily":false,"is_ascension_mode":false,"campfire_upgraded":3,"timestamp":1520084382,"path_taken":["M","M","?","?","?","?","M","M","T","M","?","R","?","$","R","BOSS","M","M","?","$","M","R","?","M"],"build_version":"2018-03-01-PROD1","purchased_purges":0,"victory":false,"master_deck":["Survivor","Neutralize","Infinite Blades+1","Backflip+1","Night Terror+1","Outmaneuver","Blade Dance","Deadly Poison","PiercingWail","Accuracy+1","Distraction","Tools of the Trade","Quick Slash","Prepared","Prepared","Quick Slash","Acrobatics","PiercingWail","Acrobatics","Prepared","Acrobatics","Footwork","Flying Knee","Quick Slash+1","Adrenaline","Prepared"],"max_hp_per_floor":[70,70,70,70,70,70,70,70,70,70,70,70,80,80,80,80,80,80,80,80,80,80,80,80],"relics":["Ring of the Snake","Anchor","Pandora\u0027s Box"],"card_choices":[{"not_picked":["Blur","PiercingWail"],"picked":"Infinite Blades"},{"not_picked":["Bane","PiercingWail"],"picked":"Backflip"},{"not_picked":["Slice","Deflect"],"picked":"Night Terror"},{"not_picked":["Underhanded Strike","Poisoned Stab"],"picked":"Outmaneuver"},{"not_picked":["Slice","Catalyst"],"picked":"Blade Dance"},{"not_picked":["Sucker Punch","Terror"],"picked":"Tactician"},{"not_picked":["Riddle With Holes","Outmaneuver"],"picked":"Deadly Poison"},{"not_picked":["Backflip","Dagger Spray"],"picked":"PiercingWail"},{"not_picked":["Tactician","Burst"],"picked":"Tools of the Trade"},{"not_picked":["Eviscerate","Accuracy"],"picked":"Flying Knee"},{"not_picked":["PiercingWail","Riddle With Holes"],"picked":"Quick Slash"},{"not_picked":["Accuracy","Backflip"],"picked":"Prepared"}],"player_experience":60868,"potions_floor_usage":[10,16,22,25],"damage_taken":[{"damage":6,"enemies":"2 Louse","floor":1,"turns":3},{"damage":2,"enemies":"Small Slimes","floor":2,"turns":5},{"damage":1,"enemies":"Cultist","floor":4,"turns":5},{"damage":4,"enemies":"Looter","floor":7,"turns":4},{"damage":4,"enemies":"Red Slaver","floor":8,"turns":4},{"damage":3,"enemies":"Blue Slaver","floor":10,"turns":5},{"damage":15,"enemies":"3 Louse","floor":11,"turns":5},{"damage":50,"enemies":"Slime Boss","floor":16,"turns":11},{"damage":40,"enemies":"Spheric Guardian","floor":18,"turns":5},{"damage":6,"enemies":"3 Byrds","floor":19,"turns":8},{"damage":8,"enemies":"Snecko","floor":22,"turns":3},{"damage":14,"enemies":"Cultist and Chosen","floor":25,"turns":5}],"event_choices":[{"event_name":"Golden Idol","player_choice":"Ignored","floor":3,"damage_taken":0},{"event_name":"Wheel of Change","player_choice":"Full Heal","floor":5,"damage_taken":0},{"event_name":"Shining Light","player_choice":"Entered Light","floor":6,"damage_taken":0},{"event_name":"Bonfire Elementals","player_choice":"RARE","floor":13,"damage_taken":0},{"event_name":"Upgrade Shrine","player_choice":"Upgraded","floor":20,"damage_taken":0},{"event_name":"Cursed Tome","player_choice":"Ignored","floor":24,"damage_taken":0}],"boss_relics":[{"not_picked":["Orrery","The Specimen"],"picked":"Pandora\u0027s Box"}],"potions_floor_spawned":[4,10,16,18],"seed_played":"-2266638632044425324","killed_by":"Cultist and Chosen","ascension_level":0,"is_trial":false}