{"gold_per_floor":[109,123,134,144,144,144,144,176,228,258,258,258,283,283,283,379,379,379,379,379,379,379,379,379,379,379,379,379,39,39,39,39,39],"floor_reached":33,"playtime":3454,"items_purged":[],"score":275,"play_id":"5ce37a68-d256-4531-abdf-d4e78bdcde0b","local_time":"20190723115656","is_ascension_mode":false,"campfire_choices":[{"data":"Leg Sweep","floor":6,"key":"SMITH"},{"data":"Noxious Fumes","floor":11,"key":"SMITH"},{"floor":15,"key":"REST"},{"data":"Dash","floor":23,"key":"SMITH"},{"floor":32,"key":"REST"}],"neow_cost":"NONE","seed_source_timestamp":1154738958615267,"circlet_count":0,"master_deck":["Strike_G","Strike_G","Strike_G","Strike_G","Strike_G","Defend_G","Defend_G","Defend_G","Defend_G","Defend_G","Survivor","Neutralize","Slice","Blur","Leg Sweep+1","Terror","Poisoned Stab+1","Noxious Fumes+1","Deadly Poison","Venomology","Bane","RitualDagger","Dash+1","Prepared","Blade Dance","Distraction+1","Infinite Blades+1","Leg Sweep","Dash","Slice","Slice+1"],"relics":["Ring of the Snake","NeowsBlessing","Kunai","Blood Vial","Boot","Incense Burner","Odd Mushroom","Ectoplasm","Potion Belt","Frozen Egg 2","Oddly Smooth Stone","Orichalcum"],"potions_floor_usage":[8,8,10,21,22,22,25,25,30,31,31,33,33],"damage_taken":[{"damage":0,"enemies":"Small Slimes","floor":1,"turns":1},{"damage":0,"enemies":"2 Louse","floor":2,"turns":1},{"damage":0,"enemies":"Cultist","floor":3,"turns":1},{"damage":2,"enemies":"Large Slime","floor":4,"turns":12},{"damage":16,"enemies":"Lagavulin","floor":8,"turns":8},{"damage":22,"enemies":"3 Sentries","floor":10,"turns":13},{"damage":11,"enemies":"The Mushroom Lair","floor":13,"turns":5},{"damage":26,"enemies":"Hexaghost","floor":16,"turns":9},{"damage":12,"enemies":"3 Byrds","floor":18,"turns":5},{"damage":0,"enemies":"Spheric Guardian","floor":21,"turns":5},{"damage":8,"enemies":"Centurion and Healer","floor":22,"turns":6},{"damage":5,"enemies":"Snecko","floor":25,"turns":4},{"damage":33,"enemies":"3 Cultists","floor":27,"turns":6},{"damage":1,"enemies":"Book of Stabbing","floor":30,"turns":6},{"damage":7,"enemies":"Snake Plant","floor":31,"turns":4},{"damage":41,"enemies":"Champ","floor":33,"turns":13}],"seed_played":"3199331299133413062","potions_obtained":[{"floor":1,"key":"PowerPotion"},{"floor":3,"key":"GhostInAJar"},{"floor":8,"key":"GhostInAJar"},{"floor":13,"key":"Fire Potion"},{"floor":20,"key":"GhostInAJar"},{"floor":20,"key":"Poison Potion"},{"floor":25,"key":"PowerPotion"},{"floor":30,"key":"LiquidBronze"}],"is_trial":false,"path_per_floor":["M","M","M","M","?","R","$","E","T","E","R","?","?","?","R","B",null,"M","?","?","M","M","R","?","M","T","M","?","$","E","M","R","B"],"character_chosen":"THE_SILENT","items_purchased":["Infinite Blades+1","Oddly Smooth Stone","Leg Sweep","Dash"],"campfire_rested":2,"item_purchase_floors":[29,29,29,29],"current_hp_per_floor":[70,70,70,68,73,73,73,57,57,37,37,34,25,25,47,23,75,63,57,57,59,53,53,53,50,50,19,19,19,20,15,37,0],"gold":39,"neow_bonus":"THREE_ENEMY_KILL","is_prod":false,"is_daily":false,"chose_seed":false,"campfire_upgraded":3,"win_rate":0.0,"timestamp":1563872216,"path_taken":["M","M","M","M","?","R","$","E","T","E","R","?","?","?","R","BOSS","M","?","?","M","?","R","?","M","T","M","?","$","E","M","R","BOSS"],"build_version":"2019-07-17","purchased_purges":0,"victory":false,"max_hp_per_floor":[70,70,70,70,75,75,75,75,75,75,75,75,75,75,75,75,75,75,75,75,75,75,75,75,75,75,75,75,75,75,75,75,75],"card_choices":[{"not_picked":["Tactician","Endless Agony"],"picked":"Slice","floor":1},{"not_picked":["Flechettes","Blade Dance"],"picked":"Blur","floor":2},{"not_picked":["All Out Attack","Reflex"],"picked":"Leg Sweep","floor":3},{"not_picked":["Poisoned Stab","Eviscerate"],"picked":"Terror","floor":4},{"not_picked":["PiercingWail","Choke"],"picked":"Poisoned Stab","floor":8},{"not_picked":["Dagger Throw","Malaise"],"picked":"Noxious Fumes","floor":10},{"not_picked":["PiercingWail","Flechettes"],"picked":"Deadly Poison","floor":13},{"not_picked":["Tools of the Trade","Unload"],"picked":"Venomology","floor":16},{"not_picked":["Dagger Throw","Prepared"],"picked":"Bane","floor":18},{"not_picked":["Slice","Dagger Throw"],"picked":"Dash","floor":21},{"not_picked":["Predator","Masterful Stab"],"picked":"Prepared","floor":22},{"not_picked":["Bane+1","Acrobatics"],"picked":"Blade Dance","floor":25},{"not_picked":["Endless Agony","Well Laid Plans+1"],"picked":"Distraction+1","floor":27},{"not_picked":["Bullet Time","Tactician"],"picked":"Slice","floor":30},{"not_picked":["Deflect","Skewer+1"],"picked":"Slice+1","floor":31}],"player_experience":80415,"relics_obtained":[{"floor":8,"key":"Kunai"},{"floor":9,"key":"Blood Vial"},{"floor":10,"key":"Boot"},{"floor":13,"key":"Odd Mushroom"},{"floor":26,"key":"Frozen Egg 2"},{"floor":30,"key":"Orichalcum"}],"event_choices":[{"damage_healed":0,"gold_gain":0,"player_choice":"Donut","damage_taken":0,"max_hp_gain":5,"max_hp_loss":0,"event_name":"Big Fish","floor":5,"gold_loss":0},{"damage_healed":0,"gold_gain":0,"player_choice":"Success","damage_taken":3,"relics_obtained":["Incense Burner"],"max_hp_gain":0,"max_hp_loss":0,"event_name":"Scrap Ooze","floor":12,"gold_loss":0},{"damage_healed":0,"gold_gain":0,"player_choice":"Fought Mushrooms","damage_taken":0,"max_hp_gain":0,"max_hp_loss":0,"event_name":"Mushrooms","floor":13,"gold_loss":0},{"damage_healed":0,"gold_gain":0,"player_choice":"Grow","damage_taken":0,"max_hp_gain":0,"max_hp_loss":0,"event_name":"Living Wall","floor":14,"gold_loss":0,"cards_upgraded":["Poisoned Stab"]},{"damage_healed":0,"gold_gain":0,"player_choice":"Joined the Cult","damage_taken":6,"max_hp_gain":0,"max_hp_loss":0,"event_name":"Nest","floor":19,"gold_loss":0,"cards_obtained":["RitualDagger"]},{"damage_healed":0,"gold_gain":0,"player_choice":"Got Potions","damage_taken":0,"max_hp_gain":0,"max_hp_loss":0,"event_name":"Lab","floor":20,"gold_loss":0},{"damage_healed":0,"gold_gain":0,"player_choice":"Opened","damage_taken":0,"relics_obtained":["Potion Belt"],"max_hp_gain":0,"max_hp_loss":0,"event_name":"The Mausoleum","floor":24,"gold_loss":0,"cards_obtained":["Writhe"]},{"cards_removed":["Writhe"],"damage_healed":0,"gold_gain":0,"player_choice":"Card Removal","damage_taken":0,"max_hp_gain":0,"max_hp_loss":0,"event_name":"Wheel of Change","floor":28,"gold_loss":0}],"is_beta":false,"boss_relics":[{"not_picked":["Calling Bell","Sozu"],"picked":"Ectoplasm"}],"items_purged_floors":[],"is_endless":false,"potions_floor_spawned":[1,3,8,13,25,30],"killed_by":"Champ","ascension_level":0}