{"gold_per_floor":[112,23,23,34,49,49,124,124,124,156,156,186,146,62,62,62],"floor_reached":16,"playtime":668,"items_purged":[],"score":216,"play_id":"c78064fe-6ee9-457a-987b-98fc4f0f854a","local_time":"20190329111010","is_ascension_mode":true,"campfire_choices":[{"data":"Deadly Poison","floor":6.0,"key":"SMITH"},{"data":"Calculated Gamble","floor":8.0,"key":"SMITH"},{"data":"Expertise","floor":11.0,"key":"SMITH"},{"data":"Noxious Fumes","floor":15.0,"key":"SMITH"}],"neow_cost":"TEN_PERCENT_HP_LOSS","seed_source_timestamp":85251457904774,"circlet_count":0,"master_deck":["AscendersBane","Defend_G","Defend_G","Defend_G","Defend_G","Defend_G","Strike_G","Strike_G","Strike_G","Strike_G","Strike_G","Survivor","Neutralize","Secret Technique","Purity","Expertise+1","Footwork","Deadly Poison+1","Calculated Gamble+1","Setup+1","Die Die Die","Backflip+1","Noxious Fumes+1"],"special_seed":0,"relics":["Ring of the Snake","Ancient Tea Set","Toxic Egg 2","Dream Catcher","Shovel"],"potions_floor_usage":[16,16],"damage_taken":[{"damage":0.0,"enemies":"Cultist","floor":1.0,"turns":4.0},{"damage":0.0,"enemies":"Jaw Worm","floor":4.0,"turns":6.0},{"damage":5.0,"enemies":"Small Slimes","floor":5.0,"turns":4.0},{"damage":20.0,"enemies":"Gremlin Nob","floor":10.0,"turns":3.0},{"damage":5.0,"enemies":"Lagavulin","floor":12.0,"turns":8.0},{"damage":13.0,"enemies":"Exordium Thugs","floor":13.0,"turns":5.0},{"damage":9,"enemies":"Slime Boss","floor":16,"turns":8}],"seed_played":"-5654873807603207614","potions_obtained":[{"floor":4.0,"key":"AttackPotion"},{"floor":12.0,"key":"SkillPotion"},{"floor":13.0,"key":"Poison Potion"}],"is_trial":false,"path_per_floor":["M","$","T","M","M","R","?","R","T","E","R","E","M","$","R","B"],"character_chosen":"THE_SILENT","items_purchased":["Footwork","Fire Potion","Noxious Fumes"],"campfire_rested":0,"item_purchase_floors":[2,2,14],"current_hp_per_floor":[59,59,59,59,54,54,43,43,43,23,23,18,5,5,5,0],"gold":62,"neow_bonus":"RANDOM_COLORLESS_2","is_prod":false,"is_daily":false,"chose_seed":false,"campfire_upgraded":4,"win_rate":0,"timestamp":1553829010,"path_taken":["M","$","?","?","M","R","?","R","T","E","R","E","M","$","R","BOSS"],"build_version":"2019-01-23","purchased_purges":0,"victory":false,"max_hp_per_floor":[60,60,60,60,60,60,60,60,60,60,60,60,60,60,60,60],"card_choices":[{"not_picked":["Acrobatics","Cloak And Dagger"],"picked":"Expertise","floor":1.0},{"not_picked":["Dagger Spray","Bane"],"picked":"Deadly Poison","floor":4.0},{"not_picked":["Expertise","Dash"],"picked":"Calculated Gamble","floor":5.0},{"not_picked":["Cloak And Dagger+1","Calculated Gamble+1"],"picked":"Setup+1","floor":10.0},{"not_picked":["Bane","Blade Dance+1"],"picked":"Die Die Die","floor":12.0},{"not_picked":["PiercingWail+1","Escape Plan+1"],"picked":"Backflip+1","floor":13.0}],"player_experience":3938983,"relics_obtained":[{"floor":3.0,"key":"Ancient Tea Set"},{"floor":9.0,"key":"Toxic Egg 2"},{"floor":10.0,"key":"Dream Catcher"},{"floor":12.0,"key":"Shovel"}],"event_choices":[{"damage_healed":0.0,"max_hp_gain":0.0,"max_hp_loss":0.0,"gold_gain":75.0,"event_name":"World of Goop","player_choice":"Gather Gold","floor":7.0,"gold_loss":0.0,"damage_taken":11.0}],"is_beta":false,"boss_relics":[],"items_purged_floors":[],"is_endless":false,"potions_floor_spawned":[4,12,13],"killed_by":"Slime Boss","ascension_level":20}