{"gold_per_floor":[111,111,36,36,50,86,107,130,154,154],"floor_reached":10,"playtime":176,"items_purged":["Strike_G"],"score":186,"play_id":"d3dccbe3-27dc-463a-b6f3-b9f8cefd387f","local_time":"20190126131406","is_ascension_mode":true,"campfire_choices":[],"neow_cost":"NONE","seed_source_timestamp":16869572006706,"circlet_count":0,"master_deck":["AscendersBane","Defend_G","Defend_G","Defend_G","Defend_G","Strike_G","Strike_G+1","Strike_G","Strike_G","Survivor","Neutralize+1","Adrenaline","Calculated Gamble"],"relics":["Ring of the Snake","NeowsBlessing","Golden Idol","Pen Nib","Whetstone"],"potions_floor_usage":[8],"damage_taken":[{"damage":0,"enemies":"Jaw Worm","floor":1,"turns":1},{"damage":0,"enemies":"2 Louse","floor":5,"turns":1},{"damage":0,"enemies":"Lagavulin","floor":6,"turns":2},{"damage":3,"enemies":"Cultist","floor":7,"turns":4},{"damage":12,"enemies":"Looter","floor":8,"turns":5},{"damage":0,"enemies":"Gremlin Gang","floor":10,"turns":1}],"seed_played":"1965966375023288211","potions_obtained":[{"floor":5,"key":"SpeedPotion"},{"floor":6,"key":"PowerPotion"},{"floor":7,"key":"Fire Potion"}],"is_trial":false,"path_per_floor":["M","?","$","?","M","E","M","M","T","M"],"character_chosen":"THE_SILENT","items_purchased":[],"campfire_rested":0,"item_purchase_floors":[],"current_hp_per_floor":[59,59,59,59,59,59,56,44,44,44],"gold":154,"neow_bonus":"THREE_ENEMY_KILL","is_prod":false,"is_daily":false,"chose_seed":false,"campfire_upgraded":0,"win_rate":0,"timestamp":1548479646,"path_taken":["M","?","$","?","?","E","M","M","T","M"],"build_version":"2019-01-23","purchased_purges":1,"victory":false,"max_hp_per_floor":[66,60,60,60,60,60,60,60,60,60],"card_choices":[{"not_picked":["Slice","Flying Knee","Underhanded Strike"],"picked":"SKIP","floor":1},{"not_picked":["Deflect","Quick Slash","Outmaneuver"],"picked":"SKIP","floor":5},{"not_picked":["Flechettes","Acrobatics"],"picked":"Adrenaline","floor":6},{"not_picked":["Outmaneuver","Deflect","Backflip"],"picked":"SKIP","floor":7},{"not_picked":["Skewer","Slice"],"picked":"Calculated Gamble","floor":8}],"player_experience":2272900,"relics_obtained":[{"floor":6,"key":"Pen Nib"},{"floor":9,"key":"Whetstone"}],"event_choices":[{"damage_healed":0,"gold_gain":0,"player_choice":"Lose Max HP","damage_taken":0,"relics_obtained":["Golden Idol"],"max_hp_gain":0,"max_hp_loss":6,"event_name":"Golden Idol","floor":2,"gold_loss":0},{"cards_removed":["Defend_G"],"damage_healed":0,"gold_gain":0,"player_choice":"Offered Basic","damage_taken":0,"max_hp_gain":0,"max_hp_loss":0,"event_name":"Bonfire Elementals","floor":4,"gold_loss":0}],"is_beta":false,"boss_relics":[],"items_purged_floors":[3],"is_endless":false,"potions_floor_spawned":[5,6,7],"killed_by":"Gremlin Gang","ascension_level":20}