{"gold_per_floor":[13,13,27,46,56,56,86,86,112,37,66,141,172,172,172,172],"floor_reached":16,"playtime":678,"items_purged":["Strike_B"],"score":236,"play_id":"6437081e-049c-4c15-8988-e9887749ddcc","local_time":"20190806201457","is_ascension_mode":true,"campfire_choices":[{"data":"Darkness","floor":6.0,"key":"SMITH"},{"data":"Redo","floor":8.0,"key":"SMITH"},{"floor":15,"key":"REST"}],"neow_cost":"NO_GOLD","seed_source_timestamp":36075715340860,"circlet_count":0,"master_deck":["AscendersBane","Strike_B","Strike_B","Defend_B","Defend_B","Defend_B","Zap","Dualcast","Redo+1","Coolheaded","Conserve Battery","Darkness+1","Sunder","Loop","Conserve Battery"],"special_seed":0,"relics":["Cracked Core","Boot","Bag of Marbles","Orichalcum","Emotion Chip","Golden Idol"],"potions_floor_usage":[11],"damage_taken":[{"damage":0.0,"enemies":"2 Louse","floor":1.0,"turns":2.0},{"damage":0.0,"enemies":"Cultist","floor":3.0,"turns":2.0},{"damage":4.0,"enemies":"Jaw Worm","floor":4.0,"turns":3.0},{"damage":7.0,"enemies":"3 Louse","floor":5.0,"turns":4.0},{"damage":7.0,"enemies":"3 Sentries","floor":7.0,"turns":6.0},{"damage":23,"enemies":"Gremlin Nob","floor":11,"turns":4},{"damage":16,"enemies":"Lagavulin","floor":13,"turns":6},{"damage":30,"enemies":"Slime Boss","floor":16,"turns":3}],"seed_played":"3707785407586052168","potions_obtained":[{"floor":2.0,"key":"EntropicBrew"},{"floor":2.0,"key":"Fruit Juice"},{"floor":4.0,"key":"FocusPotion"},{"floor":5.0,"key":"Block Potion"},{"floor":11,"key":"LiquidBronze"},{"floor":13,"key":"SteroidPotion"}],"is_trial":false,"path_per_floor":["M","?","M","M","M","R","E","R","T","$","E","?","E","?","R","B"],"character_chosen":"DEFECT","items_purchased":[],"campfire_rested":1,"item_purchase_floors":[],"current_hp_per_floor":[64,69,69,65,58,58,51,51,51,51,28,17,1,1,21,0],"gold":172,"neow_bonus":"REMOVE_TWO","is_prod":false,"is_daily":false,"chose_seed":false,"campfire_upgraded":2,"win_rate":0,"timestamp":1565115297,"path_taken":["M","?","?","M","M","R","E","R","T","$","E","?","E","?","R","BOSS"],"build_version":"2019-07-17","purchased_purges":1,"victory":false,"max_hp_per_floor":[71,76,76,76,76,76,76,76,76,76,76,76,76,69,69,69],"card_choices":[{"not_picked":["Stack","Steam"],"picked":"Redo","floor":1.0},{"not_picked":["BootSequence","Beam Cell"],"picked":"Coolheaded","floor":3.0},{"not_picked":["Leap","Stack"],"picked":"Conserve Battery","floor":4.0},{"not_picked":["Gash","Cold Snap"],"picked":"Darkness","floor":5.0},{"not_picked":["Stack","Go for the Eyes"],"picked":"Sunder","floor":7.0},{"not_picked":["Creative AI","Gash"],"picked":"Loop","floor":11},{"not_picked":["Steam","Streamline"],"picked":"Conserve Battery","floor":13}],"player_experience":816765,"relics_obtained":[{"floor":7.0,"key":"Boot"},{"floor":9.0,"key":"Bag of Marbles"},{"floor":11,"key":"Orichalcum"},{"floor":13,"key":"Emotion Chip"}],"event_choices":[{"damage_healed":0.0,"max_hp_gain":0.0,"max_hp_loss":0.0,"gold_gain":0.0,"event_name":"Lab","player_choice":"Got Potions","floor":2.0,"gold_loss":0.0,"damage_taken":0.0},{"damage_healed":0,"gold_gain":75,"player_choice":"Gather Gold","damage_taken":11,"max_hp_gain":0,"max_hp_loss":0,"event_name":"World of Goop","floor":12,"gold_loss":0},{"damage_healed":0,"gold_gain":0,"player_choice":"Lose Max HP","damage_taken":0,"relics_obtained":["Golden Idol"],"max_hp_gain":0,"max_hp_loss":7,"event_name":"Golden Idol","floor":14,"gold_loss":0}],"is_beta":false,"boss_relics":[],"items_purged_floors":[10],"is_endless":false,"potions_floor_spawned":[4,5,11,13],"killed_by":"Slime Boss","ascension_level":20}