{"gold_per_floor":[116,4,16,166,166,200,200,218,218,218,29,40,40,55,55,132,132,147,62,72,72],"floor_reached":21,"playtime":604,"items_purged":["Strike_G","Strike_G"],"score":408,"play_id":"635f1320-d350-4c30-a584-fb64aeca4741","local_time":"20190301105735","is_ascension_mode":true,"campfire_choices":[{"data":"Neutralize","floor":7.0,"key":"SMITH"},{"data":"Concentrate","floor":10.0,"key":"SMITH"},{"data":"Blade Dance","floor":13.0,"key":"SMITH"},{"data":"Setup","floor":15.0,"key":"SMITH"}],"neow_cost":"NONE","seed_source_timestamp":4540955810992,"circlet_count":0,"master_deck":["AscendersBane","Defend_G","Defend_G","Defend_G","Defend_G","Defend_G","Strike_G","Strike_G","Strike_G","Survivor","Neutralize+1","Concentrate+1","Flechettes","After Image","Infinite Blades","Blade Dance+1","Setup+1","Tools of the Trade","Cloak And Dagger"],"special_seed":0,"relics":["Ring of the Snake","NeowsBlessing","Ice Cream","Shuriken","Sozu","PreservedInsect"],"potions_floor_usage":[16],"damage_taken":[{"damage":0.0,"enemies":"Jaw Worm","floor":1.0,"turns":1.0},{"damage":0.0,"enemies":"Small Slimes","floor":3.0,"turns":2.0},{"damage":0.0,"enemies":"3 Sentries","floor":6.0,"turns":1.0},{"damage":0.0,"enemies":"Cultist","floor":8.0,"turns":5.0},{"damage":4.0,"enemies":"Exordium Thugs","floor":12.0,"turns":6.0},{"damage":2.0,"enemies":"Blue Slaver","floor":14.0,"turns":4.0},{"damage":28,"enemies":"Hexaghost","floor":16,"turns":9},{"damage":27,"enemies":"Chosen","floor":18,"turns":8},{"damage":8,"enemies":"Spheric Guardian","floor":20,"turns":5},{"damage":20,"enemies":"Snake Plant","floor":21,"turns":4}],"seed_played":"5807592740444829051","potions_obtained":[{"floor":6.0,"key":"LiquidBronze"},{"floor":14.0,"key":"Strength Potion"},{"floor":16,"key":"PowerPotion"}],"is_trial":false,"path_per_floor":["M","$","M","?","?","E","R","M","T","R","$","M","R","M","R","B",null,"M","?","M","M"],"character_chosen":"THE_SILENT","items_purchased":["Concentrate","Infinite Blades","Blade Dance"],"campfire_rested":0,"item_purchase_floors":[2,11,11],"current_hp_per_floor":[59,59,59,59,59,59,59,59,59,59,59,55,55,53,53,25,56,29,29,21,1],"gold":72,"neow_bonus":"THREE_ENEMY_KILL","is_prod":false,"is_daily":false,"chose_seed":false,"campfire_upgraded":4,"win_rate":0,"timestamp":1551409055,"path_taken":["M","$","M","?","?","E","R","M","T","R","$","?","R","M","R","BOSS","M","?","M","M"],"build_version":"2019-01-23","purchased_purges":2,"victory":false,"max_hp_per_floor":[66,66,66,66,66,66,66,66,66,66,66,66,66,66,66,66,66,66,66,66,66],"card_choices":[{"not_picked":["Dodge and Roll","Cloak And Dagger","Distraction"],"picked":"SKIP","floor":1.0},{"not_picked":["PiercingWail","Crippling Poison"],"picked":"Flechettes","floor":3.0},{"not_picked":["Slice","Dagger Throw"],"picked":"After Image","floor":6.0},{"not_picked":["Eviscerate","Finisher","Sucker Punch"],"picked":"SKIP","floor":8.0},{"not_picked":["Acrobatics","Dagger Spray","Heel Hook"],"picked":"SKIP","floor":12.0},{"not_picked":["Dagger Throw","Prepared","Setup"],"picked":"SKIP","floor":14.0},{"not_picked":["Dagger Throw","Prepared"],"picked":"Setup","floor":14.0},{"not_picked":["Doppelganger","A Thousand Cuts"],"picked":"Tools of the Trade","floor":16},{"not_picked":["Prepared","Dagger Throw","Quick Slash"],"picked":"SKIP","floor":18},{"not_picked":["Dagger Spray","Slice"],"picked":"Cloak And Dagger","floor":20}],"player_experience":3252452,"relics_obtained":[{"floor":6.0,"key":"Ice Cream"},{"floor":9.0,"key":"Shuriken"}],"event_choices":[{"damage_healed":0.0,"max_hp_gain":0.0,"max_hp_loss":0.0,"gold_gain":150.0,"event_name":"Liars Game","player_choice":"AGREE","floor":4.0,"gold_loss":0.0,"damage_taken":0.0,"cards_obtained":["Doubt"]},{"cards_removed":["Doubt"],"damage_healed":0.0,"max_hp_gain":0.0,"max_hp_loss":0.0,"gold_gain":0.0,"event_name":"Purifier","player_choice":"Purged","floor":5.0,"gold_loss":0.0,"damage_taken":0.0},{"damage_healed":0,"gold_gain":0,"player_choice":"Obtained Relic","damage_taken":0,"relics_obtained":["PreservedInsect"],"max_hp_gain":0,"max_hp_loss":0,"event_name":"Addict","floor":19,"gold_loss":85}],"is_beta":false,"boss_relics":[{"not_picked":["Busted Crown","Fusion Hammer"],"picked":"Sozu"}],"items_purged_floors":[2,11],"is_endless":false,"potions_floor_spawned":[6,14,16,18,20],"killed_by":"Snake Plant","ascension_level":20}