{"gold_per_floor":[111,111,24,24,24,24,57,77,77,77,94,94,94,110,110,184,184,196,210,210,135,135],"floor_reached":22,"playtime":456,"items_purged":["Defend_G"],"score":564,"play_id":"abea62b7-ae89-421d-b3ee-d821e3c49add","local_time":"20190424151732","is_ascension_mode":true,"campfire_choices":[{"data":"Bouncing Flask","floor":6.0,"key":"SMITH"},{"data":"Neutralize","floor":10.0,"key":"SMITH"},{"data":"Survivor","floor":12.0,"key":"SMITH"},{"data":"Corpse Explosion","floor":15.0,"key":"SMITH"}],"neow_cost":"NONE","seed_source_timestamp":169449964015584,"circlet_count":0,"master_deck":["AscendersBane","Defend_G","Defend_G","Defend_G","Survivor+1","Neutralize+1","Bouncing Flask+1","Corpse Explosion+1","Footwork+1","Unload+1","Blade Dance+1"],"special_seed":0,"relics":["Ring of the Snake","NeowsBlessing","Art of War","Ornamental Fan","Paper Crane","Astrolabe","Nilry\u0027s Codex"],"potions_floor_usage":[18,22],"damage_taken":[{"damage":0.0,"enemies":"Jaw Worm","floor":1.0,"turns":1.0},{"damage":0.0,"enemies":"Gremlin Nob","floor":7.0,"turns":1.0},{"damage":0.0,"enemies":"Cultist","floor":8.0,"turns":1.0},{"damage":7.0,"enemies":"Small Slimes","floor":11.0,"turns":4.0},{"damage":0.0,"enemies":"2 Fungi Beasts","floor":14.0,"turns":4.0},{"damage":0.0,"enemies":"The Guardian","floor":16.0,"turns":8.0},{"damage":12,"enemies":"2 Thieves","floor":18,"turns":4},{"damage":0,"enemies":"Spheric Guardian","floor":19,"turns":5},{"damage":8,"enemies":"Cultist and Chosen","floor":22,"turns":3}],"seed_played":"-4895400705060130443","potions_obtained":[{"floor":7.0,"key":"SkillPotion"},{"floor":14.0,"key":"SteroidPotion"},{"floor":16.0,"key":"Regen Potion"},{"floor":18,"key":"Energy Potion"}],"is_trial":false,"path_per_floor":["M","?","$","T","?","R","E","M","T","R","M","R","?","M","R","B",null,"M","M","?","$","M"],"character_chosen":"THE_SILENT","items_purchased":["Bouncing Flask"],"campfire_rested":0,"item_purchase_floors":[3],"current_hp_per_floor":[59,59,59,59,52,52,52,52,52,52,45,45,45,45,45,45,61,63,63,42,42,34],"gold":135,"neow_bonus":"THREE_ENEMY_KILL","is_prod":false,"is_daily":false,"chose_seed":false,"campfire_upgraded":4,"win_rate":0,"timestamp":1556090252,"path_taken":["M","?","$","?","?","R","E","M","T","R","M","R","?","?","R","BOSS","M","M","?","$","M"],"build_version":"2019-01-23","purchased_purges":1,"victory":false,"max_hp_per_floor":[66,66,66,66,66,66,66,66,66,66,66,66,66,66,66,66,66,66,66,66,66,66],"card_choices":[{"not_picked":["Underhanded Strike","Prepared","Quick Slash"],"picked":"SKIP","floor":1.0},{"not_picked":["Reflex","A Thousand Cuts","Dagger Spray"],"picked":"SKIP","floor":7.0},{"not_picked":["Quick Slash","Cloak And Dagger","PiercingWail"],"picked":"SKIP","floor":8.0},{"not_picked":["Quick Slash","Bane","Poisoned Stab"],"picked":"SKIP","floor":11.0},{"not_picked":["Riddle With Holes","Flying Knee"],"picked":"Corpse Explosion","floor":14.0},{"not_picked":["Footwork","Acrobatics","Deflect+1"],"picked":"SKIP","floor":18},{"not_picked":["Caltrops","Quick Slash","Terror"],"picked":"SKIP","floor":19}],"player_experience":4503191,"relics_obtained":[{"floor":4.0,"key":"Art of War"},{"floor":7.0,"key":"Ornamental Fan"},{"floor":9.0,"key":"Paper Crane"},{"floor":20,"key":"Nilry\u0027s Codex"}],"event_choices":[{"cards_removed":["Defend_G"],"damage_healed":0.0,"max_hp_gain":0.0,"max_hp_loss":0.0,"gold_gain":0.0,"event_name":"Purifier","player_choice":"Purged","floor":2.0,"gold_loss":0.0,"damage_taken":0.0},{"cards_removed":["Strike_G"],"damage_healed":0.0,"max_hp_gain":0.0,"max_hp_loss":0.0,"gold_gain":0.0,"event_name":"Golden Wing","player_choice":"Card Removal","floor":5.0,"gold_loss":0.0,"damage_taken":7.0},{"cards_removed":["Strike_G"],"damage_healed":0.0,"max_hp_gain":0.0,"max_hp_loss":0.0,"gold_gain":0.0,"event_name":"Bonfire Elementals","player_choice":"Offered Basic","floor":13.0,"gold_loss":0.0,"damage_taken":0.0},{"damage_healed":0,"gold_gain":0,"player_choice":"Obtained Book","damage_taken":21,"max_hp_gain":0,"max_hp_loss":0,"event_name":"Cursed Tome","floor":20,"gold_loss":0}],"is_beta":false,"boss_relics":[{"not_picked":["Cursed Key","Eternal Feather"],"picked":"Astrolabe"}],"items_purged_floors":[21],"is_endless":false,"potions_floor_spawned":[7,14,16,18],"killed_by":"Cultist and Chosen","ascension_level":20}