{"gold_per_floor":[217,217,236,34,54,54,84,84,84,84,84,104,104,121,121,218,218,228,228,245,323,323,323,334,362,362,382,382,396,137,156,156,261,261,275,375,387,158,176,176,176,176,176,72,90,90,109,124,124,124],"floor_reached":51,"playtime":2252,"items_purged":["Strike_B","Strike_B","Defend_B"],"score":719,"play_id":"5473f0fe-7c98-499f-a912-58bea6c28db5","local_time":"20190616222642","is_ascension_mode":false,"campfire_choices":[{"data":"Rip and Tear","floor":6.0,"key":"SMITH"},{"data":"Dualcast","floor":8.0,"key":"SMITH"},{"data":"Zap","floor":13.0,"key":"SMITH"},{"data":"Sunder","floor":15.0,"key":"SMITH"},{"data":"Double Energy","floor":23,"key":"SMITH"},{"data":"1","floor":28,"key":"LIFT"},{"data":"2","floor":32,"key":"LIFT"},{"data":"Recycle","floor":40,"key":"SMITH"},{"data":"3","floor":42,"key":"LIFT"},{"data":"Fusion","floor":46,"key":"SMITH"},{"data":"Hyperbeam","floor":49,"key":"SMITH"}],"neow_cost":"NONE","seed_source_timestamp":51451608221810,"circlet_count":0,"master_deck":["Strike_B+1","Defend_B+1","Defend_B+1","Defend_B+1","Zap+1","Dualcast+1","Rip and Tear+1","Undo","Double Energy+1","Sunder+1","Hyperbeam+1","Skim+1","Recycle+1","Fusion+1","Tempest","Hyperbeam+1"],"special_seed":0,"relics":["Cracked Core","Membership Card","Singing Bowl","Strawberry","Meat on the Bone","Runic Pyramid","Symbiotic Virus","Girya","Pear","Lee\u0027s Waffle","War Paint","Sozu","Ice Cream","Strange Spoon","Anchor","Bottled Flame"],"potions_floor_usage":[30,50,50,50],"damage_taken":[{"damage":1.0,"enemies":"Jaw Worm","floor":1.0,"turns":3.0},{"damage":5.0,"enemies":"Small Slimes","floor":3.0,"turns":2.0},{"damage":0.0,"enemies":"2 Louse","floor":5.0,"turns":2.0},{"damage":8.0,"enemies":"Gremlin Nob","floor":7.0,"turns":4.0},{"damage":0.0,"enemies":"2 Fungi Beasts","floor":12.0,"turns":3.0},{"damage":9.0,"enemies":"Gremlin Gang","floor":14.0,"turns":4.0},{"damage":28.0,"enemies":"The Guardian","floor":16.0,"turns":9.0},{"damage":0,"enemies":"Spheric Guardian","floor":18,"turns":2},{"damage":0,"enemies":"Chosen","floor":20,"turns":3},{"damage":13,"enemies":"Snake Plant","floor":24,"turns":2},{"damage":33,"enemies":"Slavers","floor":25,"turns":5},{"damage":10,"enemies":"Chosen and Byrds","floor":27,"turns":4},{"damage":5,"enemies":"Cultist and Chosen","floor":29,"turns":4},{"damage":0,"enemies":"Shelled Parasite and Fungi","floor":31,"turns":2},{"damage":51,"enemies":"Automaton","floor":33,"turns":8},{"damage":1,"enemies":"3 Shapes","floor":35,"turns":2},{"damage":0,"enemies":"Mind Bloom Boss Battle","floor":36,"turns":5},{"damage":15,"enemies":"Orb Walker","floor":37,"turns":3},{"damage":0,"enemies":"3 Darklings","floor":39,"turns":2},{"damage":0,"enemies":"Maw","floor":45,"turns":5},{"damage":0,"enemies":"Jaw Worm Horde","floor":47,"turns":2},{"damage":0,"enemies":"4 Shapes","floor":48,"turns":2},{"damage":25,"enemies":"Time Eater","floor":50,"turns":5}],"seed_played":"5712130482108259220","potions_obtained":[{"floor":1.0,"key":"FocusPotion"},{"floor":7.0,"key":"EssenceOfSteel"},{"floor":20,"key":"Regen Potion"},{"floor":31,"key":"EssenceOfSteel"}],"is_trial":false,"path_per_floor":["M","?","M","$","M","R","E","R","T","?","?","M","R","M","R","B",null,"M","?","M","T","?","R","M","E","T","M","R","M","$","M","R","B",null,"M","?","M","$","M","R","?","R","T","$","M","R","M","M","R","B",null],"character_chosen":"DEFECT","items_purchased":["Membership Card","Fruit Juice","Lee\u0027s Waffle","War Paint","Strange Spoon","Anchor","Fusion"],"campfire_rested":0,"item_purchase_floors":[4,30,30,30,38,38,44],"current_hp_per_floor":[74,74,69,69,69,69,63,63,70,53,35,49,49,52,52,36,86,88,88,90,90,90,90,79,60,70,62,62,59,120,120,120,71,122,121,123,110,110,112,112,108,108,108,108,108,108,110,110,110,99],"gold":124,"neow_bonus":"HUNDRED_GOLD","is_prod":false,"is_daily":false,"chose_seed":false,"campfire_upgraded":8,"win_rate":0,"timestamp":1560695202,"path_taken":["M","?","M","$","M","R","E","R","T","?","?","M","R","M","R","BOSS","M","?","?","?","?","R","?","E","T","M","R","M","$","M","R","BOSS","M","?","M","$","M","R","?","R","T","$","M","R","M","M","R","BOSS"],"build_version":"2019-01-23","purchased_purges":3,"victory":true,"max_hp_per_floor":[75,75,75,75,75,75,77,77,84,84,84,86,86,86,86,86,86,88,88,90,90,90,90,92,94,104,106,106,108,120,120,120,122,122,122,124,126,126,128,128,134,134,134,134,134,134,136,136,136,136],"card_choices":[{"not_picked":["Leap","Stack"],"picked":"Rip and Tear","floor":1.0},{"not_picked":["Reinforced Body","Beam Cell"],"picked":"Undo","floor":3.0},{"not_picked":["Chaos","Beam Cell"],"picked":"Double Energy","floor":5.0},{"not_picked":["Turbo","Heatsinks","Hello World"],"picked":"Singing Bowl","floor":7.0},{"not_picked":["Steam Power","Force Field","Redo"],"picked":"Singing Bowl","floor":12.0},{"not_picked":["Undo","Blizzard"],"picked":"Sunder","floor":14.0},{"not_picked":["Rainbow","Machine Learning"],"picked":"Hyperbeam","floor":16.0},{"not_picked":["Conserve Battery","Lockon","Undo"],"picked":"Singing Bowl","floor":18},{"not_picked":["Consume+1","Coolheaded","Steam"],"picked":"Singing Bowl","floor":20},{"not_picked":["Cold Snap","Hologram+1","Turbo"],"picked":"Singing Bowl","floor":24},{"not_picked":["Conserve Battery","Static Discharge","Turbo"],"picked":"Singing Bowl","floor":25},{"not_picked":["Turbo","Cold Snap","Hologram"],"picked":"Singing Bowl","floor":27},{"not_picked":["Turbo","Defragment","Gash"],"picked":"Singing Bowl","floor":29},{"not_picked":["Blizzard+1","Coolheaded+1"],"picked":"Skim+1","floor":31},{"not_picked":["Rainbow","Fission","Meteor Strike"],"picked":"Singing Bowl","floor":33},{"not_picked":["Turbo","Consume"],"picked":"Recycle","floor":35},{"not_picked":["Loop","Gash+1","Streamline"],"picked":"Singing Bowl","floor":36},{"not_picked":["Undo+1","Redo","Cold Snap+1"],"picked":"Singing Bowl","floor":37},{"not_picked":["Melter","Sweeping Beam+1","Steam"],"picked":"Singing Bowl","floor":39},{"not_picked":["Dramatic Entrance","Deep Breath","Finesse"],"picked":"Singing Bowl","floor":41},{"not_picked":["Jack Of All Trades","Discovery","Finesse"],"picked":"Singing Bowl","floor":41},{"not_picked":["Purity","PanicButton","Secret Weapon"],"picked":"Singing Bowl","floor":41},{"not_picked":["Redo+1","Sweeping Beam"],"picked":"Tempest","floor":45},{"not_picked":["Stack","Turbo+1","Aggregate"],"picked":"Singing Bowl","floor":47},{"not_picked":["Conserve Battery+1","Sweeping Beam"],"picked":"Hyperbeam","floor":48}],"player_experience":5328168,"relics_obtained":[{"floor":7.0,"key":"Singing Bowl"},{"floor":9.0,"key":"Strawberry"},{"floor":21,"key":"Symbiotic Virus"},{"floor":25,"key":"Girya"},{"floor":26,"key":"Pear"},{"floor":36,"key":"Ice Cream"},{"floor":43,"key":"Bottled Flame"}],"event_choices":[{"damage_healed":0.0,"max_hp_gain":0.0,"max_hp_loss":0.0,"gold_gain":0.0,"event_name":"Liars Game","player_choice":"Ignored","floor":2.0,"gold_loss":0.0,"damage_taken":0.0},{"damage_healed":0.0,"max_hp_gain":0.0,"max_hp_loss":0.0,"gold_gain":0.0,"event_name":"Shining Light","player_choice":"Entered Light","floor":10.0,"gold_loss":0.0,"damage_taken":17.0,"cards_upgraded":["Defend_B","Strike_B"]},{"damage_healed":0.0,"max_hp_gain":0.0,"max_hp_loss":0.0,"gold_gain":0.0,"event_name":"Scrap Ooze","player_choice":"Success","floor":11.0,"gold_loss":0.0,"damage_taken":18.0,"relics_obtained":["Meat on the Bone"]},{"damage_healed":0,"gold_gain":0,"player_choice":"Forge","damage_taken":0,"max_hp_gain":0,"max_hp_loss":0,"event_name":"Accursed Blacksmith","floor":19,"gold_loss":0,"cards_upgraded":["Hyperbeam"]},{"cards_removed":["Strike_B"],"damage_healed":0,"gold_gain":0,"player_choice":"Offered Basic","damage_taken":0,"max_hp_gain":0,"max_hp_loss":0,"event_name":"Bonfire Elementals","floor":22,"gold_loss":0},{"damage_healed":0,"gold_gain":0,"player_choice":"Fight","damage_taken":0,"max_hp_gain":0,"max_hp_loss":0,"event_name":"MindBloom","floor":36,"gold_loss":0},{"damage_healed":0,"gold_gain":0,"player_choice":"Memory 3","damage_taken":10,"max_hp_gain":0,"max_hp_loss":0,"event_name":"SensoryStone","floor":41,"gold_loss":0}],"is_beta":false,"boss_relics":[{"not_picked":["Astrolabe","Runic Dome"],"picked":"Runic Pyramid"},{"not_picked":["Calling Bell","Philosopher\u0027s Stone"],"picked":"Sozu"}],"items_purged_floors":[30,38,44],"is_endless":false,"potions_floor_spawned":[1,7,20,25,29,31,39,45,48],"ascension_level":0}