{"gold_per_floor":[218,230,180,180,105,105,132,132,132,164,177,177,192,206,206,206],"floor_reached":16,"playtime":925,"items_purged":["Strike_R"],"score":110,"play_id":"a2124002-1184-42af-a283-3f84e0814dc5","local_time":"20190807094233","is_ascension_mode":false,"campfire_choices":[{"data":"Bash","floor":6,"key":"SMITH"},{"data":"Shrug It Off","floor":8,"key":"SMITH"},{"floor":12,"key":"REST"},{"data":"Pommel Strike","floor":15,"key":"SMITH"}],"neow_cost":"NONE","seed_source_timestamp":134486154835800,"circlet_count":0,"master_deck":["Strike_R","Strike_R","Strike_R+1","Defend_R","Defend_R","Defend_R","Defend_R","Bash+1","Shrug It Off+1","Perfected Strike+1","Cleave","Impervious+1","Pommel Strike+1"],"relics":["Burning Blood","Toxic Egg 2","Ice Cream","Paper Frog","Whetstone"],"potions_floor_usage":[],"damage_taken":[{"damage":2,"enemies":"2 Louse","floor":1,"turns":3},{"damage":3,"enemies":"Jaw Worm","floor":2,"turns":3},{"damage":44,"enemies":"Lagavulin","floor":7,"turns":7},{"damage":32,"enemies":"Gremlin Nob","floor":10,"turns":5},{"damage":0,"enemies":"Cultist","floor":11,"turns":2},{"damage":6,"enemies":"Large Slime","floor":13,"turns":6},{"damage":0,"enemies":"2 Fungi Beasts","floor":14,"turns":3},{"damage":46,"enemies":"Hexaghost","floor":16,"turns":10}],"seed_played":"-5023168743359624845","potions_obtained":[{"floor":7,"key":"Explosive Potion"},{"floor":10,"key":"PowerPotion"},{"floor":11,"key":"SpeedPotion"}],"is_trial":false,"path_per_floor":["M","M","?","?","$","R","E","R","T","E","M","R","M","M","R","B"],"character_chosen":"IRONCLAD","items_purchased":[],"campfire_rested":1,"item_purchase_floors":[],"current_hp_per_floor":[80,80,80,73,73,73,35,35,35,9,15,39,39,45,45,0],"gold":206,"neow_bonus":"HUNDRED_GOLD","is_prod":false,"is_daily":false,"chose_seed":false,"campfire_upgraded":3,"win_rate":0.0,"timestamp":1565192553,"path_taken":["M","M","?","?","$","R","E","R","T","E","?","R","M","M","R","BOSS"],"build_version":"2019-07-17","purchased_purges":1,"victory":false,"max_hp_per_floor":[80,80,80,80,80,80,80,80,80,80,80,80,80,80,80,80],"card_choices":[{"not_picked":["Havoc","True Grit"],"picked":"Shrug It Off","floor":1},{"not_picked":["Warcry","Intimidate"],"picked":"Perfected Strike","floor":2},{"not_picked":["Armaments+1","Clash"],"picked":"Cleave","floor":7},{"not_picked":["Intimidate+1","Rupture","Feel No Pain"],"picked":"SKIP","floor":10},{"not_picked":["Cleave","Warcry+1"],"picked":"Impervious+1","floor":11},{"not_picked":["Burning Pact+1","Sentinel+1"],"picked":"Pommel Strike","floor":13},{"not_picked":["Wild Strike","True Grit+1","Armaments+1"],"picked":"SKIP","floor":14}],"player_experience":47774,"relics_obtained":[{"floor":7,"key":"Ice Cream"},{"floor":9,"key":"Paper Frog"},{"floor":10,"key":"Whetstone"}],"event_choices":[{"cards_removed":["Strike_R"],"damage_healed":0,"gold_gain":0,"player_choice":"Card Removal","damage_taken":0,"max_hp_gain":0,"max_hp_loss":0,"event_name":"The Cleric","floor":3,"gold_loss":50},{"damage_healed":0,"gold_gain":0,"player_choice":"Success","damage_taken":7,"relics_obtained":["Toxic Egg 2"],"max_hp_gain":0,"max_hp_loss":0,"event_name":"Scrap Ooze","floor":4,"gold_loss":0}],"is_beta":false,"boss_relics":[],"items_purged_floors":[5],"is_endless":false,"potions_floor_spawned":[7,10,11,14],"killed_by":"Hexaghost","ascension_level":0}