{"gold_per_floor":[117,117,128,47,60,60,79,79,79,79,101,26,46,73,73,173,173,183,183,198,198,198,198,211,225,225,225,101,101,116,135,135,240,240,260,278,297,297,297,297,325,325,350,350,298,298,308,223,223,223],"floor_reached":51,"playtime":3336,"items_purged":["Strike_G","Strike_G","Defend_G"],"score":725,"play_id":"ee60be90-f2f7-4a4c-968c-93e2b2b80096","local_time":"20181030184434","is_ascension_mode":false,"campfire_choices":[{"data":"Deadly Poison","floor":6.0,"key":"SMITH"},{"data":"Well Laid Plans","floor":8.0,"key":"SMITH"},{"data":"Neutralize","floor":10.0,"key":"SMITH"},{"floor":15.0,"key":"REST"},{"data":"Noxious Fumes","floor":23,"key":"SMITH"},{"floor":27,"key":"REST"},{"data":"Leg Sweep","floor":29,"key":"SMITH"},{"floor":32,"key":"REST"},{"floor":40,"key":"REST"},{"floor":42,"key":"REST"},{"floor":44,"key":"REST"},{"floor":49,"key":"REST"}],"neow_cost":"PERCENT_DAMAGE","seed_source_timestamp":28618121796189,"circlet_count":0,"master_deck":["Defend_G","Defend_G","Defend_G","Survivor","Neutralize+1","Dagger Spray","Deadly Poison+1","Well Laid Plans+1","Deadly Poison","Leg Sweep+1","Envenom","Malaise","Noxious Fumes+1","Necronomicurse","Blur+1","Clumsy","Night Terror","Acrobatics+1","Acrobatics+1","Doubt","Choke"],"special_seed":0,"relics":["Ring of the Snake","Happy Flower","Odd Mushroom","Blue Candle","Cursed Key","Necronomicon","Smiling Mask","Fusion Hammer","Thread and Needle","Snake Skull"],"potions_floor_usage":[30,50,50,50,50,50],"damage_taken":[{"damage":0.0,"enemies":"Jaw Worm","floor":1.0,"turns":5.0},{"damage":2.0,"enemies":"Small Slimes","floor":3.0,"turns":4.0},{"damage":0.0,"enemies":"Cultist","floor":5.0,"turns":4.0},{"damage":5.0,"enemies":"2 Fungi Beasts","floor":7.0,"turns":3.0},{"damage":6.0,"enemies":"The Mushroom Lair","floor":11.0,"turns":5.0},{"damage":6.0,"enemies":"Large Slime","floor":13.0,"turns":6.0},{"damage":8.0,"enemies":"Gremlin Nob","floor":14.0,"turns":4.0},{"damage":16.0,"enemies":"Slime Boss","floor":16.0,"turns":12.0},{"damage":0.0,"enemies":"3 Byrds","floor":18.0,"turns":5.0},{"damage":11.0,"enemies":"Colosseum Slavers","floor":19.0,"turns":5.0},{"damage":0,"enemies":"Spheric Guardian","floor":20,"turns":3},{"damage":2,"enemies":"Shelled Parasite and Fungi","floor":24,"turns":7},{"damage":9,"enemies":"Sentry and Sphere","floor":25,"turns":4},{"damage":1,"enemies":"3 Cultists","floor":30,"turns":8},{"damage":12,"enemies":"Chosen and Byrds","floor":31,"turns":6},{"damage":30,"enemies":"Champ","floor":33,"turns":14},{"damage":0,"enemies":"3 Shapes","floor":35,"turns":5},{"damage":2,"enemies":"Orb Walker","floor":36,"turns":4},{"damage":16,"enemies":"3 Darklings","floor":37,"turns":6},{"damage":20,"enemies":"Nemesis","floor":41,"turns":11},{"damage":6,"enemies":"Writhing Mass","floor":47,"turns":5},{"damage":74,"enemies":"Awakened One","floor":50,"turns":4}],"seed_played":"8969441051407650139","potions_obtained":[{"floor":5.0,"key":"FearPotion"},{"floor":7.0,"key":"SkillPotion"},{"floor":16.0,"key":"GamblersBrew"},{"floor":18.0,"key":"EssenceOfSteel"},{"floor":20,"key":"EssenceOfSteel"},{"floor":31,"key":"Block Potion"},{"floor":36,"key":"Energy Potion"},{"floor":47,"key":"EntropicBrew"}],"is_trial":false,"path_per_floor":["M","?","M","$","M","R","M","R","T","R","?","$","M","E","R","B",null,"M","?","M","?","?","R","M","M","T","R","$","R","M","M","R","B",null,"M","M","M","?","?","R","E","R","T","R","$","?","M","$","R","B"],"character_chosen":"THE_SILENT","items_purchased":["Well Laid Plans","GhostInAJar","Dexterity Potion","Choke"],"campfire_rested":7,"item_purchase_floors":[4,28,45,48],"current_hp_per_floor":[49,54,52,52,52,52,47,47,47,47,41,41,35,27,49,33,75,75,64,64,48,48,48,46,37,37,59,59,59,58,46,68,38,75,75,73,57,57,57,75,55,75,75,75,75,75,69,69,75,1],"gold":223,"neow_bonus":"REMOVE_TWO","is_prod":false,"is_daily":false,"chose_seed":false,"campfire_upgraded":5,"win_rate":0,"timestamp":1540896274,"path_taken":["M","?","?","$","M","R","M","R","T","R","?","$","M","E","R","BOSS","M","?","M","?","?","R","M","?","T","R","$","R","M","M","R","BOSS","M","?","M","?","?","R","E","R","T","R","?","?","?","$","R","BOSS"],"build_version":"2018-10-25v2","purchased_purges":3,"victory":true,"max_hp_per_floor":[70,75,75,75,75,75,75,75,75,75,75,75,75,75,75,75,75,75,75,75,75,75,75,75,75,75,75,75,75,75,75,75,75,75,75,75,75,75,75,75,75,75,75,75,75,75,75,75,75,75],"card_choices":[{"not_picked":["Bane","Caltrops"],"picked":"Dagger Spray","floor":1.0},{"not_picked":["Prepared","Poisoned Stab"],"picked":"Deadly Poison","floor":3.0},{"not_picked":["Calculated Gamble","Dagger Spray","Poisoned Stab"],"picked":"SKIP","floor":5.0},{"not_picked":["Prepared","Quick Slash","Dagger Throw"],"picked":"SKIP","floor":7.0},{"not_picked":["Finisher","Poisoned Stab"],"picked":"Deadly Poison","floor":11.0},{"not_picked":["Terror","Acrobatics"],"picked":"Leg Sweep","floor":13.0},{"not_picked":["Deflect","PiercingWail"],"picked":"Envenom","floor":14.0},{"not_picked":["Venomology","Storm of Steel"],"picked":"Malaise","floor":16.0},{"not_picked":["Underhanded Strike","Backflip"],"picked":"Noxious Fumes","floor":18.0},{"not_picked":["Blade Dance","Deflect","Deadly Poison"],"picked":"SKIP","floor":20},{"not_picked":["Backstab+1","Bane+1"],"picked":"Blur+1","floor":24},{"not_picked":["Dodge and Roll","Heel Hook","Dagger Throw"],"picked":"SKIP","floor":25},{"not_picked":["Blade Dance","Bane+1","All Out Attack+1"],"picked":"SKIP","floor":30},{"not_picked":["Eviscerate+1","Dodge and Roll","Slice+1"],"picked":"SKIP","floor":31},{"not_picked":["Glass Knife","Bullet Time"],"picked":"Night Terror","floor":33},{"not_picked":["Reflex+1","All Out Attack+1","Blur"],"picked":"SKIP","floor":35},{"not_picked":["Quick Slash+1","Setup+1","Dagger Throw+1"],"picked":"SKIP","floor":36},{"not_picked":["Dodge and Roll","Caltrops"],"picked":"Acrobatics+1","floor":37},{"not_picked":["Bane+1","Flying Knee"],"picked":"Acrobatics+1","floor":41},{"not_picked":["Sucker Punch","Dagger Throw","Caltrops"],"picked":"SKIP","floor":47}],"player_experience":743745,"relics_obtained":[{"floor":9.0,"key":"Happy Flower"},{"floor":11.0,"key":"Odd Mushroom"},{"floor":14.0,"key":"Blue Candle"},{"floor":21,"key":"Necronomicon"},{"floor":26,"key":"Smiling Mask"},{"floor":41,"key":"Thread and Needle"},{"floor":43,"key":"Snake Skull"}],"event_choices":[{"damage_healed":0.0,"max_hp_gain":5.0,"max_hp_loss":0.0,"gold_gain":0.0,"event_name":"Big Fish","player_choice":"Donut","floor":2.0,"gold_loss":0.0,"damage_taken":0.0},{"damage_healed":0.0,"max_hp_gain":0.0,"max_hp_loss":0.0,"gold_gain":0.0,"event_name":"Mushrooms","player_choice":"Fought Mushrooms","floor":11.0,"gold_loss":0.0,"damage_taken":0.0},{"damage_healed":0.0,"max_hp_gain":0.0,"max_hp_loss":0.0,"gold_gain":0.0,"event_name":"Colosseum","player_choice":"Fight","floor":19.0,"gold_loss":0.0,"damage_taken":0.0},{"damage_healed":0.0,"max_hp_gain":0.0,"max_hp_loss":0.0,"gold_gain":0.0,"event_name":"Colosseum","player_choice":"Fled From Nobs","floor":19.0,"gold_loss":0.0,"damage_taken":0.0},{"damage_healed":0,"gold_gain":0,"player_choice":"Obtained Book","damage_taken":16,"max_hp_gain":0,"max_hp_loss":0,"event_name":"Cursed Tome","floor":21,"gold_loss":0},{"damage_healed":0,"gold_gain":0,"player_choice":"Ignored","damage_taken":0,"max_hp_gain":0,"max_hp_loss":0,"event_name":"N\u0027loth","floor":22,"gold_loss":0},{"cards_removed":["Strike_G"],"damage_healed":0,"gold_gain":0,"player_choice":"Purged","damage_taken":0,"max_hp_gain":0,"max_hp_loss":0,"event_name":"Purifier","floor":38,"gold_loss":0},{"damage_healed":0,"gold_gain":0,"player_choice":"Bought 0 Potions","damage_taken":0,"max_hp_gain":0,"max_hp_loss":0,"event_name":"The Woman in Blue","floor":39,"gold_loss":0},{"cards_removed":["Strike_G"],"damage_healed":0,"gold_gain":0,"player_choice":"Removed Attack","damage_taken":0,"max_hp_gain":0,"max_hp_loss":0,"event_name":"Falling","floor":46,"gold_loss":0}],"is_beta":false,"boss_relics":[{"not_picked":["HoveringKite","Ring of the Serpent"],"picked":"Cursed Key"},{"not_picked":["Velvet Choker","Eternal Feather"],"picked":"Fusion Hammer"}],"items_purged_floors":[12,28,48],"is_endless":false,"potions_floor_spawned":[5,7,16,18,19,20,31,36,47],"ascension_level":0}