{"gold_per_floor":[119,119,131,131,149,183,193,193,193,193,223,70,20,20,20,124,124,144,155,80,80,105,138,154,184,211,244,258,258,158,191,191,290,290,300,300,310,310,310,310,310,310,337,349,113,66,128,128,128,128],"floor_reached":50,"playtime":1421,"items_purged":["Strike_R","Strike_R"],"score":980,"play_id":"e8daa822-9c12-4c84-ba03-33470a89d6e5","local_time":"20180921005249","is_ascension_mode":true,"campfire_choices":[{"data":"Clash","floor":8.0,"key":"SMITH"},{"data":"Clash","floor":10.0,"key":"SMITH"},{"data":"Clash","floor":15.0,"key":"SMITH"},{"data":"Bash","floor":29.0,"key":"SMITH"},{"data":"Headbutt","floor":32.0,"key":"SMITH"},{"data":"Defend_R","floor":40.0,"key":"SMITH"},{"data":"Defend_R","floor":42,"key":"SMITH"},{"floor":49,"key":"REST"}],"neow_cost":"NONE","seed_source_timestamp":42574804706123,"circlet_count":0,"master_deck":["Strike_R+1","Defend_R+1","Defend_R+1","Bash+1","Clash+1","Headbutt+1","Clash+1","Clash+1","Thunderclap+1","Sword Boomerang+1","Cleave+1","Flex+1","Flex+1"],"special_seed":0,"relics":["Black Blood","Anchor","FossilizedHelix","Dead Branch","Bird Faced Urn","PreservedInsect","White Beast Statue","Centennial Puzzle","Red Mask","Bottled Flame","Oddly Smooth Stone","Regal Pillow","Toxic Egg 2","Molten Egg 2","Bronze Scales","Whetstone","Tiny Chest"],"potions_floor_usage":[44,47,47,47,50,50,50,50,50,50],"damage_taken":[{"damage":3.0,"enemies":"Small Slimes","floor":1.0,"turns":3.0},{"damage":6.0,"enemies":"Cultist","floor":3.0,"turns":5.0},{"damage":2.0,"enemies":"Jaw Worm","floor":5.0,"turns":3.0},{"damage":10.0,"enemies":"Gremlin Nob","floor":6.0,"turns":3.0},{"damage":0.0,"enemies":"Blue Slaver","floor":7.0,"turns":2.0},{"damage":0.0,"enemies":"3 Sentries","floor":11.0,"turns":8.0},{"damage":0.0,"enemies":"Slime Boss","floor":16.0,"turns":7.0},{"damage":0.0,"enemies":"3 Byrds","floor":18.0,"turns":4.0},{"damage":0.0,"enemies":"Shell Parasite","floor":19.0,"turns":3.0},{"damage":0.0,"enemies":"Masked Bandits","floor":23.0,"turns":3.0},{"damage":0.0,"enemies":"Snake Plant","floor":24.0,"turns":2.0},{"damage":0.0,"enemies":"Gremlin Leader","floor":25.0,"turns":4.0},{"damage":3.0,"enemies":"Slavers","floor":27.0,"turns":5.0},{"damage":0.0,"enemies":"Snecko","floor":28.0,"turns":3.0},{"damage":0.0,"enemies":"Book of Stabbing","floor":31.0,"turns":2.0},{"damage":40.0,"enemies":"Champ","floor":33.0,"turns":7.0},{"damage":52.0,"enemies":"Orb Walker","floor":35.0,"turns":6.0},{"damage":12.0,"enemies":"3 Darklings","floor":37.0,"turns":5.0},{"damage":11,"enemies":"4 Shapes","floor":44,"turns":5},{"damage":0,"enemies":"2 Orb Walkers","floor":47,"turns":2},{"damage":59,"enemies":"Awakened One","floor":50,"turns":8}],"seed_played":"4876257844534988949","potions_obtained":[{"floor":3.0,"key":"SpeedPotion"},{"floor":16.0,"key":"GamblersBrew"},{"floor":18.0,"key":"SteroidPotion"},{"floor":19.0,"key":"Fruit Juice"},{"floor":23.0,"key":"GamblersBrew"},{"floor":24.0,"key":"SteroidPotion"},{"floor":25.0,"key":"AttackPotion"},{"floor":27.0,"key":"PowerPotion"},{"floor":28.0,"key":"Weak Potion"},{"floor":31.0,"key":"EssenceOfSteel"},{"floor":33.0,"key":"SkillPotion"},{"floor":35.0,"key":"EntropicBrew"},{"floor":37.0,"key":"AttackPotion"},{"floor":44,"key":"FearPotion"},{"floor":47,"key":"EntropicBrew"}],"is_trial":false,"path_per_floor":["M","?","M","?","M","E","M","R","T","R","E","$","?","$","R","B",null,"M","M","$","?","T","?","M","E","T","E","M","R","$","E","R","B",null,"M","?","M","?","T","R","?","R","T","M","$","$","E","$","R"],"character_chosen":"IRONCLAD","items_purchased":["PreservedInsect","Whetstone","Cleave+1","Flex+1","Flex+1"],"campfire_rested":1,"item_purchase_floors":[12,45,45,45,46],"current_hp_per_floor":[75,75,75,68,72,68,74,74,74,74,86,86,86,86,86,89,89,89,94,94,94,94,94,94,94,94,94,94,94,94,94,94,60,86,44,44,42,42,42,42,42,42,42,41,41,41,51,51,94,35],"gold":128,"neow_bonus":"RANDOM_COMMON_RELIC","is_prod":false,"is_daily":false,"chose_seed":false,"campfire_upgraded":7,"win_rate":0,"timestamp":1537462369,"path_taken":["M","?","M","?","M","E","M","R","T","R","E","$","?","?","R","BOSS","M","M","$","?","?","?","?","E","T","E","?","R","?","E","R","BOSS","M","?","M","?","?","R","?","R","T","M","?","$","E","$","R","BOSS"],"build_version":"2018-09-06","purchased_purges":2,"victory":false,"max_hp_per_floor":[80,80,80,80,80,80,80,80,80,80,86,86,86,86,86,89,89,89,94,94,94,94,94,94,94,94,94,94,94,94,94,94,94,94,94,94,94,94,94,94,94,94,94,94,94,94,94,94,94,94],"card_choices":[{"not_picked":["True Grit","Twin Strike"],"picked":"Clash","floor":1.0},{"not_picked":["Rampage","Pommel Strike"],"picked":"Headbutt","floor":3.0},{"not_picked":["Twin Strike","Heavy Blade"],"picked":"Clash","floor":5.0},{"not_picked":["Headbutt","Havoc","Inflame"],"picked":"SKIP","floor":6.0},{"not_picked":["Dual Wield","Shockwave","Evolve"],"picked":"SKIP","floor":7.0},{"not_picked":["Wild Strike","Anger"],"picked":"Clash","floor":11.0},{"not_picked":["Evolve+1","Perfected Strike","Searing Blow"],"picked":"SKIP","floor":18.0},{"not_picked":["Havoc","Cleave"],"picked":"Thunderclap","floor":19.0},{"not_picked":["Rampage","Inflame+1","Feel No Pain"],"picked":"SKIP","floor":24.0},{"not_picked":["Second Wind","Metallicize+1","Wild Strike+1"],"picked":"SKIP","floor":25.0},{"not_picked":["True Grit","Headbutt","Thunderclap"],"picked":"SKIP","floor":27.0},{"not_picked":["Twin Strike","Fire Breathing"],"picked":"Sword Boomerang+1","floor":28.0},{"not_picked":["Reaper","Uppercut+1","Wild Strike"],"picked":"SKIP","floor":31.0},{"not_picked":["Sentinel+1","Combust","Uppercut+1"],"picked":"SKIP","floor":35.0},{"not_picked":["Clothesline+1","Armaments+1","Intimidate+1"],"picked":"SKIP","floor":37.0},{"not_picked":["Rampage+1","Heavy Blade+1","Iron Wave+1"],"picked":"SKIP","floor":44},{"not_picked":["Disarm+1","Headbutt+1","Barricade"],"picked":"SKIP","floor":47}],"player_experience":55457,"relics_obtained":[{"floor":6.0,"key":"FossilizedHelix"},{"floor":9.0,"key":"Dead Branch"},{"floor":11.0,"key":"Bird Faced Urn"},{"floor":22.0,"key":"Centennial Puzzle"},{"floor":23.0,"key":"Red Mask"},{"floor":25.0,"key":"Bottled Flame"},{"floor":26.0,"key":"Oddly Smooth Stone"},{"floor":27.0,"key":"Regal Pillow"},{"floor":31.0,"key":"Toxic Egg 2"},{"floor":39.0,"key":"Molten Egg 2"},{"floor":43,"key":"Bronze Scales"},{"floor":47,"key":"Tiny Chest"}],"event_choices":[{"event_name":"Wheel of Change","player_choice":"Card Removal","floor":2.0,"damage_taken":0.0},{"event_name":"Golden Wing","player_choice":"Card Removal","floor":4.0,"damage_taken":0.0},{"event_name":"The Cleric","player_choice":"Card Removal","floor":13.0,"damage_taken":0.0},{"event_name":"Vampires","player_choice":"Ignored","floor":21.0,"damage_taken":0.0},{"event_name":"Masked Bandits","player_choice":"Fought Bandits","floor":23.0,"damage_taken":0.0},{"event_name":"Mysterious Sphere","player_choice":"Ignore","floor":36.0,"damage_taken":0.0},{"event_name":"Falling","player_choice":"Removed Skill","floor":38.0,"damage_taken":0.0},{"event_name":"Transmorgrifier","player_choice":"Skipped","floor":41,"damage_taken":0}],"is_beta":false,"boss_relics":[{"not_picked":["Velvet Choker","Snecko Eye"],"picked":"White Beast Statue"},{"not_picked":["Coffee Dripper","Sozu"],"picked":"Black Blood"}],"items_purged_floors":[20,30],"is_endless":false,"potions_floor_spawned":[3,16,18,19,23,24,25,27,28,31,33,35,37,44,47],"killed_by":"Awakened One","ascension_level":8}