{"gold_per_floor":[111,126,136,136,147,147,447,447,447,447,457,457],"floor_reached":12,"playtime":168,"items_purged":[],"score":140,"play_id":"330a5b0f-0bf1-4c30-9b8e-893d0acbfdc8","local_time":"20190226230409","is_ascension_mode":true,"campfire_choices":[{"data":"Zap","floor":6.0,"key":"SMITH"},{"data":"Consume","floor":8.0,"key":"SMITH"},{"data":"Dualcast","floor":10.0,"key":"SMITH"}],"neow_cost":"NONE","seed_source_timestamp":789136209033477,"circlet_count":0,"master_deck":["AscendersBane","Strike_B","Strike_B","Strike_B","Strike_B","Defend_B","Defend_B","Defend_B","Defend_B","Zap+1","Dualcast+1","Skim","Consume+1","Coolheaded","Hologram"],"special_seed":0,"relics":["Cracked Core","NeowsBlessing","Frozen Egg 2","Old Coin","Prayer Wheel"],"potions_floor_usage":[11],"damage_taken":[{"damage":0.0,"enemies":"Small Slimes","floor":1.0,"turns":1.0},{"damage":0.0,"enemies":"Cultist","floor":2.0,"turns":1.0},{"damage":0.0,"enemies":"Jaw Worm","floor":3.0,"turns":1.0},{"damage":23.0,"enemies":"3 Louse","floor":5.0,"turns":3.0},{"damage":32,"enemies":"Gremlin Gang","floor":11,"turns":3},{"damage":15,"enemies":"3 Sentries","floor":12,"turns":2}],"seed_played":"-5211860127005118829","potions_obtained":[{"floor":5.0,"key":"FocusPotion"}],"is_trial":false,"path_per_floor":["M","M","M","?","M","R","?","R","T","R","M","E"],"character_chosen":"DEFECT","items_purchased":[],"campfire_rested":0,"item_purchase_floors":[],"current_hp_per_floor":[64,64,64,64,41,41,41,41,41,41,9,0],"gold":457,"neow_bonus":"THREE_ENEMY_KILL","is_prod":false,"is_daily":false,"chose_seed":false,"campfire_upgraded":3,"win_rate":0,"timestamp":1551193449,"path_taken":["M","M","M","?","?","R","?","R","T","R","M","E"],"build_version":"2019-01-23","purchased_purges":0,"victory":false,"max_hp_per_floor":[71,71,71,71,71,71,71,71,71,71,71,71],"card_choices":[{"not_picked":["Streamline","Stack"],"picked":"Leap","floor":1.0},{"not_picked":["Steam","Leap"],"picked":"Skim","floor":2.0},{"not_picked":["Self Repair","Beam Cell"],"picked":"Consume","floor":3.0},{"not_picked":["Force Field","Gash","Stack"],"picked":"SKIP","floor":5.0},{"not_picked":["Lockon","Steam"],"picked":"Coolheaded","floor":11},{"not_picked":["Rebound","Redo"],"picked":"Hologram","floor":11}],"player_experience":1009947,"relics_obtained":[{"floor":9.0,"key":"Prayer Wheel"}],"event_choices":[{"cards_removed":["Leap"],"damage_healed":0.0,"max_hp_gain":0.0,"max_hp_loss":0.0,"gold_gain":0.0,"event_name":"WeMeetAgain","player_choice":"Gave Card","floor":4.0,"gold_loss":0.0,"damage_taken":0.0,"relics_obtained":["Frozen Egg 2"]},{"damage_healed":0.0,"max_hp_gain":0.0,"max_hp_loss":0.0,"gold_gain":0.0,"event_name":"Dead Adventurer","player_choice":"Searched \u00271\u0027 times","floor":7.0,"gold_loss":0.0,"damage_taken":0.0,"relics_obtained":["Old Coin"]}],"is_beta":false,"boss_relics":[],"items_purged_floors":[],"is_endless":false,"potions_floor_spawned":[5],"killed_by":"3 Sentries","ascension_level":20}