{"gold_per_floor":[109,109,209,100,126,126,91,91,91,121,121,140,140,153,153,253,253,270,287,11,11,11,11,28,28,52,52,82,100,100,133,133,234,234,252,271,288,304,304,304,333,333,402,402,131,166,266,279,279,279],"floor_reached":51,"playtime":3186,"items_purged":["Regret","Strike_B","Defend_B+1"],"score":1346,"play_id":"39f85cc9-f232-4a5a-bc03-d9225db1bd05","local_time":"20181010122559","is_ascension_mode":true,"campfire_choices":[{"data":"Defragment","floor":6,"key":"SMITH"},{"data":"Defragment","floor":8,"key":"SMITH"},{"floor":11,"key":"REST"},{"data":"Fission","floor":13,"key":"SMITH"},{"data":"Capacitor","floor":15,"key":"SMITH"},{"floor":23,"key":"REST"},{"data":"Coolheaded","floor":25,"key":"SMITH"},{"data":"Coolheaded","floor":27,"key":"SMITH"},{"data":"Defragment","floor":32,"key":"SMITH"},{"floor":40,"key":"DIG"},{"floor":42,"key":"DIG"},{"floor":44,"key":"DIG"},{"floor":49,"key":"DIG"}],"neow_cost":"CURSE","seed_source_timestamp":12126847283263,"circlet_count":0,"master_deck":["Defend_B+1","Defend_B+1","Defend_B+1","Zap+1","Dualcast+1","AscendersBane","Core Surge+1","Defragment+1","Defragment+1","Capacitor+1","Fission+1","Coolheaded+1","Seek+1","White Noise+1","Coolheaded+1","Undo+1","Ghostly+1","Ghostly+1","Ghostly+1","Ghostly+1","Ghostly+1","Defragment+1","Creative AI+1","Rip and Tear+1","Biased Cognition+1","Rainbow+1","Coolheaded+1","Reinforced Body+1","Seek","Biased Cognition"],"relics":["Cracked Core","Happy Flower","Shovel","Pocketwatch","Velvet Choker","Bag of Preparation","Oddly Smooth Stone","DataDisk","Vajra","Astrolabe","Mark of the Bloom","Mummified Hand","Pen Nib","Dream Catcher","Sundial","PreservedInsect","Membership Card","Potion Belt","Bag of Marbles"],"potions_floor_usage":[6,18,18,50,50,50],"damage_taken":[{"damage":3,"enemies":"2 Louse","floor":1,"turns":2},{"damage":45,"enemies":"3 Sentries","floor":10,"turns":7},{"damage":1,"enemies":"Cultist","floor":12,"turns":3},{"damage":7,"enemies":"Jaw Worm","floor":14,"turns":2},{"damage":22,"enemies":"Slime Boss","floor":16,"turns":9},{"damage":0,"enemies":"3 Byrds","floor":18,"turns":3},{"damage":14,"enemies":"Spheric Guardian","floor":19,"turns":5},{"damage":6,"enemies":"Snake Plant","floor":24,"turns":4},{"damage":22,"enemies":"Book of Stabbing","floor":28,"turns":6},{"damage":1,"enemies":"Cultist and Chosen","floor":29,"turns":6},{"damage":10,"enemies":"Gremlin Leader","floor":31,"turns":9},{"damage":0,"enemies":"Collector","floor":33,"turns":14},{"damage":0,"enemies":"3 Darklings","floor":35,"turns":7},{"damage":0,"enemies":"Orb Walker","floor":36,"turns":5},{"damage":0,"enemies":"4 Shapes","floor":37,"turns":4},{"damage":0,"enemies":"Maw","floor":38,"turns":8},{"damage":0,"enemies":"Giant Head","floor":41,"turns":11},{"damage":0,"enemies":"2 Orb Walkers","floor":46,"turns":4},{"damage":0,"enemies":"Transient","floor":48,"turns":5},{"damage":0,"enemies":"Time Eater","floor":50,"turns":14}],"seed_played":"6259426052445472077","potions_obtained":[{"floor":1,"key":"FearPotion"},{"floor":2,"key":"SkillPotion"},{"floor":2,"key":"Fruit Juice"},{"floor":14,"key":"LiquidBronze"},{"floor":19,"key":"SkillPotion"},{"floor":24,"key":"EssenceOfSteel"},{"floor":48,"key":"LiquidBronze"}],"is_trial":false,"path_per_floor":["M","?","?","$","T","R","$","R","T","E","R","M","R","M","R","B",null,"M","M","$","?","$","R","M","R","T","R","E","M","?","E","R","B",null,"M","M","M","M","?","R","E","R","T","R","$","E","?","M","R","B"],"character_chosen":"DEFECT","items_purchased":["Defragment","Capacitor","Coolheaded","Bag of Preparation","Membership Card"],"campfire_rested":2,"item_purchase_floors":[4,7,20,20,45],"current_hp_per_floor":[65,65,65,65,65,70,70,70,70,25,49,48,48,41,41,19,65,65,51,51,51,51,75,69,69,69,69,47,46,40,30,30,30,38,38,38,38,38,38,38,38,38,38,38,38,38,38,38,38,38],"gold":279,"neow_bonus":"THREE_RARE_CARDS","is_prod":false,"is_daily":false,"chose_seed":false,"campfire_upgraded":7,"win_rate":0,"timestamp":1539145559,"path_taken":["M","?","?","$","?","R","$","R","T","E","R","M","R","M","R","BOSS","M","M","$","?","?","R","M","R","T","R","E","M","?","E","R","BOSS","M","M","M","M","?","R","E","R","T","R","$","E","?","?","R","BOSS"],"build_version":"2018-10-04v2","purchased_purges":3,"victory":true,"max_hp_per_floor":[75,75,75,75,75,80,80,80,80,80,80,80,80,80,80,80,80,80,80,80,80,80,80,80,80,80,80,80,80,40,40,40,40,40,40,40,40,40,40,40,40,40,40,40,40,40,40,40,40,40],"card_choices":[{"not_picked":["Rainbow","Reboot"],"picked":"Core Surge","floor":0},{"not_picked":["Compile Driver","Sweeping Beam"],"picked":"Defragment","floor":1},{"not_picked":["Turbo","Compile Driver"],"picked":"Fission","floor":10},{"not_picked":["Rip and Tear","Scrape","Steam Power"],"picked":"SKIP","floor":12},{"not_picked":["Beam Cell","Tempest"],"picked":"Coolheaded","floor":14},{"not_picked":["Meteor Strike","All For One"],"picked":"Seek","floor":16},{"not_picked":["Streamline","Barrage+1"],"picked":"White Noise","floor":18},{"not_picked":["Stack","Sweeping Beam","Go for the Eyes+1"],"picked":"SKIP","floor":19},{"not_picked":["Gash","Hologram","Tempest"],"picked":"SKIP","floor":24},{"not_picked":["Double Energy","Reprogram"],"picked":"Undo+1","floor":28},{"not_picked":["Meteor Strike","Go for the Eyes+1","Sweeping Beam"],"picked":"SKIP","floor":29},{"not_picked":["Double Energy","Consume"],"picked":"Defragment","floor":31},{"not_picked":["Machine Learning","Rainbow"],"picked":"Creative AI","floor":33},{"not_picked":["Force Field","Steam Power+1"],"picked":"Coolheaded","floor":35},{"not_picked":["Blizzard+1","Sweeping Beam"],"picked":"Reinforced Body+1","floor":36},{"not_picked":["Leap+1","Doom and Gloom+1","Tempest+1"],"picked":"SKIP","floor":37},{"not_picked":["Leap+1","Doom and Gloom+1","Tempest+1"],"picked":"SKIP","floor":37},{"not_picked":["Auto Shields","Hologram+1","Hello World+1"],"picked":"SKIP","floor":38},{"not_picked":["Reinforced Body+1","Skim"],"picked":"Seek","floor":41},{"not_picked":["Beam Cell+1","Redo+1","Streamline+1"],"picked":"SKIP","floor":46},{"not_picked":["Barrage+1","Cold Snap+1"],"picked":"Biased Cognition","floor":48}],"player_experience":78933,"relics_obtained":[{"floor":5,"key":"Happy Flower"},{"floor":9,"key":"Shovel"},{"floor":10,"key":"Pocketwatch"},{"floor":26,"key":"Oddly Smooth Stone"},{"floor":28,"key":"DataDisk"},{"floor":31,"key":"Vajra"},{"floor":40,"key":"Mummified Hand"},{"floor":41,"key":"Pen Nib"},{"floor":42,"key":"Dream Catcher"},{"floor":43,"key":"Sundial"},{"floor":44,"key":"PreservedInsect"},{"floor":46,"key":"Potion Belt"},{"floor":49,"key":"Bag of Marbles"}],"event_choices":[{"event_name":"The Lab","player_choice":"Got Potions","floor":2,"damage_taken":0},{"event_name":"Wheel of Change","player_choice":"Gold","floor":3,"damage_taken":0},{"event_name":"Ghosts","player_choice":"Became a Ghost","floor":30,"damage_taken":0},{"event_name":"MindBloom","player_choice":"Upgrade","floor":39,"damage_taken":0},{"event_name":"Golden Shrine","player_choice":"Pray","floor":47,"damage_taken":0}],"is_beta":false,"boss_relics":[{"not_picked":["Eternal Feather","Empty Cage"],"picked":"Velvet Choker"},{"not_picked":["Tiny House","Black Star"],"picked":"Astrolabe"}],"items_purged_floors":[4,20,45],"is_endless":false,"potions_floor_spawned":[1,14,19,24,28,33,36,37,48],"ascension_level":10}