{"gold_per_floor":[115,115,129,204,204,204,261,261,261,101,112,144,144,162,162,237,237,251,166,29,29,40,40,40,58,83,83],"floor_reached":27,"playtime":513,"items_purged":["Strike_G","Strike_G"],"score":488,"play_id":"9269732e-2f01-44c1-84b7-eda9288cf96d","local_time":"20181228113454","is_ascension_mode":true,"campfire_choices":[{"floor":6.0,"key":"RECALL"},{"data":"Poisoned Stab","floor":8.0,"key":"SMITH"},{"data":"Accuracy","floor":13.0,"key":"SMITH"},{"data":"Noxious Fumes","floor":15.0,"key":"SMITH"},{"floor":23,"key":"REST"}],"neow_cost":"NONE","seed_source_timestamp":206817871763,"circlet_count":0,"master_deck":["AscendersBane","Defend_G","Defend_G","Defend_G","Defend_G","Defend_G","Strike_G","Strike_G","Strike_G","Survivor","Neutralize+1","Infinite Blades","All Out Attack","Poisoned Stab+1","Accuracy+1","Noxious Fumes+1","Adrenaline","PiercingWail","Adrenaline","Well Laid Plans","Regret","Calculated Gamble","Shame"],"special_seed":0,"relics":["Ring of the Snake","NeowsBlessing","Tiny Chest","Pen Nib","Calipers","Cursed Key","PreservedInsect","Shuriken","Bronze Scales"],"potions_floor_usage":[16],"damage_taken":[{"damage":0.0,"enemies":"2 Louse","floor":1.0,"turns":1.0},{"damage":0.0,"enemies":"Cultist","floor":3.0,"turns":1.0},{"damage":0.0,"enemies":"3 Sentries","floor":7.0,"turns":1.0},{"damage":2.0,"enemies":"Small Slimes","floor":11.0,"turns":2.0},{"damage":6.0,"enemies":"Gremlin Nob","floor":12.0,"turns":3.0},{"damage":16.0,"enemies":"Exordium Wildlife","floor":14.0,"turns":5.0},{"damage":19,"enemies":"The Guardian","floor":16,"turns":10},{"damage":34,"enemies":"Spheric Guardian","floor":18,"turns":6},{"damage":17,"enemies":"Shell Parasite","floor":22,"turns":4},{"damage":2,"enemies":"Snecko","floor":25,"turns":6},{"damage":0,"enemies":"Snake Plant","floor":27,"turns":1}],"seed_played":"2829315214024938713","potions_obtained":[{"floor":3.0,"key":"Fire Potion"},{"floor":11.0,"key":"Explosive Potion"},{"floor":12.0,"key":"PowerPotion"},{"floor":18,"key":"AttackPotion"},{"floor":22,"key":"PowerPotion"}],"is_trial":false,"path_per_floor":["M","M","?","M","?","?","R","E","R","T","$","M","E","R","M","R","B",null,"M","?","$","T","M","R","$","M","T","M"],"character_chosen":"THE_SILENT","items_purchased":["Accuracy","Well Laid Plans"],"campfire_rested":1,"item_purchase_floors":[10,20],"current_hp_per_floor":[59,59,59,48,53,53,53,53,53,53,51,45,45,29,29,10,56,22,22,22,22,5,26,26,24,24,24],"gold":83,"neow_bonus":"THREE_ENEMY_KILL","is_prod":false,"is_daily":false,"chose_seed":false,"campfire_upgraded":3,"win_rate":0,"timestamp":1545968094,"path_taken":["M","?","?","?","?","R","E","R","T","$","M","E","R","M","R","BOSS","M","?","$","?","M","R","$","?","T","M"],"build_version":"2018-12-20","purchased_purges":2,"victory":false,"max_hp_per_floor":[66,66,66,66,71,71,71,71,71,71,71,71,71,71,71,71,71,71,71,71,71,71,71,71,71,71,71],"card_choices":[{"not_picked":["PiercingWail","Cloak And Dagger"],"picked":"Infinite Blades","floor":1.0},{"not_picked":["Prepared","Outmaneuver"],"picked":"All Out Attack","floor":3.0},{"not_picked":["Blade Dance","Distraction"],"picked":"Poisoned Stab","floor":7.0},{"not_picked":["Prepared","Backflip"],"picked":"Noxious Fumes","floor":11.0},{"not_picked":["Caltrops","Heel Hook"],"picked":"Adrenaline","floor":12.0},{"not_picked":["PiercingWail","Acrobatics","Deflect"],"picked":"SKIP","floor":14.0},{"not_picked":["Acrobatics","Deflect"],"picked":"PiercingWail","floor":14.0},{"not_picked":["Envenom","Phantasmal Killer"],"picked":"Adrenaline","floor":16},{"not_picked":["Blade Dance","Riddle With Holes","Crippling Poison"],"picked":"SKIP","floor":18},{"not_picked":["Slice","Sucker Punch","Dodge and Roll"],"picked":"SKIP","floor":22},{"not_picked":["Deflect","Slice"],"picked":"Calculated Gamble","floor":25}],"player_experience":1542361,"relics_obtained":[{"floor":7.0,"key":"Tiny Chest"},{"floor":9.0,"key":"Pen Nib"},{"floor":12.0,"key":"Calipers"},{"floor":21,"key":"Shuriken"},{"floor":26,"key":"Bronze Scales"}],"event_choices":[{"damage_healed":0.0,"max_hp_gain":0.0,"max_hp_loss":0.0,"gold_gain":0.0,"event_name":"Upgrade Shrine","player_choice":"Upgraded","floor":2.0,"gold_loss":0.0,"damage_taken":0.0,"cards_upgraded":["Neutralize"]},{"damage_healed":0.0,"max_hp_gain":0.0,"max_hp_loss":0.0,"gold_gain":75.0,"event_name":"World of Goop","player_choice":"Gather Gold","floor":4.0,"gold_loss":0.0,"damage_taken":11.0},{"damage_healed":0.0,"max_hp_gain":5.0,"max_hp_loss":0.0,"gold_gain":0.0,"event_name":"Big Fish","player_choice":"Donut","floor":5.0,"gold_loss":0.0,"damage_taken":0.0},{"damage_healed":0,"gold_gain":0,"player_choice":"Obtained Relic","damage_taken":0,"relics_obtained":["PreservedInsect"],"max_hp_gain":0,"max_hp_loss":0,"event_name":"Addict","floor":19,"gold_loss":85}],"is_beta":false,"boss_relics":[{"not_picked":["Ring of the Serpent","Calling Bell"],"picked":"Cursed Key"}],"items_purged_floors":[10,20],"is_endless":false,"potions_floor_spawned":[3,11,12,18,22],"killed_by":"Snake Plant","ascension_level":20}