{"path_per_floor":["M","$","?","?","M","R","M","R","T","$","M","M","M","M","R","B",null,"M","$","M"],"character_chosen":"THE_SILENT","items_purchased":["Prepared","Sadistic Nature"],"gold_per_floor":[117,42,42,42,56,56,81,81,81,58,72,91,105,124,124,243,243,257,63,77],"floor_reached":21,"campfire_rested":2,"playtime":751,"current_hp_per_floor":[70,70,53,46,43,43,43,64,64,64,59,47,47,40,61,43,70,48,48,30],"items_purged":["Defend_G"],"gold":77,"score":173,"play_id":"9ecbb780-b908-42d9-bcbe-358c2a28db57","local_time":"20180316195332","is_prod":false,"is_daily":false,"is_ascension_mode":false,"campfire_upgraded":1,"timestamp":1521226412,"path_taken":["M","?","?","?","?","R","M","R","T","$","?","?","M","M","R","BOSS","M","$","M","?"],"build_version":"2018-03-15v2","purchased_purges":1,"victory":false,"master_deck":["Defend_G","Defend_G","Strike_G","Strike_G","Strike_G","Survivor","Neutralize","After Image","Deadly Poison","All Out Attack+1","Envenom","Prepared","Terror","Finisher","Infinite Blades","Riddle With Holes","Corpse Explosion","Corpse Explosion+1","Adrenaline+1","Cloak And Dagger+1","Poisoned Stab+1","Sadistic Nature","Prepared"],"max_hp_per_floor":[70,70,70,70,70,70,70,70,70,70,70,70,70,70,70,70,70,70,70,70],"relics":["Ring of the Snake","Golden Idol","Sundial","Astrolabe"],"card_choices":[{"not_picked":["Deflect","Outmaneuver"],"picked":"Deadly Poison"},{"not_picked":["Outmaneuver","Skewer"],"picked":"All Out Attack"},{"not_picked":["Backflip","Dodge and Roll"],"picked":"Envenom"},{"not_picked":["Dodge and Roll","Crippling Poison"],"picked":"Terror"},{"not_picked":["Footwork","Outmaneuver"],"picked":"Finisher"},{"not_picked":["Blur","Distraction"],"picked":"Infinite Blades"},{"not_picked":["Slice","Setup"],"picked":"Riddle With Holes"},{"not_picked":["Tools of the Trade","Tactician"],"picked":"Corpse Explosion"},{"not_picked":["Backflip","Deadly Poison"],"picked":"Poisoned Stab"},{"not_picked":["Sucker Punch","Backflip"],"picked":"Prepared"}],"player_experience":157157,"potions_floor_usage":[14,18,21],"damage_taken":[{"damage":0,"enemies":"Cultist","floor":1,"turns":4},{"damage":3,"enemies":"Small Slimes","floor":5,"turns":3},{"damage":0,"enemies":"2 Louse","floor":7,"turns":1},{"damage":5,"enemies":"Gremlin Gang","floor":11,"turns":3},{"damage":12,"enemies":"Large Slime","floor":12,"turns":7},{"damage":0,"enemies":"3 Louse","floor":13,"turns":1},{"damage":7,"enemies":"Blue Slaver","floor":14,"turns":2},{"damage":18,"enemies":"The Guardian","floor":16,"turns":10},{"damage":22,"enemies":"3 Byrds","floor":18,"turns":4},{"damage":18,"enemies":"Shell Parasite","floor":20,"turns":5},{"damage":46,"enemies":"Cultist and Chosen","floor":21,"turns":2}],"event_choices":[{"event_name":"Golden Idol","player_choice":"Take Damage","floor":3,"damage_taken":0},{"event_name":"Golden Wing","player_choice":"Card Removal","floor":4,"damage_taken":0}],"boss_relics":[{"not_picked":["White Beast Statue","Runic Dome"],"picked":"Astrolabe"}],"potions_floor_spawned":[11,12,13,14,16,20],"seed_played":"-2439734350683499739","killed_by":"Cultist and Chosen","ascension_level":0,"is_trial":false}