{"gold_per_floor":[115,115,74,74,94,127,52,79,79,79,79,95,123,123,123,198,198,208,223,223,236,251,251,262,262],"floor_reached":25,"playtime":764,"items_purged":["Strike_B"],"score":496,"play_id":"a7b940da-c1a7-4f51-a4c3-5ff01ddfee71","local_time":"20190225153433","is_ascension_mode":true,"campfire_choices":[{"data":"Defragment","floor":10.0,"key":"SMITH"},{"floor":15.0,"key":"REST"},{"data":"Dualcast","floor":23.0,"key":"SMITH"}],"neow_cost":"NONE","seed_source_timestamp":11323295726352,"circlet_count":0,"master_deck":["AscendersBane","Strike_B+1","Strike_B+1","Defend_B","Defend_B","Defend_B","Defend_B","Zap","Dualcast+1","Coolheaded","Defragment+1","Ball Lightning","Recycle","Ball Lightning","Hologram","Core Surge","Leap","Conserve Battery","Cold Snap","White Noise","BootSequence"],"special_seed":0,"relics":["Cracked Core","NeowsBlessing","Ornamental Fan","Whetstone","Vajra","Gremlin Horn","Lantern","Runic Pyramid"],"potions_floor_usage":[24,24],"damage_taken":[{"damage":0.0,"enemies":"Small Slimes","floor":1.0,"turns":1.0},{"damage":0.0,"enemies":"2 Louse","floor":5.0,"turns":1.0},{"damage":0.0,"enemies":"Lagavulin","floor":6.0,"turns":1.0},{"damage":24.0,"enemies":"3 Sentries","floor":8.0,"turns":7.0},{"damage":7.0,"enemies":"Jaw Worm","floor":12.0,"turns":2.0},{"damage":6.0,"enemies":"Lagavulin","floor":13.0,"turns":7.0},{"damage":0.0,"enemies":"Exordium Wildlife","floor":14.0,"turns":1.0},{"damage":17.0,"enemies":"The Guardian","floor":16.0,"turns":11.0},{"damage":9.0,"enemies":"3 Byrds","floor":18.0,"turns":6.0},{"damage":2.0,"enemies":"Spheric Guardian","floor":19.0,"turns":6.0},{"damage":8.0,"enemies":"Snake Plant","floor":21.0,"turns":4.0},{"damage":10.0,"enemies":"Snecko","floor":22.0,"turns":6.0},{"damage":2,"enemies":"3 Cultists","floor":24,"turns":4},{"damage":4,"enemies":"Snake Plant","floor":25,"turns":1}],"seed_played":"-8987731442302943421","potions_obtained":[{"floor":1.0,"key":"SmokeBomb"},{"floor":5.0,"key":"SpeedPotion"},{"floor":19.0,"key":"FearPotion"},{"floor":21.0,"key":"SteroidPotion"}],"is_trial":false,"path_per_floor":["M","?","$","?","M","E","$","E","T","R","$","M","E","M","R","B",null,"M","M","?","M","M","R","M","M"],"character_chosen":"DEFECT","items_purchased":["Defragment"],"campfire_rested":1,"item_purchase_floors":[3],"current_hp_per_floor":[64,57,57,39,39,39,39,15,15,15,15,8,2,2,23,6,55,46,44,24,16,6,6,4,0],"gold":262,"neow_bonus":"THREE_ENEMY_KILL","is_prod":false,"is_daily":false,"chose_seed":false,"campfire_upgraded":2,"win_rate":0,"timestamp":1551080073,"path_taken":["M","?","$","?","M","E","?","E","T","R","$","M","E","M","R","BOSS","M","M","?","M","M","R","M","M"],"build_version":"2019-01-23","purchased_purges":1,"victory":false,"max_hp_per_floor":[71,71,71,71,71,71,71,71,71,71,71,71,71,71,71,71,71,71,71,76,76,76,76,76,76],"card_choices":[{"not_picked":["Hello World","Turbo"],"picked":"Coolheaded","floor":1.0},{"not_picked":["Redo","Gash","Compile Driver"],"picked":"SKIP","floor":5.0},{"not_picked":["Beam Cell","Reprogram"],"picked":"Ball Lightning","floor":6.0},{"not_picked":["Barrage","Beam Cell"],"picked":"Recycle","floor":8.0},{"not_picked":["Stack","Heatsinks"],"picked":"Ball Lightning","floor":12.0},{"not_picked":["BootSequence","Conserve Battery"],"picked":"Hologram","floor":13.0},{"not_picked":["Seek","Reboot"],"picked":"Core Surge","floor":16.0},{"not_picked":["Barrage","Streamline"],"picked":"Leap","floor":18.0},{"not_picked":["Leap","Stack"],"picked":"Conserve Battery","floor":19.0},{"not_picked":["Doom and Gloom","Leap"],"picked":"Cold Snap","floor":21.0},{"not_picked":["Chill","Barrage"],"picked":"White Noise","floor":22.0},{"not_picked":["Genetic Algorithm","Recycle"],"picked":"BootSequence","floor":24}],"player_experience":3126486,"relics_obtained":[{"floor":6.0,"key":"Whetstone"},{"floor":8.0,"key":"Vajra"},{"floor":9.0,"key":"Gremlin Horn"},{"floor":13.0,"key":"Lantern"}],"event_choices":[{"cards_removed":["Strike_B"],"damage_healed":0.0,"max_hp_gain":0.0,"max_hp_loss":0.0,"gold_gain":0.0,"event_name":"Golden Wing","player_choice":"Card Removal","floor":2.0,"gold_loss":0.0,"damage_taken":7.0},{"damage_healed":0.0,"max_hp_gain":0.0,"max_hp_loss":0.0,"gold_gain":0.0,"event_name":"Scrap Ooze","player_choice":"Success","floor":4.0,"gold_loss":0.0,"damage_taken":18.0,"relics_obtained":["Ornamental Fan"]},{"damage_healed":0.0,"max_hp_gain":5.0,"max_hp_loss":0.0,"gold_gain":0.0,"event_name":"Forgotten Altar","player_choice":"Shed Blood","floor":20.0,"gold_loss":0.0,"damage_taken":25.0}],"is_beta":false,"boss_relics":[{"not_picked":["Tiny House","Calling Bell"],"picked":"Runic Pyramid"}],"items_purged_floors":[7],"is_endless":false,"potions_floor_spawned":[1,5,12,19,21],"killed_by":"Snake Plant","ascension_level":20}