{"gold_per_floor":[117,130,36,54,129,129,129,158,236,176],"floor_reached":10,"playtime":306,"items_purged":[],"score":132,"play_id":"44147707-b494-4120-b856-f05a5e46faa9","local_time":"20190609193147","is_ascension_mode":true,"campfire_choices":[{"data":"Uppercut","floor":6.0,"key":"SMITH"}],"neow_cost":"CURSE","seed_source_timestamp":33457971470283,"circlet_count":0,"master_deck":["AscendersBane","Strike_R","Strike_R","Strike_R","Strike_R","Strike_R+1","Defend_R","Defend_R","Defend_R","Defend_R","Bash","Writhe","Demon Form","Havoc","Uppercut+1","Enlightenment+1","Evolve","Second Wind"],"special_seed":0,"relics":["Burning Blood","Strawberry","Frozen Egg 2"],"potions_floor_usage":[10],"damage_taken":[{"damage":2.0,"enemies":"Cultist","floor":1.0,"turns":4.0},{"damage":7.0,"enemies":"Small Slimes","floor":2.0,"turns":4.0},{"damage":6.0,"enemies":"Jaw Worm","floor":4.0,"turns":4.0},{"damage":30.0,"enemies":"3 Sentries","floor":8.0,"turns":8.0},{"damage":24,"enemies":"Exordium Thugs","floor":10,"turns":3}],"seed_played":"5945459325484659001","potions_obtained":[{"floor":8.0,"key":"FearPotion"}],"is_trial":false,"path_per_floor":["M","M","$","M","?","R","?","E","T","M"],"character_chosen":"IRONCLAD","items_purchased":["Enlightenment"],"campfire_rested":0,"item_purchase_floors":[3],"current_hp_per_floor":[72,71,71,71,60,60,37,20,20,0],"gold":176,"neow_bonus":"THREE_RARE_CARDS","is_prod":false,"is_daily":false,"chose_seed":false,"campfire_upgraded":1,"win_rate":0,"timestamp":1560079907,"path_taken":["M","M","$","M","?","R","?","E","T","M"],"build_version":"2019-01-23","purchased_purges":0,"victory":false,"max_hp_per_floor":[75,75,75,75,75,75,75,82,82,82],"card_choices":[{"not_picked":["Double Tap","Juggernaut"],"picked":"Demon Form","floor":0.0},{"not_picked":["Havoc","Headbutt","Dropkick"],"picked":"SKIP","floor":1.0},{"not_picked":["Headbutt","Dropkick"],"picked":"Havoc","floor":1.0},{"not_picked":["Shrug It Off","Thunderclap"],"picked":"Uppercut","floor":2.0},{"not_picked":["Sword Boomerang","Power Through"],"picked":"Evolve","floor":4.0},{"not_picked":["Corruption","Shrug It Off"],"picked":"Second Wind","floor":8.0}],"player_experience":5034216,"relics_obtained":[{"floor":8.0,"key":"Strawberry"},{"floor":9.0,"key":"Frozen Egg 2"}],"event_choices":[{"damage_healed":0.0,"max_hp_gain":0.0,"max_hp_loss":0.0,"gold_gain":75.0,"event_name":"World of Goop","player_choice":"Gather Gold","floor":5.0,"gold_loss":0.0,"damage_taken":11.0},{"damage_healed":0.0,"max_hp_gain":0.0,"max_hp_loss":0.0,"gold_gain":0.0,"event_name":"Shining Light","player_choice":"Entered Light","floor":7.0,"gold_loss":0.0,"damage_taken":23.0,"cards_upgraded":["Enlightenment","Strike_R"]}],"is_beta":false,"boss_relics":[],"items_purged_floors":[],"is_endless":false,"potions_floor_spawned":[8],"killed_by":"Exordium Thugs","ascension_level":20}