{"gold_per_floor":[17,17,33,50,65,91,16,16,43,43,43,54,54,54,54,130,130,150,163,163,88,88,120,120,132,132,143,143,153,172,204,204,281,281,294,306,136,147,88,117,117,152,152,52,71,99,199,218,218,218,218,218,93,128,128],"floor_reached":56,"playtime":4378,"items_purged":["Strike_G+1","Defend_G","Dagger Spray+1"],"score":2435,"play_id":"80f4471b-78d6-4b9e-b7e0-f6ff3315e9d9","local_time":"20190316000732","is_ascension_mode":true,"campfire_choices":[{"data":"Predator","floor":8.0,"key":"SMITH"},{"data":"Blur","floor":10.0,"key":"SMITH"},{"data":"Prepared","floor":13.0,"key":"SMITH"},{"data":"Dagger Spray","floor":15.0,"key":"SMITH"},{"data":"Tactician","floor":24.0,"key":"SMITH"},{"data":"Backflip","floor":28.0,"key":"SMITH"},{"data":"Well Laid Plans","floor":32.0,"key":"SMITH"},{"data":"Calculated Gamble","floor":41.0,"key":"SMITH"},{"floor":49.0,"key":"RECALL"},{"data":"Acrobatics","floor":52.0,"key":"SMITH"}],"neow_cost":"NO_GOLD","seed_source_timestamp":162870533023224,"circlet_count":0,"master_deck":["AscendersBane","Defend_G","Defend_G","Defend_G","Survivor","Neutralize+1","Good Instincts","Panacea","Blur+1","Predator+1","Prepared+1","Adrenaline","Tactician+1","Backflip+1","PiercingWail","Grand Finale","Footwork","Well Laid Plans+1","Deep Breath","Calculated Gamble+1","Acrobatics+1","Clumsy"],"special_seed":0,"relics":["Ring of the Snake","PreservedInsect","Whetstone","Cursed Key","Regal Pillow","Bronze Scales","Runic Pyramid","Incense Burner","Anchor","Peace Pipe","Bag of Preparation"],"potions_floor_usage":[55,55],"damage_taken":[{"damage":11.0,"enemies":"Jaw Worm","floor":1.0,"turns":8.0},{"damage":0.0,"enemies":"Cultist","floor":3.0,"turns":4.0},{"damage":0.0,"enemies":"Small Slimes","floor":4.0,"turns":3.0},{"damage":6.0,"enemies":"2 Fungi Beasts","floor":5.0,"turns":3.0},{"damage":17.0,"enemies":"3 Sentries","floor":6.0,"turns":9.0},{"damage":0.0,"enemies":"Exordium Wildlife","floor":12.0,"turns":2.0},{"damage":15.0,"enemies":"Slime Boss","floor":16.0,"turns":10.0},{"damage":1.0,"enemies":"Shell Parasite","floor":18.0,"turns":9.0},{"damage":0.0,"enemies":"Chosen","floor":19.0,"turns":6.0},{"damage":0.0,"enemies":"Book of Stabbing","floor":23.0,"turns":6.0},{"damage":0.0,"enemies":"Centurion and Healer","floor":25.0,"turns":8.0},{"damage":0.0,"enemies":"Snake Plant","floor":27.0,"turns":5.0},{"damage":16.0,"enemies":"Cultist and Chosen","floor":29.0,"turns":10.0},{"damage":0.0,"enemies":"Centurion and Healer","floor":30.0,"turns":5.0},{"damage":5.0,"enemies":"Gremlin Leader","floor":31.0,"turns":6.0},{"damage":8.0,"enemies":"Collector","floor":33.0,"turns":14.0},{"damage":0.0,"enemies":"3 Shapes","floor":35.0,"turns":6.0},{"damage":0.0,"enemies":"Orb Walker","floor":36.0,"turns":5.0},{"damage":0.0,"enemies":"Spire Growth","floor":38.0,"turns":6.0},{"damage":4.0,"enemies":"Nemesis","floor":40.0,"turns":7.0},{"damage":0.0,"enemies":"Giant Head","floor":42.0,"turns":6.0},{"damage":0.0,"enemies":"Jaw Worm Horde","floor":45.0,"turns":2.0},{"damage":0.0,"enemies":"Nemesis","floor":46.0,"turns":7.0},{"damage":0.0,"enemies":"Mind Bloom Boss Battle","floor":47.0,"turns":5.0},{"damage":0.0,"enemies":"Writhing Mass","floor":48.0,"turns":4.0},{"damage":0.0,"enemies":"Time Eater","floor":50.0,"turns":13.0},{"damage":0.0,"enemies":"Shield and Spear","floor":54.0,"turns":3.0},{"damage":7,"enemies":"The Heart","floor":55,"turns":11}],"seed_played":"-4810234630284541387","potions_obtained":[{"floor":3.0,"key":"Explosive Potion"},{"floor":5.0,"key":"Weak Potion"},{"floor":6.0,"key":"Strength Potion"},{"floor":19.0,"key":"EntropicBrew"},{"floor":31.0,"key":"Explosive Potion"},{"floor":33.0,"key":"Strength Potion"},{"floor":47.0,"key":"Ancient Potion"}],"is_trial":false,"path_per_floor":["M","?","M","M","M","E","?","R","T","R","?","M","R","?","R","B",null,"M","M","?","?","?","E","R","M","T","M","R","M","M","E","R","B",null,"M","M","$","M","$","E","R","E","T","$","M","E","?","M","R","B",null,"R","$","E","B",null],"character_chosen":"THE_SILENT","items_purchased":["Deep Breath","Acrobatics"],"campfire_rested":0,"item_purchase_floors":[37,39],"current_hp_per_floor":[48,48,48,48,42,25,25,25,25,25,25,25,25,25,25,10,52,51,51,51,51,51,51,51,51,51,51,51,35,35,30,30,22,55,55,55,55,55,55,51,51,51,51,51,51,51,51,51,51,51,62,62,62,62,55],"gold":128,"neow_bonus":"RANDOM_COLORLESS_2","is_prod":false,"is_daily":false,"chose_seed":false,"campfire_upgraded":9,"win_rate":0,"timestamp":1552662452,"path_taken":["M","?","?","M","M","E","?","R","T","R","?","M","R","?","R","BOSS","M","M","?","?","?","E","R","M","T","M","R","M","M","E","R","BOSS","M","M","$","M","$","E","R","E","T","?","M","E","?","M","R","BOSS","R","$","E","BOSS"],"build_version":"2019-01-23","purchased_purges":3,"victory":true,"max_hp_per_floor":[66,66,66,66,66,66,66,66,66,66,66,66,66,66,66,66,66,66,66,66,66,66,66,66,66,66,66,66,66,66,66,66,66,66,66,66,66,66,66,66,66,66,66,66,66,66,66,66,66,66,66,66,66,66,66],"card_choices":[{"not_picked":["Finisher","Deflect"],"picked":"Dagger Spray","floor":1.0},{"not_picked":["Sucker Punch","Bane"],"picked":"Blur","floor":3.0},{"not_picked":["Caltrops","Dagger Spray"],"picked":"Predator","floor":4.0},{"not_picked":["Poisoned Stab","Dodge and Roll"],"picked":"Prepared","floor":5.0},{"not_picked":["Blade Dance","Flying Knee","Sucker Punch"],"picked":"SKIP","floor":6.0},{"not_picked":["Skewer","Deflect","Deadly Poison"],"picked":"SKIP","floor":12.0},{"not_picked":["Envenom","A Thousand Cuts"],"picked":"Adrenaline","floor":16.0},{"not_picked":["Dagger Throw+1","Crippling Poison"],"picked":"Tactician","floor":18.0},{"not_picked":["Dodge and Roll+1","Skewer"],"picked":"Backflip","floor":19.0},{"not_picked":["Finisher","Prepared"],"picked":"PiercingWail","floor":23.0},{"not_picked":["Acrobatics","Blade Dance"],"picked":"Grand Finale","floor":25.0},{"not_picked":["Caltrops","Sucker Punch","Underhanded Strike"],"picked":"SKIP","floor":27.0},{"not_picked":["Escape Plan","Noxious Fumes","Quick Slash"],"picked":"SKIP","floor":29.0},{"not_picked":["Dagger Spray","Dagger Throw"],"picked":"Footwork","floor":30.0},{"not_picked":["Endless Agony+1","Underhanded Strike"],"picked":"Well Laid Plans","floor":31.0},{"not_picked":["Riddle With Holes","Slice","Catalyst"],"picked":"SKIP","floor":35.0},{"not_picked":["Heel Hook","Dagger Throw","All Out Attack"],"picked":"SKIP","floor":36.0},{"not_picked":["Reflex","Bane"],"picked":"Calculated Gamble","floor":38.0},{"not_picked":["Setup","Heel Hook+1","Leg Sweep"],"picked":"SKIP","floor":40.0},{"not_picked":["Setup","Heel Hook+1","Leg Sweep"],"picked":"SKIP","floor":40.0},{"not_picked":["Setup","Heel Hook+1","Leg Sweep"],"picked":"SKIP","floor":40.0},{"not_picked":["Infinite Blades","Poisoned Stab","Dagger Throw"],"picked":"SKIP","floor":42.0},{"not_picked":["Accuracy","Outmaneuver","Infinite Blades+1"],"picked":"SKIP","floor":45.0},{"not_picked":["Deflect","Quick Slash+1","A Thousand Cuts"],"picked":"SKIP","floor":46.0},{"not_picked":["Deadly Poison","Slice","Finisher+1"],"picked":"SKIP","floor":48.0},{"not_picked":["Noxious Fumes","Unload","Poisoned Stab"],"picked":"SKIP","floor":54.0}],"player_experience":107493,"relics_obtained":[{"floor":6.0,"key":"PreservedInsect"},{"floor":9.0,"key":"Whetstone"},{"floor":23.0,"key":"Regal Pillow"},{"floor":31.0,"key":"Bronze Scales"},{"floor":40.0,"key":"Incense Burner"},{"floor":42.0,"key":"Anchor"},{"floor":47.0,"key":"Peace Pipe"},{"floor":54.0,"key":"Bag of Preparation"}],"event_choices":[{"cards_removed":["Strike_G"],"damage_healed":0.0,"max_hp_gain":0.0,"max_hp_loss":0.0,"gold_gain":0.0,"event_name":"Bonfire Elementals","player_choice":"Offered Basic","floor":2.0,"gold_loss":0.0,"damage_taken":0.0},{"cards_removed":["Strike_G"],"damage_healed":0.0,"max_hp_gain":0.0,"max_hp_loss":0.0,"gold_gain":0.0,"event_name":"The Cleric","player_choice":"Card Removal","floor":7.0,"gold_loss":75.0,"damage_taken":0.0},{"damage_healed":0.0,"max_hp_gain":0.0,"max_hp_loss":0.0,"gold_gain":0.0,"event_name":"Scrap Ooze","player_choice":"Fled","floor":11.0,"gold_loss":0.0,"damage_taken":0.0},{"cards_removed":["Strike_G"],"damage_healed":0.0,"max_hp_gain":0.0,"max_hp_loss":0.0,"gold_gain":0.0,"event_name":"Living Wall","player_choice":"Forget","floor":14.0,"gold_loss":0.0,"damage_taken":0.0},{"cards_removed":["Strike_G"],"damage_healed":0.0,"max_hp_gain":0.0,"max_hp_loss":0.0,"gold_gain":0.0,"event_name":"Back to Basics","player_choice":"Elegance","floor":20.0,"gold_loss":0.0,"damage_taken":0.0},{"cards_removed":["Defend_G"],"damage_healed":0.0,"max_hp_gain":0.0,"max_hp_loss":0.0,"gold_gain":0.0,"event_name":"Beggar","player_choice":"Gave Gold","floor":21.0,"gold_loss":75.0,"damage_taken":0.0},{"damage_healed":0.0,"max_hp_gain":0.0,"max_hp_loss":0.0,"gold_gain":0.0,"event_name":"N\u0027loth","player_choice":"Ignored","floor":22.0,"gold_loss":0.0,"damage_taken":0.0},{"damage_healed":0.0,"max_hp_gain":0.0,"max_hp_loss":0.0,"gold_gain":0.0,"event_name":"MindBloom","player_choice":"Fight","floor":47.0,"gold_loss":0.0,"damage_taken":0.0}],"is_beta":false,"boss_relics":[{"not_picked":["Pandora\u0027s Box","Lizard Tail"],"picked":"Cursed Key"},{"not_picked":["Ring of the Serpent","Busted Crown"],"picked":"Runic Pyramid"}],"items_purged_floors":[37,44,53],"is_endless":false,"potions_floor_spawned":[3,5,6,12,19,30,31,33,36,47,48],"ascension_level":17}