{"gold_per_floor":[16,35,49,49,68,68,82,114,114,130,130,157,157,157],"floor_reached":14,"playtime":466,"items_purged":[],"score":204,"play_id":"0253bce3-b020-46db-9b77-0dc920c701f2","local_time":"20190318201635","is_ascension_mode":true,"campfire_choices":[{"data":"Dash","floor":6.0,"key":"SMITH"},{"data":"Neutralize","floor":13.0,"key":"SMITH"}],"neow_cost":"NO_GOLD","seed_source_timestamp":33376111873002,"circlet_count":0,"master_deck":["AscendersBane","Defend_G","Defend_G","Defend_G","Defend_G","Strike_G+1","Strike_G","Strike_G","Strike_G+1","Survivor","Neutralize+1","Endless Agony+1","Dash+1","Leg Sweep","Poisoned Stab+1","Deflect","Adrenaline"],"special_seed":0,"relics":["Ring of the Snake","Unceasing Top","Whetstone"],"potions_floor_usage":[14],"damage_taken":[{"damage":7.0,"enemies":"2 Louse","floor":1.0,"turns":5.0},{"damage":0.0,"enemies":"Cultist","floor":2.0,"turns":4.0},{"damage":2.0,"enemies":"Jaw Worm","floor":3.0,"turns":5.0},{"damage":0.0,"enemies":"Exordium Wildlife","floor":5.0,"turns":3.0},{"damage":3.0,"enemies":"Looter","floor":7.0,"turns":3.0},{"damage":12.0,"enemies":"Lagavulin","floor":8.0,"turns":9.0},{"damage":13.0,"enemies":"Large Slime","floor":10.0,"turns":7.0},{"damage":11.0,"enemies":"3 Sentries","floor":12.0,"turns":8.0},{"damage":21,"enemies":"Gremlin Nob","floor":14,"turns":3}],"seed_played":"3055296485730037686","potions_obtained":[{"floor":1.0,"key":"Energy Potion"},{"floor":2.0,"key":"EssenceOfSteel"},{"floor":5.0,"key":"Dexterity Potion"},{"floor":7.0,"key":"AttackPotion"}],"is_trial":false,"path_per_floor":["M","M","M","?","M","R","M","E","T","M","?","E","R","E"],"character_chosen":"THE_SILENT","items_purchased":[],"campfire_rested":0,"item_purchase_floors":[],"current_hp_per_floor":[52,52,50,50,50,50,47,35,35,22,22,11,11,0],"gold":157,"neow_bonus":"REMOVE_TWO","is_prod":false,"is_daily":false,"chose_seed":false,"campfire_upgraded":2,"win_rate":0,"timestamp":1552911395,"path_taken":["M","M","M","?","?","R","M","E","T","?","?","E","R","E"],"build_version":"2019-01-23","purchased_purges":0,"victory":false,"max_hp_per_floor":[66,66,66,66,66,66,66,66,66,66,66,66,66,66],"card_choices":[{"not_picked":["PiercingWail","Slice"],"picked":"Endless Agony","floor":1.0},{"not_picked":["Deflect","Prepared"],"picked":"Dash","floor":2.0},{"not_picked":["Underhanded Strike","Blade Dance","PiercingWail"],"picked":"SKIP","floor":3.0},{"not_picked":["Slice","Skewer"],"picked":"Leg Sweep","floor":5.0},{"not_picked":["Escape Plan","Finisher"],"picked":"Poisoned Stab","floor":7.0},{"not_picked":["Infinite Blades","Finisher","Sucker Punch"],"picked":"SKIP","floor":8.0},{"not_picked":["Backflip","Poisoned Stab"],"picked":"Deflect","floor":10.0},{"not_picked":["Calculated Gamble","Underhanded Strike"],"picked":"Adrenaline","floor":12.0}],"player_experience":3695194,"relics_obtained":[{"floor":8.0,"key":"Unceasing Top"},{"floor":12.0,"key":"Whetstone"}],"event_choices":[{"damage_healed":0.0,"max_hp_gain":0.0,"max_hp_loss":0.0,"gold_gain":0.0,"event_name":"Upgrade Shrine","player_choice":"Upgraded","floor":4.0,"gold_loss":0.0,"damage_taken":0.0,"cards_upgraded":["Endless Agony"]},{"damage_healed":0.0,"max_hp_gain":0.0,"max_hp_loss":0.0,"gold_gain":0.0,"event_name":"Living Wall","player_choice":"Grow","floor":11.0,"gold_loss":0.0,"damage_taken":0.0,"cards_upgraded":["Poisoned Stab"]}],"is_beta":false,"boss_relics":[],"items_purged_floors":[],"is_endless":false,"potions_floor_spawned":[1,2,5,7,10],"killed_by":"Gremlin Nob","ascension_level":20}