{"gold_per_floor":[109,123,123,135,60,60,71,71,98,8,8,22,34,62,62,136,136,151,166,179,179,104,104,131,143,219,269,269,102,102,127,127,199,199,211,231,231,231,106,106,133,164,176,188],"floor_reached":44,"playtime":2133,"items_purged":["Pain","Distraction","Heel Hook+1"],"score":1052,"play_id":"cbf97823-3986-472a-a0ab-67de84ab9501","local_time":"20190214215050","is_ascension_mode":true,"campfire_choices":[{"data":"Cloak And Dagger","floor":6,"key":"SMITH"},{"data":"Well Laid Plans","floor":8,"key":"SMITH"},{"data":"Deadly Poison","floor":15,"key":"SMITH"},{"data":"Catalyst","floor":23,"key":"SMITH"},{"data":"Footwork","floor":28,"key":"SMITH"},{"data":"Well Laid Plans","floor":30,"key":"SMITH"},{"data":"Neutralize","floor":32,"key":"SMITH"},{"data":"Footwork","floor":40,"key":"SMITH"}],"neow_cost":"TEN_PERCENT_HP_LOSS","seed_source_timestamp":180883093688808,"circlet_count":0,"master_deck":["AscendersBane","Survivor","Neutralize+1","Infinite Blades","Cloak And Dagger+1","Well Laid Plans+1","Footwork+1","Deadly Poison+1","Well Laid Plans+1","Night Terror","Bullet Time","Catalyst+1","Endless Agony+1","PiercingWail","Dodge and Roll+1","Expertise","Blur","After Image","Footwork+1","Backflip","Night Terror"],"relics":["Ring of the Snake","WarpedTongs","Ancient Tea Set","Pandora\u0027s Box","Whetstone","Bottled Lightning","Snake Skull","Nunchaku","Runic Pyramid","MawBank","Happy Flower"],"potions_floor_usage":[24,24],"damage_taken":[{"damage":0,"enemies":"Cultist","floor":1,"turns":5},{"damage":4,"enemies":"Jaw Worm","floor":2,"turns":5},{"damage":4,"enemies":"2 Louse","floor":4,"turns":4},{"damage":0,"enemies":"2 Fungi Beasts","floor":7,"turns":4},{"damage":0,"enemies":"Blue Slaver","floor":12,"turns":4},{"damage":0,"enemies":"Large Slime","floor":13,"turns":6},{"damage":7,"enemies":"3 Sentries","floor":14,"turns":9},{"damage":1,"enemies":"Hexaghost","floor":16,"turns":11},{"damage":16,"enemies":"3 Byrds","floor":18,"turns":5},{"damage":14,"enemies":"Spheric Guardian","floor":19,"turns":5},{"damage":7,"enemies":"Snecko","floor":20,"turns":7},{"damage":4,"enemies":"Slavers","floor":24,"turns":7},{"damage":0,"enemies":"Snake Plant","floor":25,"turns":3},{"damage":0,"enemies":"Book of Stabbing","floor":31,"turns":3},{"damage":0,"enemies":"Champ","floor":33,"turns":5},{"damage":0,"enemies":"Orb Walker","floor":35,"turns":5},{"damage":20,"enemies":"3 Darklings","floor":36,"turns":8},{"damage":0,"enemies":"Giant Head","floor":41,"turns":4},{"damage":8,"enemies":"4 Shapes","floor":42,"turns":9},{"damage":46,"enemies":"Reptomancer","floor":44,"turns":2}],"seed_played":"-3048102228341838244","potions_obtained":[{"floor":2,"key":"Fire Potion"},{"floor":4,"key":"Poison Potion"},{"floor":7,"key":"SteroidPotion"},{"floor":18,"key":"GhostInAJar"},{"floor":31,"key":"Poison Potion"},{"floor":38,"key":"Dexterity Potion"},{"floor":38,"key":"Weak Potion"}],"is_trial":false,"path_per_floor":["M","M","?","M","$","R","M","R","T","$","$","M","M","E","R","B",null,"M","M","M","?","?","R","E","M","T","T","R","$","R","E","R","B",null,"M","M","?","?","$","R","E","M","T","E"],"character_chosen":"THE_SILENT","items_purchased":["Footwork","Deadly Poison","Blur"],"campfire_rested":0,"item_purchase_floors":[10,10,29],"current_hp_per_floor":[59,55,55,51,51,51,51,51,51,51,51,51,51,44,44,43,56,40,26,19,19,19,19,15,15,15,15,15,15,15,15,15,15,49,49,29,29,29,29,29,29,21,21,0],"gold":188,"neow_bonus":"REMOVE_TWO","is_prod":false,"is_daily":false,"chose_seed":false,"campfire_upgraded":8,"win_rate":0,"timestamp":1550152250,"path_taken":["M","?","?","M","$","R","M","R","T","?","$","?","M","E","R","BOSS","M","?","M","?","?","R","E","M","T","?","R","$","R","E","R","BOSS","M","M","?","?","$","R","E","M","T","E"],"build_version":"2019-01-23","purchased_purges":3,"victory":false,"max_hp_per_floor":[60,60,60,60,60,60,60,60,60,60,60,60,60,60,60,60,60,60,60,60,60,60,60,60,60,60,60,60,60,60,60,60,60,60,60,60,57,57,57,57,57,57,57,57],"card_choices":[{"not_picked":["Dodge and Roll","Acrobatics"],"picked":"Infinite Blades","floor":1},{"not_picked":["Deadly Poison","Quick Slash"],"picked":"Cloak And Dagger","floor":2},{"not_picked":["Catalyst","All Out Attack"],"picked":"Well Laid Plans","floor":4},{"not_picked":["Quick Slash","Reflex","Outmaneuver"],"picked":"SKIP","floor":7},{"not_picked":["Quick Slash","Reflex","Outmaneuver"],"picked":"SKIP","floor":7},{"not_picked":["PiercingWail","Tools of the Trade","Setup"],"picked":"SKIP","floor":12},{"not_picked":["Well Laid Plans","Crippling Poison","Acrobatics"],"picked":"SKIP","floor":13},{"not_picked":["Concentrate","Deflect","Quick Slash"],"picked":"SKIP","floor":14},{"not_picked":["Slice","Outmaneuver"],"picked":"PiercingWail","floor":18},{"not_picked":["Bane","Blade Dance"],"picked":"Dodge and Roll+1","floor":19},{"not_picked":["Slice","Eviscerate","Sucker Punch"],"picked":"SKIP","floor":20},{"not_picked":["Dagger Spray","Reflex"],"picked":"Expertise","floor":24},{"not_picked":["Dodge and Roll","Phantasmal Killer","Reflex"],"picked":"SKIP","floor":25},{"not_picked":["Poisoned Stab","Slice","Cloak And Dagger+1"],"picked":"SKIP","floor":31},{"not_picked":["Corpse Explosion","Bullet Time"],"picked":"After Image","floor":33},{"not_picked":["Footwork","Dagger Throw","Finisher"],"picked":"SKIP","floor":35},{"not_picked":["Dagger Throw","Finisher"],"picked":"Footwork","floor":35},{"not_picked":["Dodge and Roll","Outmaneuver"],"picked":"Backflip","floor":36},{"not_picked":["Dagger Spray","Cloak And Dagger+1"],"picked":"Night Terror","floor":41},{"not_picked":["Backflip+1","Bane+1","PiercingWail"],"picked":"SKIP","floor":42}],"player_experience":748963,"relics_obtained":[{"floor":14,"key":"Ancient Tea Set"},{"floor":24,"key":"Whetstone"},{"floor":26,"key":"Bottled Lightning"},{"floor":27,"key":"Snake Skull"},{"floor":31,"key":"Nunchaku"},{"floor":41,"key":"MawBank"},{"floor":43,"key":"Happy Flower"}],"event_choices":[{"damage_healed":0,"gold_gain":0,"player_choice":"Rummage","damage_taken":0,"relics_obtained":["WarpedTongs"],"max_hp_gain":0,"max_hp_loss":0,"event_name":"Accursed Blacksmith","floor":3,"gold_loss":0,"cards_obtained":["Pain"]},{"damage_healed":0,"gold_gain":0,"player_choice":"Ignored","damage_taken":0,"max_hp_gain":0,"max_hp_loss":0,"event_name":"The Mausoleum","floor":21,"gold_loss":0},{"cards_removed":["Skewer"],"damage_healed":0,"gold_gain":0,"player_choice":"Gave Gold","damage_taken":0,"max_hp_gain":0,"max_hp_loss":0,"event_name":"Beggar","floor":22,"gold_loss":75},{"damage_healed":0,"gold_gain":0,"player_choice":"Max HP","damage_taken":0,"max_hp_gain":0,"max_hp_loss":3,"event_name":"Winding Halls","floor":37,"gold_loss":0},{"damage_healed":0,"gold_gain":0,"player_choice":"Got Potions","damage_taken":0,"max_hp_gain":0,"max_hp_loss":0,"event_name":"Lab","floor":38,"gold_loss":0}],"is_beta":false,"boss_relics":[{"not_picked":["Snecko Eye","HoveringKite"],"picked":"Pandora\u0027s Box"},{"not_picked":["Runic Dome","Eternal Feather"],"picked":"Runic Pyramid"}],"items_purged_floors":[5,29,39],"is_endless":false,"potions_floor_spawned":[2,4,7,14,18,31,41,42],"killed_by":"Reptomancer","ascension_level":15}