{"gold_per_floor":[118,138,63,82,94,94,10,10,34,34,50,50,80,91,91,91],"floor_reached":16,"playtime":446,"items_purged":["Strike_G"],"score":204,"play_id":"ec812557-4ce4-4a99-a7a6-bca56a65cb1c","local_time":"20190728144555","is_ascension_mode":true,"campfire_choices":[{"data":"Bouncing Flask","floor":6.0,"key":"SMITH"},{"data":"Well Laid Plans","floor":10.0,"key":"SMITH"},{"data":"Catalyst","floor":15.0,"key":"SMITH"}],"neow_cost":"TEN_PERCENT_HP_LOSS","seed_source_timestamp":78289606547000,"circlet_count":0,"master_deck":["AscendersBane","Strike_G","Strike_G","Strike_G","Defend_G","Defend_G","Defend_G","Defend_G","Survivor","Neutralize+1","Bouncing Flask+1","Backflip","Well Laid Plans+1","Catalyst+1"],"special_seed":0,"relics":["Ring of the Snake","Snake Skull","Lantern"],"potions_floor_usage":[16],"damage_taken":[{"damage":1.0,"enemies":"Cultist","floor":1.0,"turns":4.0},{"damage":0.0,"enemies":"2 Louse","floor":2.0,"turns":2.0},{"damage":3.0,"enemies":"Small Slimes","floor":4.0,"turns":4.0},{"damage":5.0,"enemies":"2 Fungi Beasts","floor":5.0,"turns":4.0},{"damage":14.0,"enemies":"Exordium Wildlife","floor":11.0,"turns":3.0},{"damage":19.0,"enemies":"3 Sentries","floor":13.0,"turns":11.0},{"damage":12.0,"enemies":"Lots of Slimes","floor":14.0,"turns":4.0},{"damage":0,"enemies":"The Guardian","floor":16,"turns":2}],"seed_played":"-6441792209460490406","potions_obtained":[{"floor":4.0,"key":"Ancient Potion"},{"floor":13.0,"key":"SpeedPotion"},{"floor":14.0,"key":"Explosive Potion"}],"is_trial":false,"path_per_floor":["M","M","$","M","M","R","$","?","T","R","M","$","E","M","R","B"],"character_chosen":"THE_SILENT","items_purchased":["Well Laid Plans"],"campfire_rested":0,"item_purchase_floors":[7],"current_hp_per_floor":[58,58,58,55,50,50,50,50,50,50,36,36,17,5,5,5],"gold":91,"neow_bonus":"REMOVE_TWO","is_prod":false,"is_daily":false,"chose_seed":false,"campfire_upgraded":3,"win_rate":0,"timestamp":1564296355,"path_taken":["M","?","$","M","M","R","?","?","T","R","M","$","E","?","R","BOSS"],"build_version":"2019-07-17","purchased_purges":1,"victory":false,"max_hp_per_floor":[60,60,60,60,60,60,60,60,60,60,60,60,60,60,60,60],"card_choices":[{"not_picked":["Underhanded Strike","Well Laid Plans"],"picked":"Bouncing Flask","floor":1.0},{"not_picked":["Bouncing Flask","Underhanded Strike"],"picked":"Backflip","floor":2.0},{"not_picked":["Quick Slash","Cloak And Dagger","Backstab"],"picked":"SKIP","floor":4.0},{"not_picked":["Heel Hook","Leg Sweep","Dagger Throw"],"picked":"SKIP","floor":5.0},{"not_picked":["Flechettes","Masterful Stab"],"picked":"Catalyst","floor":11.0},{"not_picked":["All Out Attack","Predator","Flying Knee"],"picked":"SKIP","floor":13.0},{"not_picked":["Acrobatics","Predator","Unload"],"picked":"SKIP","floor":14.0}],"player_experience":689628,"relics_obtained":[{"floor":9.0,"key":"Snake Skull"},{"floor":13.0,"key":"Lantern"}],"event_choices":[{"damage_healed":0.0,"max_hp_gain":0.0,"max_hp_loss":0.0,"gold_gain":0.0,"event_name":"Upgrade Shrine","player_choice":"Upgraded","floor":8.0,"gold_loss":0.0,"damage_taken":0.0,"cards_upgraded":["Neutralize"]}],"is_beta":false,"boss_relics":[],"items_purged_floors":[3],"is_endless":false,"potions_floor_spawned":[4,13,14],"killed_by":"The Guardian","ascension_level":20}