{"gold_per_floor":[116,133,133,18,168,208,221,121,174,189,189,212,228,243,243,336,336,351,374,374,374,1,1,19,19,19,55,55,68,43,43,43,133,133,156,169,169,169,13,13,13,37,89,89,113,113,113,126,126,126],"floor_reached":50,"playtime":1404,"items_purged":["Strike_G","Strike_G","Strike_G","Writhe"],"score":1149,"play_id":"89d371fc-bf06-4249-89cd-4e00a4aec950","local_time":"20190123202525","is_ascension_mode":true,"campfire_choices":[{"data":"Calculated Gamble","floor":11.0,"key":"SMITH"},{"data":"Blade Dance","floor":15.0,"key":"SMITH"},{"data":"Well Laid Plans","floor":23.0,"key":"SMITH"},{"data":"Footwork","floor":32.0,"key":"SMITH"},{"data":"Trip","floor":40.0,"key":"SMITH"},{"data":"Neutralize","floor":47.0,"key":"SMITH"},{"data":"Second Wind","floor":49.0,"key":"SMITH"}],"neow_cost":"PERCENT_DAMAGE","seed_source_timestamp":37781053708026,"circlet_count":0,"master_deck":["AscendersBane","Defend_G","Defend_G","Defend_G","Defend_G","Defend_G","Strike_G","Strike_G","Survivor","Neutralize+1","Footwork+1","Backflip","Injury","Calculated Gamble+1","Doubt","Adrenaline","Dagger Spray","Endless Agony","Blade Dance+1","Glass Knife","Well Laid Plans+1","Footwork+1","Shame","Infinite Blades","Injury","Injury","Shrug It Off","Cloak And Dagger+1","Doubt","Shame","Writhe","Trip+1","Second Wind+1","Twin Strike"],"special_seed":0,"relics":["Ring of the Snake","Du-Vu Doll","Golden Idol","Happy Flower","Coffee Dripper","Smiling Mask","PrismaticShard","Bag of Marbles","Vajra","Calling Bell","Juzu Bracelet","Gremlin Horn","Tingsha"],"potions_floor_usage":[50,50],"damage_taken":[{"damage":1.0,"enemies":"Jaw Worm","floor":1.0,"turns":5.0},{"damage":2.0,"enemies":"2 Louse","floor":2.0,"turns":4.0},{"damage":18.0,"enemies":"Lagavulin","floor":6.0,"turns":10.0},{"damage":1.0,"enemies":"Cultist","floor":7.0,"turns":4.0},{"damage":2.0,"enemies":"Lots of Slimes","floor":10.0,"turns":8.0},{"damage":8.0,"enemies":"Gremlin Gang","floor":12.0,"turns":5.0},{"damage":0.0,"enemies":"3 Louse","floor":13.0,"turns":1.0},{"damage":9.0,"enemies":"Large Slime","floor":14.0,"turns":6.0},{"damage":0.0,"enemies":"Slime Boss","floor":16.0,"turns":6.0},{"damage":1.0,"enemies":"3 Byrds","floor":18.0,"turns":5.0},{"damage":13.0,"enemies":"Shell Parasite","floor":19.0,"turns":4.0},{"damage":0.0,"enemies":"Centurion and Healer","floor":24.0,"turns":5.0},{"damage":1.0,"enemies":"Gremlin Leader","floor":27.0,"turns":6.0},{"damage":0.0,"enemies":"Snake Plant","floor":29.0,"turns":1.0},{"damage":2.0,"enemies":"Collector","floor":33.0,"turns":7.0},{"damage":0.0,"enemies":"3 Darklings","floor":35.0,"turns":3.0},{"damage":0.0,"enemies":"Orb Walker","floor":36.0,"turns":2.0},{"damage":44.0,"enemies":"Sphere and 2 Shapes","floor":42.0,"turns":4.0},{"damage":38.0,"enemies":"Maw","floor":45.0,"turns":6.0},{"damage":0.0,"enemies":"3 Darklings","floor":48.0,"turns":2.0},{"damage":22,"enemies":"Awakened One","floor":50,"turns":2}],"seed_played":"-9111417373503894302","potions_obtained":[{"floor":1.0,"key":"GamblersBrew"},{"floor":2.0,"key":"Fire Potion"},{"floor":6.0,"key":"Ancient Potion"},{"floor":10.0,"key":"SteroidPotion"},{"floor":33.0,"key":"Energy Potion"},{"floor":35.0,"key":"Strength Potion"}],"is_trial":false,"path_per_floor":["?","?","$","M","M","M","?","?","$","?","M","$","?","?","?","?","?","?"],"character_chosen":"THE_SILENT","items_purchased":["Calculated Gamble","PrismaticShard","Strength Potion","Strength Potion","Cloak And Dagger","Trip"],"campfire_rested":0,"item_purchase_floors":[4,22,22,22,30,39],"current_hp_per_floor":[43,41,41,41,41,23,22,22,22,20,20,12,12,3,3,3,50,49,36,36,36,36,36,36,36,36,35,35,35,35,35,35,33,58,58,58,58,66,66,66,66,22,22,54,16,16,16,16,16,0],"gold":126,"neow_bonus":"ONE_RARE_RELIC","is_prod":false,"is_daily":false,"chose_seed":false,"campfire_upgraded":7,"win_rate":0,"timestamp":1548246325,"path_taken":["M","M","?","$","?","E","M","?","T","?","R","M","?","M","R","BOSS","M","?","?","?","$","R","M","?","T","E","?","?","?","?","R","BOSS","M","M","?","?","$","R","?","M","T","?","M","?","R","M","R","BOSS"],"build_version":"2019-01-22","purchased_purges":4,"victory":false,"max_hp_per_floor":[66,66,66,66,66,66,66,66,66,66,66,66,66,66,66,66,66,66,66,66,66,66,66,66,66,66,66,66,66,66,66,66,66,66,66,66,66,66,66,66,66,66,66,54,54,54,54,54,54,54],"card_choices":[{"not_picked":["Crippling Poison","Dagger Throw"],"picked":"Footwork","floor":1.0},{"not_picked":["Deflect","Distraction"],"picked":"Backflip","floor":2.0},{"not_picked":["Terror","Dodge and Roll","Dagger Throw"],"picked":"SKIP","floor":6.0},{"not_picked":["Endless Agony","Crippling Poison"],"picked":"Adrenaline","floor":7.0},{"not_picked":["Terror","Slice"],"picked":"Dagger Spray","floor":10.0},{"not_picked":["Flying Knee","Skewer"],"picked":"Endless Agony","floor":12.0},{"not_picked":["Bane","Poisoned Stab"],"picked":"Prepared","floor":13.0},{"not_picked":["Backflip","Leg Sweep"],"picked":"Blade Dance","floor":14.0},{"not_picked":["Venomology","Malaise"],"picked":"Glass Knife","floor":16.0},{"not_picked":["Endless Agony","Poisoned Stab+1"],"picked":"Well Laid Plans","floor":18.0},{"not_picked":["Poisoned Stab+1","PiercingWail"],"picked":"Footwork+1","floor":19.0},{"not_picked":["Coolheaded","Blade Dance"],"picked":"Infinite Blades","floor":24.0},{"not_picked":["Expertise","Auto Shields","Iron Wave+1"],"picked":"SKIP","floor":27.0},{"not_picked":["Force Field","Flex"],"picked":"Shrug It Off","floor":29.0},{"not_picked":["Undo","True Grit","Entrench"],"picked":"SKIP","floor":35.0},{"not_picked":["Consume","Slice","Ball Lightning"],"picked":"SKIP","floor":36.0},{"not_picked":["Forethought","Poisoned Stab"],"picked":"Second Wind","floor":42.0},{"not_picked":["Quick Slash+1","Masterful Stab","Sunder+1"],"picked":"SKIP","floor":45.0},{"not_picked":["Coolheaded+1","Wild Strike"],"picked":"Twin Strike","floor":48.0}],"player_experience":1320350,"relics_obtained":[{"floor":9.0,"key":"Happy Flower"},{"floor":26.0,"key":"Bag of Marbles"},{"floor":27.0,"key":"Vajra"},{"floor":34.0,"key":"Juzu Bracelet"},{"floor":34.0,"key":"Gremlin Horn"},{"floor":34.0,"key":"Tingsha"}],"event_choices":[{"damage_healed":0.0,"max_hp_gain":0.0,"max_hp_loss":0.0,"gold_gain":0.0,"event_name":"Golden Idol","player_choice":"Take Wound","floor":3.0,"gold_loss":0.0,"damage_taken":0.0,"relics_obtained":["Golden Idol"],"cards_obtained":["Injury"]},{"damage_healed":0.0,"max_hp_gain":0.0,"max_hp_loss":0.0,"gold_gain":150.0,"event_name":"Liars Game","player_choice":"AGREE","floor":5.0,"gold_loss":0.0,"damage_taken":0.0,"cards_obtained":["Doubt"]},{"damage_healed":0.0,"max_hp_gain":0.0,"max_hp_loss":0.0,"gold_gain":0.0,"event_name":"Addict","player_choice":"Stole Relic","floor":20.0,"gold_loss":0.0,"damage_taken":0.0,"relics_obtained":["Smiling Mask"],"cards_obtained":["Shame"]},{"damage_healed":0.0,"max_hp_gain":0.0,"max_hp_loss":0.0,"gold_gain":0.0,"event_name":"Vampires","player_choice":"Ignored","floor":21.0,"gold_loss":0.0,"damage_taken":0.0},{"damage_healed":0.0,"max_hp_gain":0.0,"max_hp_loss":0.0,"gold_gain":0.0,"event_name":"Match and Keep!","player_choice":"2 cards matched","floor":28.0,"gold_loss":0.0,"damage_taken":0.0,"cards_obtained":["Injury","Injury"]},{"damage_healed":0.0,"max_hp_gain":0.0,"max_hp_loss":0.0,"gold_gain":0.0,"event_name":"Beggar","player_choice":"Ignored","floor":31.0,"gold_loss":0.0,"damage_taken":0.0},{"damage_healed":0.0,"max_hp_gain":0.0,"max_hp_loss":0.0,"gold_gain":0.0,"event_name":"Tomb of Lord Red Mask","player_choice":"Ignored","floor":37.0,"gold_loss":0.0,"damage_taken":0.0},{"damage_healed":13.0,"max_hp_gain":0.0,"max_hp_loss":0.0,"gold_gain":0.0,"event_name":"Winding Halls","player_choice":"Writhe","floor":38.0,"gold_loss":0.0,"damage_taken":0.0,"cards_obtained":["Writhe"]},{"cards_removed":["Prepared"],"damage_healed":0.0,"max_hp_gain":0.0,"max_hp_loss":0.0,"gold_gain":0.0,"event_name":"Falling","player_choice":"Removed Skill","floor":41.0,"gold_loss":0.0,"damage_taken":0.0},{"damage_healed":54.0,"max_hp_gain":0.0,"max_hp_loss":12.0,"gold_gain":0.0,"event_name":"The Moai Head","player_choice":"Heal","floor":44.0,"gold_loss":0.0,"damage_taken":0.0},{"damage_healed":0.0,"max_hp_gain":0.0,"max_hp_loss":0.0,"gold_gain":0.0,"event_name":"Accursed Blacksmith","player_choice":"Forge","floor":46.0,"gold_loss":0.0,"damage_taken":0.0,"cards_upgraded":["Cloak And Dagger"]}],"is_beta":true,"boss_relics":[{"not_picked":["Eternal Feather","Runic Pyramid"],"picked":"Coffee Dripper"},{"not_picked":["White Beast Statue","Sozu"],"picked":"Calling Bell"}],"items_purged_floors":[4,8,22,39],"is_endless":false,"potions_floor_spawned":[1,2,6,10,12,27,33,35,48],"killed_by":"Awakened One","ascension_level":20}