{"gold_per_floor":[17,36,111,123,37,37,37,37,37,67,67,67,67,95,95,172,172,189,201,40,54,104,104,104,0,23,39,39,39],"floor_reached":29,"playtime":780,"items_purged":["Decay"],"score":608,"play_id":"3eeb576e-264e-4fb0-8a7d-6071ea92a7cb","local_time":"20190328152523","is_ascension_mode":true,"campfire_choices":[{"data":"Dualcast","floor":6.0,"key":"SMITH"},{"data":"Recycle","floor":8.0,"key":"SMITH"},{"data":"Multi-Cast","floor":11.0,"key":"SMITH"},{"data":"Rainbow","floor":15.0,"key":"SMITH"},{"data":"Loop","floor":23.0,"key":"SMITH"},{"data":"Buffer","floor":28,"key":"SMITH"}],"neow_cost":"NO_GOLD","seed_source_timestamp":14282525380112,"circlet_count":0,"master_deck":["AscendersBane","Strike_B","Defend_B","Defend_B","Defend_B","Defend_B","Zap","Dualcast+1","Rainbow+1","BootSequence","Ball Lightning","Multi-Cast+1","Recycle+1","White Noise","Buffer+1","Coolheaded","Loop+1","All For One","White Noise"],"special_seed":0,"relics":["Cracked Core","FossilizedHelix","Kunai","Sundial","Coffee Dripper","PreservedInsect"],"potions_floor_usage":[29],"damage_taken":[{"damage":0.0,"enemies":"2 Louse","floor":1.0,"turns":5.0},{"damage":0.0,"enemies":"Cultist","floor":2.0,"turns":3.0},{"damage":2.0,"enemies":"Jaw Worm","floor":4.0,"turns":3.0},{"damage":0.0,"enemies":"Lagavulin","floor":10.0,"turns":6.0},{"damage":18.0,"enemies":"Gremlin Nob","floor":14.0,"turns":4.0},{"damage":0.0,"enemies":"Hexaghost","floor":16.0,"turns":6.0},{"damage":15.0,"enemies":"3 Byrds","floor":18.0,"turns":5.0},{"damage":13.0,"enemies":"Chosen","floor":19.0,"turns":5.0},{"damage":15.0,"enemies":"Shelled Parasite and Fungi","floor":21.0,"turns":6.0},{"damage":12,"enemies":"Cultist and Chosen","floor":27,"turns":6},{"damage":22,"enemies":"Slavers","floor":29,"turns":4}],"seed_played":"-4525358974760938566","potions_obtained":[{"floor":2.0,"key":"Weak Potion"},{"floor":10.0,"key":"Explosive Potion"},{"floor":18.0,"key":"Dexterity Potion"},{"floor":19.0,"key":"Regen Potion"},{"floor":21.0,"key":"LiquidBronze"}],"is_trial":false,"path_per_floor":["M","M","?","M","$","R","?","R","T","E","R","$","?","E","R","B",null,"M","M","$","M","?","R","?","?","T","M","R","E"],"character_chosen":"DEFECT","items_purchased":["Recycle","All For One"],"campfire_rested":0,"item_purchase_floors":[5,20],"current_hp_per_floor":[64,64,53,51,51,51,44,44,44,44,44,44,44,26,26,26,60,45,32,32,32,32,32,32,32,32,20,20,0],"gold":39,"neow_bonus":"TRANSFORM_TWO_CARDS","is_prod":false,"is_daily":false,"chose_seed":false,"campfire_upgraded":6,"win_rate":0,"timestamp":1553757923,"path_taken":["M","M","?","M","$","R","?","R","T","E","R","$","?","E","R","BOSS","M","M","$","M","?","R","?","?","T","M","R","E"],"build_version":"2019-01-23","purchased_purges":1,"victory":false,"max_hp_per_floor":[71,71,71,71,71,71,71,71,71,71,71,71,71,71,71,71,71,71,71,71,71,71,71,71,71,71,71,71,71],"card_choices":[{"not_picked":["Cold Snap","Hologram"],"picked":"Ball Lightning","floor":1.0},{"not_picked":["Lockon","Conserve Battery","Go for the Eyes"],"picked":"SKIP","floor":2.0},{"not_picked":["Redo","FTL"],"picked":"Multi-Cast","floor":4.0},{"not_picked":["Steam","Auto Shields","Heatsinks"],"picked":"SKIP","floor":10.0},{"not_picked":["Leap","Sunder"],"picked":"White Noise","floor":14.0},{"not_picked":["Creative AI","Reboot"],"picked":"Buffer","floor":16.0},{"not_picked":["Stack","Conserve Battery"],"picked":"Coolheaded","floor":18.0},{"not_picked":["Rebound","Barrage"],"picked":"Loop","floor":19.0},{"not_picked":["Force Field","All For One"],"picked":"White Noise","floor":21.0},{"not_picked":["Beam Cell","Ball Lightning","Loop"],"picked":"SKIP","floor":27}],"player_experience":3925140,"relics_obtained":[{"floor":9.0,"key":"FossilizedHelix"},{"floor":10.0,"key":"Kunai"},{"floor":14.0,"key":"Sundial"},{"floor":26,"key":"PreservedInsect"}],"event_choices":[{"damage_healed":0.0,"max_hp_gain":0.0,"max_hp_loss":0.0,"gold_gain":75.0,"event_name":"World of Goop","player_choice":"Gather Gold","floor":3.0,"gold_loss":0.0,"damage_taken":11.0},{"cards_removed":["Strike_B"],"damage_healed":0.0,"max_hp_gain":0.0,"max_hp_loss":0.0,"gold_gain":0.0,"event_name":"Golden Wing","player_choice":"Card Removal","floor":7.0,"gold_loss":0.0,"damage_taken":7.0},{"damage_healed":0.0,"max_hp_gain":0.0,"max_hp_loss":0.0,"gold_gain":0.0,"event_name":"Wheel of Change","player_choice":"Cursed","floor":13.0,"gold_loss":0.0,"damage_taken":0.0,"cards_obtained":["Decay"]},{"damage_healed":0.0,"max_hp_gain":0.0,"max_hp_loss":0.0,"gold_gain":50.0,"event_name":"Nest","player_choice":"Stole From Cult","floor":22.0,"gold_loss":0.0,"damage_taken":0.0},{"damage_healed":0.0,"max_hp_gain":0.0,"max_hp_loss":0.0,"gold_gain":0.0,"event_name":"Cursed Tome","player_choice":"Ignored","floor":24.0,"gold_loss":0.0,"damage_taken":0.0},{"damage_healed":0,"gold_gain":0,"player_choice":"Paid Fearfully","damage_taken":0,"max_hp_gain":0,"max_hp_loss":0,"event_name":"Masked Bandits","floor":25,"gold_loss":104}],"is_beta":false,"boss_relics":[{"not_picked":["Ectoplasm","Fusion Hammer"],"picked":"Coffee Dripper"}],"items_purged_floors":[20],"is_endless":false,"potions_floor_spawned":[2,10,18,19,21,27],"killed_by":"Slavers","ascension_level":20}