{"gold_per_floor":[117,133,133,153,228,228,293,293,344,344,344,357,369,13,13,108,108,108,108,108,108,108,108,58,58,58,8,8,8,8,8,8,8,8,8,8,8,8,8,8,0,0,0,0,0,0,0,0,0,0],"floor_reached":51,"playtime":1633,"items_purged":["Strike_B","Strike_B","Strike_B"],"score":785,"play_id":"cab29828-a97f-46d1-8e19-a63c00975407","local_time":"20190616225627","is_ascension_mode":false,"campfire_choices":[{"data":"Zap","floor":6.0,"key":"SMITH"},{"data":"Dualcast","floor":8.0,"key":"SMITH"},{"data":"White Noise","floor":11.0,"key":"SMITH"},{"data":"Streamline","floor":15.0,"key":"SMITH"},{"data":"Recycle","floor":23,"key":"SMITH"},{"data":"Skim","floor":28,"key":"SMITH"},{"data":"Skim","floor":30,"key":"SMITH"},{"data":"Reboot","floor":32,"key":"SMITH"},{"data":"Thunder Strike","floor":40,"key":"SMITH"},{"data":"Seek","floor":46,"key":"SMITH"},{"data":"All For One","floor":49,"key":"SMITH"}],"neow_cost":"NONE","seed_source_timestamp":53849235192067,"circlet_count":0,"master_deck":["Strike_B","Defend_B","Defend_B","Defend_B+1","Zap+1","Dualcast+1","Reinforced Body+1","Self Repair","White Noise+1","Streamline+1","Reboot+1","Skim+1","Recycle+1","Thunder Strike+1","Skim+1","Redo+1","All For One","Seek+1","All For One+1"],"special_seed":0,"relics":["Cracked Core","Pen Nib","Smiling Mask","Potion Belt","War Paint","Ectoplasm","Centennial Puzzle","Kunai","Sozu","Turnip","Red Mask","Bag of Marbles","Frozen Egg 2"],"potions_floor_usage":[50],"damage_taken":[{"damage":0.0,"enemies":"2 Louse","floor":1.0,"turns":2.0},{"damage":1.0,"enemies":"Jaw Worm","floor":2.0,"turns":3.0},{"damage":2.0,"enemies":"Cultist","floor":4.0,"turns":4.0},{"damage":36.0,"enemies":"Gremlin Nob","floor":7.0,"turns":6.0},{"damage":0.0,"enemies":"Looter","floor":12.0,"turns":2.0},{"damage":8.0,"enemies":"Red Slaver","floor":13.0,"turns":2.0},{"damage":14.0,"enemies":"The Guardian","floor":16.0,"turns":9.0},{"damage":12.0,"enemies":"Shell Parasite","floor":18.0,"turns":5.0},{"damage":0.0,"enemies":"Chosen","floor":20.0,"turns":3.0},{"damage":23.0,"enemies":"3 Cultists","floor":21.0,"turns":6.0},{"damage":55,"enemies":"Book of Stabbing","floor":25,"turns":6},{"damage":13,"enemies":"Shelled Parasite and Fungi","floor":29,"turns":5},{"damage":3,"enemies":"Centurion and Healer","floor":31,"turns":3},{"damage":31,"enemies":"Collector","floor":33,"turns":6},{"damage":0,"enemies":"3 Shapes","floor":35,"turns":2},{"damage":0,"enemies":"3 Darklings","floor":37,"turns":2},{"damage":0,"enemies":"Mind Bloom Boss Battle","floor":38,"turns":2},{"damage":29,"enemies":"Jaw Worm Horde","floor":39,"turns":2},{"damage":2,"enemies":"4 Shapes","floor":45,"turns":3},{"damage":0,"enemies":"Writhing Mass","floor":47,"turns":2},{"damage":0,"enemies":"Giant Head","floor":48,"turns":3},{"damage":0,"enemies":"Donu and Deca","floor":50,"turns":3}],"seed_played":"1670223090837820578","potions_obtained":[{"floor":2.0,"key":"Energy Potion"},{"floor":4.0,"key":"FearPotion"},{"floor":12.0,"key":"SteroidPotion"},{"floor":25,"key":"SteroidPotion"},{"floor":29,"key":"Fire Potion"}],"is_trial":false,"path_per_floor":["M","M","?","M","?","R","?","R","T","T","R","M","M","$","R","B",null,"M","?","M","M","?","R","$","E","T","$","R","M","R","M","R","B",null,"M","?","M","?","M","R","?","?","T","$","M","R","M","E","R","B",null],"character_chosen":"DEFECT","items_purchased":["Skim","Recycle","War Paint"],"campfire_rested":0,"item_purchase_floors":[14,14,14],"current_hp_per_floor":[82,81,86,87,76,76,47,47,47,47,47,54,53,53,53,46,87,82,82,87,71,87,87,87,39,39,39,39,33,33,37,37,13,87,87,87,87,87,65,65,65,65,65,65,70,70,77,83,83,83],"gold":0,"neow_bonus":"TEN_PERCENT_HP_BONUS","is_prod":false,"is_daily":false,"chose_seed":false,"campfire_upgraded":11,"win_rate":0,"timestamp":1560696987,"path_taken":["M","M","?","M","?","R","?","R","T","?","R","?","M","$","R","BOSS","M","?","M","?","?","R","$","E","T","$","R","M","R","M","R","BOSS","M","?","M","?","M","R","?","?","T","?","M","R","M","E","R","BOSS"],"build_version":"2019-01-23","purchased_purges":3,"victory":true,"max_hp_per_floor":[82,82,87,87,87,87,87,87,87,87,87,87,87,87,87,87,87,87,87,87,87,87,87,87,87,87,87,87,87,87,87,87,87,87,87,87,87,87,87,87,87,83,83,83,83,83,83,83,83,83],"card_choices":[{"not_picked":["Leap","Hello World"],"picked":"Reinforced Body","floor":1.0},{"not_picked":["Auto Shields","Compile Driver"],"picked":"Self Repair","floor":2.0},{"not_picked":["Turbo","Aggregate","Sweeping Beam"],"picked":"SKIP","floor":4.0},{"not_picked":["Go for the Eyes","Hologram"],"picked":"White Noise","floor":7.0},{"not_picked":["Redo","Rebound"],"picked":"Streamline","floor":12.0},{"not_picked":["Leap","Go for the Eyes"],"picked":"Reboot","floor":13.0},{"not_picked":["Multi-Cast","Reboot"],"picked":"Thunder Strike","floor":16.0},{"not_picked":["Leap+1","Aggregate","Doom and Gloom"],"picked":"SKIP","floor":18.0},{"not_picked":["Sweeping Beam","Compile Driver","Coolheaded"],"picked":"SKIP","floor":20.0},{"not_picked":["Beam Cell+1","FTL","Streamline"],"picked":"SKIP","floor":21.0},{"not_picked":["Beam Cell","Glacier+1"],"picked":"Redo+1","floor":25},{"not_picked":["All For One","Sweeping Beam+1","Compile Driver"],"picked":"SKIP","floor":29},{"not_picked":["Sweeping Beam+1","Compile Driver"],"picked":"All For One","floor":29},{"not_picked":["Lockon","BootSequence+1","Sweeping Beam+1"],"picked":"SKIP","floor":31},{"not_picked":["Core Surge","Buffer"],"picked":"Seek","floor":33},{"not_picked":["Static Discharge","Conserve Battery","Go for the Eyes"],"picked":"SKIP","floor":35},{"not_picked":["Redo","Darkness","Genetic Algorithm"],"picked":"SKIP","floor":37},{"not_picked":["Hologram+1","Coolheaded+1","Double Energy"],"picked":"SKIP","floor":39},{"not_picked":["Go for the Eyes+1","Steam","Storm"],"picked":"SKIP","floor":45},{"not_picked":["Cold Snap","Conserve Battery+1"],"picked":"All For One","floor":47},{"not_picked":["Sweeping Beam+1","Melter+1","Hologram"],"picked":"SKIP","floor":48}],"player_experience":5330420,"relics_obtained":[{"floor":7.0,"key":"Pen Nib"},{"floor":9.0,"key":"Smiling Mask"},{"floor":10.0,"key":"Potion Belt"},{"floor":25,"key":"Centennial Puzzle"},{"floor":26,"key":"Kunai"},{"floor":38,"key":"Turnip"},{"floor":43,"key":"Bag of Marbles"},{"floor":48,"key":"Frozen Egg 2"}],"event_choices":[{"damage_healed":0.0,"max_hp_gain":5.0,"max_hp_loss":0.0,"gold_gain":0.0,"event_name":"Big Fish","player_choice":"Donut","floor":3.0,"gold_loss":0.0,"damage_taken":0.0},{"damage_healed":0.0,"max_hp_gain":0.0,"max_hp_loss":0.0,"gold_gain":75.0,"event_name":"World of Goop","player_choice":"Gather Gold","floor":5.0,"gold_loss":0.0,"damage_taken":11.0},{"damage_healed":0.0,"max_hp_gain":0.0,"max_hp_loss":0.0,"gold_gain":30.0,"event_name":"Dead Adventurer","player_choice":"Searched \u00273\u0027 times","floor":7.0,"gold_loss":0.0,"damage_taken":0.0},{"damage_healed":0.0,"max_hp_gain":0.0,"max_hp_loss":0.0,"gold_gain":0.0,"event_name":"Duplicator","player_choice":"Copied","floor":19.0,"gold_loss":0.0,"damage_taken":0.0,"cards_obtained":["Skim"]},{"damage_healed":29,"gold_gain":0,"player_choice":"Heal","damage_taken":0,"max_hp_gain":0,"max_hp_loss":0,"event_name":"The Library","floor":22,"gold_loss":0},{"cards_removed":["Defend_B"],"damage_healed":0,"gold_gain":0,"player_choice":"Removed Skill","damage_taken":0,"max_hp_gain":0,"max_hp_loss":0,"event_name":"Falling","floor":36,"gold_loss":0},{"damage_healed":0,"gold_gain":0,"player_choice":"Fight","damage_taken":0,"max_hp_gain":0,"max_hp_loss":0,"event_name":"MindBloom","floor":38,"gold_loss":0},{"damage_healed":0,"gold_gain":0,"player_choice":"Paid","damage_taken":0,"relics_obtained":["Red Mask"],"max_hp_gain":0,"max_hp_loss":0,"event_name":"Tomb of Lord Red Mask","floor":41,"gold_loss":8},{"damage_healed":0,"gold_gain":0,"player_choice":"Max HP","damage_taken":0,"max_hp_gain":0,"max_hp_loss":4,"event_name":"Winding Halls","floor":42,"gold_loss":0}],"is_beta":false,"boss_relics":[{"not_picked":["Velvet Choker","Calling Bell"],"picked":"Ectoplasm"},{"not_picked":["Busted Crown","Philosopher\u0027s Stone"],"picked":"Sozu"}],"items_purged_floors":[14,24,27],"is_endless":false,"potions_floor_spawned":[2,4,12,25,29,31,33,39,47,48],"ascension_level":0}