{"gold_per_floor":[112,112,123,140,160,160,194,194,269,269,269,344,359,402,402,402],"floor_reached":16,"playtime":336,"items_purged":[],"score":220,"play_id":"9394afb6-604b-4b3d-999e-3a2340fd513f","local_time":"20190531122420","is_ascension_mode":true,"campfire_choices":[{"data":"Fiend Fire","floor":6,"key":"SMITH"},{"data":"True Grit","floor":8,"key":"SMITH"},{"data":"Flex","floor":10,"key":"SMITH"},{"data":"Bash","floor":15,"key":"SMITH"}],"neow_cost":"TEN_PERCENT_HP_LOSS","seed_source_timestamp":92542116991931,"circlet_count":0,"master_deck":["AscendersBane","Strike_R","Strike_R","Strike_R","Strike_R","Strike_R","Defend_R","Defend_R+1","Defend_R+1","Defend_R","Bash+1","Fiend Fire+1","Flex+1","True Grit+1","Feel No Pain"],"special_seed":0,"relics":["Burning Blood","Charon\u0027s Ashes","Ginger","Singing Bowl","Golden Idol","War Paint"],"potions_floor_usage":[13,14,16],"damage_taken":[{"damage":7.0,"enemies":"Small Slimes","floor":1.0,"turns":4.0},{"damage":2,"enemies":"Jaw Worm","floor":3,"turns":2},{"damage":1,"enemies":"Cultist","floor":4,"turns":3},{"damage":13,"enemies":"Blue Slaver","floor":5,"turns":2},{"damage":8,"enemies":"Gremlin Nob","floor":7,"turns":3},{"damage":11,"enemies":"Exordium Thugs","floor":13,"turns":3},{"damage":7,"enemies":"3 Sentries","floor":14,"turns":5},{"damage":32,"enemies":"Slime Boss","floor":16,"turns":6}],"seed_played":"-7200860213213872554","potions_obtained":[{"floor":1.0,"key":"Regen Potion"},{"floor":5,"key":"Dexterity Potion"},{"floor":13,"key":"SpeedPotion"},{"floor":14,"key":"SkillPotion"}],"is_trial":false,"path_per_floor":["M","?","M","M","M","R","E","R","T","R","?","?","M","E","R","B"],"character_chosen":"IRONCLAD","items_purchased":[],"campfire_rested":0,"item_purchase_floors":[],"current_hp_per_floor":[67,67,68,68,61,61,59,59,59,59,36,25,31,32,32,0],"gold":402,"neow_bonus":"ONE_RARE_RELIC","is_prod":false,"is_daily":false,"chose_seed":false,"campfire_upgraded":4,"win_rate":0,"timestamp":1559276660,"path_taken":["M","?","M","M","M","R","E","R","T","R","?","?","M","E","R","BOSS"],"build_version":"2019-01-23","purchased_purges":0,"victory":false,"max_hp_per_floor":[68,68,68,68,68,68,68,68,68,68,68,68,70,72,72,72],"card_choices":[{"not_picked":["Dropkick","Pommel Strike"],"picked":"Burning Pact","floor":1.0},{"not_picked":["Clothesline","Wild Strike"],"picked":"Flex","floor":3},{"not_picked":["Bloodletting","Blood for Blood","Iron Wave"],"picked":"SKIP","floor":4},{"not_picked":["Sword Boomerang","Iron Wave"],"picked":"True Grit","floor":5},{"not_picked":["True Grit","Flex"],"picked":"Feel No Pain","floor":7},{"not_picked":["Heavy Blade","Fire Breathing","Rupture"],"picked":"Singing Bowl","floor":13},{"not_picked":["Pommel Strike","Hemokinesis","Heavy Blade"],"picked":"Singing Bowl","floor":14}],"player_experience":4943775,"relics_obtained":[{"floor":7,"key":"Ginger"},{"floor":9,"key":"Singing Bowl"},{"floor":14,"key":"War Paint"}],"event_choices":[{"damage_healed":0,"gold_gain":0,"cards_transformed":["Burning Pact"],"player_choice":"Change","damage_taken":0,"max_hp_gain":0,"max_hp_loss":0,"event_name":"Living Wall","floor":2,"gold_loss":0,"cards_obtained":["Fiend Fire"]},{"damage_healed":0,"gold_gain":0,"player_choice":"Take Damage","damage_taken":23,"relics_obtained":["Golden Idol"],"max_hp_gain":0,"max_hp_loss":0,"event_name":"Golden Idol","floor":11,"gold_loss":0},{"damage_healed":0,"gold_gain":75,"player_choice":"Gather Gold","damage_taken":11,"max_hp_gain":0,"max_hp_loss":0,"event_name":"World of Goop","floor":12,"gold_loss":0}],"is_beta":false,"boss_relics":[],"items_purged_floors":[],"is_endless":false,"potions_floor_spawned":[1,5,13,14],"killed_by":"Slime Boss","ascension_level":20}