{"gold_per_floor":[118,68,343,20,33,33,61,81,107,107,107,121,121,149,149,251,251,267,281,281,281,381,381,281,281,281,293,322,334,371,180,180,285,285,298,148,148,148,160,160,160,171,219,44,44,56,82,99,99,99],"floor_reached":51,"playtime":1345,"items_purged":["Regret","Zap","Defend_B","Defend_B","Ball Lightning"],"score":824,"play_id":"34108487-8884-486a-9be7-70f0c5530b93","local_time":"20190612163126","is_ascension_mode":false,"campfire_choices":[{"data":"Doom and Gloom","floor":6,"key":"SMITH"},{"data":"Redo","floor":11,"key":"SMITH"},{"data":"Dualcast","floor":13,"key":"SMITH"},{"data":"Buffer","floor":15,"key":"SMITH"},{"data":"Buffer","floor":23,"key":"SMITH"},{"floor":25,"key":"DIG"},{"floor":27,"key":"DIG"},{"floor":29,"key":"DIG"},{"data":"Darkness","floor":32,"key":"SMITH"},{"data":"Impatience","floor":40,"key":"SMITH"},{"data":"Loop","floor":45,"key":"SMITH"},{"data":"Reboot","floor":49,"key":"SMITH"}],"neow_cost":"NONE","seed_source_timestamp":21012112187325,"circlet_count":0,"master_deck":["Dualcast+1","Doom and Gloom+1","Redo+1","Buffer+1","Buffer+1","Undo+1","Undo+1","Redo+1","Darkness+1","Reboot+1","Loop+1","Impatience+1","Recycle+1","Darkness+1"],"relics":["Cracked Core","Cables","Vajra","Centennial Puzzle","Bag of Marbles","Nuclear Battery","Shovel","Symbiotic Virus","Shuriken","MawBank","Strawberry","Matryoshka","Pantograph","Empty Cage","Blood Vial","Oddly Smooth Stone","Kunai"],"potions_floor_usage":[30],"damage_taken":[{"damage":0,"enemies":"2 Louse","floor":1,"turns":2},{"damage":1,"enemies":"Jaw Worm","floor":5,"turns":3},{"damage":17,"enemies":"3 Sentries","floor":7,"turns":5},{"damage":1,"enemies":"Cultist","floor":8,"turns":3},{"damage":0,"enemies":"2 Fungi Beasts","floor":12,"turns":1},{"damage":3,"enemies":"Lagavulin","floor":14,"turns":6},{"damage":41,"enemies":"The Guardian","floor":16,"turns":8},{"damage":2,"enemies":"Shell Parasite","floor":18,"turns":5},{"damage":0,"enemies":"Chosen","floor":19,"turns":3},{"damage":0,"enemies":"Colosseum Slavers","floor":22,"turns":4},{"damage":7,"enemies":"Colosseum Nobs","floor":22,"turns":3},{"damage":0,"enemies":"Centurion and Healer","floor":28,"turns":4},{"damage":0,"enemies":"Gremlin Leader","floor":30,"turns":5},{"damage":0,"enemies":"Automaton","floor":33,"turns":7},{"damage":0,"enemies":"3 Darklings","floor":35,"turns":2},{"damage":3,"enemies":"3 Shapes","floor":39,"turns":1},{"damage":0,"enemies":"Jaw Worm Horde","floor":42,"turns":2},{"damage":0,"enemies":"Sphere and 2 Shapes","floor":46,"turns":3},{"damage":0,"enemies":"Giant Head","floor":47,"turns":4},{"damage":0,"enemies":"4 Shapes","floor":48,"turns":1},{"damage":32,"enemies":"Awakened One","floor":50,"turns":5}],"seed_played":"-2076839416711039365","potions_obtained":[{"floor":8,"key":"Ancient Potion"},{"floor":16,"key":"Swift Potion"},{"floor":18,"key":"Ancient Potion"},{"floor":30,"key":"Explosive Potion"},{"floor":35,"key":"FocusPotion"},{"floor":39,"key":"Ancient Potion"}],"is_trial":false,"path_per_floor":["M","?","?","$","M","R","E","M","T","?","R","M","R","E","R","B",null,"M","M","?","?","?","R","$","R","T","R","M","R","E","$","R","B",null,"M","$","?","?","M","R","?","M","T","$","R","M","E","M","R","B",null],"character_chosen":"DEFECT","items_purchased":["Cables","Darkness"],"campfire_rested":0,"item_purchase_floors":[4,31],"current_hp_per_floor":[75,75,75,75,74,74,57,56,56,56,56,56,56,53,53,12,75,73,73,59,59,52,52,52,52,52,59,59,59,59,59,59,84,87,87,87,87,77,74,74,74,74,74,74,74,76,78,80,80,51],"gold":99,"neow_bonus":"REMOVE_CARD","is_prod":false,"is_daily":false,"chose_seed":false,"campfire_upgraded":9,"win_rate":0,"timestamp":1560328286,"path_taken":["M","?","?","$","M","R","E","?","T","?","R","M","R","E","R","BOSS","M","M","?","?","?","R","$","R","T","R","M","R","E","$","R","BOSS","M","$","?","?","M","R","?","M","T","$","R","M","E","?","R","BOSS"],"build_version":"2019-01-23","purchased_purges":5,"victory":true,"max_hp_per_floor":[75,75,75,75,75,75,75,75,75,75,75,75,75,75,75,75,75,75,75,80,80,80,80,80,80,80,87,87,87,87,87,87,87,87,87,87,87,87,87,87,83,83,83,83,83,83,83,83,83,83],"card_choices":[{"not_picked":["Rebound","Self Repair"],"picked":"Doom and Gloom","floor":1},{"not_picked":["Steam","Leap"],"picked":"Redo","floor":5},{"not_picked":["Go for the Eyes","Doom and Gloom"],"picked":"Buffer","floor":7},{"not_picked":["Conserve Battery","Compile Driver","Beam Cell"],"picked":"SKIP","floor":8},{"not_picked":["Coolheaded","Go for the Eyes","Conserve Battery"],"picked":"SKIP","floor":12},{"not_picked":["Beam Cell","Scrape","Rebound"],"picked":"SKIP","floor":14},{"not_picked":["Seek","Hyperbeam"],"picked":"Buffer","floor":16},{"not_picked":["Streamline","Aggregate"],"picked":"Undo+1","floor":18},{"not_picked":["Hello World","Redo"],"picked":"Undo+1","floor":19},{"not_picked":["Streamline+1","Heatsinks"],"picked":"Redo+1","floor":22},{"not_picked":["Steam","Reinforced Body","Conserve Battery"],"picked":"SKIP","floor":28},{"not_picked":["Leap+1","Compile Driver","Streamline"],"picked":"SKIP","floor":30},{"not_picked":["Meteor Strike","Thunder Strike"],"picked":"Reboot","floor":33},{"not_picked":["Defragment","Steam+1"],"picked":"Loop","floor":35},{"not_picked":["Sadistic Nature","Jack Of All Trades"],"picked":"Impatience","floor":38},{"not_picked":["Stack","Conserve Battery+1"],"picked":"Recycle+1","floor":39},{"not_picked":["Auto Shields+1","Aggregate","Steam"],"picked":"SKIP","floor":42},{"not_picked":["Leap","Gash","Sweeping Beam+1"],"picked":"SKIP","floor":46},{"not_picked":["Conserve Battery","Turbo+1"],"picked":"Darkness+1","floor":47},{"not_picked":["BootSequence","Tempest","Scrape"],"picked":"SKIP","floor":48}],"player_experience":5106405,"relics_obtained":[{"floor":7,"key":"Vajra"},{"floor":9,"key":"Centennial Puzzle"},{"floor":14,"key":"Bag of Marbles"},{"floor":22,"key":"Shovel"},{"floor":22,"key":"Symbiotic Virus"},{"floor":25,"key":"Shuriken"},{"floor":26,"key":"MawBank"},{"floor":27,"key":"Strawberry"},{"floor":29,"key":"Matryoshka"},{"floor":30,"key":"Pantograph"},{"floor":43,"key":"Blood Vial"},{"floor":43,"key":"Oddly Smooth Stone"},{"floor":47,"key":"Kunai"}],"event_choices":[{"cards_removed":["Strike_B"],"damage_healed":0,"gold_gain":0,"player_choice":"Card Removal","damage_taken":0,"max_hp_gain":0,"max_hp_loss":0,"event_name":"The Cleric","floor":2,"gold_loss":50},{"damage_healed":0,"gold_gain":275,"player_choice":"Desecrate","damage_taken":0,"max_hp_gain":0,"max_hp_loss":0,"event_name":"Golden Shrine","floor":3,"gold_loss":0,"cards_obtained":["Regret"]},{"damage_healed":0,"gold_gain":0,"player_choice":"Bought 0 Potions","damage_taken":0,"max_hp_gain":0,"max_hp_loss":0,"event_name":"The Woman in Blue","floor":10,"gold_loss":0},{"damage_healed":0,"gold_gain":0,"player_choice":"Shed Blood","damage_taken":19,"max_hp_gain":5,"max_hp_loss":0,"event_name":"Forgotten Altar","floor":20,"gold_loss":0},{"damage_healed":0,"gold_gain":0,"cards_transformed":["Strike_B","Strike_B"],"player_choice":"Became Test Subject","damage_taken":0,"max_hp_gain":0,"max_hp_loss":0,"event_name":"Drug Dealer","floor":21,"gold_loss":0,"cards_obtained":["Ball Lightning","Sweeping Beam"]},{"damage_healed":0,"gold_gain":0,"player_choice":"Fight","damage_taken":0,"max_hp_gain":0,"max_hp_loss":0,"event_name":"Colosseum","floor":22,"gold_loss":0},{"damage_healed":0,"gold_gain":0,"player_choice":"Fought Nobs","damage_taken":0,"max_hp_gain":0,"max_hp_loss":0,"event_name":"Colosseum","floor":22,"gold_loss":0},{"cards_removed":["Sweeping Beam"],"damage_healed":0,"gold_gain":0,"player_choice":"Removed Attack","damage_taken":0,"max_hp_gain":0,"max_hp_loss":0,"event_name":"Falling","floor":37,"gold_loss":0},{"damage_healed":0,"gold_gain":0,"player_choice":"Memory 3","damage_taken":10,"max_hp_gain":0,"max_hp_loss":0,"event_name":"SensoryStone","floor":38,"gold_loss":0},{"damage_healed":0,"gold_gain":0,"player_choice":"Max HP","damage_taken":0,"max_hp_gain":0,"max_hp_loss":4,"event_name":"Winding Halls","floor":41,"gold_loss":0}],"is_beta":false,"boss_relics":[{"not_picked":["Fusion Hammer","FrozenCore"],"picked":"Nuclear Battery"},{"not_picked":["Orrery","Coffee Dripper"],"picked":"Empty Cage"}],"items_purged_floors":[4,24,31,36,44],"is_endless":false,"potions_floor_spawned":[8,16,18,19,30,35,39],"ascension_level":0}