{"gold_per_floor":[362,362,362,142,142,142,154,154,154,154,189,207,221,278,278,380,430,447,144,155,30,45,45,63,63,63,63,76,95,95,106,106,205,205,220,70,82,97,117,117,127,127,127,127,127,127,31,45,45,45],"floor_reached":51,"playtime":2834,"items_purged":["Strike_G","Strike_G","Strike_G","Strike_G"],"score":699,"play_id":"d429c542-1481-4317-b8c4-e178459edeb6","local_time":"20181023224648","is_ascension_mode":false,"campfire_choices":[{"data":"Blind","floor":6.0,"key":"SMITH"},{"data":"Neutralize","floor":8.0,"key":"SMITH"},{"data":"Survivor","floor":10.0,"key":"SMITH"},{"data":"Catalyst","floor":15.0,"key":"SMITH"},{"data":"Night Terror","floor":23.0,"key":"SMITH"},{"data":"Catalyst","floor":27.0,"key":"SMITH"},{"data":"Bullet Time","floor":30.0,"key":"SMITH"},{"floor":32,"key":"REST"},{"data":"Bloodletting","floor":40,"key":"SMITH"},{"data":"Footwork","floor":44,"key":"SMITH"},{"data":"PiercingWail","floor":49,"key":"SMITH"}],"neow_cost":"TEN_PERCENT_HP_LOSS","seed_source_timestamp":45758359269648,"circlet_count":0,"master_deck":["Defend_G+1","Defend_G+1","Defend_G+1","Defend_G+1","Defend_G+1","Strike_G+1","Survivor+1","Neutralize+1","Catalyst+1","Blind+1","Sucker Punch+1","All Out Attack+1","Deadly Poison+1","Night Terror+1","Bullet Time+1","Backflip+1","Catalyst+1","Flame Barrier+1","Blur+1","Ball Lightning+1","Footwork+1","Dark Embrace+1","Deflect+1","Purity+1","Electrodynamics+1","Capacitor+1","Conserve Battery+1","Bloodletting+1","Dual Wield+1","Purity+1","Finesse+1","PanicButton+1","PiercingWail+1"],"special_seed":0,"relics":["Ring of the Snake","Potion Belt","Molten Egg 2","Bottled Flame","Letter Opener","Thread and Needle","Tiny House","PrismaticShard","Gremlin Horn","Runic Pyramid","Darkstone Periapt","Mark of the Bloom"],"potions_floor_usage":[33,41,50,50,50,50,50,50,50,50,50],"damage_taken":[{"damage":0.0,"enemies":"Small Slimes","floor":1.0,"turns":3.0},{"damage":1.0,"enemies":"Cultist","floor":7.0,"turns":5.0},{"damage":26.0,"enemies":"3 Sentries","floor":11.0,"turns":14.0},{"damage":5.0,"enemies":"Jaw Worm","floor":12.0,"turns":4.0},{"damage":1.0,"enemies":"Red Slaver","floor":13.0,"turns":3.0},{"damage":0.0,"enemies":"3 Sentries","floor":14.0,"turns":4.0},{"damage":2.0,"enemies":"Hexaghost","floor":16.0,"turns":9.0},{"damage":6.0,"enemies":"2 Thieves","floor":18.0,"turns":4.0},{"damage":0.0,"enemies":"Spheric Guardian","floor":20.0,"turns":3.0},{"damage":1.0,"enemies":"3 Cultists","floor":22.0,"turns":6.0},{"damage":6.0,"enemies":"Snake Plant","floor":24.0,"turns":6.0},{"damage":0.0,"enemies":"Snecko","floor":28.0,"turns":3.0},{"damage":9.0,"enemies":"Cultist and Chosen","floor":29.0,"turns":9.0},{"damage":8,"enemies":"Centurion and Healer","floor":31,"turns":5},{"damage":32,"enemies":"Collector","floor":33,"turns":7},{"damage":0,"enemies":"3 Darklings","floor":35,"turns":5},{"damage":0,"enemies":"3 Shapes","floor":37,"turns":4},{"damage":8,"enemies":"Jaw Worm Horde","floor":38,"turns":4},{"damage":0,"enemies":"Maw","floor":39,"turns":10},{"damage":12,"enemies":"Writhing Mass","floor":41,"turns":5},{"damage":4,"enemies":"3 Darklings","floor":48,"turns":2},{"damage":3,"enemies":"Awakened One","floor":50,"turns":18}],"seed_played":"-1174822120655788724","potions_obtained":[{"floor":1.0,"key":"GamblersBrew"},{"floor":3.0,"key":"Strength Potion"},{"floor":3.0,"key":"Strength Potion"},{"floor":14.0,"key":"Poison Potion"},{"floor":17.0,"key":"EntropicBrew"},{"floor":20.0,"key":"Dexterity Potion"},{"floor":29.0,"key":"Energy Potion"},{"floor":33,"key":"EssenceOfSteel"},{"floor":37,"key":"Strength Potion"},{"floor":38,"key":"SpeedPotion"},{"floor":41,"key":"EssenceOfSteel"}],"is_trial":false,"path_per_floor":["M","?","?","$","?","R","M","R","T","R","E","M","M","?","R","B",null,"M","$","M","$","M","R","M","?","T","R","M","M","R","M","R","B",null,"M","$","M","M","M","R","M","?","T","R","?","?","$","M","R","B"],"character_chosen":"THE_SILENT","items_purchased":["Potion Belt","PrismaticShard","Dexterity Potion","PiercingWail"],"campfire_rested":1,"item_purchase_floors":[4,19,47,47],"current_hp_per_floor":[63,63,63,63,45,45,44,44,44,44,18,13,12,12,12,10,68,62,62,62,62,61,61,55,55,55,55,55,46,46,38,58,26,68,68,68,68,60,60,60,48,48,48,48,38,38,38,34,34,31],"gold":45,"neow_bonus":"TWO_FIFTY_GOLD","is_prod":false,"is_daily":false,"chose_seed":false,"campfire_upgraded":10,"win_rate":0,"timestamp":1540306008,"path_taken":["M","?","?","$","?","R","M","R","T","R","E","M","?","?","R","BOSS","M","$","M","$","M","R","M","?","T","R","M","M","R","M","R","BOSS","M","$","M","M","?","R","M","?","T","R","?","?","$","?","R","BOSS"],"build_version":"2018-10-18","purchased_purges":4,"victory":true,"max_hp_per_floor":[63,63,63,63,63,63,63,63,63,63,63,63,63,63,63,63,68,68,68,68,68,68,68,68,68,68,68,68,68,68,68,68,68,68,68,68,68,68,68,68,68,68,68,68,68,68,68,68,68,68],"card_choices":[{"not_picked":["PiercingWail","Infinite Blades"],"picked":"Catalyst","floor":1.0},{"not_picked":["Cloak And Dagger","Concentrate"],"picked":"Sucker Punch+1","floor":7.0},{"not_picked":["Backflip","Infinite Blades"],"picked":"All Out Attack+1","floor":11.0},{"not_picked":["Calculated Gamble","Distraction","Endless Agony+1"],"picked":"SKIP","floor":12.0},{"not_picked":["Dagger Throw+1","Dodge and Roll"],"picked":"Deadly Poison","floor":13.0},{"not_picked":["Endless Agony+1","Dagger Spray+1"],"picked":"Night Terror","floor":14.0},{"not_picked":["Die Die Die+1","Envenom"],"picked":"Bullet Time","floor":16.0},{"not_picked":["Outmaneuver","Deflect"],"picked":"Backflip","floor":17.0},{"not_picked":["PiercingWail","Flying Knee+1"],"picked":"Catalyst","floor":18.0},{"not_picked":["Flying Knee+1","Outmaneuver"],"picked":"Flame Barrier","floor":20.0},{"not_picked":["Flying Knee+1","Sentinel"],"picked":"Blur+1","floor":22.0},{"not_picked":["Clash+1","Beam Cell+1"],"picked":"Ball Lightning+1","floor":24.0},{"not_picked":["Redo+1","Wild Strike+1"],"picked":"Dark Embrace","floor":28.0},{"not_picked":["Distraction+1","Havoc"],"picked":"Deflect","floor":29.0},{"not_picked":["Stack","Poisoned Stab+1"],"picked":"Purity","floor":31},{"not_picked":["Metamorphosis","Fission"],"picked":"Electrodynamics","floor":33},{"not_picked":["Flying Knee+1","Compile Driver+1"],"picked":"Body Slam+1","floor":35},{"not_picked":["Sword Boomerang+1","Perfected Strike+1"],"picked":"Capacitor+1","floor":37},{"not_picked":["Wild Strike+1","Infernal Blade+1"],"picked":"Conserve Battery+1","floor":38},{"not_picked":["Feel No Pain","Streamline+1"],"picked":"Bloodletting","floor":39},{"not_picked":["Ball Lightning+1","Finesse+1"],"picked":"Dual Wield","floor":41},{"not_picked":["Master of Strategy","Dark Shackles"],"picked":"Purity","floor":45},{"not_picked":["Mind Blast+1","Bandage Up"],"picked":"Finesse","floor":45},{"not_picked":["Chrysalis","Jack Of All Trades"],"picked":"PanicButton","floor":45},{"not_picked":["Bane+1","Clothesline+1","Dagger Spray+1"],"picked":"SKIP","floor":48}],"player_experience":578093,"relics_obtained":[{"floor":9.0,"key":"Bottled Flame"},{"floor":11.0,"key":"Letter Opener"},{"floor":26.0,"key":"Gremlin Horn"},{"floor":43,"key":"Darkstone Periapt"}],"event_choices":[{"damage_healed":0.0,"max_hp_gain":0.0,"max_hp_loss":0.0,"gold_gain":0.0,"event_name":"Match and Keep!","player_choice":"1 cards matched","floor":2.0,"gold_loss":0.0,"damage_taken":0.0,"cards_obtained":["Blind"]},{"damage_healed":0.0,"max_hp_gain":0.0,"max_hp_loss":0.0,"gold_gain":0.0,"event_name":"The Lab","player_choice":"Got Potions","floor":3.0,"gold_loss":0.0,"damage_taken":0.0},{"damage_healed":0.0,"max_hp_gain":0.0,"max_hp_loss":0.0,"gold_gain":0.0,"event_name":"Scrap Ooze","player_choice":"Success","floor":5.0,"gold_loss":0.0,"damage_taken":18.0,"relics_obtained":["Molten Egg 2"]},{"damage_healed":0.0,"max_hp_gain":0.0,"max_hp_loss":0.0,"gold_gain":0.0,"event_name":"Dead Adventurer","player_choice":"Searched \u00273\u0027 times","floor":14.0,"gold_loss":0.0,"damage_taken":0.0,"relics_obtained":["Thread and Needle"]},{"damage_healed":0.0,"max_hp_gain":0.0,"max_hp_loss":0.0,"gold_gain":0.0,"event_name":"The Library","player_choice":"Read","floor":25.0,"gold_loss":0.0,"damage_taken":0.0,"cards_obtained":["Footwork"]},{"cards_removed":["Body Slam"],"damage_healed":0,"gold_gain":0,"player_choice":"Removed Attack","damage_taken":0,"max_hp_gain":0,"max_hp_loss":0,"event_name":"Falling","floor":42,"gold_loss":0},{"damage_healed":0,"gold_gain":0,"player_choice":"Memory 3","damage_taken":10,"max_hp_gain":0,"max_hp_loss":0,"event_name":"SensoryStone","floor":45,"gold_loss":0},{"damage_healed":0,"gold_gain":0,"player_choice":"Upgrade","damage_taken":0,"relics_obtained":["Mark of the Bloom"],"max_hp_gain":0,"max_hp_loss":0,"event_name":"MindBloom","floor":46,"gold_loss":0,"cards_upgraded":["Defend_G","Defend_G","Defend_G","Defend_G","Defend_G","Deadly Poison","Backflip","Flame Barrier","Dark Embrace","Deflect","Purity","Electrodynamics","Dual Wield","Purity","Finesse","PanicButton"]}],"is_beta":false,"boss_relics":[{"not_picked":["Lizard Tail","Ectoplasm"],"picked":"Tiny House"},{"not_picked":["Calling Bell","Ring of the Serpent"],"picked":"Runic Pyramid"}],"items_purged_floors":[4,19,21,36],"is_endless":false,"potions_floor_spawned":[1,14,20,29,33,37,38,41,48],"ascension_level":0}