{"gold_per_floor":[115,125,141,141,66,66,92,92,92,105,165,184,184,202,202,202],"floor_reached":16,"playtime":470,"items_purged":["Strike_G"],"score":204,"play_id":"7e4f6e23-343b-47fa-b952-f5f7f4dca8c8","local_time":"20190212104210","is_ascension_mode":true,"campfire_choices":[{"data":"Masterful Stab","floor":6.0,"key":"SMITH"},{"data":"Acrobatics","floor":8.0,"key":"SMITH"},{"data":"Acrobatics","floor":13,"key":"SMITH"},{"data":"Phantasmal Killer","floor":15,"key":"SMITH"}],"neow_cost":"NONE","seed_source_timestamp":3297783234217,"circlet_count":0,"master_deck":["AscendersBane","Defend_G","Defend_G","Defend_G","Defend_G","Defend_G","Strike_G","Strike_G","Strike_G","Strike_G","Survivor","Neutralize","Masterful Stab+1","Reflex","Acrobatics+1","Terror","Acrobatics+1","Phantasmal Killer+1"],"special_seed":0,"relics":["Cursed Key","Bronze Scales","Ice Cream"],"potions_floor_usage":[11],"damage_taken":[{"damage":0.0,"enemies":"2 Louse","floor":1.0,"turns":4.0},{"damage":2.0,"enemies":"Jaw Worm","floor":2.0,"turns":4.0},{"damage":1.0,"enemies":"Small Slimes","floor":3.0,"turns":4.0},{"damage":25.0,"enemies":"3 Sentries","floor":7.0,"turns":10.0},{"damage":0,"enemies":"Exordium Thugs","floor":10,"turns":4},{"damage":0,"enemies":"Gremlin Nob","floor":11,"turns":4},{"damage":0,"enemies":"2 Fungi Beasts","floor":12,"turns":3},{"damage":2,"enemies":"Exordium Wildlife","floor":14,"turns":4},{"damage":0,"enemies":"Hexaghost","floor":16,"turns":1}],"seed_played":"-2105376037670342951","potions_obtained":[{"floor":1.0,"key":"Dexterity Potion"},{"floor":3.0,"key":"SteroidPotion"},{"floor":10,"key":"GhostInAJar"},{"floor":11,"key":"FairyPotion"}],"is_trial":false,"path_per_floor":["M","M","M","?","$","R","E","R","T","M","?","M","R","M","R","B"],"character_chosen":"THE_SILENT","items_purchased":[],"campfire_rested":0,"item_purchase_floors":[],"current_hp_per_floor":[59,57,56,61,61,61,36,36,36,36,36,36,36,34,34,34],"gold":202,"neow_bonus":"BOSS_RELIC","is_prod":false,"is_daily":false,"chose_seed":false,"campfire_upgraded":4,"win_rate":0,"timestamp":1549939330,"path_taken":["M","M","M","?","$","R","E","R","T","M","?","M","R","M","R","BOSS"],"build_version":"2019-01-23","purchased_purges":1,"victory":false,"max_hp_per_floor":[66,66,66,71,71,71,71,71,71,71,71,71,71,71,71,71],"card_choices":[{"not_picked":["Dagger Spray","Leg Sweep"],"picked":"Masterful Stab","floor":1.0},{"not_picked":["Distraction","Flechettes"],"picked":"Reflex","floor":2.0},{"not_picked":["Blade Dance","Dodge and Roll","Crippling Poison"],"picked":"SKIP","floor":3.0},{"not_picked":["Deflect","Bane"],"picked":"Acrobatics","floor":7.0},{"not_picked":["PiercingWail","Sucker Punch","Cloak And Dagger"],"picked":"SKIP","floor":10},{"not_picked":["Dodge and Roll","PiercingWail"],"picked":"Terror","floor":11},{"not_picked":["Infinite Blades","Catalyst"],"picked":"Acrobatics","floor":12},{"not_picked":["PiercingWail","Blade Dance"],"picked":"Phantasmal Killer","floor":14}],"player_experience":2630821,"relics_obtained":[{"floor":7.0,"key":"Bronze Scales"},{"floor":11,"key":"Ice Cream"}],"event_choices":[{"damage_healed":0.0,"max_hp_gain":5.0,"max_hp_loss":0.0,"gold_gain":0.0,"event_name":"Big Fish","player_choice":"Donut","floor":4.0,"gold_loss":0.0,"damage_taken":0.0},{"damage_healed":0,"gold_gain":0,"player_choice":"Searched \u00271\u0027 times","damage_taken":0,"max_hp_gain":0,"max_hp_loss":0,"event_name":"Dead Adventurer","floor":11,"gold_loss":0}],"is_beta":false,"boss_relics":[],"items_purged_floors":[5],"is_endless":false,"potions_floor_spawned":[1,3,10,11],"killed_by":"Hexaghost","ascension_level":20}