{"gold_per_floor":[113,74,87,87,87,87,12,12,12,39,39,58,58,58,58,132,132,142,142,159,59,79,104,104,104,104,104,124,151,163,181,181,256,256,266,141,141,152,132,164,164,198,198,225,225,236,236,7,7,7,7,7,7,7,39,39],"floor_reached":57,"playtime":3051,"items_purged":["Strike_G","Defend_G","Defend_G","Defend_G"],"score":2878,"play_id":"b158ecbb-b1f9-4f66-ba7a-6f8945d2b90b","local_time":"20190217181035","is_ascension_mode":true,"campfire_choices":[{"data":"Bouncing Flask","floor":6.0,"key":"SMITH"},{"data":"Noxious Fumes","floor":8.0,"key":"SMITH"},{"data":"Well Laid Plans","floor":13.0,"key":"SMITH"},{"data":"Wraith Form v2","floor":15.0,"key":"SMITH"},{"data":"Catalyst","floor":24.0,"key":"SMITH"},{"data":"Night Terror","floor":27.0,"key":"SMITH"},{"data":"Well Laid Plans","floor":32.0,"key":"SMITH"},{"data":"Catalyst","floor":41.0,"key":"SMITH"},{"data":"Night Terror","floor":45.0,"key":"SMITH"},{"floor":47.0,"key":"RECALL"},{"data":"Well Laid Plans","floor":49.0,"key":"SMITH"},{"data":"Neutralize","floor":53.0,"key":"SMITH"}],"neow_cost":"PERCENT_DAMAGE","seed_source_timestamp":30062520285650,"circlet_count":0,"master_deck":["AscendersBane","Survivor","Neutralize+1","Wraith Form v2+1","Noxious Fumes+1","Bouncing Flask+1","Well Laid Plans+1","Night Terror+1","Well Laid Plans+1","Catalyst+1","Well Laid Plans+1","Calculated Gamble","Night Terror+1","Catalyst+1","Well Laid Plans+1","Well Laid Plans+1"],"special_seed":0,"relics":["Ring of the Snake","Odd Mushroom","Empty Cage","Blood Vial","Bag of Preparation","The Specimen","Coffee Dripper","Frozen Egg 2","Orichalcum","Pear","Potion Belt","Paper Crane"],"potions_floor_usage":[56],"damage_taken":[{"damage":3.0,"enemies":"Jaw Worm","floor":1.0,"turns":7.0},{"damage":0.0,"enemies":"Small Slimes","floor":3.0,"turns":4.0},{"damage":3.0,"enemies":"The Mushroom Lair","floor":10.0,"turns":4.0},{"damage":0.0,"enemies":"2 Louse","floor":12.0,"turns":3.0},{"damage":11.0,"enemies":"Slime Boss","floor":16.0,"turns":8.0},{"damage":14.0,"enemies":"Shell Parasite","floor":18.0,"turns":8.0},{"damage":1.0,"enemies":"Spheric Guardian","floor":20.0,"turns":3.0},{"damage":7.0,"enemies":"Chosen and Byrds","floor":22.0,"turns":6.0},{"damage":27.0,"enemies":"Gremlin Leader","floor":23.0,"turns":12.0},{"damage":1.0,"enemies":"Snecko","floor":28.0,"turns":4.0},{"damage":15.0,"enemies":"Slavers","floor":29.0,"turns":5.0},{"damage":4.0,"enemies":"Centurion and Healer","floor":30.0,"turns":4.0},{"damage":8.0,"enemies":"Chosen and Byrds","floor":31.0,"turns":4.0},{"damage":3.0,"enemies":"Champ","floor":33.0,"turns":4.0},{"damage":1.0,"enemies":"Orb Walker","floor":35.0,"turns":3.0},{"damage":10.0,"enemies":"3 Darklings","floor":38.0,"turns":5.0},{"damage":3.0,"enemies":"Reptomancer","floor":40.0,"turns":3.0},{"damage":6.0,"enemies":"Nemesis","floor":42.0,"turns":5.0},{"damage":0.0,"enemies":"Reptomancer","floor":44.0,"turns":3.0},{"damage":0.0,"enemies":"4 Shapes","floor":46.0,"turns":5.0},{"damage":0.0,"enemies":"Donu and Deca","floor":50.0,"turns":5.0},{"damage":52.0,"enemies":"Awakened One","floor":51.0,"turns":5.0},{"damage":27.0,"enemies":"Shield and Spear","floor":55.0,"turns":5.0},{"damage":32,"enemies":"The Heart","floor":56,"turns":7}],"seed_played":"-7893128529208966100","potions_obtained":[{"floor":3.0,"key":"Strength Potion"},{"floor":10.0,"key":"Explosive Potion"},{"floor":18.0,"key":"SpeedPotion"},{"floor":20.0,"key":"Strength Potion"},{"floor":28.0,"key":"EssenceOfSteel"},{"floor":55.0,"key":"Poison Potion"}],"is_trial":false,"path_per_floor":["M","$","M","?","$","R","$","R","T","?","?","M","R","?","R","B",null,"M","?","M","$","M","E","R","$","T","R","M","E","M","M","R","B",null,"M","$","?","M","?","E","R","E","T","E","R","M","R","$","R","B","B",null,"R","$","E","B",null],"character_chosen":"THE_SILENT","items_purchased":["Noxious Fumes","Well Laid Plans+1"],"campfire_rested":0,"item_purchase_floors":[2,48],"current_hp_per_floor":[41,41,41,46,46,46,46,46,46,43,43,43,43,43,43,32,61,47,71,70,70,63,36,36,36,36,36,37,24,22,16,16,15,57,58,58,58,50,50,49,49,45,55,57,57,59,59,59,59,61,11,64,64,64,39,9],"gold":39,"neow_bonus":"TRANSFORM_TWO_CARDS","is_prod":false,"is_daily":false,"chose_seed":false,"campfire_upgraded":11,"win_rate":0,"timestamp":1550398235,"path_taken":["M","$","M","?","$","R","$","R","T","?","?","M","R","?","R","BOSS","M","?","M","$","M","E","R","$","T","R","M","E","M","?","R","BOSS","M","$","?","M","?","E","R","E","T","E","R","?","R","$","R","BOSS","BOSS","R","$","E","BOSS"],"build_version":"2019-01-23","purchased_purges":4,"victory":true,"max_hp_per_floor":[66,66,66,71,71,71,71,71,71,71,71,71,71,71,71,71,71,71,71,71,71,71,71,71,71,71,71,71,71,71,71,71,71,71,71,71,71,71,71,71,71,71,81,81,81,81,81,81,81,81,81,81,81,81,81,81],"card_choices":[{"not_picked":["Blade Dance","Slice","Skewer"],"picked":"SKIP","floor":1.0},{"not_picked":["Flying Knee","PiercingWail"],"picked":"Bouncing Flask","floor":3.0},{"not_picked":["Distraction","Flying Knee"],"picked":"Well Laid Plans","floor":12.0},{"not_picked":["Glass Knife","Grand Finale"],"picked":"Night Terror","floor":16.0},{"not_picked":["Backflip","Prepared","Dagger Spray"],"picked":"SKIP","floor":18.0},{"not_picked":["Dodge and Roll","PiercingWail","Blade Dance"],"picked":"SKIP","floor":20.0},{"not_picked":["Deadly Poison","Masterful Stab"],"picked":"Well Laid Plans","floor":22.0},{"not_picked":["Finisher","All Out Attack"],"picked":"Catalyst","floor":23.0},{"not_picked":["Prepared","Blade Dance","Skewer"],"picked":"SKIP","floor":28.0},{"not_picked":["Underhanded Strike+1","Expertise"],"picked":"Well Laid Plans","floor":29.0},{"not_picked":["Quick Slash","Bane","Deadly Poison"],"picked":"SKIP","floor":30.0},{"not_picked":["Cloak And Dagger","Infinite Blades"],"picked":"Calculated Gamble","floor":31.0},{"not_picked":["Envenom","Malaise"],"picked":"Night Terror","floor":33.0},{"not_picked":["Acrobatics","PiercingWail"],"picked":"Catalyst","floor":35.0},{"not_picked":["Sucker Punch","Leg Sweep","Calculated Gamble"],"picked":"SKIP","floor":38.0},{"not_picked":["Riddle With Holes+1","Poisoned Stab+1","Flechettes+1"],"picked":"SKIP","floor":40.0},{"not_picked":["Quick Slash","Outmaneuver"],"picked":"Well Laid Plans+1","floor":42.0},{"not_picked":["Flying Knee+1","Blur+1","Masterful Stab+1"],"picked":"SKIP","floor":44.0},{"not_picked":["Dagger Spray","Deadly Poison","Blade Dance+1"],"picked":"SKIP","floor":46.0},{"not_picked":["Blade Dance+1","Dagger Spray","Outmaneuver"],"picked":"SKIP","floor":55.0}],"player_experience":2871461,"relics_obtained":[{"floor":10.0,"key":"Odd Mushroom"},{"floor":23.0,"key":"Blood Vial"},{"floor":26.0,"key":"Bag of Preparation"},{"floor":29.0,"key":"The Specimen"},{"floor":40.0,"key":"Frozen Egg 2"},{"floor":42.0,"key":"Orichalcum"},{"floor":43.0,"key":"Pear"},{"floor":44.0,"key":"Potion Belt"},{"floor":55.0,"key":"Paper Crane"}],"event_choices":[{"damage_healed":0.0,"max_hp_gain":5.0,"max_hp_loss":0.0,"gold_gain":0.0,"event_name":"Big Fish","player_choice":"Donut","floor":4.0,"gold_loss":0.0,"damage_taken":0.0},{"damage_healed":0.0,"max_hp_gain":0.0,"max_hp_loss":0.0,"gold_gain":0.0,"event_name":"Mushrooms","player_choice":"Fought Mushrooms","floor":10.0,"gold_loss":0.0,"damage_taken":0.0},{"cards_removed":["Strike_G"],"damage_healed":0.0,"max_hp_gain":0.0,"max_hp_loss":0.0,"gold_gain":0.0,"event_name":"Living Wall","player_choice":"Forget","floor":11.0,"gold_loss":0.0,"damage_taken":0.0},{"damage_healed":0.0,"max_hp_gain":0.0,"max_hp_loss":0.0,"gold_gain":0.0,"cards_transformed":["Strike_G"],"event_name":"Transmorgrifier","player_choice":"Transformed","floor":14.0,"gold_loss":0.0,"damage_taken":0.0,"cards_obtained":["Die Die Die"]},{"cards_removed":["Dash"],"damage_healed":24.0,"max_hp_gain":0.0,"max_hp_loss":0.0,"gold_gain":0.0,"event_name":"Bonfire Elementals","player_choice":"Offered Uncommon","floor":19.0,"gold_loss":0.0,"damage_taken":0.0},{"cards_removed":["Die Die Die"],"damage_healed":0.0,"max_hp_gain":0.0,"max_hp_loss":0.0,"gold_gain":0.0,"event_name":"Falling","player_choice":"Removed Attack","floor":37.0,"gold_loss":0.0,"damage_taken":0.0},{"damage_healed":0.0,"max_hp_gain":0.0,"max_hp_loss":0.0,"gold_gain":0.0,"event_name":"The Woman in Blue","player_choice":"Bought 1 Potion","floor":39.0,"gold_loss":0.0,"damage_taken":0.0}],"is_beta":false,"boss_relics":[{"not_picked":["Pandora\u0027s Box","Fusion Hammer"],"picked":"Empty Cage"},{"not_picked":["Black Star","White Beast Statue"],"picked":"Coffee Dripper"}],"items_purged_floors":[7,21,36,48],"is_endless":false,"potions_floor_spawned":[3,10,12,18,20,28,33,38,40,55],"ascension_level":20}