{"gold_per_floor":[110,110,110,110,128,128,141,165,165,204,204,204,379,402,402,523,523,542,241,256,280,280,280,292,292,343,343,343,343,5293,5304,5304,5404,5404,5420,5720,5739,4773,4773,4788,3900,3918,3944,3944,3964,3991,4091,4117,4117,4117,4117,4117,2879,2904,2904],"floor_reached":56,"playtime":2600,"items_purged":["Doubt","Strike_B","Defend_B","Defend_B"],"score":1577,"play_id":"70a73344-62ab-44af-8d1a-8907da4726bd","local_time":"20181224212652","is_ascension_mode":true,"campfire_choices":[{"data":"Streamline","floor":6.0,"key":"SMITH"},{"data":"Self Repair","floor":12.0,"key":"SMITH"},{"data":"Defragment","floor":15.0,"key":"SMITH"},{"data":"Hologram","floor":23.0,"key":"SMITH"},{"floor":25.0,"key":"REST"},{"floor":28.0,"key":"REST"},{"floor":32.0,"key":"REST"},{"data":"Loop","floor":44,"key":"SMITH"},{"floor":49,"key":"RECALL"},{"data":"Hologram","floor":52,"key":"SMITH"}],"neow_cost":"TEN_PERCENT_HP_LOSS","seed_source_timestamp":0,"circlet_count":0,"master_deck":["Strike_B+1","Zap","Dualcast","Conserve Battery","Loop+1","Streamline+1","Auto Shields","Self Repair+1","Melter","Defragment+1","Core Surge","Hologram+1","Coolheaded","Defragment+1","Go for the Eyes+1","Defragment+1","Reboot","All For One","All For One","Conserve Battery+1","Gash","Thinking Ahead","Go for the Eyes","Madness","Madness","Glacier","Finesse","Loop+1","Hologram+1","Self Repair+1","Echo Form","Gash","Purity","Chrysalis","Coolheaded"],"special_seed":0,"relics":["Cracked Core","Bloody Idol","Smiling Mask","Mummified Hand","Inserter","DollysMirror","Sundial","Philosopher\u0027s Stone","Toolbox","Juzu Bracelet","Bottled Tornado","Orichalcum","Meat on the Bone","OrangePellets","Potion Belt","Bag of Preparation","Du-Vu Doll","Pantograph","Lee\u0027s Waffle","Strawberry","StoneCalendar","Blue Candle"],"potions_floor_usage":[40,42,45,55,55,55,55,55],"damage_taken":[{"damage":0.0,"enemies":"Small Slimes","floor":1.0,"turns":3.0},{"damage":0.0,"enemies":"2 Louse","floor":5.0,"turns":3.0},{"damage":7.0,"enemies":"Jaw Worm","floor":7.0,"turns":2.0},{"damage":0.0,"enemies":"Large Slime","floor":8.0,"turns":4.0},{"damage":2.0,"enemies":"Lagavulin","floor":10.0,"turns":6.0},{"damage":3.0,"enemies":"3 Louse","floor":14.0,"turns":2.0},{"damage":27.0,"enemies":"Slime Boss","floor":16.0,"turns":7.0},{"damage":38.0,"enemies":"3 Byrds","floor":18.0,"turns":5.0},{"damage":19.0,"enemies":"2 Thieves","floor":20.0,"turns":4.0},{"damage":6.0,"enemies":"Snake Plant","floor":21.0,"turns":5.0},{"damage":18.0,"enemies":"Centurion and Healer","floor":24.0,"turns":7.0},{"damage":0.0,"enemies":"Snecko","floor":31.0,"turns":6.0},{"damage":29.0,"enemies":"Collector","floor":33.0,"turns":10.0},{"damage":52,"enemies":"3 Darklings","floor":35,"turns":5},{"damage":6,"enemies":"3 Shapes","floor":37,"turns":6},{"damage":4,"enemies":"Maw","floor":40,"turns":9},{"damage":0,"enemies":"Sphere and 2 Shapes","floor":42,"turns":6},{"damage":3,"enemies":"Transient","floor":45,"turns":5},{"damage":0,"enemies":"Giant Head","floor":46,"turns":8},{"damage":21,"enemies":"Mind Bloom Boss Battle","floor":47,"turns":7},{"damage":0,"enemies":"Nemesis","floor":48,"turns":5},{"damage":44,"enemies":"Donu and Deca","floor":50,"turns":14},{"damage":39,"enemies":"Shield and Spear","floor":54,"turns":9},{"damage":63,"enemies":"The Heart","floor":55,"turns":12}],"seed_played":"7212849574087077662","potions_obtained":[{"floor":1.0,"key":"Explosive Potion"},{"floor":5.0,"key":"Explosive Potion"},{"floor":8.0,"key":"EssenceOfSteel"},{"floor":18.0,"key":"SkillPotion"},{"floor":21.0,"key":"SpeedPotion"},{"floor":24.0,"key":"EssenceOfSteel"},{"floor":35,"key":"Ancient Potion"},{"floor":47,"key":"Fire Potion"}],"is_trial":false,"path_per_floor":["M","?","?","?","M","R","M","M","T","E","?","R","?","M","R","B",null,"M","$","M","M","?","R","M","R","T","?","R","?","?","M","R","B",null,"M","?","M","$","?","M","$","M","T","R","M","E","?","E","R","B",null,"R","$","E","B",null],"character_chosen":"DEFECT","items_purchased":["Coolheaded","DollysMirror","Thinking Ahead","Toolbox","Juzu Bracelet","Bottled Tornado","EssenceOfSteel","Go for the Eyes","Orichalcum","Meat on the Bone","OrangePellets","Finesse","Loop","Regen Potion","Gash","Purity","Chrysalis","Lee\u0027s Waffle","Strawberry","StoneCalendar","Coolheaded","Explosive Potion","Fire Potion","LiquidBronze"],"campfire_rested":3,"item_purchase_floors":[19,19,38,38,38,38,38,38,41,41,41,41,41,41,53,53,53,53,53,53,53,53,53,53],"current_hp_per_floor":[68,68,63,50,50,50,43,43,43,48,41,41,41,48,48,31,63,35,35,26,30,30,30,27,45,50,50,63,63,2,17,35,21,63,26,31,40,40,32,43,43,63,63,63,63,63,57,63,63,51,63,63,77,75,46],"gold":2904,"neow_bonus":"REMOVE_TWO","is_prod":false,"is_daily":false,"chose_seed":true,"campfire_upgraded":6,"win_rate":0,"timestamp":1545658012,"path_taken":["M","?","?","?","M","R","M","?","T","E","?","R","?","M","R","BOSS","M","$","M","M","?","R","M","R","T","?","R","?","?","?","R","BOSS","M","?","?","$","?","M","$","M","T","R","M","E","?","E","R","BOSS","R","$","E","BOSS"],"build_version":"2018-12-20","purchased_purges":4,"victory":true,"max_hp_per_floor":[68,68,63,63,63,63,63,63,63,63,63,63,63,63,63,63,63,63,63,63,63,63,63,63,63,63,63,63,63,63,63,63,63,63,63,63,63,63,63,63,63,63,63,63,63,63,63,63,63,63,63,63,77,77,77],"card_choices":[{"not_picked":["Steam Power","Storm"],"picked":"Conserve Battery","floor":1.0},{"not_picked":["Redo","Rip and Tear"],"picked":"Streamline","floor":5.0},{"not_picked":["Fusion","Reprogram"],"picked":"Auto Shields","floor":7.0},{"not_picked":["Go for the Eyes","Hologram"],"picked":"Self Repair","floor":8.0},{"not_picked":["Go for the Eyes","Stack"],"picked":"Melter","floor":10.0},{"not_picked":["Lockon","Cold Snap"],"picked":"Defragment","floor":14.0},{"not_picked":["Hyperbeam","Buffer"],"picked":"Core Surge","floor":16.0},{"not_picked":["Streamline","Beam Cell"],"picked":"Hologram","floor":18.0},{"not_picked":["Turbo","Barrage"],"picked":"Go for the Eyes+1","floor":20.0},{"not_picked":["Gash","Rebound","Scrape+1"],"picked":"SKIP","floor":21.0},{"not_picked":["Turbo","Genetic Algorithm"],"picked":"Defragment+1","floor":24.0},{"not_picked":["Coolheaded","Compile Driver+1"],"picked":"All For One","floor":31.0},{"not_picked":["Machine Learning","Meteor Strike"],"picked":"All For One","floor":33.0},{"not_picked":["Double Energy","Force Field"],"picked":"Conserve Battery+1","floor":35},{"not_picked":["Blizzard+1","Steam"],"picked":"Gash","floor":37},{"not_picked":["Hologram","Cold Snap+1"],"picked":"Glacier","floor":40},{"not_picked":["Turbo","Hyperbeam"],"picked":"Hologram","floor":42},{"not_picked":["Ball Lightning+1","Genetic Algorithm","Redo"],"picked":"SKIP","floor":45},{"not_picked":["Fusion+1","Hello World+1","Melter+1"],"picked":"SKIP","floor":46},{"not_picked":["Coolheaded+1","Leap"],"picked":"Self Repair+1","floor":47},{"not_picked":["Conserve Battery+1","Loop+1"],"picked":"Echo Form","floor":48},{"not_picked":["Scrape+1","Redo","Steam"],"picked":"SKIP","floor":54}],"player_experience":1479539,"relics_obtained":[{"floor":9.0,"key":"Smiling Mask"},{"floor":10.0,"key":"Mummified Hand"},{"floor":43,"key":"Potion Belt"},{"floor":46,"key":"Bag of Preparation"},{"floor":47,"key":"Du-Vu Doll"},{"floor":48,"key":"Pantograph"},{"floor":54,"key":"Blue Candle"}],"event_choices":[{"damage_healed":0.0,"max_hp_gain":0.0,"max_hp_loss":0.0,"gold_gain":0.0,"cards_transformed":["Strike_B"],"event_name":"Living Wall","player_choice":"Change","floor":2.0,"gold_loss":0.0,"damage_taken":0.0,"cards_obtained":["Loop"]},{"damage_healed":0.0,"max_hp_gain":0.0,"max_hp_loss":5.0,"gold_gain":0.0,"event_name":"Golden Idol","player_choice":"Lose Max HP","floor":3.0,"gold_loss":0.0,"damage_taken":0.0,"relics_obtained":["Golden Idol"]},{"damage_healed":0.0,"max_hp_gain":0.0,"max_hp_loss":0.0,"gold_gain":0.0,"event_name":"Shining Light","player_choice":"Entered Light","floor":4.0,"gold_loss":0.0,"damage_taken":13.0,"cards_upgraded":["Loop","Strike_B"]},{"cards_removed":["Defend_B"],"damage_healed":0.0,"max_hp_gain":0.0,"max_hp_loss":0.0,"gold_gain":0.0,"event_name":"Golden Wing","player_choice":"Card Removal","floor":11.0,"gold_loss":0.0,"damage_taken":7.0},{"damage_healed":0.0,"max_hp_gain":0.0,"max_hp_loss":0.0,"gold_gain":175.0,"event_name":"Liars Game","player_choice":"AGREE","floor":13.0,"gold_loss":0.0,"damage_taken":0.0,"cards_obtained":["Doubt"]},{"damage_healed":0.0,"max_hp_gain":0.0,"max_hp_loss":0.0,"gold_gain":0.0,"event_name":"Forgotten Altar","player_choice":"Gave Idol","floor":22.0,"relics_lost":["Golden Idol"],"gold_loss":0.0,"damage_taken":0.0,"relics_obtained":["Bloody Idol"]},{"damage_healed":0.0,"max_hp_gain":0.0,"max_hp_loss":0.0,"gold_gain":0.0,"event_name":"The Library","player_choice":"Read","floor":27.0,"gold_loss":0.0,"damage_taken":0.0,"cards_obtained":["Reboot"]},{"damage_healed":0.0,"max_hp_gain":0.0,"max_hp_loss":0.0,"gold_gain":0.0,"event_name":"The Mausoleum","player_choice":"Opened","floor":29.0,"gold_loss":0.0,"damage_taken":0.0,"relics_obtained":["Sundial"]},{"damage_healed":0.0,"max_hp_gain":0.0,"max_hp_loss":0.0,"gold_gain":4950.0,"event_name":"Knowing Skull","player_choice":"GOLD GOLD GOLD GOLD GOLD GOLD GOLD GOLD GOLD GOLD GOLD GOLD GOLD GOLD GOLD GOLD GOLD GOLD GOLD GOLD GOLD GOLD GOLD GOLD GOLD GOLD GOLD GOLD GOLD GOLD GOLD GOLD GOLD GOLD GOLD GOLD GOLD GOLD GOLD GOLD GOLD GOLD GOLD GOLD GOLD GOLD GOLD GOLD GOLD GOLD GOLD GOLD GOLD GOLD GOLD ","floor":30.0,"potions_obtained":[],"gold_loss":0.0,"damage_taken":336.0,"cards_obtained":[]},{"damage_healed":0,"gold_gain":300,"player_choice":"Gold","damage_taken":0,"max_hp_gain":0,"max_hp_loss":0,"event_name":"Wheel of Change","floor":36,"gold_loss":0},{"damage_healed":0,"gold_gain":0,"player_choice":"Embrace Madness","damage_taken":8,"max_hp_gain":0,"max_hp_loss":0,"event_name":"Winding Halls","floor":39,"gold_loss":0,"cards_obtained":["Madness","Madness"]},{"damage_healed":0,"gold_gain":0,"player_choice":"Fight","damage_taken":0,"max_hp_gain":0,"max_hp_loss":0,"event_name":"MindBloom","floor":47,"gold_loss":0}],"is_beta":false,"boss_relics":[{"not_picked":["Velvet Choker","Fusion Hammer"],"picked":"Inserter"},{"not_picked":["Pandora\u0027s Box","Lizard Tail"],"picked":"Philosopher\u0027s Stone"}],"items_purged_floors":[19,38,41,53],"is_endless":false,"potions_floor_spawned":[1,5,8,18,21,24,35,47],"ascension_level":4}