{"gold_per_floor":[110,126,126,51,51,51,85,101,101,101,135,135,135,145,145,223,223,233,252,113,130,5,5,5,17,17,17,46,58,70,82,94,181,193,222,84,94,19,34,34,45,45,45,45,45,78,78,91,91,91,91],"floor_reached":51,"playtime":2281,"items_purged":["Strike_G","Defend_G","Defend_G","Defend_G"],"score":1502,"play_id":"31c4cafc-8d7c-4369-900d-769152cdebfa","local_time":"20190228185515","is_ascension_mode":true,"campfire_choices":[{"data":"Noxious Fumes","floor":6.0,"key":"SMITH"},{"data":"Neutralize","floor":12.0,"key":"SMITH"},{"data":"Strike_G","floor":15.0,"key":"PURGE"},{"data":"Burst","floor":24.0,"key":"SMITH"},{"data":"Caltrops","floor":27.0,"key":"SMITH"},{"floor":30.0,"key":"REST"},{"data":"Ghostly","floor":32.0,"key":"SMITH"},{"data":"Choke","floor":40.0,"key":"PURGE"},{"data":"Masterful Stab","floor":42.0,"key":"PURGE"},{"floor":47.0,"key":"RECALL"},{"data":"Concentrate","floor":49.0,"key":"SMITH"}],"neow_cost":"NONE","seed_source_timestamp":24722547857353,"circlet_count":0,"master_deck":["AscendersBane","Survivor+1","Neutralize+1","Caltrops+1","Noxious Fumes+1","Adrenaline","Burst+1","Backstab+1","PiercingWail+1","Envenom+1","Backflip","Concentrate+1","Leg Sweep","Grand Finale","Ghostly+1","Ghostly","Ghostly","After Image"],"special_seed":0,"relics":["Ring of the Snake","NeowsBlessing","Peace Pipe","Ornamental Fan","Nunchaku","Paper Crane","Nloth\u0027s Gift","Singing Bowl","MawBank","Runic Dome","Ninja Scroll","Lantern"],"potions_floor_usage":[],"damage_taken":[{"damage":0.0,"enemies":"2 Louse","floor":1.0,"turns":1.0},{"damage":0.0,"enemies":"Jaw Worm","floor":2.0,"turns":1.0},{"damage":0.0,"enemies":"3 Sentries","floor":7.0,"turns":1.0},{"damage":0.0,"enemies":"Cultist","floor":8.0,"turns":3.0},{"damage":27.0,"enemies":"Lagavulin","floor":11.0,"turns":9.0},{"damage":0.0,"enemies":"Looter","floor":14.0,"turns":3.0},{"damage":0.0,"enemies":"The Guardian","floor":16.0,"turns":11.0},{"damage":0.0,"enemies":"Shell Parasite","floor":18.0,"turns":7.0},{"damage":3.0,"enemies":"Spheric Guardian","floor":19.0,"turns":6.0},{"damage":0.0,"enemies":"Centurion and Healer","floor":21.0,"turns":9.0},{"damage":1.0,"enemies":"Sentry and Sphere","floor":25.0,"turns":6.0},{"damage":29.0,"enemies":"Slavers","floor":28.0,"turns":6.0},{"damage":2.0,"enemies":"Automaton","floor":33.0,"turns":12.0},{"damage":0.0,"enemies":"Orb Walker","floor":35.0,"turns":6.0},{"damage":24.0,"enemies":"3 Shapes","floor":37.0,"turns":4.0},{"damage":2.0,"enemies":"Jaw Worm Horde","floor":39.0,"turns":4.0},{"damage":6.0,"enemies":"4 Shapes","floor":41.0,"turns":9.0},{"damage":1.0,"enemies":"Giant Head","floor":46.0,"turns":8.0},{"damage":0.0,"enemies":"Transient","floor":48.0,"turns":6.0},{"damage":11.0,"enemies":"Donu and Deca","floor":50.0,"turns":13.0},{"damage":10,"enemies":"Time Eater","floor":51,"turns":10}],"seed_played":"-2553900714218289959","potions_obtained":[{"floor":1.0,"key":"Weak Potion"},{"floor":2.0,"key":"GamblersBrew"},{"floor":7.0,"key":"EssenceOfSteel"},{"floor":18.0,"key":"Fire Potion"},{"floor":39.0,"key":"LiquidBronze"}],"is_trial":false,"path_per_floor":["M","M","?","$","?","R","E","M","T","?","E","R","?","M","R","B",null,"M","M","$","M","$","?","R","M","T","R","E","?","R","?","R","B",null,"M","$","M","?","M","R","M","R","T","$","T","E","R","M","R","B","B"],"character_chosen":"THE_SILENT","items_purchased":["Concentrate"],"campfire_rested":1,"item_purchase_floors":[20],"current_hp_per_floor":[59,59,64,64,64,64,64,64,64,64,37,37,16,16,16,16,57,57,54,54,54,54,54,54,53,53,53,24,4,26,26,26,26,37,39,39,17,17,17,17,13,13,13,13,13,14,14,16,16,5,0],"gold":91,"neow_bonus":"THREE_ENEMY_KILL","is_prod":false,"is_daily":false,"chose_seed":false,"campfire_upgraded":6,"win_rate":0,"timestamp":1551351315,"path_taken":["M","M","?","$","?","R","E","?","T","?","E","R","?","M","R","BOSS","M","M","$","M","$","?","R","?","T","R","E","?","R","?","R","BOSS","M","$","M","?","?","R","M","R","T","$","?","E","R","M","R","BOSS","BOSS"],"build_version":"2019-01-23","purchased_purges":4,"victory":false,"max_hp_per_floor":[66,66,71,71,71,71,71,71,71,71,71,71,71,71,71,71,71,71,71,71,71,71,71,71,71,71,71,71,76,76,38,38,40,40,42,42,44,44,46,46,48,48,48,48,48,50,50,52,52,52,52],"card_choices":[{"not_picked":["Accuracy","Slice"],"picked":"Caltrops","floor":1.0},{"not_picked":["Underhanded Strike","Bane"],"picked":"Noxious Fumes","floor":2.0},{"not_picked":["Cloak And Dagger","Poisoned Stab"],"picked":"Adrenaline","floor":7.0},{"not_picked":["Cloak And Dagger","Reflex"],"picked":"Masterful Stab","floor":8.0},{"not_picked":["Riddle With Holes","Slice","Outmaneuver"],"picked":"SKIP","floor":11.0},{"not_picked":["PiercingWail","Sucker Punch","Prepared"],"picked":"SKIP","floor":14.0},{"not_picked":["Storm of Steel","Die Die Die"],"picked":"Burst","floor":16.0},{"not_picked":["Blade Dance","Outmaneuver"],"picked":"Backflip","floor":18.0},{"not_picked":["Dash","Cloak And Dagger","Flying Knee"],"picked":"SKIP","floor":19.0},{"not_picked":["Dodge and Roll","Flying Knee"],"picked":"Leg Sweep","floor":21.0},{"not_picked":["Flechettes","Predator","Terror"],"picked":"SKIP","floor":25.0},{"not_picked":["Storm of Steel","Finisher"],"picked":"Grand Finale","floor":28.0},{"not_picked":["Night Terror","Unload","Storm of Steel"],"picked":"Singing Bowl","floor":33.0},{"not_picked":["Slice","Flying Knee","Poisoned Stab"],"picked":"Singing Bowl","floor":35.0},{"not_picked":["Infinite Blades","Doppelganger","Quick Slash"],"picked":"Singing Bowl","floor":37.0},{"not_picked":["Prepared","PiercingWail","Flechettes"],"picked":"Singing Bowl","floor":39.0},{"not_picked":["Cloak And Dagger","Choke","Doppelganger"],"picked":"Singing Bowl","floor":41.0},{"not_picked":["Dodge and Roll","Quick Slash","Slice"],"picked":"Singing Bowl","floor":46.0},{"not_picked":["Bouncing Flask","Deflect","Poisoned Stab+1"],"picked":"Singing Bowl","floor":48.0}],"player_experience":3230974,"relics_obtained":[{"floor":7.0,"key":"Ornamental Fan"},{"floor":9.0,"key":"Nunchaku"},{"floor":11.0,"key":"Paper Crane"},{"floor":26.0,"key":"Singing Bowl"},{"floor":28.0,"key":"MawBank"},{"floor":45.0,"key":"Ninja Scroll"},{"floor":46.0,"key":"Lantern"}],"event_choices":[{"damage_healed":0.0,"max_hp_gain":5.0,"max_hp_loss":0.0,"gold_gain":0.0,"event_name":"Big Fish","player_choice":"Donut","floor":3.0,"gold_loss":0.0,"damage_taken":0.0},{"damage_healed":0.0,"max_hp_gain":0.0,"max_hp_loss":0.0,"gold_gain":0.0,"event_name":"WeMeetAgain","player_choice":"Gave Potion","floor":5.0,"gold_loss":0.0,"damage_taken":0.0,"relics_obtained":["Peace Pipe"]},{"damage_healed":0.0,"max_hp_gain":0.0,"max_hp_loss":0.0,"gold_gain":0.0,"event_name":"Liars Game","player_choice":"Ignored","floor":10.0,"gold_loss":0.0,"damage_taken":0.0},{"damage_healed":0.0,"max_hp_gain":0.0,"max_hp_loss":0.0,"gold_gain":0.0,"event_name":"Shining Light","player_choice":"Entered Light","floor":13.0,"gold_loss":0.0,"damage_taken":21.0,"cards_upgraded":["Survivor","Defend_G"]},{"damage_healed":0.0,"max_hp_gain":0.0,"max_hp_loss":0.0,"gold_gain":0.0,"event_name":"N\u0027loth","player_choice":"Traded Relic","floor":23.0,"relics_lost":["Astrolabe"],"gold_loss":0.0,"damage_taken":0.0,"relics_obtained":["Nloth\u0027s Gift"]},{"damage_healed":0.0,"max_hp_gain":5.0,"max_hp_loss":0.0,"gold_gain":0.0,"event_name":"Forgotten Altar","player_choice":"Shed Blood","floor":29.0,"gold_loss":0.0,"damage_taken":25.0},{"damage_healed":0.0,"max_hp_gain":0.0,"max_hp_loss":38.0,"gold_gain":0.0,"event_name":"Ghosts","player_choice":"Became a Ghost","floor":31.0,"gold_loss":0.0,"damage_taken":0.0,"cards_obtained":["Ghostly","Ghostly","Ghostly"]},{"damage_healed":0.0,"max_hp_gain":0.0,"max_hp_loss":0.0,"gold_gain":0.0,"cards_transformed":["Defend_G","Defend_G"],"event_name":"Designer","player_choice":"Transformed Cards","floor":38.0,"gold_loss":75.0,"damage_taken":0.0,"cards_obtained":["Choke","After Image"]}],"is_beta":false,"boss_relics":[{"not_picked":["Calling Bell","Snecko Eye"],"picked":"Astrolabe"},{"not_picked":["Black Star","Lizard Tail"],"picked":"Runic Dome"}],"items_purged_floors":[4,20,22,36],"is_endless":false,"potions_floor_spawned":[1,2,7,18,39],"killed_by":"Time Eater","ascension_level":20}