{"gold_per_floor":[209,36,46,63,78,78,104,104,104,118,118,118,129,129],"floor_reached":14,"playtime":519,"items_purged":[],"score":184,"play_id":"8cbd2661-3b37-4764-a0d8-e49faed69eaf","local_time":"20190203223712","is_ascension_mode":true,"campfire_choices":[{"data":"Deadly Poison","floor":6.0,"key":"SMITH"},{"data":"Neutralize","floor":8.0,"key":"SMITH"},{"data":"Caltrops","floor":11,"key":"SMITH"}],"neow_cost":"NONE","seed_source_timestamp":41894358055121,"circlet_count":0,"master_deck":["AscendersBane","Defend_G","Defend_G","Defend_G","Defend_G","Defend_G","Strike_G","Strike_G","Strike_G","Strike_G","Strike_G","Survivor","Neutralize+1","Dagger Spray+1","Deadly Poison+1","Caltrops+1","Envenom"],"special_seed":0,"relics":["Ring of the Snake","Potion Belt","Orichalcum","The Courier"],"potions_floor_usage":[],"damage_taken":[{"damage":2.0,"enemies":"Jaw Worm","floor":1.0,"turns":5.0},{"damage":0.0,"enemies":"Cultist","floor":3.0,"turns":5.0},{"damage":0.0,"enemies":"Small Slimes","floor":4.0,"turns":3.0},{"damage":6.0,"enemies":"3 Louse","floor":5.0,"turns":4.0},{"damage":34.0,"enemies":"Lagavulin","floor":7.0,"turns":8.0},{"damage":0,"enemies":"Exordium Wildlife","floor":10,"turns":3},{"damage":1,"enemies":"Looter","floor":13,"turns":4},{"damage":0,"enemies":"Gremlin Gang","floor":14,"turns":1}],"seed_played":"7378963562906183439","potions_obtained":[{"floor":3.0,"key":"FearPotion"},{"floor":10,"key":"SteroidPotion"},{"floor":13,"key":"Ancient Potion"}],"is_trial":false,"path_per_floor":["M","$","M","M","M","R","E","R","T","M","R","?","M","M"],"character_chosen":"THE_SILENT","items_purchased":["Potion Belt"],"campfire_rested":0,"item_purchase_floors":[2],"current_hp_per_floor":[57,57,57,57,51,51,17,17,17,17,17,17,16,16],"gold":129,"neow_bonus":"HUNDRED_GOLD","is_prod":false,"is_daily":false,"chose_seed":false,"campfire_upgraded":3,"win_rate":0,"timestamp":1549204632,"path_taken":["M","$","M","M","M","R","E","R","T","M","R","?","M","M"],"build_version":"2019-01-23","purchased_purges":0,"victory":false,"max_hp_per_floor":[66,66,66,66,66,66,66,66,66,66,66,66,66,66],"card_choices":[{"not_picked":["Prepared","Quick Slash","Flying Knee"],"picked":"SKIP","floor":1.0},{"not_picked":["Blade Dance","Backflip"],"picked":"Dagger Spray","floor":3.0},{"not_picked":["Dagger Spray","Backflip","Underhanded Strike"],"picked":"SKIP","floor":4.0},{"not_picked":["Outmaneuver","Deflect"],"picked":"Deadly Poison","floor":5.0},{"not_picked":["Flechettes","Poisoned Stab","Dodge and Roll"],"picked":"SKIP","floor":7.0},{"not_picked":["Choke","Endless Agony"],"picked":"Caltrops","floor":10},{"not_picked":["Bane","Cloak And Dagger"],"picked":"Envenom","floor":13}],"player_experience":2495364,"relics_obtained":[{"floor":7.0,"key":"Orichalcum"},{"floor":9.0,"key":"The Courier"}],"event_choices":[{"damage_healed":0,"gold_gain":0,"player_choice":"Upgraded","damage_taken":0,"max_hp_gain":0,"max_hp_loss":0,"event_name":"Upgrade Shrine","floor":12,"gold_loss":0,"cards_upgraded":["Dagger Spray"]}],"is_beta":false,"boss_relics":[],"items_purged_floors":[],"is_endless":false,"potions_floor_spawned":[3,10,13],"killed_by":"Gremlin Gang","ascension_level":20}