{"gold_per_floor":[219,144,158,169,183,183,83,83,161,60,60,89,14,42,42,113,113,132,132,7,21,21,21,46,46,73,90,106,106,106,122,122,195,195,215,215,65,81,81,81,107,107,131,159,170,170,184,9,9,9,9,9,9,9,44,44],"floor_reached":56,"playtime":2714,"items_purged":["Strike_B","Strike_B","Defend_B","Defend_B","Strike_B+1"],"score":2162,"play_id":"7b556dc6-4b12-4d80-acd4-8f061ccf0d5c","local_time":"20190123191912","is_ascension_mode":true,"campfire_choices":[{"data":"Dualcast","floor":6.0,"key":"SMITH"},{"data":"Sunder","floor":8.0,"key":"SMITH"},{"data":"Discovery","floor":11.0,"key":"SMITH"},{"data":"Coolheaded","floor":15.0,"key":"SMITH"},{"data":"Fission","floor":23.0,"key":"SMITH"},{"data":"Rainbow","floor":25.0,"key":"SMITH"},{"data":"Ghostly","floor":32.0,"key":"SMITH"},{"data":"Ghostly","floor":40.0,"key":"SMITH"},{"data":"Ghostly","floor":42.0,"key":"SMITH"},{"floor":46.0,"key":"RECALL"},{"data":"Chill","floor":49.0,"key":"SMITH"},{"data":"Zap","floor":53.0,"key":"SMITH"}],"neow_cost":"NONE","seed_source_timestamp":17833038304678,"circlet_count":0,"master_deck":["AscendersBane","Zap+1","Dualcast+1","Ball Lightning","Sunder+1","Chill+1","Coolheaded+1","Discovery+1","Core Surge","Fission+1","Rainbow+1","Echo Form+1","Ghostly+1","Ghostly+1","Ghostly+1","Heatsinks+1","Creative AI+1"],"special_seed":0,"relics":["Cracked Core","Frozen Egg 2","Whetstone","Mummified Hand","Busted Crown","Oddly Smooth Stone","Bag of Preparation","Inserter","Bag of Marbles","Question Card","Boot"],"potions_floor_usage":[56],"damage_taken":[{"damage":11.0,"enemies":"Jaw Worm","floor":1.0,"turns":6.0},{"damage":0.0,"enemies":"Small Slimes","floor":3.0,"turns":2.0},{"damage":0.0,"enemies":"Cultist","floor":4.0,"turns":2.0},{"damage":1.0,"enemies":"2 Fungi Beasts","floor":5.0,"turns":2.0},{"damage":11.0,"enemies":"Gremlin Nob","floor":12.0,"turns":3.0},{"damage":11.0,"enemies":"3 Sentries","floor":14.0,"turns":4.0},{"damage":14.0,"enemies":"Hexaghost","floor":16.0,"turns":7.0},{"damage":5.0,"enemies":"2 Thieves","floor":18.0,"turns":3.0},{"damage":0.0,"enemies":"3 Byrds","floor":21.0,"turns":2.0},{"damage":8.0,"enemies":"Book of Stabbing","floor":24.0,"turns":3.0},{"damage":7.0,"enemies":"Snake Plant","floor":27.0,"turns":2.0},{"damage":0.0,"enemies":"Sentry and Sphere","floor":28.0,"turns":3.0},{"damage":8.0,"enemies":"Snecko","floor":31.0,"turns":4.0},{"damage":0.0,"enemies":"Collector","floor":33.0,"turns":11.0},{"damage":0.0,"enemies":"3 Darklings","floor":35.0,"turns":3.0},{"damage":1.0,"enemies":"Orb Walker","floor":38.0,"turns":4.0},{"damage":5.0,"enemies":"Nemesis","floor":41.0,"turns":7.0},{"damage":0.0,"enemies":"Reptomancer","floor":44.0,"turns":4.0},{"damage":0.0,"enemies":"3 Darklings","floor":45.0,"turns":3.0},{"damage":0.0,"enemies":"Transient","floor":47.0,"turns":6.0},{"damage":14.0,"enemies":"Donu and Deca","floor":50.0,"turns":8.0},{"damage":0.0,"enemies":"Awakened One","floor":51.0,"turns":7.0},{"damage":0.0,"enemies":"Shield and Spear","floor":55.0,"turns":5.0},{"damage":29,"enemies":"The Heart","floor":56,"turns":4}],"seed_played":"-7843713902126529973","potions_obtained":[{"floor":3.0,"key":"Regen Potion"},{"floor":4.0,"key":"Strength Potion"},{"floor":12.0,"key":"LiquidBronze"},{"floor":14.0,"key":"Dexterity Potion"},{"floor":21.0,"key":"PowerPotion"},{"floor":24.0,"key":"LiquidBronze"},{"floor":31.0,"key":"FocusPotion"},{"floor":36.0,"key":"Weak Potion"}],"is_trial":false,"path_per_floor":["M","$","M","M","M","R","$","R","T","$","R","E","?","E","R","B",null,"M","?","$","M","?","R","E","R","T","M","M","$","?","M","R","B",null,"M","?","$","M","?","R","E","R","T","E","M","R","M","$","R","B","B",null,"R","$","E","B"],"character_chosen":"DEFECT","items_purchased":["Discovery"],"campfire_rested":0,"item_purchase_floors":[10],"current_hp_per_floor":[53,53,53,53,52,52,52,52,52,52,52,41,41,42,42,28,60,55,55,55,55,55,55,47,47,47,40,40,40,35,27,27,27,33,33,33,33,32,32,32,27,27,27,27,27,27,27,27,27,13,13,30,30,30,30,1],"gold":44,"neow_bonus":"HUNDRED_GOLD","is_prod":false,"is_daily":false,"chose_seed":false,"campfire_upgraded":11,"win_rate":0,"timestamp":1548242352,"path_taken":["M","$","M","M","M","R","$","R","T","$","R","E","?","E","R","BOSS","M","?","$","?","?","R","E","R","T","M","?","$","?","M","R","BOSS","M","?","$","?","?","R","E","R","T","E","?","R","M","?","R","BOSS","BOSS","R","$","E","BOSS"],"build_version":"2019-01-17v2","purchased_purges":5,"victory":false,"max_hp_per_floor":[71,71,71,71,71,71,71,71,71,71,71,71,71,71,71,71,71,71,71,71,71,71,71,71,71,71,71,71,71,35,35,35,35,35,35,35,35,35,35,35,35,35,35,35,35,35,35,35,35,35,35,35,35,35,35,35],"card_choices":[{"not_picked":["Lockon","Sweeping Beam"],"picked":"Ball Lightning","floor":1.0},{"not_picked":["Stack","Static Discharge"],"picked":"Sunder","floor":3.0},{"not_picked":["Conserve Battery","Steam"],"picked":"Chill","floor":4.0},{"not_picked":["Go for the Eyes","Blizzard"],"picked":"Coolheaded","floor":5.0},{"not_picked":["Conserve Battery","Skim","Blizzard"],"picked":"SKIP","floor":12.0},{"not_picked":["Coolheaded","Reinforced Body"],"picked":"Core Surge","floor":14.0},{"not_picked":["Core Surge","Hyperbeam"],"picked":"Fission","floor":16.0},{"not_picked":["Compile Driver"],"picked":"SKIP","floor":18.0},{"not_picked":["Conserve Battery+1"],"picked":"SKIP","floor":21.0},{"not_picked":["Turbo"],"picked":"SKIP","floor":24.0},{"not_picked":["Compile Driver"],"picked":"SKIP","floor":27.0},{"not_picked":["Ball Lightning"],"picked":"SKIP","floor":28.0},{"not_picked":["BootSequence"],"picked":"SKIP","floor":31.0},{"not_picked":["Auto Shields+1"],"picked":"SKIP","floor":35.0},{"not_picked":[],"picked":"Heatsinks+1","floor":38.0},{"not_picked":["Thunder Strike"],"picked":"SKIP","floor":41.0},{"not_picked":["Barrage"],"picked":"SKIP","floor":44.0},{"not_picked":["Redo","Hologram"],"picked":"SKIP","floor":45.0},{"not_picked":["Redo","Hologram"],"picked":"SKIP","floor":45.0},{"not_picked":["Reinforced Body+1","Undo+1"],"picked":"SKIP","floor":47.0},{"not_picked":["Thunder Strike","Barrage"],"picked":"SKIP","floor":55.0}],"player_experience":2170978,"relics_obtained":[{"floor":9.0,"key":"Frozen Egg 2"},{"floor":12.0,"key":"Whetstone"},{"floor":14.0,"key":"Mummified Hand"},{"floor":24.0,"key":"Oddly Smooth Stone"},{"floor":26.0,"key":"Bag of Preparation"},{"floor":41.0,"key":"Bag of Marbles"},{"floor":44.0,"key":"Question Card"},{"floor":55.0,"key":"Boot"}],"event_choices":[{"cards_removed":["Defend_B"],"damage_healed":0.0,"max_hp_gain":0.0,"max_hp_loss":0.0,"gold_gain":0.0,"event_name":"The Cleric","player_choice":"Card Removal","floor":13.0,"gold_loss":75.0,"damage_taken":0.0},{"damage_healed":0.0,"max_hp_gain":0.0,"max_hp_loss":0.0,"gold_gain":0.0,"event_name":"Match and Keep!","player_choice":"1 cards matched","floor":19.0,"gold_loss":0.0,"damage_taken":0.0,"cards_obtained":["Rainbow"]},{"damage_healed":0.0,"max_hp_gain":0.0,"max_hp_loss":0.0,"gold_gain":0.0,"cards_transformed":["Defend_B"],"event_name":"Transmorgrifier","player_choice":"Transformed","floor":22.0,"gold_loss":0.0,"damage_taken":0.0,"cards_obtained":["Echo Form"]},{"damage_healed":0.0,"max_hp_gain":0.0,"max_hp_loss":36.0,"gold_gain":0.0,"event_name":"Ghosts","player_choice":"Became a Ghost","floor":30.0,"gold_loss":0.0,"damage_taken":0.0,"cards_obtained":["Ghostly","Ghostly","Ghostly"]},{"damage_healed":0.0,"max_hp_gain":0.0,"max_hp_loss":0.0,"gold_gain":0.0,"event_name":"Lab","player_choice":"Got Potions","floor":36.0,"gold_loss":0.0,"damage_taken":0.0},{"damage_healed":0.0,"max_hp_gain":0.0,"max_hp_loss":0.0,"gold_gain":0.0,"cards_transformed":["Strike_B"],"event_name":"Transmorgrifier","player_choice":"Transformed","floor":39.0,"gold_loss":0.0,"damage_taken":0.0,"cards_obtained":["Creative AI"]}],"is_beta":false,"boss_relics":[{"not_picked":["Lizard Tail","Orrery"],"picked":"Busted Crown"},{"not_picked":["Sozu","Calling Bell"],"picked":"Inserter"}],"items_purged_floors":[2,7,20,37,48],"is_endless":false,"potions_floor_spawned":[3,4,12,14,16,21,24,27,31,44,45,47,55],"killed_by":"The Heart","ascension_level":20}