{"gold_per_floor":[18,30,30,30,45,45,64,64,64,64,64,78,97,97,97,97],"floor_reached":16,"playtime":527,"items_purged":[],"score":184,"play_id":"57c267e6-2dd5-4199-b77f-05777f3a4f61","local_time":"20190120162805","is_ascension_mode":true,"campfire_choices":[{"data":"Noxious Fumes","floor":6.0,"key":"SMITH"},{"data":"Bouncing Flask","floor":10.0,"key":"SMITH"},{"floor":15,"key":"RECALL"}],"neow_cost":"NO_GOLD","seed_source_timestamp":25420254205190,"circlet_count":0,"master_deck":["AscendersBane","Defend_G","Defend_G","Defend_G","Defend_G","Strike_G","Strike_G","Strike_G","Strike_G+1","Survivor","Neutralize+1","Bouncing Flask+1","Noxious Fumes+1"],"special_seed":0,"relics":["Ring of the Snake","Golden Idol","Pear","Anchor"],"potions_floor_usage":[],"damage_taken":[{"damage":0.0,"enemies":"2 Louse","floor":1.0,"turns":5.0},{"damage":4.0,"enemies":"Small Slimes","floor":2.0,"turns":3.0},{"damage":0.0,"enemies":"Cultist","floor":5.0,"turns":4.0},{"damage":11.0,"enemies":"Exordium Thugs","floor":7.0,"turns":7.0},{"damage":8.0,"enemies":"3 Louse","floor":12.0,"turns":3.0},{"damage":6.0,"enemies":"Large Slime","floor":13.0,"turns":6.0},{"damage":0,"enemies":"Slime Boss","floor":16,"turns":3}],"seed_played":"341505193150512420","potions_obtained":[{"floor":1.0,"key":"PowerPotion"},{"floor":12.0,"key":"Poison Potion"}],"is_trial":false,"path_per_floor":["M","M","?","?","M","R","M","T","T","R","?","M","M","?","R","B"],"character_chosen":"THE_SILENT","items_purchased":[],"campfire_rested":0,"item_purchase_floors":[],"current_hp_per_floor":[59,55,55,65,65,65,54,54,54,54,33,25,19,19,19,19],"gold":97,"neow_bonus":"REMOVE_TWO","is_prod":false,"is_daily":false,"chose_seed":false,"campfire_upgraded":2,"win_rate":0,"timestamp":1547972885,"path_taken":["M","M","?","?","M","R","?","?","T","R","?","M","M","?","R","BOSS"],"build_version":"2019-01-17v2","purchased_purges":0,"victory":false,"max_hp_per_floor":[66,66,60,70,70,70,70,70,70,70,70,70,70,70,70,70],"card_choices":[{"not_picked":["Dagger Spray","Blade Dance"],"picked":"Bouncing Flask","floor":1.0},{"not_picked":["Underhanded Strike","Dagger Throw"],"picked":"Noxious Fumes","floor":2.0},{"not_picked":["Distraction","Cloak And Dagger","Sucker Punch"],"picked":"SKIP","floor":5.0},{"not_picked":["PiercingWail","Deflect","Bane"],"picked":"SKIP","floor":7.0},{"not_picked":["Slice","Eviscerate","Backstab"],"picked":"SKIP","floor":12.0},{"not_picked":["PiercingWail","Terror","Glass Knife"],"picked":"SKIP","floor":13.0}],"player_experience":2073217,"relics_obtained":[{"floor":4.0,"key":"Pear"},{"floor":8.0,"key":"Anchor"}],"event_choices":[{"damage_healed":0.0,"max_hp_gain":0.0,"max_hp_loss":6.0,"gold_gain":0.0,"event_name":"Golden Idol","player_choice":"Lose Max HP","floor":3.0,"gold_loss":0.0,"damage_taken":0.0,"relics_obtained":["Golden Idol"]},{"damage_healed":0.0,"max_hp_gain":0.0,"max_hp_loss":0.0,"gold_gain":0.0,"event_name":"Wheel of Change","player_choice":"Relic","floor":4.0,"gold_loss":0.0,"damage_taken":0.0},{"damage_healed":0.0,"max_hp_gain":0.0,"max_hp_loss":0.0,"gold_gain":0.0,"event_name":"Shining Light","player_choice":"Entered Light","floor":11.0,"gold_loss":0.0,"damage_taken":21.0,"cards_upgraded":["Neutralize","Strike_G"]},{"damage_healed":0.0,"max_hp_gain":0.0,"max_hp_loss":0.0,"gold_gain":0.0,"event_name":"Dead Adventurer","player_choice":"Searched \u00270\u0027 times","floor":14.0,"gold_loss":0.0,"damage_taken":0.0}],"is_beta":false,"boss_relics":[],"items_purged_floors":[],"is_endless":false,"potions_floor_spawned":[1,12],"killed_by":"Slime Boss","ascension_level":20}