{"gold_per_floor":[118,136,136,61,61,93,107,118,118,118,34,5,5,24,24,24],"floor_reached":16,"playtime":353,"items_purged":[],"score":250,"play_id":"3b08ddfa-4b7c-41f7-bbe9-48a78ff04f83","local_time":"20190219135245","is_ascension_mode":true,"campfire_choices":[{"data":"Noxious Fumes","floor":13,"key":"SMITH"},{"data":"Deadly Poison","floor":15,"key":"SMITH"}],"neow_cost":"NONE","seed_source_timestamp":20299137286125,"circlet_count":0,"master_deck":["AscendersBane","Defend_G","Defend_G","Defend_G","Defend_G","Defend_G","Strike_G","Strike_G","Strike_G","Survivor","Neutralize","Deadly Poison+1","Venomology","Flechettes","Noxious Fumes+1","Acrobatics"],"special_seed":0,"relics":["Ring of the Snake","NeowsBlessing","Question Card","Turnip","Du-Vu Doll"],"potions_floor_usage":[16],"damage_taken":[{"damage":0.0,"enemies":"Small Slimes","floor":1.0,"turns":1.0},{"damage":0.0,"enemies":"Jaw Worm","floor":2.0,"turns":1.0},{"damage":0.0,"enemies":"3 Sentries","floor":6.0,"turns":2.0},{"damage":0.0,"enemies":"2 Louse","floor":7.0,"turns":3.0},{"damage":31.0,"enemies":"Exordium Thugs","floor":8.0,"turns":8.0},{"damage":10,"enemies":"Looter","floor":14,"turns":4},{"damage":27,"enemies":"Hexaghost","floor":16,"turns":10}],"seed_played":"4298097821106429646","potions_obtained":[{"floor":1.0,"key":"Block Potion"}],"is_trial":false,"path_per_floor":["M","M","?","?","?","E","M","M","T","?","$","$","R","M","R","B"],"character_chosen":"THE_SILENT","items_purchased":["Noxious Fumes","Acrobatics"],"campfire_rested":0,"item_purchase_floors":[11,12],"current_hp_per_floor":[59,59,54,54,54,54,54,38,38,38,38,38,38,28,28,1],"gold":24,"neow_bonus":"THREE_ENEMY_KILL","is_prod":false,"is_daily":false,"chose_seed":false,"campfire_upgraded":2,"win_rate":0,"timestamp":1550555565,"path_taken":["M","M","?","?","?","E","M","?","T","?","?","$","R","M","R","BOSS"],"build_version":"2019-01-23","purchased_purges":0,"victory":false,"max_hp_per_floor":[66,66,66,66,66,66,66,66,66,66,66,66,66,66,66,66],"card_choices":[{"not_picked":["Setup","Dagger Spray","Slice"],"picked":"SKIP","floor":1.0},{"not_picked":["Acrobatics","Blur"],"picked":"Deadly Poison","floor":2.0},{"not_picked":["Dagger Throw","Underhanded Strike","Accuracy","Skewer"],"picked":"SKIP","floor":6.0},{"not_picked":["Flying Knee","Prepared","Dagger Spray"],"picked":"Venomology","floor":7.0},{"not_picked":["Bane","Cloak And Dagger","Acrobatics"],"picked":"Flechettes","floor":8.0},{"not_picked":["Backflip","Heel Hook","PiercingWail","Crippling Poison"],"picked":"SKIP","floor":14}],"player_experience":2949999,"relics_obtained":[{"floor":6.0,"key":"Turnip"},{"floor":9.0,"key":"Du-Vu Doll"}],"event_choices":[{"damage_healed":0.0,"max_hp_gain":0.0,"max_hp_loss":0.0,"gold_gain":0.0,"event_name":"Scrap Ooze","player_choice":"Success","floor":3.0,"gold_loss":0.0,"damage_taken":5.0,"relics_obtained":["Question Card"]},{"cards_removed":["Strike_G"],"damage_healed":0.0,"max_hp_gain":0.0,"max_hp_loss":0.0,"gold_gain":0.0,"event_name":"The Cleric","player_choice":"Card Removal","floor":4.0,"gold_loss":75.0,"damage_taken":0.0},{"cards_removed":["Strike_G"],"damage_healed":0.0,"max_hp_gain":0.0,"max_hp_loss":0.0,"gold_gain":0.0,"event_name":"Bonfire Elementals","player_choice":"Offered Basic","floor":5.0,"gold_loss":0.0,"damage_taken":0.0},{"damage_healed":0.0,"max_hp_gain":0.0,"max_hp_loss":0.0,"gold_gain":0.0,"event_name":"Dead Adventurer","player_choice":"Searched \u00270\u0027 times","floor":10.0,"gold_loss":0.0,"damage_taken":0.0}],"is_beta":false,"boss_relics":[],"items_purged_floors":[],"is_endless":false,"potions_floor_spawned":[1],"killed_by":"Hexaghost","ascension_level":20}