{"gold_per_floor":[112,70,70,70,70,104,115,115,115,130,160,160,176,188,188,260,260,276,246,226,239,252,252,252],"floor_reached":24,"playtime":724,"items_purged":[],"score":466,"play_id":"64d68335-a759-44a0-bf3d-98a9f5b426d0","local_time":"20190228142812","is_ascension_mode":true,"campfire_choices":[{"data":"Poisoned Stab","floor":8.0,"key":"SMITH"},{"floor":15.0,"key":"REST"},{"data":"Wraith Form v2","floor":23,"key":"SMITH"}],"neow_cost":"NONE","seed_source_timestamp":10440339265059,"circlet_count":0,"master_deck":["AscendersBane","Defend_G","Defend_G","Defend_G","Defend_G","Defend_G","Strike_G","Strike_G","Strike_G","Strike_G","Survivor","Neutralize","Acrobatics+1","Flechettes","Reflex+1","Pain","Poisoned Stab+1","Backstab","Wraith Form v2+1","Adrenaline","Footwork"],"special_seed":0,"relics":["Ring of the Snake","NeowsBlessing","WarpedTongs","Unceasing Top","Happy Flower","Snake Skull","Philosopher\u0027s Stone"],"potions_floor_usage":[16,16,18,20,20],"damage_taken":[{"damage":0.0,"enemies":"2 Louse","floor":1.0,"turns":1.0},{"damage":0.0,"enemies":"Gremlin Nob","floor":6.0,"turns":1.0},{"damage":0.0,"enemies":"Small Slimes","floor":7.0,"turns":1.0},{"damage":0.0,"enemies":"Cultist","floor":10.0,"turns":3.0},{"damage":18.0,"enemies":"3 Sentries","floor":11.0,"turns":8.0},{"damage":0.0,"enemies":"3 Louse","floor":13.0,"turns":1.0},{"damage":3.0,"enemies":"Exordium Thugs","floor":14.0,"turns":3.0},{"damage":38,"enemies":"Slime Boss","floor":16,"turns":9},{"damage":6,"enemies":"Chosen","floor":18,"turns":4},{"damage":8,"enemies":"2 Thieves","floor":20,"turns":4},{"damage":3,"enemies":"Snake Plant","floor":21,"turns":5},{"damage":16,"enemies":"Shelled Parasite and Fungi","floor":22,"turns":5},{"damage":47,"enemies":"Cultist and Chosen","floor":24,"turns":7}],"seed_played":"2245011540227969609","potions_obtained":[{"floor":6.0,"key":"Strength Potion"},{"floor":7.0,"key":"Weak Potion"},{"floor":13.0,"key":"FearPotion"},{"floor":16,"key":"GhostInAJar"},{"floor":19,"key":"Poison Potion"},{"floor":19,"key":"Regen Potion"}],"is_trial":false,"path_per_floor":["M","$","?","?","?","E","M","R","T","M","E","?","M","M","R","B",null,"M","?","M","M","M","R","M"],"character_chosen":"THE_SILENT","items_purchased":["Flechettes"],"campfire_rested":1,"item_purchase_floors":[2],"current_hp_per_floor":[59,59,64,64,64,64,64,64,64,64,46,25,25,22,43,5,55,49,49,55,52,36,36,0],"gold":252,"neow_bonus":"THREE_ENEMY_KILL","is_prod":false,"is_daily":false,"chose_seed":false,"campfire_upgraded":2,"win_rate":0,"timestamp":1551335292,"path_taken":["M","$","?","?","?","E","?","R","T","M","E","?","M","M","R","BOSS","M","?","?","M","M","R","M"],"build_version":"2019-01-23","purchased_purges":0,"victory":false,"max_hp_per_floor":[66,66,71,71,71,71,71,71,71,71,71,71,71,71,71,71,71,71,71,71,71,71,71,71],"card_choices":[{"not_picked":["Deflect","Bane"],"picked":"Acrobatics","floor":1.0},{"not_picked":["Flechettes","Sucker Punch","Accuracy"],"picked":"SKIP","floor":6.0},{"not_picked":["Escape Plan","Dagger Throw"],"picked":"Poisoned Stab","floor":7.0},{"not_picked":["Cloak And Dagger","Dagger Spray"],"picked":"Backstab","floor":10.0},{"not_picked":["Prepared","Dagger Spray","Dodge and Roll"],"picked":"SKIP","floor":11.0},{"not_picked":["Sucker Punch","Blade Dance","Poisoned Stab"],"picked":"SKIP","floor":13.0},{"not_picked":["Outmaneuver","Dodge and Roll","Dagger Spray"],"picked":"SKIP","floor":14.0},{"not_picked":["Night Terror","Phantasmal Killer"],"picked":"Wraith Form v2","floor":16},{"not_picked":["Slice","Outmaneuver","Deflect"],"picked":"SKIP","floor":18},{"not_picked":["Backflip+1","Slice"],"picked":"Adrenaline","floor":20},{"not_picked":["Masterful Stab","Bane","Outmaneuver"],"picked":"SKIP","floor":21},{"not_picked":["Bane","Dash"],"picked":"Footwork","floor":22}],"player_experience":3223104,"relics_obtained":[{"floor":6.0,"key":"Unceasing Top"},{"floor":9.0,"key":"Happy Flower"},{"floor":11.0,"key":"Snake Skull"}],"event_choices":[{"damage_healed":0.0,"max_hp_gain":5.0,"max_hp_loss":0.0,"gold_gain":0.0,"event_name":"Big Fish","player_choice":"Donut","floor":3.0,"gold_loss":0.0,"damage_taken":0.0},{"damage_healed":0.0,"max_hp_gain":0.0,"max_hp_loss":0.0,"gold_gain":0.0,"cards_transformed":["Strike_G"],"event_name":"Living Wall","player_choice":"Change","floor":4.0,"gold_loss":0.0,"damage_taken":0.0,"cards_obtained":["Reflex"]},{"damage_healed":0.0,"max_hp_gain":0.0,"max_hp_loss":0.0,"gold_gain":0.0,"event_name":"Accursed Blacksmith","player_choice":"Rummage","floor":5.0,"gold_loss":0.0,"damage_taken":0.0,"relics_obtained":["WarpedTongs"],"cards_obtained":["Pain"]},{"damage_healed":0.0,"max_hp_gain":0.0,"max_hp_loss":0.0,"gold_gain":0.0,"event_name":"Shining Light","player_choice":"Entered Light","floor":12.0,"gold_loss":0.0,"damage_taken":21.0,"cards_upgraded":["Reflex","Acrobatics"]},{"damage_healed":0,"gold_gain":0,"player_choice":"Bought 2 Potions","damage_taken":0,"max_hp_gain":0,"max_hp_loss":0,"event_name":"The Woman in Blue","floor":19,"gold_loss":0}],"is_beta":false,"boss_relics":[{"not_picked":["Velvet Choker","Lizard Tail"],"picked":"Philosopher\u0027s Stone"}],"items_purged_floors":[],"is_endless":false,"potions_floor_spawned":[6,7,13,16],"killed_by":"Cultist and Chosen","ascension_level":20}