{"gold_per_floor":[115,129,149,74,84,84,103,103,103,103,122,43,43,43,43,121,121,131,56,56,56,48,48,48],"floor_reached":24,"playtime":15322,"items_purged":["Strike_B"],"score":372,"play_id":"7756eda3-ade8-43b5-aed1-63b39c028bac","local_time":"20190222183748","is_ascension_mode":true,"campfire_choices":[{"data":"Creative AI","floor":6.0,"key":"SMITH"},{"data":"Dualcast","floor":8.0,"key":"SMITH"},{"data":"Zap","floor":10.0,"key":"SMITH"},{"data":"Coolheaded","floor":13.0,"key":"SMITH"},{"data":"Turbo","floor":15.0,"key":"SMITH"},{"data":"Heatsinks","floor":23,"key":"SMITH"}],"neow_cost":"NONE","seed_source_timestamp":15022113144134,"circlet_count":0,"master_deck":["AscendersBane","Strike_B","Strike_B","Defend_B","Defend_B","Defend_B","Defend_B","Zap+1","Dualcast+1","Creative AI+1","Chill","Heatsinks+1","Coolheaded+1","Cold Snap","Turbo+1","Glacier","Core Surge"],"special_seed":0,"relics":["Cracked Core","Question Card","Sozu"],"potions_floor_usage":[],"damage_taken":[{"damage":8.0,"enemies":"Small Slimes","floor":1.0,"turns":4.0},{"damage":0.0,"enemies":"2 Louse","floor":2.0,"turns":4.0},{"damage":5.0,"enemies":"Jaw Worm","floor":3.0,"turns":4.0},{"damage":4.0,"enemies":"2 Fungi Beasts","floor":5.0,"turns":5.0},{"damage":21.0,"enemies":"Lots of Slimes","floor":7.0,"turns":6.0},{"damage":5.0,"enemies":"Red Slaver","floor":11.0,"turns":3.0},{"damage":9.0,"enemies":"Slime Boss","floor":16.0,"turns":9.0},{"damage":9,"enemies":"Chosen","floor":18,"turns":12},{"damage":3,"enemies":"2 Thieves","floor":22,"turns":4},{"damage":52,"enemies":"3 Cultists","floor":24,"turns":6}],"seed_played":"-3984898250076501949","potions_obtained":[{"floor":3.0,"key":"SteroidPotion"},{"floor":5.0,"key":"Weak Potion"},{"floor":16.0,"key":"Strength Potion"}],"is_trial":false,"path_per_floor":["M","M","M","$","M","R","M","R","T","R","M","$","R","?","R","B",null,"M","?","?","$","M","R","M"],"character_chosen":"DEFECT","items_purchased":["Glacier"],"campfire_rested":0,"item_purchase_floors":[12],"current_hp_per_floor":[56,56,51,51,47,47,26,26,26,26,21,21,21,21,21,12,56,47,47,47,47,44,44,0],"gold":48,"neow_bonus":"ONE_RANDOM_RARE_CARD","is_prod":false,"is_daily":false,"chose_seed":false,"campfire_upgraded":6,"win_rate":0,"timestamp":1550831868,"path_taken":["M","M","M","$","M","R","M","R","T","R","M","$","R","?","R","BOSS","M","?","?","?","M","R","M"],"build_version":"2019-01-23","purchased_purges":1,"victory":false,"max_hp_per_floor":[71,71,71,71,71,71,71,71,71,71,71,71,71,71,71,71,71,71,71,71,71,71,71,71],"card_choices":[{"not_picked":["Barrage","Streamline"],"picked":"Chill","floor":1.0},{"not_picked":["BootSequence","Steam"],"picked":"Heatsinks","floor":2.0},{"not_picked":["Hologram","Steam"],"picked":"Coolheaded","floor":3.0},{"not_picked":["Lockon","Stack"],"picked":"Cold Snap","floor":5.0},{"not_picked":["Redo","Blizzard","Hologram"],"picked":"SKIP","floor":7.0},{"not_picked":["Stack","Rebound","Multi-Cast"],"picked":"Turbo","floor":11.0},{"not_picked":["Hyperbeam","Fission","Rainbow"],"picked":"Core Surge","floor":16.0},{"not_picked":["Sweeping Beam","Hologram","Streamline","Reinforced Body"],"picked":"SKIP","floor":18},{"not_picked":["Steam Power","Static Discharge","Stack+1","Darkness"],"picked":"SKIP","floor":22}],"player_experience":3035082,"relics_obtained":[{"floor":9.0,"key":"Question Card"}],"event_choices":[{"damage_healed":0.0,"max_hp_gain":0.0,"max_hp_loss":0.0,"gold_gain":0.0,"event_name":"Shining Light","player_choice":"Ignored","floor":14.0,"gold_loss":0.0,"damage_taken":0.0},{"cards_removed":["Strike_B"],"damage_healed":0,"gold_gain":0,"player_choice":"Gave Gold","damage_taken":0,"max_hp_gain":0,"max_hp_loss":0,"event_name":"Beggar","floor":19,"gold_loss":75},{"damage_healed":0,"gold_gain":0,"player_choice":"Ignored","damage_taken":0,"max_hp_gain":0,"max_hp_loss":0,"event_name":"Vampires","floor":20,"gold_loss":0}],"is_beta":false,"boss_relics":[{"not_picked":["Orrery","Lizard Tail"],"picked":"Sozu"}],"items_purged_floors":[4],"is_endless":false,"potions_floor_spawned":[3,5,16],"killed_by":"3 Cultists","ascension_level":20}