{"gold_per_floor":[119,134,14,14,14,14,50,50],"floor_reached":8,"playtime":351,"items_purged":[],"score":95,"play_id":"febf47c5-e261-4442-9930-5195d568052a","local_time":"20190214215654","is_ascension_mode":true,"campfire_choices":[{"data":"Accuracy","floor":6,"key":"SMITH"}],"neow_cost":"PERCENT_DAMAGE","seed_source_timestamp":183037785093810,"circlet_count":0,"master_deck":["AscendersBane","Defend_G","Defend_G","Defend_G","Defend_G","Defend_G","Strike_G","Strike_G","Survivor","Neutralize","Adrenaline","Slice","Accuracy+1","Cloak And Dagger","Envenom"],"relics":["Ring of the Snake","Golden Idol","Art of War"],"potions_floor_usage":[7],"damage_taken":[{"damage":7,"enemies":"Jaw Worm","floor":1,"turns":5},{"damage":0,"enemies":"Small Slimes","floor":2,"turns":5},{"damage":12,"enemies":"3 Sentries","floor":7,"turns":16},{"damage":19,"enemies":"The Mushroom Lair","floor":8,"turns":4}],"seed_played":"-3499904527514146282","potions_obtained":[{"floor":2,"key":"Block Potion"}],"is_trial":false,"path_per_floor":["M","M","$","?","?","R","E","?"],"character_chosen":"THE_SILENT","items_purchased":["Accuracy","Cloak And Dagger"],"campfire_rested":0,"item_purchase_floors":[3,3],"current_hp_per_floor":[37,37,37,30,30,30,18,0],"gold":50,"neow_bonus":"TRANSFORM_TWO_CARDS","is_prod":false,"is_daily":false,"chose_seed":false,"campfire_upgraded":1,"win_rate":0,"timestamp":1550152614,"path_taken":["M","M","$","?","?","R","E","?"],"build_version":"2019-01-23","purchased_purges":0,"victory":false,"max_hp_per_floor":[66,66,66,66,60,60,60,60],"card_choices":[{"not_picked":["Dagger Spray","PiercingWail","Blur"],"picked":"SKIP","floor":1},{"not_picked":["Bane","Sucker Punch","Poisoned Stab"],"picked":"SKIP","floor":2},{"not_picked":["Endless Agony","Acrobatics"],"picked":"Envenom","floor":7}],"player_experience":751096,"relics_obtained":[{"floor":7,"key":"Art of War"}],"event_choices":[{"cards_removed":["Strike_G"],"damage_healed":0,"gold_gain":0,"player_choice":"Card Removal","damage_taken":7,"max_hp_gain":0,"max_hp_loss":0,"event_name":"Golden Wing","floor":4,"gold_loss":0},{"damage_healed":0,"gold_gain":0,"player_choice":"Lose Max HP","damage_taken":0,"relics_obtained":["Golden Idol"],"max_hp_gain":0,"max_hp_loss":6,"event_name":"Golden Idol","floor":5,"gold_loss":0},{"damage_healed":0,"gold_gain":0,"player_choice":"Fought Mushrooms","damage_taken":0,"max_hp_gain":0,"max_hp_loss":0,"event_name":"Mushrooms","floor":8,"gold_loss":0}],"is_beta":false,"boss_relics":[],"items_purged_floors":[],"is_endless":false,"potions_floor_spawned":[2],"killed_by":"The Mushroom Lair","ascension_level":15}