{"gold_per_floor":[110,125,144,155,175,175,100,100,149,161,193,205,217,242,254,343,355,378,155,155,205,219,219,252,252,252,252,252,252,252,252],"floor_reached":31,"playtime":763,"items_purged":["Defend_B"],"score":486,"play_id":"6c62c7e4-a097-4ee7-8d0d-8f39d289e33d","local_time":"20190424080211","is_ascension_mode":true,"campfire_choices":[{"data":"Consume","floor":6.0,"key":"SMITH"},{"data":"Recycle","floor":8.0,"key":"SMITH"},{"data":"Zap","floor":10.0,"key":"SMITH"},{"data":"Dualcast","floor":13.0,"key":"SMITH"},{"data":"Hologram","floor":15.0,"key":"SMITH"},{"data":"Recycle","floor":23,"key":"SMITH"},{"floor":25,"key":"REST"},{"data":"Thunder Strike","floor":27,"key":"SMITH"},{"floor":29,"key":"REST"}],"neow_cost":"NONE","seed_source_timestamp":142500451811412,"circlet_count":0,"master_deck":["AscendersBane","Defend_B","Defend_B","Defend_B","Zap+1","Dualcast+1","Thunder Strike+1","Cold Snap","Undo","Consume+1","Recycle+1","Undo","Creative AI","Hologram+1","Electrodynamics","Recycle+1","Writhe","Turbo+1"],"special_seed":0,"relics":["Cracked Core","MawBank","Empty Cage","Anchor","Toxic Egg 2","Vajra","Sundial"],"potions_floor_usage":[18,24],"damage_taken":[{"damage":2.0,"enemies":"Cultist","floor":1.0,"turns":4.0},{"damage":5.0,"enemies":"Small Slimes","floor":2.0,"turns":4.0},{"damage":5.0,"enemies":"Jaw Worm","floor":3.0,"turns":4.0},{"damage":0.0,"enemies":"Exordium Wildlife","floor":4.0,"turns":11.0},{"damage":8.0,"enemies":"Large Slime","floor":5.0,"turns":6.0},{"damage":1.0,"enemies":"Looter","floor":11.0,"turns":4.0},{"damage":13.0,"enemies":"Blue Slaver","floor":14.0,"turns":5.0},{"damage":13.0,"enemies":"Slime Boss","floor":16.0,"turns":5.0},{"damage":0,"enemies":"Shell Parasite","floor":18,"turns":7},{"damage":0,"enemies":"Chosen","floor":22,"turns":4},{"damage":46,"enemies":"Book of Stabbing","floor":24,"turns":6},{"damage":36,"enemies":"Slavers","floor":31,"turns":2}],"seed_played":"807454564942043947","potions_obtained":[{"floor":2.0,"key":"Strength Potion"},{"floor":4.0,"key":"Strength Potion"},{"floor":16.0,"key":"GamblersBrew"},{"floor":18,"key":"AttackPotion"}],"is_trial":false,"path_per_floor":["M","M","M","M","M","R","?","R","T","R","M","?","R","M","R","B",null,"M","$","?","?","M","R","E","R","T","R","?","R","T","E"],"character_chosen":"DEFECT","items_purchased":["Anchor"],"campfire_rested":2,"item_purchase_floors":[19],"current_hp_per_floor":[62,57,52,52,44,44,44,44,44,44,43,43,43,30,30,17,58,58,58,58,58,58,58,12,33,33,33,13,35,35,0],"gold":252,"neow_bonus":"ONE_RANDOM_RARE_CARD","is_prod":false,"is_daily":false,"chose_seed":false,"campfire_upgraded":7,"win_rate":0,"timestamp":1556064131,"path_taken":["M","M","M","M","?","R","?","R","T","R","M","?","R","M","R","BOSS","M","$","?","?","M","R","E","R","T","R","?","R","?","E"],"build_version":"2019-01-23","purchased_purges":1,"victory":false,"max_hp_per_floor":[71,71,71,71,71,71,71,71,71,71,71,71,71,71,71,71,71,71,71,71,71,71,71,71,71,71,71,76,76,76,76],"card_choices":[{"not_picked":["Barrage","Redo"],"picked":"Cold Snap","floor":1.0},{"not_picked":["Steam","Melter"],"picked":"Undo","floor":2.0},{"not_picked":["Leap","Doom and Gloom"],"picked":"Consume","floor":3.0},{"not_picked":["Steam","Redo"],"picked":"Recycle","floor":4.0},{"not_picked":["Cold Snap","Beam Cell"],"picked":"Undo","floor":5.0},{"not_picked":["Sweeping Beam","Melter"],"picked":"Creative AI","floor":11.0},{"not_picked":["Go for the Eyes","Cold Snap"],"picked":"Hologram","floor":14.0},{"not_picked":["Echo Form","Core Surge"],"picked":"Electrodynamics","floor":16.0},{"not_picked":["Redo+1","Cold Snap"],"picked":"Recycle","floor":18},{"not_picked":["Hologram+1","Conserve Battery+1"],"picked":"Turbo+1","floor":22},{"not_picked":["Compile Driver","Streamline","Sunder"],"picked":"SKIP","floor":24}],"player_experience":4494080,"relics_obtained":[{"floor":9.0,"key":"MawBank"},{"floor":24,"key":"Vajra"},{"floor":30,"key":"Sundial"}],"event_choices":[{"cards_removed":["Strike_B"],"damage_healed":0.0,"max_hp_gain":0.0,"max_hp_loss":0.0,"gold_gain":0.0,"event_name":"The Cleric","player_choice":"Card Removal","floor":7.0,"gold_loss":75.0,"damage_taken":0.0},{"cards_removed":["Strike_B"],"damage_healed":0.0,"max_hp_gain":0.0,"max_hp_loss":0.0,"gold_gain":0.0,"event_name":"Living Wall","player_choice":"Forget","floor":12.0,"gold_loss":0.0,"damage_taken":0.0},{"damage_healed":0,"gold_gain":0,"player_choice":"Opened","damage_taken":0,"relics_obtained":["Toxic Egg 2"],"max_hp_gain":0,"max_hp_loss":0,"event_name":"The Mausoleum","floor":20,"gold_loss":0,"cards_obtained":["Writhe"]},{"damage_healed":0,"gold_gain":50,"player_choice":"Stole From Cult","damage_taken":0,"max_hp_gain":0,"max_hp_loss":0,"event_name":"Nest","floor":21,"gold_loss":0},{"damage_healed":0,"gold_gain":0,"player_choice":"Shed Blood","damage_taken":25,"max_hp_gain":5,"max_hp_loss":0,"event_name":"Forgotten Altar","floor":28,"gold_loss":0}],"is_beta":false,"boss_relics":[{"not_picked":["Calling Bell","White Beast Statue"],"picked":"Empty Cage"}],"items_purged_floors":[19],"is_endless":false,"potions_floor_spawned":[2,4,16,18],"killed_by":"Slavers","ascension_level":20}