{"gold_per_floor":[113,113,124,124,49,83,83,83,135,151,151,169,169,181,181,279,329,340,354,354,176,86,86,119,136,136,11,30,30,30,45,45,141,141,160,177,195,6,6,6,16,16,16,36,46,46,66,66,66,66],"floor_reached":51,"playtime":1662,"items_purged":["Strike_G","Strike_G","Defend_G","Defend_G"],"score":794,"play_id":"040b17fc-22d3-4c5c-b764-0ea6105a3c21","local_time":"20181124131539","is_ascension_mode":false,"campfire_choices":[{"data":"Noxious Fumes","floor":7.0,"key":"SMITH"},{"data":"Survivor","floor":11.0,"key":"SMITH"},{"data":"Defend_G","floor":13.0,"key":"SMITH"},{"data":"Deadly Poison","floor":15.0,"key":"SMITH"},{"data":"Glass Knife","floor":23,"key":"SMITH"},{"data":"Noxious Fumes","floor":30,"key":"SMITH"},{"floor":32,"key":"REST"},{"data":"Well Laid Plans","floor":40,"key":"SMITH"},{"data":"Footwork","floor":46,"key":"SMITH"},{"data":"Leg Sweep","floor":49,"key":"SMITH"}],"neow_cost":"NONE","seed_source_timestamp":12642095019211,"circlet_count":0,"master_deck":["Defend_G+1","Defend_G","Defend_G+1","Strike_G+1","Strike_G+1","Survivor+1","Neutralize+1","Dagger Throw","Noxious Fumes+1","Deadly Poison+1","Glass Knife+1","Leg Sweep+1","Crippling Poison","Footwork+1","Noxious Fumes+1","Adrenaline","After Image","Well Laid Plans+1","Leg Sweep+1","Adrenaline"],"special_seed":0,"relics":["Ring of the Snake","NeowsBlessing","Bag of Preparation","Dodecahedron","Ancient Tea Set","Tiny House","Calipers","Darkstone Periapt","Sozu","CultistMask","Mercury Hourglass"],"potions_floor_usage":[24,44,50,50],"damage_taken":[{"damage":0.0,"enemies":"Cultist","floor":1.0,"turns":1.0},{"damage":0.0,"enemies":"Jaw Worm","floor":3.0,"turns":1.0},{"damage":0.0,"enemies":"3 Sentries","floor":6.0,"turns":1.0},{"damage":0.0,"enemies":"2 Louse","floor":10.0,"turns":2.0},{"damage":5.0,"enemies":"Lots of Slimes","floor":12.0,"turns":3.0},{"damage":1.0,"enemies":"Red Slaver","floor":14.0,"turns":3.0},{"damage":0.0,"enemies":"Hexaghost","floor":16.0,"turns":8.0},{"damage":0.0,"enemies":"3 Byrds","floor":18.0,"turns":4.0},{"damage":0.0,"enemies":"2 Thieves","floor":19.0,"turns":4.0},{"damage":16,"enemies":"Gremlin Leader","floor":24,"turns":7},{"damage":2,"enemies":"Centurion and Healer","floor":25,"turns":8},{"damage":13,"enemies":"Snake Plant","floor":28,"turns":6},{"damage":10,"enemies":"Snecko","floor":31,"turns":5},{"damage":18,"enemies":"Collector","floor":33,"turns":7},{"damage":0,"enemies":"3 Shapes","floor":35,"turns":5},{"damage":0,"enemies":"3 Darklings","floor":36,"turns":4},{"damage":0,"enemies":"Transient","floor":37,"turns":5},{"damage":0,"enemies":"Spire Growth","floor":41,"turns":5},{"damage":0,"enemies":"3 Darklings","floor":44,"turns":4},{"damage":0,"enemies":"Transient","floor":45,"turns":5},{"damage":0,"enemies":"Sphere and 2 Shapes","floor":47,"turns":5},{"damage":0,"enemies":"Awakened One","floor":50,"turns":16}],"seed_played":"4704172987670430109","potions_obtained":[{"floor":3.0,"key":"SkillPotion"},{"floor":6.0,"key":"Weak Potion"},{"floor":14.0,"key":"Fire Potion"},{"floor":16.0,"key":"SkillPotion"},{"floor":19.0,"key":"FearPotion"},{"floor":24,"key":"Swift Potion"},{"floor":33,"key":"SteroidPotion"}],"is_trial":false,"path_per_floor":["M","?","M","?","$","E","R","$","T","M","R","M","R","M","R","B",null,"M","M","?","$","?","R","E","M","T","$","M","$","R","M","R","B",null,"M","M","M","$","?","R","M","?","T","M","M","R","M","?","R","B",null],"character_chosen":"THE_SILENT","items_purchased":["Footwork","Well Laid Plans"],"campfire_rested":1,"item_purchase_floors":[21,38],"current_hp_per_floor":[70,56,56,31,31,31,31,31,31,31,31,26,26,25,25,25,75,75,75,75,75,75,75,59,57,57,57,44,44,44,34,56,38,75,75,75,75,75,75,75,75,75,75,75,75,75,75,75,75,75],"gold":66,"neow_bonus":"THREE_ENEMY_KILL","is_prod":false,"is_daily":false,"chose_seed":false,"campfire_upgraded":9,"win_rate":0,"timestamp":1543036539,"path_taken":["M","?","M","?","$","E","R","?","T","M","R","M","R","M","R","BOSS","M","?","?","$","?","R","E","?","T","?","M","$","R","M","R","BOSS","M","M","M","$","?","R","?","?","T","?","M","R","M","?","R","BOSS"],"build_version":"2018-11-15","purchased_purges":4,"victory":true,"max_hp_per_floor":[70,70,70,70,70,70,70,70,70,70,70,70,70,70,70,70,75,75,75,75,75,75,75,75,75,75,75,75,75,75,75,75,75,75,75,75,75,75,75,75,75,75,75,75,75,75,75,75,75,75],"card_choices":[{"not_picked":["Acrobatics","Eviscerate"],"picked":"Dagger Throw","floor":1.0},{"not_picked":["Deadly Poison","Dodge and Roll"],"picked":"Noxious Fumes","floor":3.0},{"not_picked":["Dash","Setup","Choke"],"picked":"SKIP","floor":6.0},{"not_picked":["Flying Knee","Dagger Throw","PiercingWail"],"picked":"SKIP","floor":10.0},{"not_picked":["Bane","Backflip","Dagger Throw"],"picked":"SKIP","floor":12.0},{"not_picked":["Setup","Blade Dance"],"picked":"Deadly Poison","floor":14.0},{"not_picked":["Envenom","A Thousand Cuts"],"picked":"Glass Knife","floor":16.0},{"not_picked":["Masterful Stab","Quick Slash"],"picked":"Leg Sweep","floor":17.0},{"not_picked":["Tactician","Outmaneuver"],"picked":"Crippling Poison","floor":18.0},{"not_picked":["Outmaneuver+1","Cloak And Dagger","Backstab"],"picked":"SKIP","floor":19.0},{"not_picked":["Prepared","Dagger Throw+1"],"picked":"Noxious Fumes","floor":24},{"not_picked":["Underhanded Strike","Sucker Punch","Dagger Spray"],"picked":"SKIP","floor":25},{"not_picked":["Poisoned Stab","Flying Knee"],"picked":"Adrenaline","floor":28},{"not_picked":["Tactician","Dodge and Roll","Terror"],"picked":"SKIP","floor":31},{"not_picked":["Tools of the Trade","Storm of Steel"],"picked":"After Image","floor":33},{"not_picked":["Blade Dance","Deadly Poison","Outmaneuver"],"picked":"SKIP","floor":35},{"not_picked":["Blur","Skewer+1","Dagger Spray"],"picked":"SKIP","floor":36},{"not_picked":["Outmaneuver+1","Slice+1","Sucker Punch"],"picked":"SKIP","floor":37},{"not_picked":["Dagger Throw","Deflect","Blade Dance+1"],"picked":"SKIP","floor":41},{"not_picked":["Tactician","Concentrate+1"],"picked":"Leg Sweep+1","floor":44},{"not_picked":["Prepared","Slice","Finisher+1"],"picked":"SKIP","floor":45},{"not_picked":["Deadly Poison+1","Dodge and Roll+1"],"picked":"Adrenaline","floor":47}],"player_experience":1140285,"relics_obtained":[{"floor":6.0,"key":"Dodecahedron"},{"floor":9.0,"key":"Ancient Tea Set"},{"floor":24,"key":"Calipers"},{"floor":26,"key":"Darkstone Periapt"},{"floor":43,"key":"Mercury Hourglass"}],"event_choices":[{"damage_healed":0.0,"max_hp_gain":0.0,"max_hp_loss":0.0,"gold_gain":0.0,"event_name":"Shining Light","player_choice":"Entered Light","floor":2.0,"gold_loss":0.0,"damage_taken":14.0,"cards_upgraded":["Strike_G","Neutralize"]},{"damage_healed":0.0,"max_hp_gain":0.0,"max_hp_loss":0.0,"gold_gain":0.0,"event_name":"Scrap Ooze","player_choice":"Success","floor":4.0,"gold_loss":0.0,"damage_taken":25.0,"relics_obtained":["Bag of Preparation"]},{"damage_healed":0,"gold_gain":0,"player_choice":"Ignored","damage_taken":0,"max_hp_gain":0,"max_hp_loss":0,"event_name":"The Mausoleum","floor":20,"gold_loss":0},{"cards_removed":["Strike_G"],"damage_healed":0,"gold_gain":0,"player_choice":"Upgrade and Remove","damage_taken":0,"max_hp_gain":0,"max_hp_loss":0,"event_name":"Designer","floor":22,"gold_loss":90,"cards_upgraded":["Defend_G"]},{"damage_healed":0,"gold_gain":0,"player_choice":"Trade","damage_taken":0,"relics_obtained":["CultistMask"],"max_hp_gain":0,"max_hp_loss":0,"event_name":"FaceTrader","floor":39,"gold_loss":0},{"cards_removed":["Well Laid Plans"],"damage_healed":0,"gold_gain":0,"player_choice":"Took Card","damage_taken":0,"max_hp_gain":0,"max_hp_loss":0,"event_name":"NoteForYourself","floor":42,"gold_loss":0,"cards_obtained":["Well Laid Plans"]},{"damage_healed":0,"gold_gain":0,"player_choice":"Ignored","damage_taken":0,"max_hp_gain":0,"max_hp_loss":0,"event_name":"Mysterious Sphere","floor":48,"gold_loss":0}],"is_beta":false,"boss_relics":[{"not_picked":["Lizard Tail","Snecko Eye"],"picked":"Tiny House"},{"not_picked":["Runic Dome","Black Star"],"picked":"Sozu"}],"items_purged_floors":[5,21,27,38],"is_endless":false,"potions_floor_spawned":[3,6,14,16,19,24,33,37,45],"ascension_level":0}