{"gold_per_floor":[18,32,0,0,0,12,30,30,30,30,49,63,4,15,15,86,86,105,105],"floor_reached":19,"playtime":610,"items_purged":[],"score":422,"play_id":"0cf7e6b8-0ada-4f24-81a2-661490b226d0","local_time":"20190407021532","is_ascension_mode":true,"campfire_choices":[{"data":"Trip","floor":8.0,"key":"SMITH"},{"data":"Neutralize","floor":10.0,"key":"SMITH"},{"data":"Tactician","floor":15.0,"key":"SMITH"}],"neow_cost":"NO_GOLD","seed_source_timestamp":56163547699956,"circlet_count":0,"master_deck":["AscendersBane","Defend_G","Defend_G","Defend_G","Defend_G","Defend_G","Strike_G","Strike_G","Strike_G","Strike_G","Survivor","Neutralize+1","Trip+1","Panacea","Tactician+1","Well Laid Plans","Well Laid Plans","Unload","Backflip","Finisher","Infinite Blades","Escape Plan","Acrobatics","Venomology"],"special_seed":0,"relics":["Ring of the Snake","Blood Vial","Busted Crown"],"potions_floor_usage":[19,19],"damage_taken":[{"damage":5.0,"enemies":"2 Louse","floor":1.0,"turns":5.0},{"damage":4.0,"enemies":"Small Slimes","floor":2.0,"turns":5.0},{"damage":0.0,"enemies":"Cultist","floor":6.0,"turns":2.0},{"damage":14.0,"enemies":"Large Slime","floor":7.0,"turns":7.0},{"damage":13.0,"enemies":"Exordium Wildlife","floor":11.0,"turns":4.0},{"damage":0.0,"enemies":"Lots of Slimes","floor":12.0,"turns":3.0},{"damage":11.0,"enemies":"Exordium Thugs","floor":14.0,"turns":5.0},{"damage":0.0,"enemies":"Slime Boss","floor":16.0,"turns":6.0},{"damage":24,"enemies":"Spheric Guardian","floor":18,"turns":5},{"damage":8,"enemies":"3 Byrds","floor":19,"turns":4}],"seed_played":"-2809921000286595706","potions_obtained":[{"floor":2.0,"key":"FearPotion"},{"floor":11.0,"key":"Explosive Potion"},{"floor":12.0,"key":"GhostInAJar"},{"floor":14.0,"key":"Fire Potion"}],"is_trial":false,"path_per_floor":["M","M","?","?","?","M","M","R","T","R","M","M","$","M","R","B",null,"M","M"],"character_chosen":"THE_SILENT","items_purchased":["Acrobatics"],"campfire_rested":0,"item_purchase_floors":[13],"current_hp_per_floor":[54,50,50,43,43,43,29,29,29,29,18,20,20,11,11,13,53,31,25],"gold":105,"neow_bonus":"RANDOM_COLORLESS_2","is_prod":false,"is_daily":false,"chose_seed":false,"campfire_upgraded":3,"win_rate":0,"timestamp":1554574532,"path_taken":["M","M","?","?","?","M","M","R","T","R","M","M","$","?","R","BOSS","M","M"],"build_version":"2019-01-23","purchased_purges":0,"victory":false,"max_hp_per_floor":[66,66,66,66,66,66,66,66,66,66,66,66,66,66,66,66,66,66,66],"card_choices":[{"not_picked":["Blade Dance","Underhanded Strike"],"picked":"Tactician","floor":1.0},{"not_picked":["Finisher","Poisoned Stab"],"picked":"Well Laid Plans","floor":2.0},{"not_picked":["Skewer","Dagger Spray"],"picked":"Backflip","floor":6.0},{"not_picked":["Poisoned Stab","Bane"],"picked":"Finisher","floor":7.0},{"not_picked":["Leg Sweep","Reflex"],"picked":"Infinite Blades","floor":11.0},{"not_picked":["Underhanded Strike","Skewer"],"picked":"Escape Plan","floor":12.0},{"not_picked":["Cloak And Dagger","Bane","Poisoned Stab"],"picked":"SKIP","floor":14.0},{"not_picked":["Glass Knife","Envenom"],"picked":"Venomology","floor":16.0},{"not_picked":["Setup"],"picked":"SKIP","floor":18}],"player_experience":4099688,"relics_obtained":[{"floor":9.0,"key":"Blood Vial"}],"event_choices":[{"damage_healed":0.0,"max_hp_gain":0.0,"max_hp_loss":0.0,"gold_gain":0.0,"event_name":"World of Goop","player_choice":"Left Gold","floor":3.0,"gold_loss":32.0,"damage_taken":0.0},{"cards_removed":["Strike_G"],"damage_healed":0.0,"max_hp_gain":0.0,"max_hp_loss":0.0,"gold_gain":0.0,"event_name":"Golden Wing","player_choice":"Card Removal","floor":4.0,"gold_loss":0.0,"damage_taken":7.0},{"damage_healed":0.0,"max_hp_gain":0.0,"max_hp_loss":0.0,"gold_gain":0.0,"event_name":"Match and Keep!","player_choice":"2 cards matched","floor":5.0,"gold_loss":0.0,"damage_taken":0.0,"cards_obtained":["Well Laid Plans","Unload"]}],"is_beta":false,"boss_relics":[{"not_picked":["Empty Cage","Calling Bell"],"picked":"Busted Crown"}],"items_purged_floors":[],"is_endless":false,"potions_floor_spawned":[2,11,12,14],"killed_by":"3 Byrds","ascension_level":20}