{"gold_per_floor":[116,30,105,105,125,157,157,157,157,157,168,168,168,187,187,266,266,280,280,40,40,40,40,69,86,111,111],"floor_reached":27,"playtime":745,"items_purged":["Strike_B"],"score":504,"play_id":"3dec287d-1efb-4756-8992-3c488f8af161","local_time":"20181119192558","is_ascension_mode":true,"campfire_choices":[{"data":"Zap","floor":7.0,"key":"SMITH"},{"data":"Glacier","floor":10.0,"key":"SMITH"},{"data":"Recycle","floor":13.0,"key":"SMITH"},{"data":"Streamline","floor":15.0,"key":"SMITH"}],"neow_cost":"NONE","seed_source_timestamp":1671966194108543,"circlet_count":0,"master_deck":["AscendersBane","Defend_B","Defend_B","Defend_B","Zap+1","Dualcast","Echo Form","Glacier+1","Recycle+1","Streamline+1","Electrodynamics","Consume","Self Repair","Coolheaded"],"special_seed":0,"relics":["Cracked Core","NeowsBlessing","Juzu Bracelet","Ancient Tea Set","Strawberry","Empty Cage","PreservedInsect","Potion Belt","DataDisk"],"potions_floor_usage":[24,24,27],"damage_taken":[{"damage":0.0,"enemies":"Cultist","floor":1.0,"turns":1.0},{"damage":0.0,"enemies":"Small Slimes","floor":5.0,"turns":1.0},{"damage":0.0,"enemies":"3 Sentries","floor":6.0,"turns":1.0},{"damage":0.0,"enemies":"Jaw Worm","floor":11.0,"turns":4.0},{"damage":3.0,"enemies":"Large Slime","floor":14.0,"turns":7.0},{"damage":1.0,"enemies":"The Guardian","floor":16.0,"turns":12.0},{"damage":7.0,"enemies":"3 Byrds","floor":18.0,"turns":4.0},{"damage":44,"enemies":"Book of Stabbing","floor":24,"turns":7},{"damage":2,"enemies":"Shell Parasite","floor":25,"turns":12},{"damage":19,"enemies":"Snake Plant","floor":27,"turns":1}],"seed_played":"3854917835655743391","potions_obtained":[{"floor":1.0,"key":"Strength Potion"},{"floor":6.0,"key":"Block Potion"},{"floor":18.0,"key":"Swift Potion"},{"floor":24,"key":"FearPotion"},{"floor":25,"key":"Swift Potion"}],"is_trial":false,"path_per_floor":["M","$","?","?","M","E","R","?","T","R","M","?","R","M","R","B",null,"M","?","$","?","?","?","E","M","T","M"],"character_chosen":"DEFECT","items_purchased":["Echo Form","PreservedInsect"],"campfire_rested":0,"item_purchase_floors":[2,20],"current_hp_per_floor":[64,64,53,53,53,53,53,18,25,25,25,18,18,15,15,14,62,55,55,55,55,55,55,11,16,16,0],"gold":111,"neow_bonus":"THREE_ENEMY_KILL","is_prod":false,"is_daily":false,"chose_seed":false,"campfire_upgraded":4,"win_rate":0,"timestamp":1542626758,"path_taken":["M","$","?","?","M","E","R","?","T","R","M","?","R","M","R","BOSS","M","?","$","?","?","?","E","M","T","M"],"build_version":"2018-11-15","purchased_purges":1,"victory":false,"max_hp_per_floor":[71,71,71,71,71,71,71,71,78,78,78,78,78,78,78,78,78,78,78,78,78,78,78,78,78,78,78],"card_choices":[{"not_picked":["Reinforced Body","Compile Driver","Stack"],"picked":"SKIP","floor":1.0},{"not_picked":["Stack","Conserve Battery","Amplify"],"picked":"SKIP","floor":5.0},{"not_picked":["Leap","Redo"],"picked":"Glacier","floor":6.0},{"not_picked":["BootSequence","Hologram"],"picked":"Recycle","floor":11.0},{"not_picked":["Go for the Eyes","Rebound"],"picked":"Streamline","floor":14.0},{"not_picked":["All For One","Reboot"],"picked":"Electrodynamics","floor":16.0},{"not_picked":["Storm","Barrage","Cold Snap+1"],"picked":"SKIP","floor":18.0},{"not_picked":["Storm","Barrage"],"picked":"Self Repair","floor":24},{"not_picked":["Streamline","Sweeping Beam"],"picked":"Coolheaded","floor":25}],"player_experience":562479,"relics_obtained":[{"floor":6.0,"key":"Juzu Bracelet"},{"floor":9.0,"key":"Strawberry"},{"floor":24,"key":"Potion Belt"},{"floor":26,"key":"DataDisk"}],"event_choices":[{"damage_healed":0.0,"max_hp_gain":0.0,"max_hp_loss":0.0,"gold_gain":75.0,"event_name":"World of Goop","player_choice":"Gather Gold","floor":3.0,"gold_loss":0.0,"damage_taken":11.0},{"damage_healed":0.0,"max_hp_gain":0.0,"max_hp_loss":0.0,"gold_gain":0.0,"event_name":"Liars Game","player_choice":"Ignored","floor":4.0,"gold_loss":0.0,"damage_taken":0.0},{"damage_healed":0.0,"max_hp_gain":0.0,"max_hp_loss":0.0,"gold_gain":0.0,"event_name":"Scrap Ooze","player_choice":"Success","floor":8.0,"gold_loss":0.0,"damage_taken":35.0,"relics_obtained":["Ancient Tea Set"]},{"cards_removed":["Strike_B"],"damage_healed":0.0,"max_hp_gain":0.0,"max_hp_loss":0.0,"gold_gain":0.0,"event_name":"Golden Wing","player_choice":"Card Removal","floor":12.0,"gold_loss":0.0,"damage_taken":7.0},{"damage_healed":0.0,"max_hp_gain":0.0,"max_hp_loss":0.0,"gold_gain":0.0,"event_name":"The Library","player_choice":"Read","floor":19.0,"gold_loss":0.0,"damage_taken":0.0,"cards_obtained":["Consume"]},{"damage_healed":0.0,"max_hp_gain":0.0,"max_hp_loss":0.0,"gold_gain":0.0,"event_name":"Vampires","player_choice":"Ignored","floor":21.0,"gold_loss":0.0,"damage_taken":0.0},{"damage_healed":0,"gold_gain":0,"player_choice":"Ignored","damage_taken":0,"max_hp_gain":0,"max_hp_loss":0,"event_name":"Cursed Tome","floor":22,"gold_loss":0},{"cards_removed":["Defend_B"],"damage_healed":0,"gold_gain":0,"player_choice":"Elegance","damage_taken":0,"max_hp_gain":0,"max_hp_loss":0,"event_name":"Back to Basics","floor":23,"gold_loss":0}],"is_beta":true,"boss_relics":[{"not_picked":["Runic Dome","Nuclear Battery"],"picked":"Empty Cage"}],"items_purged_floors":[20],"is_endless":false,"potions_floor_spawned":[1,6,16,18,24,25],"killed_by":"Snake Plant","ascension_level":20}