{"path_per_floor":["M","M","?","?","$","M","R","M","T","M","M","?","M","$","R","B",null,"M","M","?"],"character_chosen":"THE_SILENT","items_purchased":[],"gold_per_floor":[99,99,99,99,24,24,24,24,24,24,24,24,24,24,24,24,24,24,0,0],"floor_reached":21,"campfire_rested":0,"playtime":874,"current_hp_per_floor":[70,65,58,58,58,57,57,50,50,49,44,44,37,37,37,37,70,58,42,42],"items_purged":["Defend_G"],"gold":0,"score":223,"play_id":"d97d3f1d-469c-467a-bedd-dbe31413782b","is_prod":false,"is_daily":false,"is_ascension_mode":false,"campfire_upgraded":2,"path_taken":["M","?","?","?","?","M","R","M","T","?","M","?","M","?","R","BOSS","M","M","?","M"],"build_version":"2018-02-15-PROD1","purchased_purges":1,"victory":false,"master_deck":["Defend_G","Defend_G","Defend_G+1","Strike_G","Strike_G","Strike_G","Strike_G","Strike_G","Survivor+1","Neutralize+1","Eviscerate","Regret","Prepared+1","Underhanded Strike","Tools of the Trade","Tools of the Trade"],"max_hp_per_floor":[70,70,70,70,70,70,70,70,70,70,70,70,70,70,70,70,70,70,70,70],"relics":["Ectoplasm","Gremlin Horn","War Paint","Runic Pyramid"],"card_choices":[{"not_picked":["Dash","Skewer"],"picked":"Eviscerate"},{"not_picked":["Predator","Backflip"],"picked":"Prepared"},{"not_picked":["Slice","Riddle With Holes"],"picked":"Underhanded Strike"},{"not_picked":["Dodge and Roll","Choke"],"picked":"Tools of the Trade"},{"not_picked":["After Image","Corpse Explosion"],"picked":"Tools of the Trade"}],"player_experience":85582,"potions_floor_usage":[16,16,18],"damage_taken":[{"damage":0,"enemies":"Cultist","floor":1,"turns":4},{"damage":5,"enemies":"Small Slimes","floor":2,"turns":4},{"damage":1,"enemies":"2 Louse","floor":6,"turns":3},{"damage":7,"enemies":"Gremlin Gang","floor":8,"turns":5},{"damage":1,"enemies":"3 Louse","floor":10,"turns":5},{"damage":5,"enemies":"2 Fungi Beasts","floor":11,"turns":4},{"damage":7,"enemies":"Lots of Slimes","floor":13,"turns":4},{"damage":0,"enemies":"Slime Boss","floor":16,"turns":5},{"damage":12,"enemies":"Chosen","floor":18,"turns":6},{"damage":16,"enemies":"2 Thieves","floor":19,"turns":4},{"damage":58,"enemies":"Slaver and Parasite","floor":21,"turns":3}],"event_choices":[{"event_name":"Golden Wing","player_choice":"Card Removal","floor":3,"damage_taken":0},{"event_name":"Big Fish","player_choice":"Box","floor":4,"damage_taken":0},{"event_name":"Golden Idol","player_choice":"Ignored","floor":12,"damage_taken":0},{"event_name":"Drug Dealer","player_choice":"Ignored","floor":20,"damage_taken":0}],"boss_relics":[{"not_picked":["Sozu","Orrery"],"picked":"Runic Pyramid"}],"potions_floor_spawned":[1,6,10,11,18,19],"seed_played":"8757665767103419760","killed_by":"Slaver and Parasite","ascension_level":0,"is_trial":false}