{"gold_per_floor":[111,186,186,204,52,52,52,66,66,78,143,155,187,229,241,325,337,363,385,397,324,236,236,236],"floor_reached":24,"playtime":637,"items_purged":["Strike_G","Strike_G"],"score":336,"play_id":"81c53c5a-4fb8-4f26-aabd-41b9d10f3574","local_time":"20190219004022","is_ascension_mode":true,"campfire_choices":[{"data":"Neutralize","floor":6,"key":"SMITH"},{"data":"Footwork","floor":10,"key":"SMITH"},{"data":"Deadly Poison","floor":15,"key":"SMITH"},{"floor":23,"key":"RECALL"}],"neow_cost":"TEN_PERCENT_HP_LOSS","seed_source_timestamp":103282589460794,"circlet_count":0,"master_deck":["AscendersBane","Defend_G","Defend_G","Defend_G","Defend_G","Strike_G","Survivor","Neutralize+1","Deadly Poison+1","Footwork+1","After Image+1"],"relics":["Ring of the Snake","Matryoshka","MawBank","Mummified Hand","Frozen Egg 2","Paper Crane","Oddly Smooth Stone","Sozu","Ice Cream"],"potions_floor_usage":[14,14,16,16],"damage_taken":[{"damage":0,"enemies":"Small Slimes","floor":1,"turns":4},{"damage":0,"enemies":"2 Louse","floor":4,"turns":3},{"damage":0,"enemies":"Jaw Worm","floor":8,"turns":5},{"damage":0,"enemies":"Blue Slaver","floor":13,"turns":5},{"damage":10,"enemies":"3 Sentries","floor":14,"turns":12},{"damage":1,"enemies":"Hexaghost","floor":16,"turns":11},{"damage":0,"enemies":"3 Byrds","floor":18,"turns":8},{"damage":0,"enemies":"Chosen","floor":19,"turns":6},{"damage":11,"enemies":"Slavers","floor":24,"turns":2}],"seed_played":"3817782998549420809","potions_obtained":[{"floor":4,"key":"EntropicBrew"},{"floor":13,"key":"Explosive Potion"}],"is_trial":false,"path_per_floor":["M","?","?","M","$","R","?","M","T","R","T","T","M","E","R","B",null,"M","M","?","?","$","R","E"],"character_chosen":"THE_SILENT","items_purchased":["Footwork"],"campfire_rested":0,"item_purchase_floors":[5],"current_hp_per_floor":[59,48,37,37,37,37,30,30,30,30,30,30,30,20,20,19,50,50,50,50,50,50,50,39],"gold":236,"neow_bonus":"REMOVE_TWO","is_prod":false,"is_daily":false,"chose_seed":false,"campfire_upgraded":3,"win_rate":0,"timestamp":1550508022,"path_taken":["M","?","?","M","$","R","?","M","T","R","?","?","M","E","R","BOSS","M","M","?","?","$","R","E"],"build_version":"2019-01-23","purchased_purges":2,"victory":false,"max_hp_per_floor":[60,60,60,60,60,60,60,60,60,60,60,60,60,60,60,60,60,60,60,60,60,60,60,60],"card_choices":[{"not_picked":["Prepared","Deflect"],"picked":"Deadly Poison","floor":1},{"not_picked":["Flying Knee","Slice","Blur"],"picked":"SKIP","floor":4},{"not_picked":["Setup","Sucker Punch","Infinite Blades"],"picked":"SKIP","floor":8},{"not_picked":["Terror","Blade Dance","Slice"],"picked":"SKIP","floor":13},{"not_picked":["Dodge and Roll","Dagger Throw","Concentrate"],"picked":"SKIP","floor":14},{"not_picked":["Envenom+1","Storm of Steel"],"picked":"After Image+1","floor":16},{"not_picked":["Deadly Poison","Poisoned Stab","Flying Knee"],"picked":"SKIP","floor":18},{"not_picked":["Finisher","Dagger Spray","Choke"],"picked":"SKIP","floor":19}],"player_experience":834023,"relics_obtained":[{"floor":9,"key":"MawBank"},{"floor":9,"key":"Mummified Hand"},{"floor":11,"key":"Frozen Egg 2"},{"floor":12,"key":"Paper Crane"},{"floor":14,"key":"Oddly Smooth Stone"}],"event_choices":[{"damage_healed":0,"gold_gain":75,"player_choice":"Gather Gold","damage_taken":11,"max_hp_gain":0,"max_hp_loss":0,"event_name":"World of Goop","floor":2,"gold_loss":0},{"damage_healed":0,"gold_gain":0,"player_choice":"Success","damage_taken":11,"relics_obtained":["Matryoshka"],"max_hp_gain":0,"max_hp_loss":0,"event_name":"Scrap Ooze","floor":3,"gold_loss":0},{"cards_removed":["Strike_G"],"damage_healed":0,"gold_gain":0,"player_choice":"Card Removal","damage_taken":7,"max_hp_gain":0,"max_hp_loss":0,"event_name":"Golden Wing","floor":7,"gold_loss":0},{"damage_healed":0,"gold_gain":0,"player_choice":"Ignored","damage_taken":0,"max_hp_gain":0,"max_hp_loss":0,"event_name":"Ghosts","floor":20,"gold_loss":0},{"damage_healed":0,"gold_gain":0,"player_choice":"Obtained Relic","damage_taken":0,"relics_obtained":["Ice Cream"],"max_hp_gain":0,"max_hp_loss":0,"event_name":"Addict","floor":21,"gold_loss":85}],"is_beta":false,"boss_relics":[{"not_picked":["Eternal Feather","Lizard Tail"],"picked":"Sozu"}],"items_purged_floors":[5,22],"is_endless":false,"potions_floor_spawned":[4,13,14],"killed_by":"Slavers","ascension_level":15}