{"gold_per_floor":[210,55,230,46,121,152,152,188,188,253,253,298,362,405,405,502,502,538,605,605,648,185,185,241,5,29,29],"floor_reached":27,"playtime":1583,"items_purged":["Strike_G"],"score":373,"play_id":"7bb2f976-c4bb-40d1-9496-3631ec6ca387","local_time":"20190806175343","is_ascension_mode":true,"campfire_choices":[{"floor":11.0,"key":"REST"},{"floor":15.0,"key":"REST"},{"floor":23.0,"key":"REST"}],"neow_cost":"NONE","seed_source_timestamp":182081460027767,"circlet_count":0,"master_deck":["AscendersBane","Strike_G","Strike_G","Strike_G","Defend_G","Defend_G","Defend_G","Defend_G","Defend_G","Survivor","Neutralize","Bouncing Flask","Doubt","HandOfGreed+1","Blur","Predator","Escape Plan","Noxious Fumes","Wraith Form v2","Adrenaline","A Thousand Cuts","Prepared","Calculated Gamble","Flechettes","Glass Knife"],"special_seed":0,"relics":["Ring of the Snake","Boot","Oddly Smooth Stone","Snake Skull","Runic Pyramid","Regal Pillow","Ancient Tea Set","Bag of Marbles","Happy Flower","Centennial Puzzle"],"potions_floor_usage":[24],"damage_taken":[{"damage":13.0,"enemies":"Cultist","floor":1.0,"turns":6.0},{"damage":35.0,"enemies":"Gremlin Nob","floor":6.0,"turns":5.0},{"damage":0.0,"enemies":"Jaw Worm","floor":8.0,"turns":4.0},{"damage":0.0,"enemies":"Small Slimes","floor":10.0,"turns":6.0},{"damage":3.0,"enemies":"Red Slaver","floor":12.0,"turns":3.0},{"damage":8.0,"enemies":"Large Slime","floor":13.0,"turns":9.0},{"damage":0.0,"enemies":"Exordium Thugs","floor":14.0,"turns":5.0},{"damage":18.0,"enemies":"Hexaghost","floor":16.0,"turns":8.0},{"damage":1.0,"enemies":"Chosen","floor":18.0,"turns":6.0},{"damage":13.0,"enemies":"3 Byrds","floor":19.0,"turns":6.0},{"damage":19.0,"enemies":"Snake Plant","floor":21.0,"turns":7.0},{"damage":55,"enemies":"Book of Stabbing","floor":24,"turns":7},{"damage":9,"enemies":"Centurion and Healer","floor":27,"turns":2}],"seed_played":"7357788715788192","potions_obtained":[{"floor":6.0,"key":"FearPotion"},{"floor":13.0,"key":"Dexterity Potion"}],"is_trial":false,"path_per_floor":["M","$","?","$","?","E","?","M","T","M","R","M","M","M","R","B",null,"M","M","?","M","$","R","E","$","T","M"],"character_chosen":"THE_SILENT","items_purchased":["Boot","HandOfGreed","Regal Pillow","Calculated Gamble","Ancient Tea Set","Glass Knife","Happy Flower"],"campfire_rested":3,"item_purchase_floors":[2,4,22,22,22,25,25],"current_hp_per_floor":[50,50,50,50,39,4,4,4,4,4,25,22,14,14,35,17,57,56,43,43,24,24,60,5,5,5,0],"gold":29,"neow_bonus":"HUNDRED_GOLD","is_prod":false,"is_daily":false,"chose_seed":false,"campfire_upgraded":0,"win_rate":0,"timestamp":1565128423,"path_taken":["M","$","?","$","?","E","?","M","T","M","R","?","M","M","R","BOSS","M","M","?","?","$","R","E","?","T","M"],"build_version":"2019-07-17","purchased_purges":1,"victory":false,"max_hp_per_floor":[70,70,70,70,70,70,70,70,70,70,70,70,70,70,70,70,70,70,70,70,70,70,70,70,70,70,70],"card_choices":[{"not_picked":["Backflip","Cloak And Dagger"],"picked":"Bouncing Flask","floor":1.0},{"not_picked":["All Out Attack","Prepared"],"picked":"Blur","floor":6.0},{"not_picked":["Underhanded Strike","PiercingWail"],"picked":"Predator","floor":8.0},{"not_picked":["Skewer","Flying Knee"],"picked":"Escape Plan","floor":10.0},{"not_picked":["Dagger Throw","Infinite Blades"],"picked":"Noxious Fumes","floor":12.0},{"not_picked":["Poisoned Stab","Outmaneuver","Distraction"],"picked":"SKIP","floor":13.0},{"not_picked":["Accuracy","Concentrate"],"picked":"Wraith Form v2","floor":14.0},{"not_picked":["Tools of the Trade","Bullet Time"],"picked":"Adrenaline","floor":16.0},{"not_picked":["Outmaneuver","Endless Agony+1","Underhanded Strike"],"picked":"SKIP","floor":18.0},{"not_picked":["Outmaneuver","Endless Agony+1","Underhanded Strike"],"picked":"SKIP","floor":18.0},{"not_picked":["Bouncing Flask","Quick Slash","Deadly Poison"],"picked":"SKIP","floor":19.0},{"not_picked":["Deflect","Cloak And Dagger+1"],"picked":"Prepared","floor":21.0},{"not_picked":["All Out Attack","Backflip"],"picked":"Flechettes","floor":24}],"player_experience":479617,"relics_obtained":[{"floor":6.0,"key":"Oddly Smooth Stone"},{"floor":9.0,"key":"Snake Skull"},{"floor":24,"key":"Bag of Marbles"},{"floor":26,"key":"Centennial Puzzle"}],"event_choices":[{"damage_healed":0.0,"max_hp_gain":0.0,"max_hp_loss":0.0,"gold_gain":175.0,"event_name":"Liars Game","player_choice":"AGREE","floor":3.0,"gold_loss":0.0,"damage_taken":0.0,"cards_obtained":["Doubt"]},{"damage_healed":0.0,"max_hp_gain":0.0,"max_hp_loss":0.0,"gold_gain":75.0,"event_name":"World of Goop","player_choice":"Gather Gold","floor":5.0,"gold_loss":0.0,"damage_taken":11.0},{"damage_healed":0.0,"max_hp_gain":0.0,"max_hp_loss":0.0,"gold_gain":0.0,"event_name":"Upgrade Shrine","player_choice":"Upgraded","floor":7.0,"gold_loss":0.0,"damage_taken":0.0,"cards_upgraded":["HandOfGreed"]},{"damage_healed":0.0,"max_hp_gain":0.0,"max_hp_loss":0.0,"gold_gain":0.0,"cards_transformed":["Strike_G"],"event_name":"Transmorgrifier","player_choice":"Transformed","floor":20.0,"gold_loss":0.0,"damage_taken":0.0,"cards_obtained":["A Thousand Cuts"]}],"is_beta":false,"boss_relics":[{"not_picked":["Empty Cage","HoveringKite"],"picked":"Runic Pyramid"}],"items_purged_floors":[22],"is_endless":false,"potions_floor_spawned":[6,13,14,18,21],"killed_by":"Centurion and Healer","ascension_level":12}