{"gold_per_floor":[110,35,51,51,51,83,83,109,109,109,9,20,20,31,31,106,106,126,126,47,47,67,67,97,97,97,109,109,109,126,145,145,222,222,238,238,255,271,146,146,246,260,260,13,13,44,44,44],"floor_reached":48,"playtime":1959,"items_purged":["Strike_G","Strike_G","Deadly Poison+1","Defend_G"],"score":1122,"play_id":"dd38f689-fadc-4825-abfe-c2cde8449eac","local_time":"20190706132022","is_ascension_mode":true,"campfire_choices":[{"data":"Deadly Poison","floor":7.0,"key":"SMITH"},{"data":"Neutralize","floor":10.0,"key":"SMITH"},{"data":"Corpse Explosion","floor":15.0,"key":"SMITH"},{"data":"Cloak And Dagger","floor":23.0,"key":"SMITH"},{"floor":25.0,"key":"REST"},{"data":"Blade Dance","floor":29.0,"key":"SMITH"},{"data":"Acrobatics","floor":32.0,"key":"SMITH"},{"data":"Tactician","floor":40.0,"key":"SMITH"},{"data":"Cloak And Dagger","floor":45.0,"key":"SMITH"}],"neow_cost":"NONE","seed_source_timestamp":0,"circlet_count":0,"master_deck":["AscendersBane","Defend_G","Defend_G","Defend_G","Survivor","Neutralize+1","Corpse Explosion+1","Cloak And Dagger+1","Acrobatics+1","Well Laid Plans","Backflip","Blade Dance+1","Envenom","Tactician+1","Cloak And Dagger+1","Escape Plan","Purity"],"special_seed":0,"relics":["Ring of the Snake","NeowsBlessing","Gremlin Horn","Kunai","Du-Vu Doll","Empty Cage","The Specimen","Orrery","Torii","Incense Burner"],"potions_floor_usage":[],"damage_taken":[{"damage":0.0,"enemies":"Cultist","floor":1.0,"turns":1.0},{"damage":0.0,"enemies":"Small Slimes","floor":3.0,"turns":1.0},{"damage":0.0,"enemies":"Gremlin Nob","floor":6.0,"turns":1.0},{"damage":17.0,"enemies":"3 Sentries","floor":8.0,"turns":3.0},{"damage":1.0,"enemies":"Jaw Worm","floor":12.0,"turns":4.0},{"damage":1.0,"enemies":"Exordium Wildlife","floor":14.0,"turns":3.0},{"damage":17.0,"enemies":"Hexaghost","floor":16.0,"turns":9.0},{"damage":20.0,"enemies":"2 Thieves","floor":18.0,"turns":3.0},{"damage":8.0,"enemies":"Chosen","floor":22.0,"turns":5.0},{"damage":44.0,"enemies":"Gremlin Leader","floor":24.0,"turns":9.0},{"damage":11.0,"enemies":"Snecko","floor":27.0,"turns":6.0},{"damage":1.0,"enemies":"Cultist and Chosen","floor":30.0,"turns":4.0},{"damage":11.0,"enemies":"Sentry and Sphere","floor":31.0,"turns":8.0},{"damage":8.0,"enemies":"Champ","floor":33.0,"turns":24.0},{"damage":41.0,"enemies":"Orb Walker","floor":35.0,"turns":6.0},{"damage":15.0,"enemies":"3 Shapes","floor":37.0,"turns":3.0},{"damage":18.0,"enemies":"Writhing Mass","floor":38.0,"turns":10.0},{"damage":0.0,"enemies":"Mind Bloom Boss Battle","floor":41.0,"turns":9.0},{"damage":1.0,"enemies":"3 Darklings","floor":42.0,"turns":2.0},{"damage":1.0,"enemies":"Giant Head","floor":46.0,"turns":7.0},{"damage":10,"enemies":"Nemesis","floor":48,"turns":5}],"seed_played":"-6345323406514617432","potions_obtained":[{"floor":6.0,"key":"Energy Potion"},{"floor":8.0,"key":"Energy Potion"},{"floor":12.0,"key":"GamblersBrew"},{"floor":24.0,"key":"Swift Potion"},{"floor":35.0,"key":"FearPotion"},{"floor":38.0,"key":"GamblersBrew"},{"floor":42.0,"key":"SteroidPotion"}],"is_trial":false,"path_per_floor":["M","$","M","?","$","E","R","E","T","R","$","M","?","M","R","B",null,"M","?","$","?","M","R","E","R","T","M","$","R","M","M","R","B",null,"M","?","M","M","$","R","?","M","T","$","R","E","$","E"],"character_chosen":"THE_SILENT","items_purchased":["Well Laid Plans","Purity"],"campfire_rested":1,"item_purchase_floors":[20,44],"current_hp_per_floor":[59,59,59,59,59,59,59,42,42,42,42,41,41,40,40,23,55,35,35,35,66,58,58,14,33,33,22,22,22,21,10,10,2,50,9,54,39,21,21,21,21,20,20,20,20,19,19,9],"gold":44,"neow_bonus":"THREE_ENEMY_KILL","is_prod":false,"is_daily":false,"chose_seed":false,"campfire_upgraded":8,"win_rate":0,"timestamp":1562390422,"path_taken":["M","$","?","?","?","E","R","E","T","R","?","?","?","M","R","BOSS","M","?","$","?","M","R","E","R","T","M","$","R","M","M","R","BOSS","M","?","M","M","$","R","?","M","T","$","R","E","?","E"],"build_version":"2019-07-05","purchased_purges":4,"victory":false,"max_hp_per_floor":[66,66,66,66,66,66,66,66,66,66,66,66,66,66,66,66,66,66,66,66,66,66,66,66,66,66,66,66,66,66,66,66,66,66,66,54,54,54,54,54,54,54,54,54,54,54,54,54],"card_choices":[{"not_picked":["Dagger Spray","Poisoned Stab"],"picked":"Deadly Poison","floor":1.0},{"not_picked":["Deadly Poison","Slice","Cloak And Dagger"],"picked":"SKIP","floor":3.0},{"not_picked":["Acrobatics","PiercingWail"],"picked":"Corpse Explosion","floor":6.0},{"not_picked":["Poisoned Stab","Reflex","Bane"],"picked":"SKIP","floor":8.0},{"not_picked":["Dagger Spray","Skewer","Predator"],"picked":"SKIP","floor":12.0},{"not_picked":["Setup","Bane","Underhanded Strike"],"picked":"SKIP","floor":14.0},{"not_picked":["Poisoned Stab","Accuracy"],"picked":"Cloak And Dagger","floor":18.0},{"not_picked":["Bane","Acrobatics+1","Quick Slash"],"picked":"SKIP","floor":22.0},{"not_picked":["Underhanded Strike+1","Well Laid Plans"],"picked":"Backflip","floor":24.0},{"not_picked":["Backflip","Infinite Blades"],"picked":"Blade Dance","floor":27.0},{"not_picked":["Quick Slash","Blur","Heel Hook+1"],"picked":"SKIP","floor":30.0},{"not_picked":["Tools of the Trade","Setup","Distraction"],"picked":"SKIP","floor":31.0},{"not_picked":["Wraith Form v2","Tools of the Trade"],"picked":"Envenom","floor":33.0},{"not_picked":["PiercingWail","Crippling Poison"],"picked":"Tactician","floor":34.0},{"not_picked":["Catalyst+1","Dagger Spray"],"picked":"Cloak And Dagger","floor":34.0},{"not_picked":["Blade Dance","Quick Slash"],"picked":"Escape Plan","floor":35.0},{"not_picked":["Prepared","Deflect+1","Sucker Punch+1"],"picked":"SKIP","floor":37.0},{"not_picked":["Underhanded Strike+1","Expertise+1","PiercingWail+1"],"picked":"SKIP","floor":38.0},{"not_picked":["Cloak And Dagger","Dagger Spray","Bane"],"picked":"SKIP","floor":42.0},{"not_picked":["Prepared+1","Noxious Fumes","Infinite Blades"],"picked":"SKIP","floor":46.0}],"player_experience":643634,"relics_obtained":[{"floor":6.0,"key":"Gremlin Horn"},{"floor":8.0,"key":"Kunai"},{"floor":9.0,"key":"Du-Vu Doll"},{"floor":24.0,"key":"The Specimen"},{"floor":41.0,"key":"Torii"},{"floor":46.0,"key":"Incense Burner"}],"event_choices":[{"damage_healed":0.0,"max_hp_gain":0.0,"max_hp_loss":0.0,"gold_gain":0.0,"event_name":"The Cleric","player_choice":"Leave","floor":4.0,"gold_loss":0.0,"damage_taken":0.0},{"damage_healed":0.0,"max_hp_gain":0.0,"max_hp_loss":0.0,"gold_gain":0.0,"event_name":"Scrap Ooze","player_choice":"Fled","floor":13.0,"gold_loss":0.0,"damage_taken":0.0},{"damage_healed":0.0,"max_hp_gain":0.0,"max_hp_loss":0.0,"gold_gain":0.0,"cards_transformed":["Strike_G","Defend_G"],"event_name":"Drug Dealer","player_choice":"Became Test Subject","floor":19.0,"gold_loss":0.0,"damage_taken":0.0,"cards_obtained":["Acrobatics","Caltrops"]},{"cards_removed":["Caltrops"],"damage_healed":31.0,"max_hp_gain":0.0,"max_hp_loss":0.0,"gold_gain":0.0,"event_name":"Bonfire Elementals","player_choice":"Offered Uncommon","floor":21.0,"gold_loss":0.0,"damage_taken":0.0},{"damage_healed":54.0,"max_hp_gain":0.0,"max_hp_loss":12.0,"gold_gain":0.0,"event_name":"The Moai Head","player_choice":"Heal","floor":36.0,"gold_loss":0.0,"damage_taken":0.0},{"damage_healed":0.0,"max_hp_gain":0.0,"max_hp_loss":0.0,"gold_gain":0.0,"event_name":"MindBloom","player_choice":"Fight","floor":41.0,"gold_loss":0.0,"damage_taken":0.0}],"is_beta":false,"boss_relics":[{"not_picked":["Ring of the Serpent","Velvet Choker"],"picked":"Empty Cage"},{"not_picked":["White Beast Statue","HoveringKite"],"picked":"Orrery"}],"items_purged_floors":[2,11,39,44],"is_endless":false,"potions_floor_spawned":[6,8,12,22,24,30,35,38,42],"killed_by":"Nemesis","ascension_level":20}