{"gold_per_floor":[18,18,28,48,63,63,76,76,122,122,152,152,168,188,188,291,291,305,305,321,154,164,164,182,198,222,137,137,162,162,174,174,270,270,288,388,399,418,418,418,110,110,110,136,136,136,150,25,25,25],"floor_reached":51,"playtime":2992,"items_purged":["Strike_R","Bash+1","Defend_R"],"score":864,"play_id":"f3170dd1-a198-4463-a36a-dae5aa734d85","local_time":"20190705162633","is_ascension_mode":false,"campfire_choices":[{"data":"Uppercut","floor":6.0,"key":"SMITH"},{"data":"Dark Embrace","floor":8.0,"key":"SMITH"},{"data":"Corruption","floor":10.0,"key":"SMITH"},{"data":"Bash","floor":15.0,"key":"SMITH"},{"data":"Seeing Red","floor":23.0,"key":"SMITH"},{"data":"Intimidate","floor":28.0,"key":"SMITH"},{"data":"Berserk","floor":32.0,"key":"SMITH"},{"data":"Offering","floor":40,"key":"SMITH"},{"data":"Pummel","floor":42,"key":"SMITH"},{"data":"Master of Strategy","floor":49,"key":"SMITH"}],"neow_cost":"NO_GOLD","seed_source_timestamp":17117051996990,"circlet_count":0,"master_deck":["Defend_R+1","Defend_R","Defend_R","Pummel+1","Intimidate+1","Flame Barrier+1","Uppercut+1","Dark Embrace+1","Corruption+1","Seeing Red+1","Rampage+1","Fiend Fire+1","Pommel Strike+1","Flash of Steel+1","Berserk+1","Offering+1","Dual Wield+1","Shockwave+1","Master of Strategy+1"],"special_seed":0,"relics":["Burning Blood","Orichalcum","Molten Egg 2","Runic Pyramid","Bronze Scales","Vajra","Shuriken","Cursed Key","Strange Spoon","Omamori"],"potions_floor_usage":[47,47],"damage_taken":[{"damage":10.0,"enemies":"Cultist","floor":1.0,"turns":4.0},{"damage":2.0,"enemies":"Jaw Worm","floor":3.0,"turns":4.0},{"damage":0.0,"enemies":"Small Slimes","floor":4.0,"turns":3.0},{"damage":6.0,"enemies":"3 Louse","floor":5.0,"turns":5.0},{"damage":3.0,"enemies":"Large Slime","floor":7.0,"turns":7.0},{"damage":0.0,"enemies":"Looter","floor":13.0,"turns":3.0},{"damage":1.0,"enemies":"Lots of Slimes","floor":14.0,"turns":4.0},{"damage":22.0,"enemies":"The Guardian","floor":16.0,"turns":8.0},{"damage":0.0,"enemies":"Spheric Guardian","floor":18.0,"turns":3.0},{"damage":0.0,"enemies":"Shell Parasite","floor":20.0,"turns":3.0},{"damage":3.0,"enemies":"Snake Plant","floor":22.0,"turns":4.0},{"damage":0.0,"enemies":"Snecko","floor":24.0,"turns":2.0},{"damage":0.0,"enemies":"Sentry and Sphere","floor":25.0,"turns":4.0},{"damage":27.0,"enemies":"Slavers","floor":29.0,"turns":5.0},{"damage":0.0,"enemies":"3 Cultists","floor":31.0,"turns":3.0},{"damage":1.0,"enemies":"Collector","floor":33.0,"turns":5.0},{"damage":6,"enemies":"3 Darklings","floor":35,"turns":3},{"damage":0,"enemies":"Orb Walker","floor":37,"turns":2},{"damage":0,"enemies":"Jaw Worm Horde","floor":38,"turns":3},{"damage":6,"enemies":"Nemesis","floor":44,"turns":3},{"damage":6,"enemies":"Transient","floor":47,"turns":4},{"damage":18,"enemies":"Donu and Deca","floor":50,"turns":3}],"seed_played":"7116086161849121395","potions_obtained":[{"floor":1.0,"key":"FearPotion"},{"floor":5.0,"key":"Poison Potion"},{"floor":7.0,"key":"Fruit Juice"},{"floor":16.0,"key":"Explosive Potion"},{"floor":25.0,"key":"GamblersBrew"},{"floor":29.0,"key":"Dexterity Potion"},{"floor":31.0,"key":"AttackPotion"},{"floor":37,"key":"SkillPotion"},{"floor":47,"key":"AttackPotion"}],"is_trial":false,"path_per_floor":["M","?","M","M","M","R","M","R","T","R","?","?","M","M","R","B",null,"M","?","M","$","M","R","M","M","T","?","R","E","?","M","R","B",null,"M","?","M","M","?","R","$","R","T","E","?","T","M","$","R","B",null],"character_chosen":"IRONCLAD","items_purchased":["Flash of Steel+1","Strange Spoon"],"campfire_rested":0,"item_purchase_floors":[21,41],"current_hp_per_floor":[76,76,80,80,80,80,85,85,85,85,85,68,74,79,79,63,85,85,85,85,85,85,85,85,85,85,85,85,64,64,70,70,75,85,85,85,85,85,85,85,85,85,85,85,75,75,75,75,75,63],"gold":25,"neow_bonus":"TRANSFORM_TWO_CARDS","is_prod":false,"is_daily":false,"chose_seed":false,"campfire_upgraded":10,"win_rate":0,"timestamp":1562315193,"path_taken":["M","?","M","M","M","R","M","R","T","R","?","?","M","M","R","BOSS","M","?","M","$","M","R","M","M","T","?","R","E","?","M","R","BOSS","M","?","?","M","?","R","$","R","T","E","?","?","?","$","R","BOSS"],"build_version":"2019-07-01","purchased_purges":3,"victory":true,"max_hp_per_floor":[80,80,80,80,80,80,85,85,85,85,85,85,85,85,85,85,85,85,85,85,85,85,85,85,85,85,85,85,85,85,85,85,85,85,85,85,85,85,85,85,85,85,85,85,85,85,85,85,85,85],"card_choices":[{"not_picked":["Clothesline","Metallicize"],"picked":"Flame Barrier","floor":1.0},{"not_picked":["Warcry","Clothesline","Iron Wave"],"picked":"SKIP","floor":3.0},{"not_picked":["Armaments","Iron Wave"],"picked":"Dark Embrace","floor":4.0},{"not_picked":["Hemokinesis","Perfected Strike"],"picked":"Corruption","floor":5.0},{"not_picked":["Whirlwind","Twin Strike"],"picked":"Seeing Red","floor":7.0},{"not_picked":["Intimidate","Reckless Charge+1"],"picked":"Rampage+1","floor":13.0},{"not_picked":["Warcry","Rage","Perfected Strike+1"],"picked":"SKIP","floor":14.0},{"not_picked":["Brutality","Berserk"],"picked":"Fiend Fire+1","floor":16.0},{"not_picked":["Clash+1","Heavy Blade+1","Cleave+1"],"picked":"SKIP","floor":18.0},{"not_picked":["Warcry+1","Pommel Strike+1","Heavy Blade+1"],"picked":"SKIP","floor":20.0},{"not_picked":["Anger+1","Infernal Blade","Body Slam+1"],"picked":"SKIP","floor":22.0},{"not_picked":["Twin Strike+1","Body Slam+1","Pommel Strike+1"],"picked":"SKIP","floor":24.0},{"not_picked":["Iron Wave+1","Thunderclap+1","Anger+1"],"picked":"SKIP","floor":25.0},{"not_picked":["Feel No Pain","Shrug It Off","Blood for Blood+1"],"picked":"SKIP","floor":29.0},{"not_picked":["Combust","Anger+1"],"picked":"Berserk","floor":31.0},{"not_picked":["Brutality","Exhume"],"picked":"Offering","floor":33.0},{"not_picked":["Evolve+1","Warcry","Rupture"],"picked":"SKIP","floor":35},{"not_picked":["Cleave+1","Heavy Blade+1"],"picked":"Dual Wield+1","floor":37},{"not_picked":["Warcry+1","Feel No Pain"],"picked":"Shockwave+1","floor":38},{"not_picked":["Limit Break","Iron Wave+1","Power Through+1"],"picked":"SKIP","floor":44},{"not_picked":["Apotheosis","Trip"],"picked":"Master of Strategy","floor":45},{"not_picked":["Anger+1","Havoc+1","Twin Strike+1"],"picked":"SKIP","floor":47}],"player_experience":5693281,"relics_obtained":[{"floor":9.0,"key":"Orichalcum"},{"floor":26.0,"key":"Bronze Scales"},{"floor":29.0,"key":"Shuriken"},{"floor":44,"key":"Omamori"}],"event_choices":[{"damage_healed":0.0,"max_hp_gain":0.0,"max_hp_loss":0.0,"gold_gain":0.0,"cards_transformed":["Strike_R"],"event_name":"Living Wall","player_choice":"Change","floor":2.0,"gold_loss":0.0,"damage_taken":0.0,"cards_obtained":["Uppercut"]},{"damage_healed":0.0,"max_hp_gain":0.0,"max_hp_loss":0.0,"gold_gain":30.0,"event_name":"Dead Adventurer","player_choice":"Searched \u00273\u0027 times","floor":11.0,"gold_loss":0.0,"damage_taken":0.0,"relics_obtained":["Molten Egg 2"]},{"damage_healed":0.0,"max_hp_gain":0.0,"max_hp_loss":0.0,"gold_gain":0.0,"event_name":"Shining Light","player_choice":"Entered Light","floor":12.0,"gold_loss":0.0,"damage_taken":17.0,"cards_upgraded":["Defend_R","Flame Barrier"]},{"damage_healed":0.0,"max_hp_gain":0.0,"max_hp_loss":0.0,"gold_gain":0.0,"event_name":"The Library","player_choice":"Read","floor":19.0,"gold_loss":0.0,"damage_taken":0.0,"cards_obtained":["Pommel Strike"]},{"damage_healed":0.0,"max_hp_gain":0.0,"max_hp_loss":0.0,"gold_gain":0.0,"event_name":"Addict","player_choice":"Obtained Relic","floor":27.0,"gold_loss":85.0,"damage_taken":0.0,"relics_obtained":["Vajra"]},{"cards_removed":["Strike_R"],"damage_healed":0.0,"max_hp_gain":0.0,"max_hp_loss":0.0,"gold_gain":0.0,"event_name":"Back to Basics","player_choice":"Elegance","floor":30.0,"gold_loss":0.0,"damage_taken":0.0},{"damage_healed":0,"gold_gain":100,"player_choice":"Pray","damage_taken":0,"max_hp_gain":0,"max_hp_loss":0,"event_name":"Golden Shrine","floor":36,"gold_loss":0},{"damage_healed":0,"gold_gain":0,"player_choice":"Ignored","damage_taken":0,"max_hp_gain":0,"max_hp_loss":0,"event_name":"Mysterious Sphere","floor":39,"gold_loss":0},{"damage_healed":0,"gold_gain":0,"player_choice":"Memory 3","damage_taken":10,"max_hp_gain":0,"max_hp_loss":0,"event_name":"SensoryStone","floor":45,"gold_loss":0}],"is_beta":false,"boss_relics":[{"not_picked":["Orrery","Snecko Eye"],"picked":"Runic Pyramid"},{"not_picked":["Astrolabe","Black Blood"],"picked":"Cursed Key"}],"items_purged_floors":[21,41,48],"is_endless":false,"potions_floor_spawned":[1,5,7,16,22,25,29,31,37,44,47],"ascension_level":0}