{"gold_per_floor":[113,38,73,88,88,88,88,98,122,122,122,22,32,59,59,160,160,174,273,323,323,198,198,198,198,246,246,178,105,105,155,155,251,251,269,269,269,269,269,269,319,423,423,273,98,148,162,5,5,105,105,124,251,155,205,57,57,57,182,182,232,232,232,232,282,282,379,379,394,479,529,579,296,296,421,421,455,141,191,241,241,284,284,383,383,423,121,171,321,371,371,421,19,71,83,188,188,338,388,388,388],"floor_reached":101,"playtime":4742,"items_purged":["Thunder Strike","Multi-Cast","Phantasmal Killer","Bludgeon","Unload","The Bomb","Corpse Explosion"],"score":2191,"play_id":"c9ba319a-09df-4373-b219-5d8965c6d489","local_time":"20181216175828","daily_mods":["Shiny","Diverse","Colorless Cards","Heirloom","Flight"],"is_ascension_mode":false,"campfire_choices":[{"data":"HandOfGreed","floor":6.0,"key":"SMITH"},{"data":"Well Laid Plans","floor":10.0,"key":"SMITH"},{"data":"Apotheosis","floor":11.0,"key":"SMITH"},{"data":"Wraith Form v2","floor":15.0,"key":"SMITH"},{"data":"Seek","floor":23.0,"key":"SMITH"},{"data":"Adrenaline","floor":32.0,"key":"SMITH"},{"data":"Night Terror","floor":40.0,"key":"SMITH"},{"data":"Creative AI","floor":49.0,"key":"SMITH"},{"data":"Offering","floor":57.0,"key":"SMITH"},{"data":"Machine Learning","floor":58.0,"key":"SMITH"},{"data":"Reboot","floor":64.0,"key":"SMITH"},{"data":"Feed","floor":66.0,"key":"SMITH"},{"data":"Demon Form","floor":74.0,"key":"SMITH"},{"data":"Bullet Time","floor":76,"key":"SMITH"},{"data":"Mind Blast","floor":83,"key":"SMITH"},{"floor":91,"key":"REST"},{"floor":100,"key":"REST"}],"neow_cost":"","seed_source_timestamp":8119274741987,"circlet_count":0,"master_deck":["Hyperbeam","Biased Cognition","Machine Learning+1","Electrodynamics","Buffer","Rainbow","Seek+1","Echo Form","All For One","Reboot+1","Amplify","Creative AI+1","Fission","Core Surge","Venomology","Malaise","Die Die Die","Adrenaline+1","Envenom","Doppelganger","Burst","Wraith Form v2+1","Tools of the Trade","Night Terror+1","After Image","Bullet Time+1","Glass Knife","A Thousand Cuts","Double Tap","Demon Form+1","Feed+1","Limit Break","Barricade","Dark Embrace","Berserk","Impervious","Juggernaut","Brutality","Reaper","Exhume","Offering+1","Immolate+1","Thinking Ahead","Master of Strategy+1","Magnetism","Transmutation","HandOfGreed+1","Mayhem","Apotheosis+1","Secret Weapon","Panache","Violence","Secret Technique","Sadistic Nature","Well Laid Plans+1","Secret Technique+1","Dual Wield+1","Well Laid Plans","Recycle","Dual Wield+1","Madness","Madness","Madness","PanicButton","Backflip+1","Night Terror+1","Impervious","Dual Wield","Mind Blast+1","Apotheosis","Calculated Gamble","Hologram","Madness","Setup","Bandage Up","Reboot","Skim","Madness","Bandage Up","Deep Breath","Core Surge","True Grit"],"special_seed":0,"relics":["Burning Blood","Ginger","Juzu Bracelet","Potion Belt","Lantern","Empty Cage","Kunai","Boot","Pear","Runic Pyramid","SsserpentHead","Tiny Chest","Matryoshka","DollysMirror","White Beast Statue","Odd Mushroom","OrangePellets","Bag of Preparation","Du-Vu Doll","Cursed Key","Red Mask","FossilizedHelix","Fusion Hammer","Bottled Tornado","Frozen Eye","Unceasing Top"],"potions_floor_usage":[82,84,86,95],"damage_taken":[{"damage":0.0,"enemies":"Jaw Worm","floor":1.0,"turns":2.0},{"damage":0.0,"enemies":"2 Louse","floor":3.0,"turns":2.0},{"damage":0.0,"enemies":"Cultist","floor":4.0,"turns":2.0},{"damage":0.0,"enemies":"3 Louse","floor":8.0,"turns":1.0},{"damage":15.0,"enemies":"Lots of Slimes","floor":13.0,"turns":2.0},{"damage":8.0,"enemies":"Lagavulin","floor":14.0,"turns":4.0},{"damage":0.0,"enemies":"Slime Boss","floor":16.0,"turns":3.0},{"damage":6.0,"enemies":"Chosen","floor":18.0,"turns":2.0},{"damage":24.0,"enemies":"Gremlin Leader","floor":31.0,"turns":2.0},{"damage":48.0,"enemies":"Automaton","floor":33.0,"turns":7.0},{"damage":32.0,"enemies":"3 Darklings","floor":35.0,"turns":4.0},{"damage":22.0,"enemies":"3 Shapes","floor":47.0,"turns":2.0},{"damage":27.0,"enemies":"Time Eater","floor":50.0,"turns":7.0},{"damage":6.0,"enemies":"Cultist","floor":52.0,"turns":3.0},{"damage":18.0,"enemies":"The Mushroom Lair","floor":53.0,"turns":5.0},{"damage":60.0,"enemies":"Hexaghost","floor":67.0,"turns":8.0},{"damage":12.0,"enemies":"Shell Parasite","floor":69.0,"turns":4.0},{"damage":0.0,"enemies":"Masked Bandits","floor":70.0,"turns":2.0},{"damage":0,"enemies":"Gremlin Leader","floor":77,"turns":3},{"damage":0,"enemies":"Spheric Guardian","floor":82,"turns":1},{"damage":0,"enemies":"Collector","floor":84,"turns":6},{"damage":0,"enemies":"3 Shapes","floor":86,"turns":5},{"damage":0,"enemies":"Giant Head","floor":92,"turns":5},{"damage":2,"enemies":"Nemesis","floor":94,"turns":3},{"damage":0,"enemies":"3 Darklings","floor":95,"turns":2},{"damage":0,"enemies":"2 Orb Walkers","floor":96,"turns":1},{"damage":0,"enemies":"Mind Bloom Boss Battle","floor":98,"turns":7},{"damage":0,"enemies":"Time Eater","floor":101,"turns":1}],"seed_played":"1292348405426101202","potions_obtained":[{"floor":3.0,"key":"Fire Potion"},{"floor":8.0,"key":"GamblersBrew"},{"floor":14.0,"key":"GamblersBrew"},{"floor":16.0,"key":"Strength Potion"},{"floor":50.0,"key":"Dexterity Potion"},{"floor":53.0,"key":"Dexterity Potion"},{"floor":77,"key":"SmokeBomb"},{"floor":92,"key":"FairyPotion"},{"floor":95,"key":"SkillPotion"}],"is_trial":true,"path_per_floor":["M","$","M","M","?","R","$","M","T","R","R","$","M","E","R","B",null,"M","?","?","?","$","R","?","$","T","?","$","$","?","E","R","B",null,"M","?","$","?","?","R","?","T","T","$","$","?","M","$","R","B",null,"M","?","$","?","$","R","R","?","T","$","?","$","R","?","R","B",null,"M","?","?","?","$","R","?","R","E","$","?","?","$","M","R","B",null,"M","$","?","?","?","R","E","$","E","M","?","$","?","?","R","B"],"character_chosen":"IRONCLAD","items_purchased":["Well Laid Plans","Recycle","DollysMirror","Mind Blast","OrangePellets","Madness","FossilizedHelix","Skim","Bottled Tornado","Frozen Eye"],"campfire_rested":2,"item_purchase_floors":[28,29,48,54,56,73,78,87,93,93],"current_hp_per_floor":[80,80,80,80,73,73,73,79,79,79,79,79,70,68,68,74,80,80,80,80,80,80,80,80,80,80,80,80,80,80,72,72,34,94,86,86,86,86,86,86,74,74,74,74,74,64,52,52,52,35,102,106,94,94,73,73,73,73,62,62,62,62,62,62,62,62,25,106,109,114,114,114,114,114,103,103,109,109,109,109,109,114,114,118,118,118,118,108,108,108,118,118,118,118,122,126,126,126,126,126,126],"gold":388,"neow_bonus":"","is_prod":false,"is_daily":false,"chose_seed":true,"campfire_upgraded":15,"win_rate":0,"timestamp":1544954308,"path_taken":["M","$","M","M","?","R","$","M","T","R","R","$","M","E","R","BOSS","M","?","?","?","$","R","?","$","T","?","?","$","?","E","R","BOSS","M","?","$","?","?","R","?","?","T","$","$","?","M","?","R","BOSS","M","?","$","?","?","R","R","?","T","?","?","$","R","?","R","BOSS","M","?","?","?","$","R","?","R","E","$","?","?","$","M","R","BOSS","M","$","?","?","?","R","E","?","E","M","?","$","?","?","R","BOSS"],"build_version":"2018-12-13","purchased_purges":7,"victory":false,"max_hp_per_floor":[80,80,80,80,80,80,80,80,80,80,80,80,80,80,80,80,80,80,80,80,80,80,80,80,80,80,80,80,80,80,90,90,94,94,94,94,94,94,94,94,94,94,94,94,94,94,98,98,98,102,102,106,106,106,106,106,106,106,106,106,106,106,106,106,106,106,106,106,110,114,114,114,114,114,114,114,114,114,114,114,114,114,114,118,118,118,118,118,118,118,118,118,118,118,122,126,126,126,126,126,126],"card_choices":[{"not_picked":["Leap","Combust","Cold Snap"],"picked":"SKIP","floor":1.0},{"not_picked":["Heel Hook","Deadly Poison","Darkness"],"picked":"SKIP","floor":3.0},{"not_picked":["Gash","Aggregate","Chill"],"picked":"SKIP","floor":4.0},{"not_picked":["Choke","Consume"],"picked":"Well Laid Plans","floor":8.0},{"not_picked":["Thunderclap","Flex","Poisoned Stab"],"picked":"SKIP","floor":13.0},{"not_picked":["Sweeping Beam","Sucker Punch","Blade Dance"],"picked":"SKIP","floor":14.0},{"not_picked":["Malaise","A Thousand Cuts"],"picked":"Secret Technique","floor":16.0},{"not_picked":["Outmaneuver","Blade Dance"],"picked":"Dual Wield+1","floor":18.0},{"not_picked":["Poisoned Stab","Dagger Spray"],"picked":"Dual Wield+1","floor":31.0},{"not_picked":["Dodge and Roll+1","Doom and Gloom+1","Underhanded Strike"],"picked":"SKIP","floor":35.0},{"not_picked":["Forethought","Dramatic Entrance"],"picked":"Madness","floor":46.0},{"not_picked":["Swift Strike","Dramatic Entrance"],"picked":"PanicButton","floor":46.0},{"not_picked":["Streamline+1","Deadly Poison+1"],"picked":"Backflip+1","floor":47.0},{"not_picked":["Magnetism","Immolate"],"picked":"Impervious","floor":50.0},{"not_picked":["Slice","Ball Lightning"],"picked":"Dual Wield","floor":52.0},{"not_picked":["The Bomb","Biased Cognition"],"picked":"Apotheosis","floor":67.0},{"not_picked":["Pummel","Poisoned Stab"],"picked":"Calculated Gamble","floor":69.0},{"not_picked":["Endless Agony","Doom and Gloom+1"],"picked":"Hologram","floor":70.0},{"not_picked":["Bane","Buffer"],"picked":"Setup","floor":77},{"not_picked":["Conserve Battery","Flex","Shockwave"],"picked":"SKIP","floor":82},{"not_picked":["Phantasmal Killer","Electrodynamics"],"picked":"Reboot","floor":84},{"not_picked":["Flex+1","Armaments","Undo+1"],"picked":"SKIP","floor":86},{"not_picked":["HandOfGreed","Bandage Up"],"picked":"Madness","floor":88},{"not_picked":["Flash of Steel","Enlightenment"],"picked":"Bandage Up","floor":88},{"not_picked":["Secret Weapon","Swift Strike"],"picked":"Deep Breath","floor":88},{"not_picked":["Whirlwind+1","Pommel Strike"],"picked":"Core Surge","floor":92},{"not_picked":["Second Wind","FTL+1","Turbo+1"],"picked":"SKIP","floor":94},{"not_picked":["Steam+1","Dash","Infinite Blades+1"],"picked":"SKIP","floor":95},{"not_picked":["Distraction+1","Heatsinks+1"],"picked":"True Grit","floor":96}],"player_experience":1287885,"relics_obtained":[{"floor":9.0,"key":"Potion Belt"},{"floor":14.0,"key":"Lantern"},{"floor":26.0,"key":"Boot"},{"floor":31.0,"key":"Pear"},{"floor":42.0,"key":"Tiny Chest"},{"floor":43.0,"key":"Matryoshka"},{"floor":53.0,"key":"Odd Mushroom"},{"floor":60.0,"key":"Bag of Preparation"},{"floor":60.0,"key":"Du-Vu Doll"},{"floor":70.0,"key":"Red Mask"},{"floor":98,"key":"Unceasing Top"}],"event_choices":[{"damage_healed":0.0,"max_hp_gain":0.0,"max_hp_loss":0.0,"gold_gain":0.0,"event_name":"Scrap Ooze","player_choice":"Success","floor":5.0,"gold_loss":0.0,"damage_taken":7.0,"relics_obtained":["Juzu Bracelet"]},{"damage_healed":0.0,"max_hp_gain":0.0,"max_hp_loss":0.0,"gold_gain":99.0,"event_name":"Nest","player_choice":"Stole From Cult","floor":19.0,"gold_loss":0.0,"damage_taken":0.0},{"damage_healed":0.0,"max_hp_gain":0.0,"max_hp_loss":0.0,"gold_gain":100.0,"event_name":"The Joust","player_choice":"Bet on Murderer","floor":20.0,"gold_loss":50.0,"damage_taken":0.0},{"cards_removed":["Storm of Steel"],"damage_healed":0.0,"max_hp_gain":0.0,"max_hp_loss":0.0,"gold_gain":0.0,"event_name":"Back to Basics","player_choice":"Elegance","floor":21.0,"gold_loss":0.0,"damage_taken":0.0},{"damage_healed":0.0,"max_hp_gain":0.0,"max_hp_loss":0.0,"gold_gain":0.0,"event_name":"WeMeetAgain","player_choice":"Gave Potion","floor":24.0,"gold_loss":0.0,"damage_taken":0.0,"relics_obtained":["Kunai"]},{"damage_healed":0.0,"max_hp_gain":0.0,"max_hp_loss":0.0,"gold_gain":0.0,"event_name":"Ghosts","player_choice":"Ignored","floor":30.0,"gold_loss":0.0,"damage_taken":0.0},{"cards_removed":["Meteor Strike"],"damage_healed":0.0,"max_hp_gain":0.0,"max_hp_loss":0.0,"gold_gain":0.0,"event_name":"Falling","player_choice":"Removed Attack","floor":36.0,"gold_loss":0.0,"damage_taken":0.0},{"damage_healed":0.0,"max_hp_gain":0.0,"max_hp_loss":0.0,"gold_gain":0.0,"event_name":"Tomb of Lord Red Mask","player_choice":"Ignored","floor":38.0,"gold_loss":0.0,"damage_taken":0.0},{"damage_healed":0.0,"max_hp_gain":0.0,"max_hp_loss":0.0,"gold_gain":0.0,"event_name":"FaceTrader","player_choice":"Trade","floor":39.0,"gold_loss":0.0,"damage_taken":0.0,"relics_obtained":["SsserpentHead"]},{"damage_healed":0.0,"max_hp_gain":0.0,"max_hp_loss":0.0,"gold_gain":0.0,"event_name":"Winding Halls","player_choice":"Embrace Madness","floor":41.0,"gold_loss":0.0,"damage_taken":12.0,"cards_obtained":["Madness","Madness"]},{"damage_healed":0.0,"max_hp_gain":0.0,"max_hp_loss":0.0,"gold_gain":0.0,"event_name":"SensoryStone","player_choice":"Memory 3","floor":46.0,"gold_loss":0.0,"damage_taken":10.0},{"damage_healed":0.0,"max_hp_gain":0.0,"max_hp_loss":0.0,"gold_gain":0.0,"event_name":"Mushrooms","player_choice":"Fought Mushrooms","floor":53.0,"gold_loss":0.0,"damage_taken":0.0},{"damage_healed":0.0,"max_hp_gain":0.0,"max_hp_loss":0.0,"gold_gain":0.0,"event_name":"Shining Light","player_choice":"Entered Light","floor":55.0,"gold_loss":0.0,"damage_taken":21.0,"cards_upgraded":["Immolate","Secret Technique"]},{"damage_healed":0.0,"max_hp_gain":0.0,"max_hp_loss":0.0,"gold_gain":75.0,"event_name":"World of Goop","player_choice":"Gather Gold","floor":59.0,"gold_loss":0.0,"damage_taken":11.0},{"cards_removed":["Grand Finale"],"damage_healed":0.0,"max_hp_gain":0.0,"max_hp_loss":0.0,"gold_gain":0.0,"event_name":"The Cleric","player_choice":"Card Removal","floor":62.0,"gold_loss":50.0,"damage_taken":0.0},{"damage_healed":0.0,"max_hp_gain":0.0,"max_hp_loss":0.0,"gold_gain":0.0,"event_name":"Liars Game","player_choice":"Ignored","floor":65.0,"gold_loss":0.0,"damage_taken":0.0},{"damage_healed":0.0,"max_hp_gain":0.0,"max_hp_loss":0.0,"gold_gain":0.0,"event_name":"Masked Bandits","player_choice":"Fought Bandits","floor":70.0,"gold_loss":0.0,"damage_taken":0.0},{"damage_healed":0.0,"max_hp_gain":0.0,"max_hp_loss":0.0,"gold_gain":0.0,"event_name":"Upgrade Shrine","player_choice":"Upgraded","floor":71.0,"gold_loss":0.0,"damage_taken":0.0,"cards_upgraded":["Master of Strategy"]},{"damage_healed":0.0,"max_hp_gain":0.0,"max_hp_loss":0.0,"gold_gain":0.0,"event_name":"Cursed Tome","player_choice":"Ignored","floor":72.0,"gold_loss":0.0,"damage_taken":0.0},{"damage_healed":0,"gold_gain":75,"player_choice":"Touch","damage_taken":11,"max_hp_gain":0,"max_hp_loss":0,"event_name":"FaceTrader","floor":75,"gold_loss":0},{"damage_healed":0,"gold_gain":0,"player_choice":"Read","damage_taken":0,"max_hp_gain":0,"max_hp_loss":0,"event_name":"The Library","floor":80,"gold_loss":0,"cards_obtained":["Bandage Up"]},{"damage_healed":0,"gold_gain":0,"player_choice":"Memory 3","damage_taken":10,"max_hp_gain":0,"max_hp_loss":0,"event_name":"SensoryStone","floor":88,"gold_loss":0},{"damage_healed":0,"gold_gain":100,"player_choice":"Pray","damage_taken":0,"max_hp_gain":0,"max_hp_loss":0,"event_name":"Golden Shrine","floor":89,"gold_loss":0},{"damage_healed":0,"gold_gain":0,"player_choice":"Ignored","damage_taken":0,"max_hp_gain":0,"max_hp_loss":0,"event_name":"SecretPortal","floor":90,"gold_loss":0},{"damage_healed":0,"gold_gain":0,"player_choice":"Fight","damage_taken":0,"max_hp_gain":0,"max_hp_loss":0,"event_name":"Mysterious Sphere","floor":96,"gold_loss":0},{"damage_healed":0,"gold_gain":0,"player_choice":"Fight","damage_taken":0,"max_hp_gain":0,"max_hp_loss":0,"event_name":"MindBloom","floor":98,"gold_loss":0},{"cards_removed":["Fiend Fire"],"damage_healed":0,"gold_gain":0,"player_choice":"Removed Attack","damage_taken":0,"max_hp_gain":0,"max_hp_loss":0,"event_name":"Falling","floor":99,"gold_loss":0}],"is_beta":false,"boss_relics":[{"not_picked":["Black Star","Runic Cube"],"picked":"Empty Cage"},{"not_picked":["Tiny House","Snecko Eye"],"picked":"Runic Pyramid"},{"not_picked":["Orrery","Black Blood"],"picked":"White Beast Statue"},{"not_picked":["Orrery","Black Star"],"picked":"Cursed Key"},{"not_picked":["Lizard Tail","Velvet Choker"],"picked":"Fusion Hammer"}],"items_purged_floors":[2,12,22,44,45,73,87],"is_endless":true,"potions_floor_spawned":[3,8,14,16,18,35,50,52,53,67,69,70,77,82,84,86,92,94,95,96,98],"killed_by":"Time Eater","ascension_level":0}