{"gold_per_floor":[115,128,138,155,74,74,85,105,131,151,3,19,19,37,37,137,137,148,148,63,63,81,81,92,104,104,120,120,155,55,88,88,193,193,204,79,95,20,32,32,52,86,111,111,129,129,145,163,163,163],"floor_reached":51,"playtime":1907,"items_purged":["Strike_G","Strike_G","Defend_G"],"score":847,"play_id":"de487728-0751-487b-8067-d6faf28c2600","local_time":"20181027000511","is_ascension_mode":false,"campfire_choices":[{"data":"Catalyst","floor":6.0,"key":"SMITH"},{"data":"Catalyst","floor":13.0,"key":"SMITH"},{"data":"Deadly Poison","floor":15.0,"key":"SMITH"},{"data":"Night Terror","floor":23,"key":"SMITH"},{"data":"Neutralize","floor":28,"key":"SMITH"},{"data":"Deadly Poison","floor":32,"key":"SMITH"},{"data":"Wraith Form v2","floor":40,"key":"SMITH"},{"data":"Well Laid Plans","floor":44,"key":"SMITH"},{"data":"Adrenaline","floor":46,"key":"SMITH"},{"data":"Footwork","floor":49,"key":"SMITH"}],"neow_cost":"NONE","seed_source_timestamp":54329897976314,"circlet_count":0,"master_deck":["Defend_G","Defend_G","Defend_G","Defend_G","Strike_G","Strike_G","Strike_G","Survivor","Neutralize+1","Deadly Poison+1","Catalyst+1","Catalyst+1","Backflip","Footwork+1","Adrenaline+1","Night Terror+1","Well Laid Plans+1","Dodge and Roll+1","Blur","Deadly Poison+1","Wraith Form v2+1","Dodge and Roll+1","Cloak And Dagger+1","Well Laid Plans+1","Leg Sweep","Acrobatics+1","Crippling Poison","Well Laid Plans+1"],"special_seed":0,"relics":["Ring of the Snake","Lantern","Bag of Preparation","Sozu","Turnip","Potion Belt","Snake Skull","Red Mask","Orrery","Anchor","Happy Flower"],"potions_floor_usage":[50,50],"damage_taken":[{"damage":0.0,"enemies":"Small Slimes","floor":1.0,"turns":4.0},{"damage":0.0,"enemies":"Jaw Worm","floor":2.0,"turns":4.0},{"damage":0.0,"enemies":"2 Louse","floor":3.0,"turns":2.0},{"damage":5.0,"enemies":"Looter","floor":4.0,"turns":3.0},{"damage":5.0,"enemies":"Exordium Thugs","floor":7.0,"turns":5.0},{"damage":18.0,"enemies":"Gremlin Gang","floor":8.0,"turns":6.0},{"damage":0.0,"enemies":"Large Slime","floor":10.0,"turns":6.0},{"damage":0.0,"enemies":"3 Louse","floor":12.0,"turns":4.0},{"damage":0.0,"enemies":"Exordium Wildlife","floor":14.0,"turns":4.0},{"damage":8.0,"enemies":"The Guardian","floor":16.0,"turns":4.0},{"damage":0.0,"enemies":"Shell Parasite","floor":18.0,"turns":2.0},{"damage":0.0,"enemies":"Colosseum Slavers","floor":19.0,"turns":6.0},{"damage":0,"enemies":"Spheric Guardian","floor":22,"turns":6},{"damage":0,"enemies":"Chosen and Byrds","floor":24,"turns":4},{"damage":6,"enemies":"3 Cultists","floor":25,"turns":5},{"damage":0,"enemies":"Centurion and Healer","floor":27,"turns":5},{"damage":12,"enemies":"Slavers","floor":29,"turns":8},{"damage":20,"enemies":"Masked Bandits","floor":31,"turns":8},{"damage":0,"enemies":"Champ","floor":33,"turns":3},{"damage":0,"enemies":"3 Shapes","floor":35,"turns":6},{"damage":0,"enemies":"Orb Walker","floor":37,"turns":2},{"damage":0,"enemies":"Transient","floor":39,"turns":3},{"damage":0,"enemies":"Spire Growth","floor":41,"turns":5},{"damage":0,"enemies":"Nemesis","floor":42,"turns":3},{"damage":0,"enemies":"Maw","floor":45,"turns":5},{"damage":0,"enemies":"Writhing Mass","floor":47,"turns":2},{"damage":0,"enemies":"Jaw Worm Horde","floor":48,"turns":5},{"damage":0,"enemies":"Donu and Deca","floor":50,"turns":9}],"seed_played":"9202221489130622668","potions_obtained":[{"floor":7.0,"key":"Dexterity Potion"},{"floor":8.0,"key":"FairyPotion"},{"floor":16.0,"key":"Fire Potion"}],"is_trial":false,"path_per_floor":["M","M","M","M","$","R","M","M","T","M","$","M","R","M","R","B",null,"M","?","?","$","M","R","M","M","T","M","R","E","$","?","R","B",null,"M","$","M","$","M","R","M","E","T","R","M","R","M","M","R","B"],"character_chosen":"THE_SILENT","items_purchased":["Catalyst","Footwork","Well Laid Plans"],"campfire_rested":0,"item_purchase_floors":[5,11,38],"current_hp_per_floor":[70,70,70,65,65,65,60,42,42,42,42,42,42,42,42,34,70,70,70,70,70,70,70,70,64,64,64,64,52,52,32,32,32,70,70,70,70,70,70,70,70,70,70,70,70,70,70,70,70,70],"gold":163,"neow_bonus":"RANDOM_COMMON_RELIC","is_prod":false,"is_daily":false,"chose_seed":false,"campfire_upgraded":10,"win_rate":0,"timestamp":1540569911,"path_taken":["M","M","M","M","$","R","M","M","T","M","$","M","R","M","R","BOSS","M","?","?","$","M","R","M","?","T","?","R","E","$","?","R","BOSS","M","$","M","$","M","R","M","E","T","R","M","R","M","M","R","BOSS"],"build_version":"2018-10-25v2","purchased_purges":3,"victory":true,"max_hp_per_floor":[70,70,70,70,70,70,70,70,70,70,70,70,70,70,70,70,70,70,70,70,70,70,70,70,70,70,70,70,70,70,70,70,70,70,70,70,70,70,70,70,70,70,70,70,70,70,70,70,70,70],"card_choices":[{"not_picked":["Slice","Cloak And Dagger","Acrobatics"],"picked":"SKIP","floor":1.0},{"not_picked":["Accuracy","Quick Slash","Deflect"],"picked":"SKIP","floor":2.0},{"not_picked":["Cloak And Dagger","Prepared"],"picked":"Deadly Poison","floor":3.0},{"not_picked":["Accuracy","Acrobatics"],"picked":"Catalyst","floor":4.0},{"not_picked":["Outmaneuver","Slice"],"picked":"Backflip","floor":7.0},{"not_picked":["Bane","Expertise","Infinite Blades"],"picked":"SKIP","floor":8.0},{"not_picked":["Deflect","Sucker Punch","Backstab"],"picked":"SKIP","floor":10.0},{"not_picked":["Accuracy","Deflect"],"picked":"Adrenaline","floor":12.0},{"not_picked":["Bane","Quick Slash","Slice"],"picked":"SKIP","floor":14.0},{"not_picked":["Malaise","Bullet Time"],"picked":"Night Terror","floor":16.0},{"not_picked":["Escape Plan+1","Concentrate"],"picked":"Well Laid Plans+1","floor":18.0},{"not_picked":["Outmaneuver","Prepared","Dodge and Roll"],"picked":"SKIP","floor":22},{"not_picked":["Sucker Punch","Poisoned Stab","Setup"],"picked":"SKIP","floor":24},{"not_picked":["Outmaneuver+1","Blade Dance"],"picked":"Dodge and Roll+1","floor":25},{"not_picked":["Expertise","Finisher"],"picked":"Blur","floor":27},{"not_picked":["Bullet Time","Deflect","PiercingWail"],"picked":"SKIP","floor":29},{"not_picked":["Riddle With Holes","Slice+1"],"picked":"Deadly Poison","floor":31},{"not_picked":["Venomology","Phantasmal Killer"],"picked":"Wraith Form v2","floor":33},{"not_picked":["Dagger Spray","Finisher+1"],"picked":"Dodge and Roll+1","floor":35},{"not_picked":["Blade Dance","Quick Slash"],"picked":"Cloak And Dagger+1","floor":37},{"not_picked":["Slice+1","Prepared"],"picked":"Leg Sweep","floor":39},{"not_picked":["Calculated Gamble","Blur","Outmaneuver+1"],"picked":"SKIP","floor":41},{"not_picked":["Poisoned Stab","Caltrops+1","Venomology"],"picked":"SKIP","floor":42},{"not_picked":["Acrobatics+1","Tactician","Backstab"],"picked":"SKIP","floor":45},{"not_picked":["Tactician","Backstab"],"picked":"Acrobatics+1","floor":45},{"not_picked":["Sucker Punch+1","Deflect+1"],"picked":"Crippling Poison","floor":47},{"not_picked":["Phantasmal Killer","Leg Sweep+1"],"picked":"Well Laid Plans+1","floor":48}],"player_experience":661366,"relics_obtained":[{"floor":9.0,"key":"Bag of Preparation"},{"floor":26,"key":"Potion Belt"},{"floor":29,"key":"Snake Skull"},{"floor":31,"key":"Red Mask"},{"floor":42,"key":"Anchor"},{"floor":43,"key":"Happy Flower"}],"event_choices":[{"damage_healed":0.0,"max_hp_gain":0.0,"max_hp_loss":0.0,"gold_gain":0.0,"event_name":"Colosseum","player_choice":"Fight","floor":19.0,"gold_loss":0.0,"damage_taken":0.0},{"damage_healed":0.0,"max_hp_gain":0.0,"max_hp_loss":0.0,"gold_gain":0.0,"event_name":"Colosseum","player_choice":"Fled From Nobs","floor":19.0,"gold_loss":0.0,"damage_taken":0.0},{"damage_healed":0.0,"max_hp_gain":0.0,"max_hp_loss":0.0,"gold_gain":0.0,"event_name":"Addict","player_choice":"Obtained Relic","floor":20.0,"gold_loss":85.0,"damage_taken":0.0,"relics_obtained":["Turnip"]},{"damage_healed":0,"gold_gain":0,"player_choice":"Fought Bandits","damage_taken":0,"max_hp_gain":0,"max_hp_loss":0,"event_name":"Masked Bandits","floor":31,"gold_loss":0}],"is_beta":false,"boss_relics":[{"not_picked":["WristBlade","Pandora\u0027s Box"],"picked":"Sozu"},{"not_picked":["White Beast Statue","Black Star"],"picked":"Orrery"}],"items_purged_floors":[11,30,36],"is_endless":false,"potions_floor_spawned":[7,8,16,24,25,29,31,33,37,41,47,48],"ascension_level":0}