{"gold_per_floor":[18,28,42,59,76,101,113,113,140,155,215,215,215,244,244,244],"floor_reached":16,"playtime":1243,"items_purged":[],"score":182,"play_id":"458b9bed-8e54-481a-a11f-bcb62c882883","local_time":"20190805195952","is_ascension_mode":true,"campfire_choices":[{"floor":8,"key":"REST"},{"floor":12,"key":"DIG"},{"floor":15,"key":"DIG"}],"neow_cost":"NO_GOLD","seed_source_timestamp":103844449333376,"circlet_count":0,"master_deck":["AscendersBane","Strike_G","Strike_G","Strike_G","Strike_G","Strike_G","Defend_G","Defend_G","Defend_G","Defend_G","Defend_G","Survivor","Neutralize","Unload","Backflip","Dodge and Roll","Footwork","Tools of the Trade","Footwork","Dodge and Roll"],"special_seed":0,"relics":["Ring of the Snake","Shovel","Smiling Mask","Singing Bowl","Bag of Marbles","Centennial Puzzle"],"potions_floor_usage":[6,6,14],"damage_taken":[{"damage":0.0,"enemies":"2 Louse","floor":1.0,"turns":3.0},{"damage":1.0,"enemies":"Jaw Worm","floor":2.0,"turns":3.0},{"damage":0.0,"enemies":"Cultist","floor":3.0,"turns":4.0},{"damage":5.0,"enemies":"Gremlin Gang","floor":4.0,"turns":7.0},{"damage":28.0,"enemies":"Large Slime","floor":5.0,"turns":11.0},{"damage":17,"enemies":"Lagavulin","floor":6,"turns":7},{"damage":1,"enemies":"Red Slaver","floor":7,"turns":6},{"damage":7,"enemies":"2 Fungi Beasts","floor":10,"turns":5},{"damage":18,"enemies":"3 Sentries","floor":14,"turns":14},{"damage":40,"enemies":"Slime Boss","floor":16,"turns":12}],"seed_played":"3994219850895245073","potions_obtained":[{"floor":4.0,"key":"LiquidBronze"},{"floor":5.0,"key":"Block Potion"},{"floor":7,"key":"LiquidBronze"}],"is_trial":false,"path_per_floor":["M","M","M","M","M","E","M","R","T","M","?","R","?","E","R","B"],"character_chosen":"THE_SILENT","items_purchased":[],"campfire_rested":1,"item_purchase_floors":[],"current_hp_per_floor":[63,62,62,57,29,12,11,32,32,25,25,25,48,32,32,0],"gold":244,"neow_bonus":"THREE_RARE_CARDS","is_prod":false,"is_daily":false,"chose_seed":false,"campfire_upgraded":0,"win_rate":0,"timestamp":1565049592,"path_taken":["M","M","M","M","M","E","M","R","T","M","?","R","?","E","R","BOSS"],"build_version":"2019-07-17","purchased_purges":0,"victory":false,"max_hp_per_floor":[70,70,70,70,70,70,70,70,70,70,70,70,70,72,72,72],"card_choices":[{"not_picked":["Glass Knife","Die Die Die"],"picked":"Unload","floor":0.0},{"not_picked":["Dagger Throw","Deadly Poison"],"picked":"Backflip","floor":1.0},{"not_picked":["Slice","Outmaneuver","Acrobatics"],"picked":"SKIP","floor":2.0},{"not_picked":["Flying Knee","Deflect","Underhanded Strike"],"picked":"SKIP","floor":3.0},{"not_picked":["Slice","Expertise"],"picked":"Dodge and Roll","floor":4.0},{"not_picked":["Dodge and Roll","Acrobatics"],"picked":"Footwork","floor":5.0},{"not_picked":["Reflex","Backstab"],"picked":"Tools of the Trade","floor":6},{"not_picked":["Backflip","Acrobatics"],"picked":"Footwork","floor":7},{"not_picked":["Cloak And Dagger","Dagger Throw"],"picked":"Dodge and Roll","floor":10},{"not_picked":["Distraction","Acrobatics","Flying Knee"],"picked":"Singing Bowl","floor":14}],"player_experience":477085,"relics_obtained":[{"floor":6,"key":"Shovel"},{"floor":9,"key":"Smiling Mask"},{"floor":12,"key":"Singing Bowl"},{"floor":14,"key":"Bag of Marbles"},{"floor":15,"key":"Centennial Puzzle"}],"event_choices":[{"damage_healed":0,"gold_gain":60,"player_choice":"Gained Gold","damage_taken":0,"max_hp_gain":0,"max_hp_loss":0,"event_name":"Golden Wing","floor":11,"gold_loss":0},{"damage_healed":23,"gold_gain":0,"player_choice":"Banana","damage_taken":0,"max_hp_gain":0,"max_hp_loss":0,"event_name":"Big Fish","floor":13,"gold_loss":0}],"is_beta":false,"boss_relics":[],"items_purged_floors":[],"is_endless":false,"potions_floor_spawned":[4,5,7],"killed_by":"Slime Boss","ascension_level":12}