{"gold_per_floor":[113,126,126,138,63,63,79,99,99,112,112,147,166,183,183,183],"floor_reached":16,"playtime":1575,"items_purged":["Strike_R"],"score":106,"play_id":"b3edeea4-4c7f-4016-9346-5457e633e2bf","local_time":"20190807092652","is_ascension_mode":false,"campfire_choices":[{"data":"Body Slam","floor":6,"key":"SMITH"},{"data":"Shrug It Off","floor":11,"key":"SMITH"},{"floor":15,"key":"REST"}],"neow_cost":"NONE","seed_source_timestamp":132895565011400,"circlet_count":0,"master_deck":["Strike_R","Strike_R","Strike_R","Defend_R","Defend_R","Defend_R","Defend_R","Bash","Havoc","Body Slam+1","Ghostly Armor","Clothesline","Shrug It Off+1","Entrench"],"relics":["Burning Blood","Pen Nib","Potion Belt"],"potions_floor_usage":[],"damage_taken":[{"damage":0,"enemies":"Small Slimes","floor":1,"turns":3},{"damage":11,"enemies":"Jaw Worm","floor":2,"turns":3},{"damage":16,"enemies":"2 Louse","floor":4,"turns":4},{"damage":6,"enemies":"Lots of Slimes","floor":7,"turns":6},{"damage":12,"enemies":"Large Slime","floor":8,"turns":7},{"damage":11,"enemies":"2 Fungi Beasts","floor":10,"turns":4},{"damage":14,"enemies":"3 Sentries","floor":12,"turns":10},{"damage":0,"enemies":"Exordium Wildlife","floor":13,"turns":4},{"damage":54,"enemies":"Gremlin Gang","floor":14,"turns":10},{"damage":39,"enemies":"The Guardian","floor":16,"turns":10}],"seed_played":"-4604666605977905622","potions_obtained":[{"floor":2,"key":"Regen Potion"},{"floor":7,"key":"FearPotion"},{"floor":10,"key":"SpeedPotion"},{"floor":12,"key":"Dexterity Potion"},{"floor":13,"key":"SteroidPotion"}],"is_trial":false,"path_per_floor":["M","M","?","M","$","R","M","M","T","M","R","E","M","M","R","B"],"character_chosen":"IRONCLAD","items_purchased":[],"campfire_rested":1,"item_purchase_floors":[],"current_hp_per_floor":[80,75,80,70,70,70,70,64,64,59,59,51,57,9,34,0],"gold":183,"neow_bonus":"TRANSFORM_CARD","is_prod":false,"is_daily":false,"chose_seed":false,"campfire_upgraded":2,"win_rate":0.0,"timestamp":1565191612,"path_taken":["M","M","?","M","$","R","M","M","T","M","R","E","M","M","R","BOSS"],"build_version":"2019-07-17","purchased_purges":1,"victory":false,"max_hp_per_floor":[80,80,85,85,85,85,85,85,85,85,85,85,85,85,85,85],"card_choices":[{"not_picked":["Warcry","Havoc"],"picked":"Body Slam","floor":1},{"not_picked":["True Grit","Corruption","Clothesline"],"picked":"SKIP","floor":2},{"not_picked":["Havoc","Carnage"],"picked":"Ghostly Armor","floor":4},{"not_picked":["Intimidate","Wild Strike","Twin Strike"],"picked":"SKIP","floor":7},{"not_picked":["Whirlwind","Hemokinesis"],"picked":"Clothesline","floor":8},{"not_picked":["Flex","Iron Wave"],"picked":"Shrug It Off","floor":10},{"not_picked":["Sword Boomerang","Heavy Blade","Fire Breathing"],"picked":"SKIP","floor":12},{"not_picked":["Havoc","Sword Boomerang"],"picked":"Entrench","floor":13},{"not_picked":["Fire Breathing","Heavy Blade","Iron Wave"],"picked":"SKIP","floor":14}],"player_experience":46199,"relics_obtained":[{"floor":9,"key":"Pen Nib"},{"floor":12,"key":"Potion Belt"}],"event_choices":[{"damage_healed":0,"gold_gain":0,"player_choice":"Donut","damage_taken":0,"max_hp_gain":5,"max_hp_loss":0,"event_name":"Big Fish","floor":3,"gold_loss":0}],"is_beta":false,"boss_relics":[],"items_purged_floors":[5],"is_endless":false,"potions_floor_spawned":[2,7,10,12,13,14],"killed_by":"The Guardian","ascension_level":0}