{"gold_per_floor":[109,34,54,54,54,54,72,72,72,72,92,92,92,136,136,136],"floor_reached":16,"playtime":298,"items_purged":["Entrench"],"score":196,"play_id":"c900d985-7860-4a80-8320-5cf937321144","local_time":"20181115204036","is_ascension_mode":true,"campfire_choices":[{"data":"Body Slam","floor":6,"key":"SMITH"},{"data":"Feel No Pain","floor":8,"key":"SMITH"},{"data":"Power Through","floor":10,"key":"SMITH"},{"data":"Juggernaut","floor":15,"key":"SMITH"}],"neow_cost":"NONE","seed_source_timestamp":1331307106056657,"circlet_count":0,"master_deck":["AscendersBane","Bash","Sword Boomerang","Dropkick","Power Through+1","Thunderclap","Twin Strike","Perfected Strike","Disarm","Seeing Red","Body Slam+1","Feel No Pain+1","Juggernaut+1","Pummel"],"relics":["Pandora\u0027s Box","Golden Idol","Bottled Tornado","Prayer Wheel"],"potions_floor_usage":[],"damage_taken":[{"damage":6,"enemies":"Cultist","floor":1,"turns":3},{"damage":0,"enemies":"2 Louse","floor":3,"turns":2},{"damage":0,"enemies":"Small Slimes","floor":7,"turns":3},{"damage":0,"enemies":"2 Fungi Beasts","floor":11,"turns":2},{"damage":22,"enemies":"3 Sentries","floor":14,"turns":6},{"damage":14,"enemies":"Hexaghost","floor":16,"turns":4}],"seed_played":"-560950826420752655","potions_obtained":[{"floor":1,"key":"Weak Potion"}],"is_trial":false,"path_per_floor":["M","$","M","$","?","R","M","R","T","R","M","$","?","E","R","B"],"character_chosen":"IRONCLAD","items_purchased":[],"campfire_rested":0,"item_purchase_floors":[],"current_hp_per_floor":[62,62,62,62,36,36,36,36,36,36,36,36,36,14,14,0],"gold":136,"neow_bonus":"BOSS_RELIC","is_prod":false,"is_daily":false,"chose_seed":false,"campfire_upgraded":4,"win_rate":0,"timestamp":1542285636,"path_taken":["M","?","M","$","?","R","M","R","T","R","M","$","?","E","R","BOSS"],"build_version":"2018-11-14","purchased_purges":1,"victory":false,"max_hp_per_floor":[75,75,75,75,75,75,75,75,75,75,75,75,75,75,75,75],"card_choices":[{"not_picked":["Flex","Armaments"],"picked":"Body Slam","floor":1},{"not_picked":["Clash","Searing Blow","Cleave"],"picked":"SKIP","floor":3},{"not_picked":["Burning Pact","Twin Strike"],"picked":"Feel No Pain","floor":7},{"not_picked":["Shockwave","Cleave"],"picked":"Juggernaut","floor":11},{"not_picked":["Bloodletting","Whirlwind"],"picked":"Pummel","floor":14}],"player_experience":492033,"relics_obtained":[{"floor":9,"key":"Bottled Tornado"},{"floor":14,"key":"Prayer Wheel"}],"event_choices":[{"damage_healed":0,"gold_gain":0,"player_choice":"Take Damage","damage_taken":26,"relics_obtained":["Golden Idol"],"max_hp_gain":0,"max_hp_loss":0,"event_name":"Golden Idol","floor":5,"gold_loss":0},{"damage_healed":0,"gold_gain":0,"player_choice":"Ignored","damage_taken":0,"max_hp_gain":0,"max_hp_loss":0,"event_name":"Liars Game","floor":13,"gold_loss":0}],"is_beta":true,"boss_relics":[],"items_purged_floors":[2],"is_endless":false,"potions_floor_spawned":[1],"killed_by":"Hexaghost","ascension_level":20}