{"gold_per_floor":[14,29,46,60,80,80,106,31,31,31,31,31,31,51,51,153,153,170,170,25,25,38,38,38,55,55,55,55,154,179,199,199,301,301,314,333,93,93,108,108,122,122,122,122,122,122,142,157,157,157],"floor_reached":51,"playtime":1403,"items_purged":["Strike_G","Strike_G"],"score":672,"play_id":"481483a0-20d5-4a38-be42-c7653c8998d3","local_time":"20181020145450","is_ascension_mode":false,"campfire_choices":[{"data":"Poisoned Stab","floor":6.0,"key":"SMITH"},{"data":"Neutralize","floor":10.0,"key":"SMITH"},{"data":"Predator","floor":12.0,"key":"SMITH"},{"data":"Poisoned Stab","floor":15.0,"key":"SMITH"},{"data":"Catalyst","floor":23.0,"key":"SMITH"},{"data":"Well Laid Plans","floor":27.0,"key":"SMITH"},{"data":"Grand Finale","floor":32.0,"key":"SMITH"},{"data":"Burst","floor":40.0,"key":"SMITH"},{"floor":42,"key":"REST"},{"floor":46,"key":"REST"},{"floor":49,"key":"REST"}],"neow_cost":"NO_GOLD","seed_source_timestamp":15538963778814,"circlet_count":0,"master_deck":["Defend_G+1","Defend_G+1","Strike_G+1","Survivor+1","Neutralize+1","Dagger Throw+1","Predator+1","Poisoned Stab+1","Backflip+1","Poisoned Stab+1","Grand Finale+1","Prepared+1","Catalyst+1","Leg Sweep+1","Well Laid Plans+1","Leg Sweep+1","Burst+1","Catalyst+1","Night Terror+1"],"special_seed":0,"relics":["Ring of the Snake","Regal Pillow","Dodecahedron","Sozu","Matryoshka","Sundial","Letter Opener","Boot","Art of War","Empty Cage","Pantograph","Juzu Bracelet","Mark of the Bloom"],"potions_floor_usage":[47,47,50],"damage_taken":[{"damage":0.0,"enemies":"2 Louse","floor":1.0,"turns":3.0},{"damage":0.0,"enemies":"Cultist","floor":2.0,"turns":3.0},{"damage":1.0,"enemies":"Jaw Worm","floor":3.0,"turns":4.0},{"damage":0.0,"enemies":"Looter","floor":4.0,"turns":3.0},{"damage":0.0,"enemies":"3 Louse","floor":5.0,"turns":3.0},{"damage":21.0,"enemies":"3 Sentries","floor":7.0,"turns":8.0},{"damage":2.0,"enemies":"2 Fungi Beasts","floor":14.0,"turns":3.0},{"damage":25.0,"enemies":"Hexaghost","floor":16.0,"turns":8.0},{"damage":0.0,"enemies":"2 Thieves","floor":18.0,"turns":2.0},{"damage":0.0,"enemies":"3 Byrds","floor":22.0,"turns":2.0},{"damage":6.0,"enemies":"Snake Plant","floor":25.0,"turns":3.0},{"damage":9.0,"enemies":"Shelled Parasite and Fungi","floor":31.0,"turns":3.0},{"damage":34.0,"enemies":"Collector","floor":33.0,"turns":5.0},{"damage":0.0,"enemies":"3 Shapes","floor":35.0,"turns":3.0},{"damage":1.0,"enemies":"3 Darklings","floor":36.0,"turns":4.0},{"damage":19.0,"enemies":"Sphere and 2 Shapes","floor":39.0,"turns":7.0},{"damage":18,"enemies":"Writhing Mass","floor":41,"turns":3},{"damage":0,"enemies":"3 Darklings","floor":47,"turns":3},{"damage":3,"enemies":"Transient","floor":48,"turns":3},{"damage":26,"enemies":"Time Eater","floor":50,"turns":3}],"seed_played":"-3752030491417944864","potions_obtained":[{"floor":5.0,"key":"AttackPotion"},{"floor":7.0,"key":"SpeedPotion"},{"floor":16.0,"key":"Explosive Potion"}],"is_trial":false,"path_per_floor":["M","M","M","M","M","R","E","$","T","R","?","R","?","M","R","B",null,"M","?","$","$","M","R","?","M","T","R","?","?","T","M","R","B",null,"M","M","$","?","M","R","M","R","T","?","?","R","M","M","R","B"],"character_chosen":"THE_SILENT","items_purchased":["Catalyst","Leg Sweep","Night Terror"],"campfire_rested":3,"item_purchase_floors":[20,20,37],"current_hp_per_floor":[70,70,69,69,69,69,48,48,48,48,48,48,48,46,46,21,70,70,70,70,70,70,70,70,64,64,64,64,64,64,55,55,21,70,70,69,69,69,50,50,32,68,68,68,68,68,68,65,65,39],"gold":157,"neow_bonus":"REMOVE_TWO","is_prod":false,"is_daily":false,"chose_seed":false,"campfire_upgraded":8,"win_rate":0,"timestamp":1540018490,"path_taken":["M","M","M","M","M","R","E","$","T","R","?","R","?","M","R","BOSS","M","?","$","?","M","R","?","?","T","R","?","?","?","M","R","BOSS","M","M","$","?","M","R","M","R","T","?","?","R","M","M","R","BOSS"],"build_version":"2018-10-18","purchased_purges":2,"victory":true,"max_hp_per_floor":[70,70,70,70,70,70,70,70,70,70,70,70,70,70,70,70,70,70,70,70,70,70,70,70,70,70,70,70,70,70,70,70,70,70,70,70,70,70,70,70,70,70,70,70,70,70,70,70,70,70],"card_choices":[{"not_picked":["Dagger Throw","Dodge and Roll","Bane"],"picked":"SKIP","floor":1.0},{"not_picked":["Dodge and Roll","Bane"],"picked":"Dagger Throw","floor":1.0},{"not_picked":["Finisher","Reflex","Quick Slash"],"picked":"SKIP","floor":2.0},{"not_picked":["Reflex","Flechettes"],"picked":"Predator","floor":3.0},{"not_picked":["Backstab","Bane"],"picked":"Poisoned Stab","floor":4.0},{"not_picked":["Acrobatics","Dagger Throw"],"picked":"Backflip","floor":5.0},{"not_picked":["Sucker Punch","Riddle With Holes","All Out Attack"],"picked":"SKIP","floor":7.0},{"not_picked":["Sucker Punch","PiercingWail"],"picked":"Poisoned Stab","floor":14.0},{"not_picked":["Burst","Tools of the Trade"],"picked":"Grand Finale","floor":16.0},{"not_picked":["Deadly Poison","Poisoned Stab+1"],"picked":"Prepared+1","floor":18.0},{"not_picked":["Dagger Spray","Finisher","Flying Knee"],"picked":"SKIP","floor":22.0},{"not_picked":["Dagger Throw","Masterful Stab","Dagger Spray"],"picked":"SKIP","floor":25.0},{"not_picked":["Prepared","Poisoned Stab+1"],"picked":"Leg Sweep+1","floor":31.0},{"not_picked":["Bullet Time","Die Die Die"],"picked":"Burst","floor":33.0},{"not_picked":["Dagger Spray","Distraction"],"picked":"Catalyst+1","floor":35.0},{"not_picked":["PiercingWail+1","Reflex","Underhanded Strike+1"],"picked":"SKIP","floor":36.0},{"not_picked":["Slice+1","Eviscerate","Cloak And Dagger+1"],"picked":"SKIP","floor":39.0},{"not_picked":["Sucker Punch","Cloak And Dagger","Choke"],"picked":"SKIP","floor":41},{"not_picked":["Blade Dance+1","Flying Knee","Dodge and Roll+1"],"picked":"SKIP","floor":47},{"not_picked":["Poisoned Stab","Dodge and Roll+1","Flying Knee+1"],"picked":"SKIP","floor":48}],"player_experience":401411,"relics_obtained":[{"floor":7.0,"key":"Regal Pillow"},{"floor":9.0,"key":"Dodecahedron"},{"floor":26.0,"key":"Sundial"},{"floor":26.0,"key":"Letter Opener"},{"floor":30.0,"key":"Boot"},{"floor":30.0,"key":"Art of War"},{"floor":43,"key":"Pantograph"},{"floor":44,"key":"Juzu Bracelet"}],"event_choices":[{"cards_removed":["Defend_G"],"damage_healed":0.0,"max_hp_gain":0.0,"max_hp_loss":0.0,"gold_gain":0.0,"event_name":"Bonfire Elementals","player_choice":"Offered Basic","floor":11.0,"gold_loss":0.0,"damage_taken":0.0},{"damage_healed":0.0,"max_hp_gain":0.0,"max_hp_loss":0.0,"gold_gain":0.0,"event_name":"The Cleric","player_choice":"Leave","floor":13.0,"gold_loss":0.0,"damage_taken":0.0},{"damage_healed":0.0,"max_hp_gain":0.0,"max_hp_loss":0.0,"gold_gain":0.0,"event_name":"The Mausoleum","player_choice":"Opened","floor":19.0,"gold_loss":0.0,"damage_taken":0.0,"relics_obtained":["Matryoshka"]},{"damage_healed":0.0,"max_hp_gain":0.0,"max_hp_loss":0.0,"gold_gain":0.0,"event_name":"The Library","player_choice":"Read","floor":24.0,"gold_loss":0.0,"damage_taken":0.0,"cards_obtained":["Well Laid Plans"]},{"damage_healed":0.0,"max_hp_gain":0.0,"max_hp_loss":0.0,"gold_gain":0.0,"event_name":"Vampires","player_choice":"Ignored","floor":28.0,"gold_loss":0.0,"damage_taken":0.0},{"damage_healed":0.0,"max_hp_gain":0.0,"max_hp_loss":0.0,"gold_gain":99.0,"event_name":"Nest","player_choice":"Stole From Cult","floor":29.0,"gold_loss":0.0,"damage_taken":0.0},{"damage_healed":0.0,"max_hp_gain":0.0,"max_hp_loss":0.0,"gold_gain":0.0,"event_name":"Mysterious Sphere","player_choice":"Ignored","floor":38.0,"gold_loss":0.0,"damage_taken":0.0},{"damage_healed":0,"gold_gain":0,"player_choice":"Relic","damage_taken":0,"max_hp_gain":0,"max_hp_loss":0,"event_name":"Wheel of Change","floor":44,"gold_loss":0},{"damage_healed":0,"gold_gain":0,"player_choice":"Upgrade","damage_taken":0,"relics_obtained":["Mark of the Bloom"],"max_hp_gain":0,"max_hp_loss":0,"event_name":"MindBloom","floor":45,"gold_loss":0,"cards_upgraded":["Defend_G","Defend_G","Strike_G","Survivor","Dagger Throw","Backflip","Leg Sweep","Night Terror"]}],"is_beta":false,"boss_relics":[{"not_picked":["Pandora\u0027s Box","Orrery"],"picked":"Sozu"},{"not_picked":["Cursed Key","Coffee Dripper"],"picked":"Empty Cage"}],"items_purged_floors":[8,37],"is_endless":false,"potions_floor_spawned":[5,7,16,25,31,35,36,47],"ascension_level":0}