{"gold_per_floor":[116,27,38,38,68,68,68,112,112,112],"floor_reached":10,"playtime":70,"items_purged":[],"score":178,"play_id":"a4059de3-7c4f-4a67-8416-53b9e9a0bab1","local_time":"20190301155010","is_ascension_mode":true,"campfire_choices":[{"data":"Defragment","floor":6,"key":"SMITH"}],"neow_cost":"NONE","seed_source_timestamp":87825902728758,"circlet_count":0,"master_deck":["AscendersBane","Strike_B","Strike_B","Strike_B","Strike_B","Defend_B","Defend_B","Defend_B","Defend_B","Zap","Dualcast","Steam Power","Defragment+1","Leap","Parasite","Streamline"],"relics":["Cracked Core","NeowsBlessing","Golden Idol","Tiny Chest","Pear","Happy Flower"],"potions_floor_usage":[],"damage_taken":[{"damage":0,"enemies":"Cultist","floor":1,"turns":1},{"damage":0,"enemies":"Small Slimes","floor":3,"turns":1},{"damage":0,"enemies":"Gremlin Nob","floor":8,"turns":1},{"damage":0,"enemies":"Jaw Worm","floor":10,"turns":1}],"seed_played":"4576310132776720664","potions_obtained":[{"floor":3,"key":"FairyPotion"}],"is_trial":false,"path_per_floor":["M","$","M","?","?","R","?","E","T","M"],"character_chosen":"DEFECT","items_purchased":["Defragment"],"campfire_rested":0,"item_purchase_floors":[2],"current_hp_per_floor":[64,64,64,64,38,38,54,64,64,64],"gold":112,"neow_bonus":"THREE_ENEMY_KILL","is_prod":false,"is_daily":false,"chose_seed":false,"campfire_upgraded":1,"win_rate":0,"timestamp":1551426610,"path_taken":["M","$","?","?","?","R","?","E","T","M"],"build_version":"2019-01-23","purchased_purges":0,"victory":false,"max_hp_per_floor":[71,71,71,64,64,64,64,74,74,74],"card_choices":[{"not_picked":["Gash","Rebound"],"picked":"Steam Power","floor":1},{"not_picked":["Multi-Cast","Streamline"],"picked":"Leap","floor":3},{"not_picked":["Scrape","Steam Power"],"picked":"Streamline","floor":8}],"player_experience":1052366,"relics_obtained":[{"floor":8,"key":"Pear"},{"floor":9,"key":"Happy Flower"}],"event_choices":[{"damage_healed":0,"gold_gain":0,"player_choice":"Lose Max HP","damage_taken":0,"relics_obtained":["Golden Idol"],"max_hp_gain":0,"max_hp_loss":7,"event_name":"Golden Idol","floor":4,"gold_loss":0},{"damage_healed":0,"gold_gain":0,"player_choice":"Success","damage_taken":26,"relics_obtained":["Tiny Chest"],"max_hp_gain":0,"max_hp_loss":0,"event_name":"Scrap Ooze","floor":5,"gold_loss":0},{"damage_healed":16,"gold_gain":0,"player_choice":"Healed and dodged fight","damage_taken":0,"max_hp_gain":0,"max_hp_loss":0,"event_name":"Mushrooms","floor":7,"gold_loss":0,"cards_obtained":["Parasite"]}],"is_beta":false,"boss_relics":[],"items_purged_floors":[],"is_endless":false,"potions_floor_spawned":[3],"killed_by":"Jaw Worm","ascension_level":20}