{"gold_per_floor":[109,109,109,34,34,34,34,64,64,94,114,133,158,83,83,155,155,169,180,180,180,40,40,50,7,7,7,20,20,35,50,50,124,124,142,158,158,58,71,71,105,105,105,105,133,144,159,177,177,177],"floor_reached":50,"playtime":2301,"items_purged":["Strike_B","Defend_B"],"score":1240,"play_id":"25c24b19-20b0-4f97-ad84-8d8b7496b46e","local_time":"20190401141720","is_ascension_mode":true,"campfire_choices":[{"data":"Chaos","floor":6.0,"key":"SMITH"},{"data":"Loop","floor":15.0,"key":"SMITH"},{"data":"Buffer","floor":23.0,"key":"SMITH"},{"data":"Coolheaded","floor":27.0,"key":"SMITH"},{"data":"Capacitor","floor":32,"key":"SMITH"},{"data":"Hologram","floor":40,"key":"SMITH"},{"data":"Redo","floor":44,"key":"SMITH"},{"data":"Recycle","floor":49,"key":"SMITH"}],"neow_cost":"NONE","seed_source_timestamp":5809382208491,"circlet_count":0,"master_deck":["AscendersBane","Defend_B","Defend_B","Zap","Dualcast","Chaos+1","White Noise","Capacitor","Redo+1","Hologram+1","Loop+1","Buffer+1","Cold Snap+1","Hologram","Melter","Capacitor+1","Coolheaded+1","Chill+1","Recycle+1","Glacier","Echo Form","Parasite","Recycle"],"special_seed":0,"relics":["Cracked Core","NeowsBlessing","Bottled Lightning","Thread and Needle","Orichalcum","Bronze Scales","Busted Crown","Pantograph","Runic Pyramid","Blood Vial","Unceasing Top"],"potions_floor_usage":[41,41],"damage_taken":[{"damage":0.0,"enemies":"2 Louse","floor":1.0,"turns":1.0},{"damage":0.0,"enemies":"Lagavulin","floor":8.0,"turns":1.0},{"damage":0.0,"enemies":"3 Sentries","floor":10.0,"turns":2.0},{"damage":2.0,"enemies":"Small Slimes","floor":11.0,"turns":3.0},{"damage":0.0,"enemies":"Jaw Worm","floor":12.0,"turns":4.0},{"damage":43.0,"enemies":"Gremlin Nob","floor":13.0,"turns":5.0},{"damage":1.0,"enemies":"The Guardian","floor":16.0,"turns":9.0},{"damage":25.0,"enemies":"Shell Parasite","floor":18.0,"turns":7.0},{"damage":5.0,"enemies":"3 Byrds","floor":19.0,"turns":3.0},{"damage":4.0,"enemies":"Snake Plant","floor":24.0,"turns":5.0},{"damage":0,"enemies":"Centurion and Healer","floor":28,"turns":6},{"damage":9,"enemies":"Shelled Parasite and Fungi","floor":30,"turns":8},{"damage":0,"enemies":"Snecko","floor":31,"turns":6},{"damage":19,"enemies":"Automaton","floor":33,"turns":11},{"damage":5,"enemies":"Orb Walker","floor":35,"turns":5},{"damage":0,"enemies":"3 Shapes","floor":36,"turns":4},{"damage":0,"enemies":"Writhing Mass","floor":39,"turns":7},{"damage":0,"enemies":"Reptomancer","floor":41,"turns":12},{"damage":0,"enemies":"Giant Head","floor":45,"turns":11},{"damage":15,"enemies":"Maw","floor":46,"turns":9},{"damage":0,"enemies":"Sphere and 2 Shapes","floor":47,"turns":7},{"damage":113,"enemies":"Transient","floor":48,"turns":6},{"damage":27,"enemies":"Awakened One","floor":50,"turns":3}],"seed_played":"-2139110500955210643","potions_obtained":[{"floor":7.0,"key":"SkillPotion"},{"floor":7.0,"key":"FairyPotion"},{"floor":8.0,"key":"GamblersBrew"},{"floor":19.0,"key":"FocusPotion"},{"floor":24.0,"key":"LiquidBronze"},{"floor":35,"key":"SkillPotion"},{"floor":41,"key":"EssenceOfSteel"},{"floor":45,"key":"FairyPotion"},{"floor":48,"key":"Energy Potion"}],"is_trial":false,"path_per_floor":["M","?","?","?","$","R","?","E","T","E","M","M","E","$","R","B",null,"M","M","?","?","$","R","M","$","T","R","M","?","M","M","R","B",null,"M","M","?","$","M","R","E","$","T","R","E","M","M","M","R","B"],"character_chosen":"DEFECT","items_purchased":["Capacitor","Coolheaded","Recycle"],"campfire_rested":0,"item_purchase_floors":[22,22,25],"current_hp_per_floor":[64,69,62,62,62,62,62,62,62,62,60,60,17,17,17,16,61,36,31,31,31,31,31,27,27,27,27,27,76,67,67,67,57,71,66,66,76,76,76,76,76,76,76,76,76,61,63,7,7,7],"gold":177,"neow_bonus":"THREE_ENEMY_KILL","is_prod":false,"is_daily":false,"chose_seed":false,"campfire_upgraded":8,"win_rate":0,"timestamp":1554099440,"path_taken":["M","?","?","?","?","R","?","E","T","E","M","M","E","$","R","BOSS","M","M","?","?","$","R","?","$","T","R","M","?","M","?","R","BOSS","M","?","?","$","M","R","E","?","T","R","E","?","M","M","R","BOSS"],"build_version":"2019-01-23","purchased_purges":2,"victory":false,"max_hp_per_floor":[71,76,76,76,76,76,76,76,76,76,76,76,76,76,76,76,76,76,76,76,76,76,76,76,76,76,76,76,76,76,76,76,76,76,76,76,76,76,76,76,76,76,76,76,76,76,76,76,76,76],"card_choices":[{"not_picked":["Gash","Conserve Battery"],"picked":"Chaos","floor":1.0},{"not_picked":["Rebound","Coolheaded"],"picked":"White Noise","floor":8.0},{"not_picked":["Tempest","Beam Cell"],"picked":"Capacitor","floor":10.0},{"not_picked":["Static Discharge","Barrage"],"picked":"Redo","floor":11.0},{"not_picked":["Beam Cell","Auto Shields"],"picked":"Hologram","floor":12.0},{"not_picked":["Turbo","Streamline"],"picked":"Loop","floor":13.0},{"not_picked":["Seek","Multi-Cast"],"picked":"Buffer","floor":16.0},{"not_picked":[],"picked":"Cold Snap+1","floor":18.0},{"not_picked":[],"picked":"Hologram","floor":19.0},{"not_picked":[],"picked":"Chill+1","floor":24.0},{"not_picked":[],"picked":"Glacier","floor":28},{"not_picked":["BootSequence"],"picked":"SKIP","floor":30},{"not_picked":["Steam"],"picked":"SKIP","floor":31},{"not_picked":[],"picked":"Echo Form","floor":33},{"not_picked":["Compile Driver"],"picked":"SKIP","floor":35},{"not_picked":["Steam+1"],"picked":"SKIP","floor":36},{"not_picked":["Cold Snap"],"picked":"SKIP","floor":39},{"not_picked":["Streamline"],"picked":"SKIP","floor":41},{"not_picked":[],"picked":"Recycle","floor":45},{"not_picked":["Blizzard"],"picked":"SKIP","floor":46},{"not_picked":["Sunder"],"picked":"SKIP","floor":47},{"not_picked":["Beam Cell"],"picked":"SKIP","floor":48}],"player_experience":3978303,"relics_obtained":[{"floor":8.0,"key":"Bottled Lightning"},{"floor":9.0,"key":"Thread and Needle"},{"floor":10.0,"key":"Orichalcum"},{"floor":13.0,"key":"Bronze Scales"},{"floor":26.0,"key":"Pantograph"},{"floor":41,"key":"Blood Vial"},{"floor":45,"key":"Unceasing Top"}],"event_choices":[{"damage_healed":0.0,"max_hp_gain":5.0,"max_hp_loss":0.0,"gold_gain":0.0,"event_name":"Big Fish","player_choice":"Donut","floor":2.0,"gold_loss":0.0,"damage_taken":0.0},{"cards_removed":["Strike_B"],"damage_healed":0.0,"max_hp_gain":0.0,"max_hp_loss":0.0,"gold_gain":0.0,"event_name":"Golden Wing","player_choice":"Card Removal","floor":3.0,"gold_loss":0.0,"damage_taken":7.0},{"cards_removed":["Strike_B"],"damage_healed":0.0,"max_hp_gain":0.0,"max_hp_loss":0.0,"gold_gain":0.0,"event_name":"The Cleric","player_choice":"Card Removal","floor":4.0,"gold_loss":75.0,"damage_taken":0.0},{"damage_healed":0.0,"max_hp_gain":0.0,"max_hp_loss":0.0,"gold_gain":0.0,"event_name":"Lab","player_choice":"Got Potions","floor":7.0,"gold_loss":0.0,"damage_taken":0.0},{"damage_healed":0.0,"max_hp_gain":0.0,"max_hp_loss":0.0,"gold_gain":0.0,"cards_transformed":["Defend_B","Strike_B"],"event_name":"Drug Dealer","player_choice":"Became Test Subject","floor":20.0,"gold_loss":0.0,"damage_taken":0.0,"cards_obtained":["Melter","Aggregate"]},{"damage_healed":0.0,"max_hp_gain":0.0,"max_hp_loss":0.0,"gold_gain":0.0,"event_name":"Vampires","player_choice":"Ignored","floor":21.0,"gold_loss":0.0,"damage_taken":0.0},{"damage_healed":49,"gold_gain":0,"player_choice":"Full Heal","damage_taken":0,"max_hp_gain":0,"max_hp_loss":0,"event_name":"Wheel of Change","floor":29,"gold_loss":0},{"cards_removed":["Aggregate"],"damage_healed":10,"gold_gain":0,"player_choice":"Offered Uncommon","damage_taken":0,"max_hp_gain":0,"max_hp_loss":0,"event_name":"Bonfire Elementals","floor":37,"gold_loss":0}],"is_beta":false,"boss_relics":[{"not_picked":["Orrery","Black Star"],"picked":"Busted Crown"},{"not_picked":["Sozu","Tiny House"],"picked":"Runic Pyramid"}],"items_purged_floors":[14,38],"is_endless":false,"potions_floor_spawned":[8,12,13,19,24,30,31,35,41,45,48],"killed_by":"Awakened One","ascension_level":20}