{"gold_per_floor":[110,121,138,157,174,174,185,110,110,110,140,159,159,171,171,248,248],"floor_reached":17,"playtime":538,"items_purged":["Strike_G"],"score":322,"play_id":"2a7584b4-f440-40bf-b883-af42dbbaa2bc","local_time":"20190420121800","is_ascension_mode":true,"campfire_choices":[{"data":"Bouncing Flask","floor":6,"key":"SMITH"},{"data":"Deadly Poison","floor":10,"key":"SMITH"},{"data":"Neutralize","floor":13,"key":"SMITH"},{"data":"Leg Sweep","floor":15,"key":"SMITH"}],"neow_cost":"NONE","seed_source_timestamp":489315178568,"circlet_count":0,"master_deck":["AscendersBane","Defend_G","Defend_G","Defend_G","Defend_G","Defend_G","Strike_G","Strike_G","Strike_G","Strike_G","Survivor","Neutralize+1","Leg Sweep+1","Bouncing Flask+1","Deadly Poison+1"],"special_seed":0,"relics":["Ring of the Snake","NeowsBlessing","PreservedInsect"],"potions_floor_usage":[5,11,16],"damage_taken":[{"damage":0.0,"enemies":"Cultist","floor":1.0,"turns":1.0},{"damage":0.0,"enemies":"Small Slimes","floor":2.0,"turns":1.0},{"damage":0.0,"enemies":"Jaw Worm","floor":3.0,"turns":1.0},{"damage":1.0,"enemies":"Blue Slaver","floor":4.0,"turns":5.0},{"damage":5,"enemies":"Exordium Thugs","floor":5,"turns":5},{"damage":2,"enemies":"3 Louse","floor":7,"turns":3},{"damage":41,"enemies":"Gremlin Nob","floor":11,"turns":5},{"damage":1,"enemies":"Red Slaver","floor":12,"turns":5},{"damage":0,"enemies":"Looter","floor":14,"turns":3},{"damage":6,"enemies":"Hexaghost","floor":16,"turns":9}],"seed_played":"3230926899383328324","potions_obtained":[{"floor":1.0,"key":"Ancient Potion"},{"floor":4.0,"key":"Explosive Potion"},{"floor":5,"key":"PowerPotion"}],"is_trial":false,"path_per_floor":["M","M","M","M","M","R","M","$","T","R","E","M","R","M","R","B",null],"character_chosen":"THE_SILENT","items_purchased":[],"campfire_rested":0,"item_purchase_floors":[],"current_hp_per_floor":[59,59,59,58,53,53,51,51,51,51,10,9,9,9,9,3,3],"gold":248,"neow_bonus":"THREE_ENEMY_KILL","is_prod":false,"is_daily":false,"chose_seed":false,"campfire_upgraded":4,"win_rate":0,"timestamp":1555733880,"path_taken":["M","M","M","M","M","R","M","$","T","R","E","?","R","M","R","BOSS"],"build_version":"2019-01-23","purchased_purges":1,"victory":false,"max_hp_per_floor":[66,66,66,66,66,66,66,66,66,66,66,66,66,66,66,66,66],"card_choices":[{"not_picked":["Dagger Throw","Poisoned Stab"],"picked":"Leg Sweep","floor":1.0},{"not_picked":["Escape Plan","Outmaneuver"],"picked":"Bouncing Flask","floor":2.0},{"not_picked":["Acrobatics","Underhanded Strike","Deflect"],"picked":"SKIP","floor":3.0},{"not_picked":["Underhanded Strike","Dodge and Roll","Acrobatics"],"picked":"SKIP","floor":4.0},{"not_picked":["Outmaneuver","Expertise"],"picked":"Deadly Poison","floor":5},{"not_picked":["Deadly Poison","Dagger Spray","PiercingWail"],"picked":"SKIP","floor":7},{"not_picked":["Prepared","Crippling Poison","A Thousand Cuts"],"picked":"SKIP","floor":11},{"not_picked":["Underhanded Strike","Sucker Punch","Quick Slash"],"picked":"SKIP","floor":12},{"not_picked":["Setup","Deadly Poison","Outmaneuver"],"picked":"SKIP","floor":14}],"player_experience":4419070,"relics_obtained":[{"floor":11,"key":"PreservedInsect"}],"event_choices":[],"is_beta":false,"boss_relics":[],"items_purged_floors":[8],"is_endless":false,"potions_floor_spawned":[1,4,5,7],"ascension_level":20}