{"gold_per_floor":[116,62,77,77,95,95,108,108,153,179,190,190,216,216,216,291,291,304,323,323,340,340,340,369,369,369,369,381,18,34,47,47,47],"floor_reached":33,"playtime":1036,"items_purged":[],"score":654,"play_id":"60e267a5-f02f-46ac-8af2-7389da1ea9fe","local_time":"20190302165816","is_ascension_mode":true,"campfire_choices":[{"data":"Zap","floor":6.0,"key":"SMITH"},{"data":"Dualcast","floor":12.0,"key":"SMITH"},{"data":"Barrage","floor":15.0,"key":"SMITH"},{"data":"Coolheaded","floor":23.0,"key":"SMITH"},{"floor":25.0,"key":"REST"},{"data":"Chill","floor":27.0,"key":"SMITH"},{"data":"Rainbow","floor":32,"key":"SMITH"}],"neow_cost":"NONE","seed_source_timestamp":177328494510040,"circlet_count":0,"master_deck":["AscendersBane","Strike_B+1","Strike_B+1","Strike_B+1","Defend_B+1","Defend_B+1","Defend_B+1","Defend_B+1","Zap+1","Dualcast+1","Barrage+1","Coolheaded+1","All For One","Reinforced Body","FTL","Conserve Battery","Ball Lightning","Glacier","Rainbow+1","Leap+1","Stack+1","Chill+1","Compile Driver","Steam"],"special_seed":0,"relics":["FrozenCore","NeowsBlessing","DataDisk","PreservedInsect","Calipers","Oddly Smooth Stone","Strawberry","Omamori","Membership Card","Frozen Egg 2"],"potions_floor_usage":[33,33],"damage_taken":[{"damage":0.0,"enemies":"Cultist","floor":1.0,"turns":1.0},{"damage":0.0,"enemies":"Small Slimes","floor":3.0,"turns":1.0},{"damage":0.0,"enemies":"Jaw Worm","floor":5.0,"turns":1.0},{"damage":6.0,"enemies":"Blue Slaver","floor":7.0,"turns":3.0},{"damage":14.0,"enemies":"Lagavulin","floor":10.0,"turns":7.0},{"damage":7.0,"enemies":"2 Fungi Beasts","floor":11.0,"turns":3.0},{"damage":4.0,"enemies":"Gremlin Nob","floor":13.0,"turns":3.0},{"damage":0.0,"enemies":"The Guardian","floor":16.0,"turns":10.0},{"damage":36.0,"enemies":"2 Thieves","floor":18.0,"turns":5.0},{"damage":0.0,"enemies":"Spheric Guardian","floor":19.0,"turns":3.0},{"damage":13.0,"enemies":"Shelled Parasite and Fungi","floor":21.0,"turns":5.0},{"damage":6.0,"enemies":"Slavers","floor":24.0,"turns":5.0},{"damage":0.0,"enemies":"Snecko","floor":28.0,"turns":6.0},{"damage":17,"enemies":"Cultist and Chosen","floor":30,"turns":8},{"damage":0,"enemies":"Shelled Parasite and Fungi","floor":31,"turns":7},{"damage":25,"enemies":"Champ","floor":33,"turns":18}],"seed_played":"-8383882359011659673","potions_obtained":[{"floor":3.0,"key":"Block Potion"},{"floor":5.0,"key":"Block Potion"},{"floor":7.0,"key":"PowerPotion"},{"floor":11.0,"key":"Strength Potion"},{"floor":21.0,"key":"SkillPotion"},{"floor":28.0,"key":"GamblersBrew"},{"floor":31,"key":"Swift Potion"}],"is_trial":false,"path_per_floor":["M","$","M","?","M","R","M","?","T","E","M","R","E","?","R","B",null,"M","M","?","M","?","R","E","R","T","R","M","$","M","M","R","B"],"character_chosen":"DEFECT","items_purchased":["Coolheaded","Membership Card","Frozen Egg 2"],"campfire_rested":1,"item_purchase_floors":[2,29,29],"current_hp_per_floor":[64,64,64,64,64,64,58,54,54,40,33,33,29,18,18,18,58,22,22,22,9,9,9,10,33,33,33,33,33,16,16,16,0],"gold":47,"neow_bonus":"THREE_ENEMY_KILL","is_prod":false,"is_daily":false,"chose_seed":false,"campfire_upgraded":6,"win_rate":0,"timestamp":1551517096,"path_taken":["M","$","M","?","M","R","M","?","T","E","?","R","E","?","R","BOSS","M","M","?","M","?","R","E","R","T","R","M","$","M","?","R","BOSS"],"build_version":"2019-01-23","purchased_purges":0,"victory":false,"max_hp_per_floor":[71,71,71,71,71,71,71,71,71,71,71,71,71,71,71,71,71,71,71,71,71,71,71,78,78,78,78,78,78,78,78,78,78],"card_choices":[{"not_picked":["Beam Cell","Compile Driver"],"picked":"Barrage","floor":1.0},{"not_picked":["Conserve Battery","Beam Cell"],"picked":"All For One","floor":3.0},{"not_picked":["Fusion","Stack"],"picked":"Reinforced Body","floor":5.0},{"not_picked":["Redo","BootSequence"],"picked":"FTL","floor":7.0},{"not_picked":["Sweeping Beam","Stack"],"picked":"Conserve Battery","floor":10.0},{"not_picked":["Gash","Steam"],"picked":"Ball Lightning","floor":11.0},{"not_picked":["Gash","Darkness"],"picked":"Glacier","floor":13.0},{"not_picked":["Hyperbeam","Creative AI"],"picked":"Rainbow","floor":16.0},{"not_picked":["Gash","Conserve Battery"],"picked":"Leap+1","floor":18.0},{"not_picked":["Conserve Battery+1","Gash"],"picked":"Stack+1","floor":19.0},{"not_picked":["Storm","Scrape","Melter"],"picked":"SKIP","floor":21.0},{"not_picked":["Stack","Darkness"],"picked":"Chill","floor":24.0},{"not_picked":["Reinforced Body","Beam Cell","Reprogram"],"picked":"SKIP","floor":28.0},{"not_picked":["Sweeping Beam","Streamline"],"picked":"Compile Driver","floor":30},{"not_picked":["Streamline","Auto Shields"],"picked":"Steam","floor":31}],"player_experience":1072579,"relics_obtained":[{"floor":9.0,"key":"DataDisk"},{"floor":10.0,"key":"PreservedInsect"},{"floor":13.0,"key":"Calipers"},{"floor":24.0,"key":"Strawberry"},{"floor":26.0,"key":"Omamori"}],"event_choices":[{"damage_healed":0.0,"max_hp_gain":0.0,"max_hp_loss":0.0,"gold_gain":0.0,"event_name":"Liars Game","player_choice":"Ignored","floor":4.0,"gold_loss":0.0,"damage_taken":0.0},{"damage_healed":0.0,"max_hp_gain":0.0,"max_hp_loss":0.0,"gold_gain":0.0,"event_name":"The Woman in Blue","player_choice":"Bought 0 Potions","floor":8.0,"gold_loss":0.0,"damage_taken":0.0},{"damage_healed":0.0,"max_hp_gain":0.0,"max_hp_loss":0.0,"gold_gain":0.0,"event_name":"Scrap Ooze","player_choice":"Success","floor":14.0,"gold_loss":0.0,"damage_taken":11.0,"relics_obtained":["Oddly Smooth Stone"]},{"damage_healed":0.0,"max_hp_gain":0.0,"max_hp_loss":0.0,"gold_gain":0.0,"event_name":"Back to Basics","player_choice":"Simplicity","floor":20.0,"gold_loss":0.0,"damage_taken":0.0,"cards_upgraded":["Strike_B","Strike_B","Strike_B","Strike_B","Defend_B","Defend_B","Defend_B","Defend_B"]},{"cards_removed":["Strike_B"],"damage_healed":0.0,"max_hp_gain":0.0,"max_hp_loss":0.0,"gold_gain":0.0,"event_name":"Purifier","player_choice":"Purged","floor":22.0,"gold_loss":0.0,"damage_taken":0.0}],"is_beta":false,"boss_relics":[{"not_picked":["Snecko Eye","Velvet Choker"],"picked":"FrozenCore"}],"items_purged_floors":[],"is_endless":false,"potions_floor_spawned":[3,5,7,11,21,28,31],"killed_by":"Champ","ascension_level":20}