{"gold_per_floor":[110,110,110,35,35,65,65,400,400,400,468,486,518,533,533,612,612,623,531,366,416,266,295,345,345,391,455,486,536,151,165,165,238,238,254,268,318,368,418,418,437,437,437,91,157,196,213,184,184,184],"floor_reached":50,"playtime":2786,"items_purged":["Strike_B","Strike_B","Strike_B","Defend_B","Defend_B"],"score":1267,"play_id":"070e16d6-1e19-4470-aa35-fafe5f7336d4","local_time":"20190109161005","is_ascension_mode":true,"campfire_choices":[{"data":"Dualcast","floor":7.0,"key":"SMITH"},{"data":"Darkness","floor":10.0,"key":"SMITH"},{"data":"Hologram","floor":15.0,"key":"SMITH"},{"floor":25.0,"key":"REST"},{"floor":32.0,"key":"RECALL"}],"neow_cost":"NONE","seed_source_timestamp":11810274749841,"circlet_count":0,"master_deck":["AscendersBane","Defend_B","Zap","Dualcast+1","Tempest","Undo","Ball Lightning","Darkness+1","Hologram+1","Leap","Coolheaded","Seek","Core Surge","Defragment","Capacitor","Recycle","Core Surge","Coolheaded","Redo","Coolheaded","Magnetism","Hologram+1","Havoc+1","Magnetism","Bandage Up","Metamorphosis","Magnetism","Entrench+1","Force Field","Core Surge"],"special_seed":0,"relics":["Cracked Core","NeowsBlessing","Blood Vial","SsserpentHead","Gambling Chip","Old Coin","Symbiotic Virus","Bag of Marbles","Fusion Hammer","Gremlin Horn","Centennial Puzzle","Thread and Needle","PrismaticShard","Coffee Dripper","DataDisk"],"potions_floor_usage":[],"damage_taken":[{"damage":0.0,"enemies":"Small Slimes","floor":1.0,"turns":1.0},{"damage":0.0,"enemies":"3 Sentries","floor":6.0,"turns":1.0},{"damage":0.0,"enemies":"Lagavulin","floor":8.0,"turns":1.0},{"damage":0.0,"enemies":"2 Louse","floor":11.0,"turns":2.0},{"damage":0.0,"enemies":"Jaw Worm","floor":12.0,"turns":2.0},{"damage":14.0,"enemies":"3 Sentries","floor":13.0,"turns":8.0},{"damage":0.0,"enemies":"Red Slaver","floor":14.0,"turns":3.0},{"damage":26.0,"enemies":"Slime Boss","floor":16.0,"turns":6.0},{"damage":6.0,"enemies":"Shell Parasite","floor":18.0,"turns":4.0},{"damage":8.0,"enemies":"Book of Stabbing","floor":23.0,"turns":5.0},{"damage":0.0,"enemies":"Chosen","floor":27.0,"turns":4.0},{"damage":0.0,"enemies":"Gremlin Leader","floor":28.0,"turns":5.0},{"damage":0.0,"enemies":"Snecko","floor":31.0,"turns":5.0},{"damage":0.0,"enemies":"Champ","floor":33.0,"turns":12.0},{"damage":0.0,"enemies":"3 Darklings","floor":35.0,"turns":6.0},{"damage":0.0,"enemies":"3 Shapes","floor":36.0,"turns":5.0},{"damage":41.0,"enemies":"Transient","floor":41.0,"turns":6.0},{"damage":0.0,"enemies":"Maw","floor":45.0,"turns":5.0},{"damage":4.0,"enemies":"4 Shapes","floor":46.0,"turns":5.0},{"damage":7.0,"enemies":"Sphere and 2 Shapes","floor":47.0,"turns":5.0},{"damage":46,"enemies":"Donu and Deca","floor":50,"turns":6}],"seed_played":"-6397247763897510367","potions_obtained":[{"floor":8.0,"key":"SkillPotion"},{"floor":11.0,"key":"Block Potion"},{"floor":14.0,"key":"SpeedPotion"},{"floor":23.0,"key":"PowerPotion"},{"floor":31.0,"key":"FocusPotion"},{"floor":41.0,"key":"Fire Potion"},{"floor":47.0,"key":"LiquidBronze"}],"is_trial":false,"path_per_floor":["M","?","?","$","?","E","R","E","T","R","M","M","E","M","R","B",null,"M","$","$","?","$","E","?","R","T","M","E","?","$","M","R","B",null,"M","M","?","?","?","R","M","R","T","$","M","M","M","$","R","B"],"character_chosen":"DEFECT","items_purchased":["Capacitor","Recycle","PrismaticShard","DataDisk","Magnetism","Core Surge"],"campfire_rested":1,"item_purchase_floors":[19,20,30,44,44,48],"current_hp_per_floor":[64,46,46,46,46,48,48,50,50,50,52,54,42,44,44,20,58,54,54,54,54,54,48,48,69,69,71,71,71,71,71,71,71,71,71,71,71,61,61,61,26,26,26,26,32,34,33,33,33,0],"gold":184,"neow_bonus":"THREE_ENEMY_KILL","is_prod":false,"is_daily":false,"chose_seed":false,"campfire_upgraded":3,"win_rate":0,"timestamp":1547021405,"path_taken":["M","?","?","$","?","E","R","E","T","R","?","M","E","M","R","BOSS","M","?","$","?","$","E","?","R","T","?","E","?","$","M","R","BOSS","M","M","?","?","?","R","M","R","T","$","?","M","M","?","R","BOSS"],"build_version":"2019-01-03v4","purchased_purges":5,"victory":false,"max_hp_per_floor":[71,71,71,71,71,71,71,71,71,71,71,71,71,71,71,71,71,71,71,71,71,71,71,71,71,71,71,71,71,71,71,71,71,71,71,71,71,71,67,67,67,67,67,67,67,67,67,67,67,67],"card_choices":[{"not_picked":["Sweeping Beam","Beam Cell"],"picked":"Tempest","floor":1.0},{"not_picked":["Sweeping Beam","Gash"],"picked":"Ball Lightning","floor":6.0},{"not_picked":["Compile Driver","Rebound"],"picked":"Darkness","floor":8.0},{"not_picked":["Gash","Go for the Eyes"],"picked":"Hologram","floor":11.0},{"not_picked":["Tempest","Steam Power"],"picked":"Leap","floor":12.0},{"not_picked":["Stack","Hologram"],"picked":"Coolheaded","floor":13.0},{"not_picked":["Compile Driver","Leap"],"picked":"Seek","floor":14.0},{"not_picked":["Rainbow","Reboot"],"picked":"Core Surge","floor":16.0},{"not_picked":["Gash+1","Steam"],"picked":"Defragment","floor":18.0},{"not_picked":["Streamline","Rebound","BootSequence"],"picked":"SKIP","floor":23.0},{"not_picked":["Barrage","Stack"],"picked":"Coolheaded","floor":27.0},{"not_picked":["Steam","Chaos"],"picked":"Redo","floor":28.0},{"not_picked":["Gash","Dagger Throw+1"],"picked":"Coolheaded","floor":31.0},{"not_picked":["Offering","Bullet Time"],"picked":"Magnetism","floor":33.0},{"not_picked":["Iron Wave","Ball Lightning"],"picked":"Hologram+1","floor":35.0},{"not_picked":["Anger","Concentrate"],"picked":"Havoc+1","floor":36.0},{"not_picked":["Thinking Ahead","Sadistic Nature"],"picked":"Magnetism","floor":38.0},{"not_picked":["Swift Strike","Chrysalis"],"picked":"Bandage Up","floor":38.0},{"not_picked":["Forethought","Dramatic Entrance"],"picked":"Metamorphosis","floor":38.0},{"not_picked":["Rampage","Barrage+1","Conserve Battery"],"picked":"SKIP","floor":41.0},{"not_picked":["Steam","Acrobatics"],"picked":"Entrench+1","floor":45.0},{"not_picked":["Sucker Punch","Dodge and Roll","Cloak And Dagger+1"],"picked":"SKIP","floor":46.0},{"not_picked":["Steam","Pommel Strike+1"],"picked":"Force Field","floor":47.0}],"player_experience":1882524,"relics_obtained":[{"floor":6.0,"key":"Gambling Chip"},{"floor":8.0,"key":"Old Coin"},{"floor":9.0,"key":"Symbiotic Virus"},{"floor":13.0,"key":"Bag of Marbles"},{"floor":23.0,"key":"Gremlin Horn"},{"floor":26.0,"key":"Centennial Puzzle"},{"floor":28.0,"key":"Thread and Needle"}],"event_choices":[{"damage_healed":0.0,"max_hp_gain":0.0,"max_hp_loss":0.0,"gold_gain":0.0,"event_name":"Scrap Ooze","player_choice":"Success","floor":2.0,"gold_loss":0.0,"damage_taken":18.0,"relics_obtained":["Blood Vial"]},{"damage_healed":0.0,"max_hp_gain":0.0,"max_hp_loss":0.0,"gold_gain":0.0,"cards_transformed":["Strike_B"],"event_name":"Living Wall","player_choice":"Change","floor":3.0,"gold_loss":0.0,"damage_taken":0.0,"cards_obtained":["Undo"]},{"damage_healed":0.0,"max_hp_gain":0.0,"max_hp_loss":0.0,"gold_gain":0.0,"event_name":"FaceTrader","player_choice":"Trade","floor":5.0,"gold_loss":0.0,"damage_taken":0.0,"relics_obtained":["SsserpentHead"]},{"cards_removed":["Defend_B"],"damage_healed":0.0,"max_hp_gain":0.0,"max_hp_loss":0.0,"gold_gain":0.0,"event_name":"Back to Basics","player_choice":"Elegance","floor":21.0,"gold_loss":0.0,"damage_taken":0.0},{"damage_healed":0.0,"max_hp_gain":0.0,"max_hp_loss":0.0,"gold_gain":0.0,"event_name":"Duplicator","player_choice":"Copied","floor":24.0,"gold_loss":0.0,"damage_taken":0.0,"cards_obtained":["Core Surge"]},{"damage_healed":0.0,"max_hp_gain":0.0,"max_hp_loss":0.0,"gold_gain":0.0,"event_name":"Vampires","player_choice":"Ignored","floor":29.0,"gold_loss":0.0,"damage_taken":0.0},{"damage_healed":0.0,"max_hp_gain":0.0,"max_hp_loss":0.0,"gold_gain":0.0,"event_name":"Mysterious Sphere","player_choice":"Ignored","floor":37.0,"gold_loss":0.0,"damage_taken":0.0},{"damage_healed":0.0,"max_hp_gain":0.0,"max_hp_loss":0.0,"gold_gain":0.0,"event_name":"SensoryStone","player_choice":"Memory 3","floor":38.0,"gold_loss":0.0,"damage_taken":10.0},{"damage_healed":0.0,"max_hp_gain":0.0,"max_hp_loss":4.0,"gold_gain":0.0,"event_name":"Winding Halls","player_choice":"Max HP","floor":39.0,"gold_loss":0.0,"damage_taken":0.0}],"is_beta":false,"boss_relics":[{"not_picked":["Philosopher\u0027s Stone","Pandora\u0027s Box"],"picked":"Fusion Hammer"},{"not_picked":["FrozenCore","Empty Cage"],"picked":"Coffee Dripper"}],"items_purged_floors":[4,19,20,22,30],"is_endless":false,"potions_floor_spawned":[8,11,12,14,23,31,41,47],"killed_by":"Donu and Deca","ascension_level":20}