{"gold_per_floor":[219,219,92,105,129,129,147,147,147,7,21,21,64,89,89,209,209,230,218,218,242,265,265,290,290,358,358,67,67,67,67,67,195,195,214,547,547,562,472,472,502,502,552,324,336,336,336,351,351,351],"floor_reached":51,"playtime":1547,"items_purged":["Strike_G","Strike_G","Pain","Defend_G"],"score":825,"play_id":"54a5041d-8d98-4cdd-8660-229beb81240d","local_time":"20181027182651","is_ascension_mode":false,"campfire_choices":[{"data":"Catalyst","floor":6.0,"key":"SMITH"},{"data":"Deadly Poison","floor":8.0,"key":"SMITH"},{"data":"Neutralize","floor":12.0,"key":"SMITH"},{"data":"Noxious Fumes","floor":15.0,"key":"SMITH"},{"data":"Malaise","floor":23.0,"key":"SMITH"},{"data":"Footwork","floor":25.0,"key":"SMITH"},{"data":"Backflip","floor":27.0,"key":"SMITH"},{"data":"Apotheosis","floor":32.0,"key":"SMITH"},{"data":"Adrenaline","floor":40,"key":"SMITH"},{"data":"Blur","floor":42,"key":"SMITH"},{"data":"Well Laid Plans","floor":47,"key":"SMITH"},{"data":"Footwork","floor":49,"key":"SMITH"}],"neow_cost":"NONE","seed_source_timestamp":27912000727158,"circlet_count":0,"master_deck":["Defend_G","Defend_G","Defend_G","Defend_G","Strike_G","Strike_G+1","Survivor","Neutralize+1","Deadly Poison+1","Escape Plan","Catalyst+1","Footwork+1","Noxious Fumes+1","Malaise+1","Backflip+1","Apotheosis+1","Blur+1","Adrenaline+1","Sucker Punch+1","Backflip+1","Clumsy","Well Laid Plans+1","Footwork+1","Blur+1"],"special_seed":0,"relics":["Ring of the Snake","Darkstone Periapt","Dodecahedron","Cursed Key","Mummified Hand","Eternal Feather","Regal Pillow","Juzu Bracelet","Nunchaku"],"potions_floor_usage":[50],"damage_taken":[{"damage":0.0,"enemies":"Small Slimes","floor":1.0,"turns":3.0},{"damage":0.0,"enemies":"Jaw Worm","floor":4.0,"turns":4.0},{"damage":1.0,"enemies":"Cultist","floor":5.0,"turns":4.0},{"damage":0.0,"enemies":"Exordium Thugs","floor":7.0,"turns":4.0},{"damage":0.0,"enemies":"Blue Slaver","floor":11.0,"turns":2.0},{"damage":21.0,"enemies":"Gremlin Nob","floor":13.0,"turns":4.0},{"damage":0.0,"enemies":"Large Slime","floor":14.0,"turns":4.0},{"damage":0.0,"enemies":"Hexaghost","floor":16.0,"turns":7.0},{"damage":0.0,"enemies":"Shell Parasite","floor":18.0,"turns":4.0},{"damage":0.0,"enemies":"2 Thieves","floor":19.0,"turns":4.0},{"damage":13.0,"enemies":"Sentry and Sphere","floor":21.0,"turns":6.0},{"damage":0.0,"enemies":"Snecko","floor":22.0,"turns":5.0},{"damage":7.0,"enemies":"Centurion and Healer","floor":24.0,"turns":7.0},{"damage":0.0,"enemies":"Champ","floor":33.0,"turns":11.0},{"damage":0,"enemies":"Orb Walker","floor":35,"turns":4},{"damage":0,"enemies":"3 Darklings","floor":38,"turns":6},{"damage":12,"enemies":"Nemesis","floor":41,"turns":9},{"damage":3,"enemies":"Jaw Worm Horde","floor":45,"turns":6},{"damage":0,"enemies":"Writhing Mass","floor":48,"turns":6},{"damage":6,"enemies":"Awakened One","floor":50,"turns":17}],"seed_played":"8629125884816559435","potions_obtained":[{"floor":5.0,"key":"FearPotion"},{"floor":11.0,"key":"PowerPotion"},{"floor":16.0,"key":"Energy Potion"},{"floor":19.0,"key":"Explosive Potion"},{"floor":35,"key":"Explosive Potion"}],"is_trial":false,"path_per_floor":["M","?","$","M","M","R","M","R","T","$","M","R","E","M","R","B",null,"M","M","T","M","M","R","M","R","T","R","$","?","$","$","R","B",null,"M","?","?","M","?","R","E","R","T","$","M","?","R","M","R","B"],"character_chosen":"THE_SILENT","items_purchased":["Deadly Poison","Footwork","Apotheosis","Well Laid Plans"],"campfire_rested":0,"item_purchase_floors":[3,10,28,44],"current_hp_per_floor":[70,53,53,53,52,52,52,52,52,52,52,52,31,31,31,31,70,70,70,70,57,57,57,50,50,56,56,56,56,56,56,56,56,76,76,76,76,76,76,76,64,76,82,82,79,79,82,82,82,76],"gold":351,"neow_bonus":"HUNDRED_GOLD","is_prod":false,"is_daily":false,"chose_seed":false,"campfire_upgraded":12,"win_rate":0,"timestamp":1540636011,"path_taken":["M","?","$","M","M","R","M","R","T","$","M","R","E","M","R","BOSS","M","M","?","M","M","R","M","R","T","R","$","?","?","$","R","BOSS","M","?","?","M","?","R","E","R","T","$","M","?","R","M","R","BOSS"],"build_version":"2018-10-25v2","purchased_purges":4,"victory":true,"max_hp_per_floor":[70,70,70,70,70,70,70,70,70,70,70,70,70,70,70,70,70,70,70,70,70,70,70,70,70,76,76,76,76,76,76,76,76,76,76,76,76,76,76,76,76,76,82,82,82,82,82,82,82,82],"card_choices":[{"not_picked":["Dagger Spray","Quick Slash","Underhanded Strike"],"picked":"SKIP","floor":1.0},{"not_picked":["Underhanded Strike","Choke"],"picked":"Escape Plan","floor":4.0},{"not_picked":["Flying Knee","Well Laid Plans"],"picked":"Catalyst","floor":5.0},{"not_picked":["Dodge and Roll","Flying Knee","Quick Slash"],"picked":"SKIP","floor":7.0},{"not_picked":["Dagger Spray","Caltrops","Underhanded Strike"],"picked":"SKIP","floor":11.0},{"not_picked":["Prepared","Slice"],"picked":"Noxious Fumes","floor":13.0},{"not_picked":["Blade Dance","Dodge and Roll","Dagger Spray"],"picked":"SKIP","floor":14.0},{"not_picked":["Glass Knife","Die Die Die"],"picked":"Malaise","floor":16.0},{"not_picked":["Skewer","Underhanded Strike"],"picked":"Backflip","floor":18.0},{"not_picked":["Outmaneuver+1","Calculated Gamble","Acrobatics"],"picked":"SKIP","floor":19.0},{"not_picked":["Blade Dance+1","Prepared+1","Setup"],"picked":"SKIP","floor":21.0},{"not_picked":["Dash+1","Bane","Slice+1"],"picked":"SKIP","floor":22.0},{"not_picked":["Sucker Punch","Quick Slash","Skewer"],"picked":"SKIP","floor":24.0},{"not_picked":["After Image","Bullet Time"],"picked":"Adrenaline","floor":33.0},{"not_picked":["Deadly Poison","Bane+1"],"picked":"Sucker Punch+1","floor":35},{"not_picked":["Dodge and Roll","Poisoned Stab+1","Flying Knee+1"],"picked":"SKIP","floor":38},{"not_picked":["A Thousand Cuts","Prepared+1"],"picked":"Backflip+1","floor":41},{"not_picked":["Slice+1","Leg Sweep+1"],"picked":"Footwork","floor":45},{"not_picked":["Bane","Backflip"],"picked":"Blur+1","floor":48}],"player_experience":679737,"relics_obtained":[{"floor":9.0,"key":"Darkstone Periapt"},{"floor":13.0,"key":"Dodecahedron"},{"floor":26.0,"key":"Mummified Hand"},{"floor":41,"key":"Regal Pillow"},{"floor":43,"key":"Juzu Bracelet"}],"event_choices":[{"damage_healed":0.0,"max_hp_gain":0.0,"max_hp_loss":0.0,"gold_gain":0.0,"event_name":"Golden Idol","player_choice":"Take Damage","floor":2.0,"gold_loss":0.0,"damage_taken":17.0,"relics_obtained":["Golden Idol"]},{"damage_healed":0.0,"max_hp_gain":0.0,"max_hp_loss":0.0,"gold_gain":0.0,"event_name":"The Library","player_choice":"Read","floor":29.0,"gold_loss":0.0,"damage_taken":0.0,"cards_obtained":["Blur"]},{"damage_healed":0,"gold_gain":333,"player_choice":"Gave Idol","damage_taken":0,"max_hp_gain":0,"max_hp_loss":0,"event_name":"The Moai Head","floor":36,"relics_lost":["Golden Idol"],"gold_loss":0},{"damage_healed":0,"gold_gain":0,"player_choice":"Ignored","damage_taken":0,"max_hp_gain":0,"max_hp_loss":0,"event_name":"Tomb of Lord Red Mask","floor":37,"gold_loss":0},{"cards_removed":["Strike_G"],"damage_healed":0,"gold_gain":0,"player_choice":"Upgrade and Remove","damage_taken":0,"max_hp_gain":0,"max_hp_loss":0,"event_name":"Designer","floor":39,"gold_loss":90,"cards_upgraded":["Strike_G"]},{"damage_healed":0,"gold_gain":0,"player_choice":"Gave Potion","damage_taken":0,"relics_obtained":["Nunchaku"],"max_hp_gain":0,"max_hp_loss":0,"event_name":"WeMeetAgain","floor":46,"gold_loss":0}],"is_beta":false,"boss_relics":[{"not_picked":["Empty Cage","Runic Dome"],"picked":"Cursed Key"},{"not_picked":["Busted Crown","White Beast Statue"],"picked":"Eternal Feather"}],"items_purged_floors":[3,10,28,44],"is_endless":false,"potions_floor_spawned":[5,11,16,19,22,35,38],"ascension_level":0}