{"gold_per_floor":[19,30,40,53,53,53,79,79,79,79,44,61,75,93,93,93],"floor_reached":16,"playtime":650,"items_purged":[],"score":140,"play_id":"a27b2f62-73aa-46d1-a956-068b0ef6e0d9","local_time":"20180925212324","is_ascension_mode":true,"campfire_choices":[{"data":"Neutralize","floor":6,"key":"SMITH"},{"data":"Bouncing Flask","floor":8,"key":"SMITH"},{"data":"Acrobatics","floor":10,"key":"SMITH"},{"floor":15,"key":"REST"}],"neow_cost":"NO_GOLD","seed_source_timestamp":377280383579230,"circlet_count":0,"master_deck":["Defend_G","Defend_G","Defend_G","Defend_G","Defend_G","Strike_G","Strike_G","Strike_G","Strike_G","Strike_G","Survivor","Neutralize+1","Acrobatics+1","Backflip","Bouncing Flask+1","Well Laid Plans+1"],"special_seed":0,"relics":["Ring of the Snake","Tough Bandages","Bottled Flame","Frozen Egg 2"],"potions_floor_usage":[4,7,7,16,16],"damage_taken":[{"damage":0.0,"enemies":"2 Louse","floor":1.0,"turns":5.0},{"damage":1.0,"enemies":"Cultist","floor":2.0,"turns":4.0},{"damage":0.0,"enemies":"Jaw Worm","floor":3.0,"turns":6.0},{"damage":0,"enemies":"Lots of Slimes","floor":4,"turns":2},{"damage":21,"enemies":"3 Sentries","floor":7,"turns":10},{"damage":0,"enemies":"Red Slaver","floor":12,"turns":4},{"damage":0,"enemies":"Blue Slaver","floor":13,"turns":3},{"damage":3,"enemies":"2 Fungi Beasts","floor":14,"turns":4},{"damage":59,"enemies":"Slime Boss","floor":16,"turns":8}],"seed_played":"-8561211248589040092","potions_obtained":[{"floor":1.0,"key":"Explosive Potion"},{"floor":4,"key":"Swift Potion"},{"floor":5,"key":"AttackPotion"},{"floor":5,"key":"Swift Potion"},{"floor":14,"key":"FearPotion"}],"is_trial":false,"path_per_floor":["M","M","M","M","?","R","E","R","T","R","$","M","M","M","R"],"character_chosen":"THE_SILENT","items_purchased":["Well Laid Plans+1"],"campfire_rested":1,"item_purchase_floors":[11],"current_hp_per_floor":[63,62,62,62,62,62,41,41,41,41,41,41,41,38,59,0],"gold":93,"neow_bonus":"ONE_RARE_RELIC","is_prod":false,"is_daily":false,"chose_seed":false,"campfire_upgraded":3,"win_rate":0,"timestamp":1537881804,"path_taken":["M","M","M","M","?","R","E","R","T","R","$","M","M","?","R","BOSS"],"build_version":"2018-09-20","purchased_purges":0,"victory":false,"max_hp_per_floor":[70,70,70,70,70,70,70,70,70,70,70,70,70,70,70,70],"card_choices":[{"not_picked":["Dagger Spray","Blade Dance"],"picked":"Acrobatics","floor":1.0},{"not_picked":["Bane","Outmaneuver"],"picked":"Backflip","floor":2.0},{"not_picked":["Bane","Expertise","Underhanded Strike"],"picked":"SKIP","floor":3.0},{"not_picked":["Dodge and Roll","Slice"],"picked":"Bouncing Flask","floor":4},{"not_picked":["Accuracy","Cloak And Dagger","Choke"],"picked":"SKIP","floor":7},{"not_picked":["Poisoned Stab","Outmaneuver","Dagger Spray"],"picked":"SKIP","floor":12},{"not_picked":["Outmaneuver","Well Laid Plans+1","Infinite Blades+1"],"picked":"SKIP","floor":13},{"not_picked":["Backflip","Quick Slash","Dodge and Roll"],"picked":"SKIP","floor":14}],"player_experience":144734,"relics_obtained":[{"floor":7,"key":"Bottled Flame"},{"floor":9,"key":"Frozen Egg 2"}],"event_choices":[{"event_name":"The Lab","player_choice":"Got Potions","floor":5,"damage_taken":0}],"is_beta":false,"boss_relics":[],"items_purged_floors":[],"is_endless":false,"potions_floor_spawned":[1,4,14],"killed_by":"Slime Boss","ascension_level":7}