{"gold_per_floor":[217,42,55,55,66,99,99,131,204,154,166,166,199,199,199,301,301,315,333,608,627,640,640,113,113,113,132,132,149,167,167,167,268,268,283,183,183,183,283,315,315,96,96,131,131,162,174,174,174,174],"floor_reached":51,"playtime":1914,"items_purged":["Strike_B","Defend_B","Defend_B"],"score":1176,"play_id":"36d30c69-bbe7-4f24-8f48-7a832a57fd86","local_time":"20190717142358","is_ascension_mode":false,"campfire_choices":[{"data":"The Bomb","floor":7.0,"key":"SMITH"},{"data":"Buffer","floor":12.0,"key":"SMITH"},{"data":"Loop","floor":15.0,"key":"SMITH"},{"data":"Recycle","floor":23.0,"key":"SMITH"},{"data":"Darkness","floor":25.0,"key":"SMITH"},{"data":"Multi-Cast","floor":28.0,"key":"SMITH"},{"data":"Skim","floor":32.0,"key":"SMITH"},{"data":"Defend_B","floor":41.0,"key":"PURGE"},{"data":"Cold Snap","floor":45.0,"key":"PURGE"},{"data":"Defend_B","floor":49,"key":"PURGE"}],"neow_cost":"NONE","seed_source_timestamp":18396501503778,"circlet_count":0,"master_deck":["Dualcast","The Bomb+1","Buffer+1","Loop+1","Recycle+1","Darkness+1","Fission","Multi-Cast+1","Skim+1","Impatience","Double Energy"],"special_seed":0,"relics":["Cracked Core","Incense Burner","Omamori","Shuriken","Pen Nib","WarpedTongs","Empty Cage","Gambling Chip","Question Card","Sozu","Peace Pipe","Pear","Bag of Preparation","Lantern","Letter Opener"],"potions_floor_usage":[],"damage_taken":[{"damage":0.0,"enemies":"Small Slimes","floor":1.0,"turns":2.0},{"damage":0.0,"enemies":"Cultist","floor":3.0,"turns":3.0},{"damage":1.0,"enemies":"Jaw Worm","floor":5.0,"turns":4.0},{"damage":6.0,"enemies":"Lagavulin","floor":6.0,"turns":5.0},{"damage":14.0,"enemies":"Gremlin Nob","floor":8.0,"turns":5.0},{"damage":1.0,"enemies":"Exordium Wildlife","floor":11.0,"turns":3.0},{"damage":0.0,"enemies":"Lagavulin","floor":13.0,"turns":6.0},{"damage":0.0,"enemies":"The Guardian","floor":16.0,"turns":8.0},{"damage":0.0,"enemies":"Chosen","floor":18.0,"turns":5.0},{"damage":13.0,"enemies":"2 Thieves","floor":19.0,"turns":4.0},{"damage":2.0,"enemies":"Centurion and Healer","floor":21.0,"turns":6.0},{"damage":0.0,"enemies":"Snecko","floor":22.0,"turns":5.0},{"damage":6.0,"enemies":"Cultist and Chosen","floor":27.0,"turns":5.0},{"damage":0.0,"enemies":"Centurion and Healer","floor":29.0,"turns":4.0},{"damage":2.0,"enemies":"Sentry and Sphere","floor":30.0,"turns":4.0},{"damage":0.0,"enemies":"Champ","floor":33.0,"turns":6.0},{"damage":16.0,"enemies":"3 Darklings","floor":35.0,"turns":3.0},{"damage":0.0,"enemies":"Mind Bloom Boss Battle","floor":39.0,"turns":5.0},{"damage":0.0,"enemies":"Giant Head","floor":40.0,"turns":4.0},{"damage":0.0,"enemies":"Reptomancer","floor":44.0,"turns":3.0},{"damage":0.0,"enemies":"Nemesis","floor":46.0,"turns":3.0},{"damage":0.0,"enemies":"Orb Walker","floor":47.0,"turns":1.0},{"damage":0,"enemies":"Time Eater","floor":50,"turns":2}],"seed_played":"475956787283642796","potions_obtained":[{"floor":5.0,"key":"GamblersBrew"},{"floor":6.0,"key":"SteroidPotion"},{"floor":8.0,"key":"GamblersBrew"},{"floor":21.0,"key":"Dexterity Potion"},{"floor":27.0,"key":"Explosive Potion"}],"is_trial":false,"path_per_floor":["M","$","M","$","M","E","R","E","T","?","M","R","E","?","R","B",null,"M","M","?","M","M","R","$","R","T","M","R","M","M","?","R","B",null,"M","$","?","?","?","E","R","$","T","E","R","E","M","?","R","B",null],"character_chosen":"DEFECT","items_purchased":["The Bomb","Multi-Cast","Gambling Chip","Impatience"],"campfire_rested":0,"item_purchase_floors":[2,24,24,42],"current_hp_per_floor":[75,75,75,75,74,68,68,54,54,54,53,53,53,53,53,53,75,75,62,62,60,60,60,60,60,60,54,54,54,52,52,52,52,75,59,59,59,59,59,69,69,69,69,69,69,69,69,69,69,69],"gold":174,"neow_bonus":"HUNDRED_GOLD","is_prod":false,"is_daily":false,"chose_seed":false,"campfire_upgraded":7,"win_rate":0,"timestamp":1563344638,"path_taken":["M","$","M","$","M","E","R","E","T","?","M","R","E","?","R","BOSS","M","?","?","?","M","R","$","R","T","M","R","M","?","?","R","BOSS","M","$","?","?","?","E","R","$","T","E","R","E","M","?","R","BOSS"],"build_version":"2019-07-05","purchased_purges":3,"victory":true,"max_hp_per_floor":[75,75,75,75,75,75,75,75,75,75,75,75,75,75,75,75,75,75,75,75,75,75,75,75,75,75,75,75,75,75,75,75,75,75,75,75,71,71,71,81,81,81,81,81,81,81,81,81,81,81],"card_choices":[{"not_picked":["Beam Cell","Sweeping Beam"],"picked":"Cold Snap","floor":1.0},{"not_picked":["Genetic Algorithm","Beam Cell"],"picked":"Buffer","floor":3.0},{"not_picked":["Streamline","Hologram"],"picked":"Loop","floor":5.0},{"not_picked":["Hologram","Tempest","Rebound"],"picked":"SKIP","floor":6.0},{"not_picked":["Leap","Lockon"],"picked":"Recycle","floor":8.0},{"not_picked":["Hologram","Sweeping Beam","Darkness"],"picked":"SKIP","floor":11.0},{"not_picked":["Hologram","Sweeping Beam"],"picked":"Darkness","floor":11.0},{"not_picked":["Steam","Compile Driver","Ball Lightning"],"picked":"SKIP","floor":13.0},{"not_picked":["Hyperbeam","Echo Form"],"picked":"Fission","floor":16.0},{"not_picked":["Aggregate+1","Rebound","Reprogram"],"picked":"SKIP","floor":18.0},{"not_picked":["Ball Lightning","Cold Snap+1","Sweeping Beam"],"picked":"SKIP","floor":19.0},{"not_picked":["Rebound","Fusion+1","Beam Cell"],"picked":"SKIP","floor":21.0},{"not_picked":["Rebound","Fusion+1","Beam Cell"],"picked":"SKIP","floor":21.0},{"not_picked":["Coolheaded","Hologram","Steam"],"picked":"SKIP","floor":22.0},{"not_picked":["Redo","Hello World","Hologram"],"picked":"SKIP","floor":27.0},{"not_picked":["Core Surge","Steam Power","Doom and Gloom"],"picked":"SKIP","floor":29.0},{"not_picked":["Steam Power","Lockon+1"],"picked":"Skim","floor":30.0},{"not_picked":["Ball Lightning+1","Conserve Battery+1","Hologram+1","Chill"],"picked":"SKIP","floor":35.0},{"not_picked":["White Noise","Chaos+1","Conserve Battery+1","Sweeping Beam+1"],"picked":"SKIP","floor":40.0},{"not_picked":["Gash","Consume+1","Biased Cognition"],"picked":"Double Energy","floor":44.0},{"not_picked":["Leap","Lockon+1","Sweeping Beam","Stack"],"picked":"SKIP","floor":46.0},{"not_picked":["Leap","Lockon+1","Sweeping Beam","Stack"],"picked":"SKIP","floor":46.0},{"not_picked":["Redo","Coolheaded","Rebound","Cold Snap"],"picked":"SKIP","floor":47}],"player_experience":5752164,"relics_obtained":[{"floor":6.0,"key":"Incense Burner"},{"floor":8.0,"key":"Omamori"},{"floor":9.0,"key":"Shuriken"},{"floor":13.0,"key":"Pen Nib"},{"floor":39.0,"key":"Peace Pipe"},{"floor":40.0,"key":"Pear"},{"floor":43.0,"key":"Bag of Preparation"},{"floor":44.0,"key":"Lantern"},{"floor":46.0,"key":"Letter Opener"}],"event_choices":[{"cards_removed":["Strike_B"],"damage_healed":0.0,"max_hp_gain":0.0,"max_hp_loss":0.0,"gold_gain":0.0,"event_name":"The Cleric","player_choice":"Card Removal","floor":10.0,"gold_loss":50.0,"damage_taken":0.0},{"damage_healed":0.0,"max_hp_gain":0.0,"max_hp_loss":0.0,"gold_gain":0.0,"event_name":"Accursed Blacksmith","player_choice":"Rummage","floor":14.0,"gold_loss":0.0,"damage_taken":0.0,"relics_obtained":["WarpedTongs"],"cards_obtained":["Pain"]},{"damage_healed":0.0,"max_hp_gain":0.0,"max_hp_loss":0.0,"gold_gain":275.0,"event_name":"Golden Shrine","player_choice":"Desecrate","floor":20.0,"gold_loss":0.0,"damage_taken":0.0,"cards_obtained":["Regret"]},{"damage_healed":0.0,"max_hp_gain":0.0,"max_hp_loss":0.0,"gold_gain":0.0,"event_name":"The Mausoleum","player_choice":"Opened","floor":31.0,"gold_loss":0.0,"damage_taken":0.0,"relics_obtained":["Question Card"]},{"damage_healed":0.0,"max_hp_gain":0.0,"max_hp_loss":4.0,"gold_gain":0.0,"event_name":"Winding Halls","player_choice":"Max HP","floor":37.0,"gold_loss":0.0,"damage_taken":0.0},{"cards_removed":["Zap"],"damage_healed":0.0,"max_hp_gain":0.0,"max_hp_loss":0.0,"gold_gain":0.0,"event_name":"Falling","player_choice":"Removed Skill","floor":38.0,"gold_loss":0.0,"damage_taken":0.0},{"damage_healed":0.0,"max_hp_gain":0.0,"max_hp_loss":0.0,"gold_gain":0.0,"event_name":"MindBloom","player_choice":"Fight","floor":39.0,"gold_loss":0.0,"damage_taken":0.0},{"damage_healed":0,"gold_gain":0,"player_choice":"Got Potions","damage_taken":0,"max_hp_gain":0,"max_hp_loss":0,"event_name":"Lab","floor":48,"gold_loss":0}],"is_beta":false,"boss_relics":[{"not_picked":["Inserter","Nuclear Battery"],"picked":"Empty Cage"},{"not_picked":["White Beast Statue","Velvet Choker"],"picked":"Sozu"}],"items_purged_floors":[24,36,42],"is_endless":false,"potions_floor_spawned":[5,6,8,13,21,27,29,30,44,47],"ascension_level":0}