{"gold_per_floor":[360,215,48,97,109,121,150,173,185,216,257,73,89,102,102,206,206,223,73,73,62,75,75,75,0,52,68,80,5,5,24,24,121,121,132,132,132,152,167,167,167,167,193,211,211,211,211,225,225,225],"floor_reached":51,"playtime":2569,"items_purged":["Strike_G","Defend_G","Defend_G","Defend_G"],"score":689,"play_id":"4ebbdb5e-7938-47bb-8e28-d27384de85f5","local_time":"20181024190228","is_ascension_mode":false,"campfire_choices":[{"data":"Well Laid Plans","floor":6.0,"key":"SMITH"},{"data":"Well Laid Plans","floor":15.0,"key":"SMITH"},{"data":"Night Terror","floor":23.0,"key":"SMITH"},{"data":"J.A.X.","floor":30.0,"key":"SMITH"},{"data":"Neutralize","floor":32.0,"key":"SMITH"},{"data":"Adrenaline","floor":40,"key":"SMITH"},{"data":"Adrenaline","floor":45,"key":"SMITH"},{"data":"Heel Hook","floor":47,"key":"SMITH"},{"data":"Wraith Form v2","floor":49,"key":"SMITH"}],"neow_cost":"TEN_PERCENT_HP_LOSS","seed_source_timestamp":29981043852885,"circlet_count":0,"master_deck":["Defend_G","Defend_G","Survivor","Neutralize+1","Infinite Blades","Well Laid Plans+1","Well Laid Plans+1","Night Terror+1","Heel Hook+1","Footwork","Adrenaline+1","J.A.X.+1","Adrenaline+1","Wraith Form v2+1","Heel Hook+1","PiercingWail"],"special_seed":0,"relics":["Ring of the Snake","MawBank","Ninja Scroll","Odd Mushroom","Empty Cage","Omamori","Lizard Tail","Art of War","Ice Cream"],"potions_floor_usage":[33,39,44,48,48,50],"damage_taken":[{"damage":0.0,"enemies":"Cultist","floor":1.0,"turns":4.0},{"damage":0.0,"enemies":"Jaw Worm","floor":7.0,"turns":5.0},{"damage":0.0,"enemies":"Small Slimes","floor":8.0,"turns":4.0},{"damage":7.0,"enemies":"Exordium Thugs","floor":10.0,"turns":7.0},{"damage":10.0,"enemies":"The Mushroom Lair","floor":11.0,"turns":5.0},{"damage":0.0,"enemies":"2 Fungi Beasts","floor":13.0,"turns":4.0},{"damage":0.0,"enemies":"Looter","floor":14.0,"turns":3.0},{"damage":20.0,"enemies":"The Guardian","floor":16.0,"turns":5.0},{"damage":0.0,"enemies":"Chosen","floor":18.0,"turns":3.0},{"damage":23.0,"enemies":"2 Thieves","floor":21.0,"turns":4.0},{"damage":3.0,"enemies":"Centurion and Healer","floor":22.0,"turns":7.0},{"damage":0.0,"enemies":"3 Cultists","floor":27.0,"turns":3.0},{"damage":8.0,"enemies":"Snecko","floor":28.0,"turns":5.0},{"damage":5.0,"enemies":"Cultist and Chosen","floor":31.0,"turns":4.0},{"damage":21,"enemies":"Automaton","floor":33,"turns":6},{"damage":0,"enemies":"3 Darklings","floor":35,"turns":2},{"damage":3,"enemies":"Orb Walker","floor":38,"turns":6},{"damage":19,"enemies":"4 Shapes","floor":39,"turns":7},{"damage":0,"enemies":"Transient","floor":44,"turns":5},{"damage":1,"enemies":"Mind Bloom Boss Battle","floor":46,"turns":4},{"damage":28,"enemies":"Sphere and 2 Shapes","floor":48,"turns":5},{"damage":29,"enemies":"Donu and Deca","floor":50,"turns":6}],"seed_played":"-2975613198441007127","potions_obtained":[{"floor":7.0,"key":"GamblersBrew"},{"floor":8.0,"key":"Strength Potion"},{"floor":13.0,"key":"Strength Potion"},{"floor":21.0,"key":"GhostInAJar"},{"floor":33,"key":"Dexterity Potion"},{"floor":39,"key":"Energy Potion"},{"floor":42,"key":"FairyPotion"},{"floor":42,"key":"Fruit Juice"},{"floor":42,"key":"Regen Potion"},{"floor":44,"key":"SkillPotion"},{"floor":48,"key":"LiquidBronze"}],"is_trial":false,"path_per_floor":["M","$","$","T","?","R","M","M","T","M","?","$","M","M","R","B",null,"M","$","?","M","M","R","$","?","T","M","M","?","R","M","R","B",null,"M","?","$","M","M","R","?","?","T","M","R","?","R","M","R","B"],"character_chosen":"THE_SILENT","items_purchased":["Well Laid Plans","Well Laid Plans","Footwork"],"campfire_rested":0,"item_purchase_floors":[2,3,12],"current_hp_per_floor":[63,63,63,63,63,63,63,63,63,56,46,46,46,46,46,26,63,63,63,63,40,37,37,37,37,37,37,29,29,29,24,24,3,63,63,63,63,60,41,41,41,41,41,46,46,45,45,22,22,2],"gold":225,"neow_bonus":"TWO_FIFTY_GOLD","is_prod":false,"is_daily":false,"chose_seed":false,"campfire_upgraded":9,"win_rate":0,"timestamp":1540378948,"path_taken":["M","?","$","?","?","R","M","M","T","M","?","$","M","M","R","BOSS","M","$","?","?","M","R","$","?","T","M","M","?","R","M","R","BOSS","M","?","$","?","M","R","?","?","T","?","R","?","R","M","R","BOSS"],"build_version":"2018-10-18","purchased_purges":4,"victory":true,"max_hp_per_floor":[63,63,63,63,63,63,63,63,63,63,63,63,63,63,63,63,63,63,63,63,63,63,63,63,63,63,63,63,63,63,63,63,63,63,63,63,63,63,63,63,63,63,63,68,68,68,68,68,68,68],"card_choices":[{"not_picked":["Acrobatics","Dagger Spray"],"picked":"Infinite Blades","floor":1.0},{"not_picked":["Sucker Punch","Dodge and Roll","Underhanded Strike"],"picked":"SKIP","floor":7.0},{"not_picked":["Quick Slash","Blade Dance","Outmaneuver"],"picked":"SKIP","floor":8.0},{"not_picked":["Dagger Spray","Dodge and Roll"],"picked":"Night Terror","floor":10.0},{"not_picked":["Dagger Throw","Outmaneuver"],"picked":"Heel Hook","floor":11.0},{"not_picked":["Deadly Poison","Blur","Bane"],"picked":"SKIP","floor":13.0},{"not_picked":["Backflip","Deflect","All Out Attack"],"picked":"SKIP","floor":14.0},{"not_picked":["Envenom","Die Die Die"],"picked":"Adrenaline","floor":16.0},{"not_picked":["Quick Slash","Flechettes","Slice"],"picked":"SKIP","floor":18.0},{"not_picked":["Quick Slash","Flechettes","Slice"],"picked":"SKIP","floor":18.0},{"not_picked":["Dodge and Roll","Quick Slash","Sucker Punch"],"picked":"SKIP","floor":21.0},{"not_picked":["Backflip","Deflect","Prepared"],"picked":"SKIP","floor":22.0},{"not_picked":["Reflex","Deflect","PiercingWail"],"picked":"SKIP","floor":27.0},{"not_picked":["Flying Knee","Deadly Poison","Dagger Spray+1"],"picked":"SKIP","floor":28.0},{"not_picked":["Bouncing Flask","Bane+1"],"picked":"Adrenaline","floor":31.0},{"not_picked":["Glass Knife","Tools of the Trade"],"picked":"Wraith Form v2","floor":33},{"not_picked":["Skewer+1","Bane+1","Endless Agony+1"],"picked":"SKIP","floor":35},{"not_picked":["Sucker Punch","Slice+1","Blade Dance"],"picked":"SKIP","floor":38},{"not_picked":["Deflect","Cloak And Dagger"],"picked":"Heel Hook+1","floor":39},{"not_picked":["PiercingWail","Cloak And Dagger+1","Storm of Steel"],"picked":"SKIP","floor":44},{"not_picked":["Cloak And Dagger+1","Storm of Steel"],"picked":"PiercingWail","floor":44},{"not_picked":["Dagger Spray+1","Skewer","Dash"],"picked":"SKIP","floor":48}],"player_experience":612822,"relics_obtained":[{"floor":4.0,"key":"MawBank"},{"floor":9.0,"key":"Ninja Scroll"},{"floor":11.0,"key":"Odd Mushroom"},{"floor":26.0,"key":"Omamori"},{"floor":43,"key":"Art of War"},{"floor":46,"key":"Ice Cream"}],"event_choices":[{"cards_removed":["Strike_G"],"damage_healed":0.0,"max_hp_gain":0.0,"max_hp_loss":0.0,"gold_gain":0.0,"event_name":"Living Wall","player_choice":"Forget","floor":5.0,"gold_loss":0.0,"damage_taken":0.0},{"damage_healed":0.0,"max_hp_gain":0.0,"max_hp_loss":0.0,"gold_gain":0.0,"event_name":"Mushrooms","player_choice":"Fought Mushrooms","floor":11.0,"gold_loss":0.0,"damage_taken":0.0},{"damage_healed":0.0,"max_hp_gain":0.0,"max_hp_loss":0.0,"gold_gain":0.0,"event_name":"Drug Dealer","player_choice":"Obtain J.A.X.","floor":20.0,"gold_loss":0.0,"damage_taken":0.0,"cards_obtained":["J.A.X."]},{"damage_healed":0.0,"max_hp_gain":0.0,"max_hp_loss":0.0,"gold_gain":0.0,"event_name":"Masked Bandits","player_choice":"Paid Fearfully","floor":25.0,"gold_loss":75.0,"damage_taken":0.0},{"cards_removed":["Strike_G"],"damage_healed":0.0,"max_hp_gain":0.0,"max_hp_loss":0.0,"gold_gain":0.0,"event_name":"Beggar","player_choice":"Gave Gold","floor":29.0,"gold_loss":75.0,"damage_taken":0.0},{"damage_healed":0,"gold_gain":0,"player_choice":"Bought 0 Potions","damage_taken":0,"max_hp_gain":0,"max_hp_loss":0,"event_name":"The Woman in Blue","floor":36,"gold_loss":0},{"damage_healed":0,"gold_gain":0,"player_choice":"1 cards matched","damage_taken":0,"max_hp_gain":0,"max_hp_loss":0,"event_name":"Match and Keep!","floor":41,"gold_loss":0,"cards_obtained":["Parasite"]},{"damage_healed":0,"gold_gain":0,"player_choice":"Got Potions","damage_taken":0,"max_hp_gain":0,"max_hp_loss":0,"event_name":"The Lab","floor":42,"gold_loss":0},{"damage_healed":0,"gold_gain":0,"player_choice":"Fight","damage_taken":0,"max_hp_gain":0,"max_hp_loss":0,"event_name":"MindBloom","floor":46,"gold_loss":0}],"is_beta":false,"boss_relics":[{"not_picked":["Ectoplasm","Philosopher\u0027s Stone"],"picked":"Empty Cage"},{"not_picked":["Ring of the Serpent","Runic Dome"],"picked":"Lizard Tail"}],"items_purged_floors":[2,3,12,19],"is_endless":false,"potions_floor_spawned":[7,8,13,16,21,33,39,44,48],"ascension_level":0}