{"gold_per_floor":[12,12,25,41,41,41,71,81,107,118,118,118,150,167,167,262,262,280,293,325,340,193,223,223,242,242,269,269,303,164,174,174,272,272,285,305,265,265,265],"floor_reached":40,"playtime":1220,"items_purged":["Strike_R","Injury"],"score":876,"play_id":"19f574cb-4c6a-4c16-a36c-6a6812ea5053","local_time":"20180918202418","is_ascension_mode":true,"campfire_choices":[{"data":"Flex","floor":6,"key":"SMITH"},{"data":"Heavy Blade","floor":11,"key":"SMITH"},{"data":"Sword Boomerang","floor":15,"key":"SMITH"},{"data":"Demon Form","floor":24,"key":"SMITH"},{"data":"Inflame","floor":28,"key":"SMITH"},{"data":"Metallicize","floor":32,"key":"SMITH"}],"neow_cost":"NO_GOLD","seed_source_timestamp":31638383977559,"circlet_count":0,"master_deck":["Strike_R","Strike_R","Strike_R","Defend_R","Defend_R","Defend_R+1","Defend_R+1","Bash","Flex+1","Metallicize+1","Carnage","Sword Boomerang+1","Heavy Blade+1","Shockwave","Demon Form+1","Evolve","Shrug It Off","Inflame+1","Battle Trance","Pummel+1","Offering"],"relics":["Burning Blood","Torii","Ancient Tea Set","Vajra","War Paint","Gremlin Horn","Cursed Key","Red Mask","PreservedInsect","Bird Faced Urn","Ornamental Fan","Potion Belt","Coffee Dripper"],"potions_floor_usage":[13,16,20,23,23,27,39,39,39],"damage_taken":[{"damage":6,"enemies":"2 Louse","floor":1,"turns":2},{"damage":10,"enemies":"Small Slimes","floor":3,"turns":3},{"damage":1,"enemies":"Cultist","floor":4,"turns":3},{"damage":35,"enemies":"3 Sentries","floor":7,"turns":9},{"damage":9,"enemies":"Looter","floor":8,"turns":3},{"damage":6,"enemies":"3 Louse","floor":10,"turns":2},{"damage":7,"enemies":"Gremlin Nob","floor":13,"turns":3},{"damage":1,"enemies":"Exordium Thugs","floor":14,"turns":3},{"damage":11,"enemies":"The Guardian","floor":16,"turns":8},{"damage":4,"enemies":"Shell Parasite","floor":18,"turns":4},{"damage":2,"enemies":"Chosen","floor":19,"turns":4},{"damage":4,"enemies":"Masked Bandits","floor":20,"turns":4},{"damage":13,"enemies":"3 Cultists","floor":21,"turns":4},{"damage":16,"enemies":"Slavers","floor":23,"turns":6},{"damage":14,"enemies":"Snake Plant","floor":25,"turns":4},{"damage":13,"enemies":"Gremlin Leader","floor":27,"turns":4},{"damage":3,"enemies":"Slavers","floor":29,"turns":3},{"damage":7,"enemies":"Centurion and Healer","floor":31,"turns":4},{"damage":15,"enemies":"Champ","floor":33,"turns":5},{"damage":35,"enemies":"3 Shapes","floor":35,"turns":3},{"damage":12,"enemies":"Orb Walker","floor":36,"turns":3},{"damage":41,"enemies":"Donu and Deca","floor":39,"turns":5}],"seed_played":"-7053737307007565811","potions_obtained":[{"floor":3,"key":"Poison Potion"},{"floor":4,"key":"EssenceOfSteel"},{"floor":7,"key":"SteroidPotion"},{"floor":10,"key":"SkillPotion"},{"floor":14,"key":"Energy Potion"},{"floor":19,"key":"Fire Potion"},{"floor":23,"key":"LiquidBronze"},{"floor":25,"key":"Fire Potion"},{"floor":27,"key":"GamblersBrew"},{"floor":29,"key":"Strength Potion"},{"floor":35,"key":"PowerPotion"}],"is_trial":false,"path_per_floor":["M","$","M","M","?","R","E","M","T","M","R","?","E","M","R","B",null,"M","M","?","M","$","E","R","M","T","E","R","E","$","M","R","B",null,"M","M","?","?","B"],"character_chosen":"IRONCLAD","items_purchased":["Inflame","Pummel"],"campfire_rested":0,"item_purchase_floors":[22,30],"current_hp_per_floor":[80,80,76,80,80,80,51,48,48,48,48,41,40,45,45,40,80,80,80,80,73,73,63,63,55,55,52,52,61,61,68,68,67,80,55,53,53,53,28],"gold":265,"neow_bonus":"ONE_RARE_RELIC","is_prod":false,"is_daily":false,"chose_seed":false,"campfire_upgraded":6,"win_rate":0,"timestamp":1537273458,"path_taken":["M","$","M","M","?","R","E","M","T","M","R","?","E","M","R","BOSS","M","M","?","?","$","E","R","M","T","E","R","E","$","M","R","BOSS","M","M","?","?","BOSS"],"build_version":"2018-09-06","purchased_purges":2,"victory":true,"max_hp_per_floor":[80,80,80,80,80,80,80,80,80,80,80,80,80,80,80,80,80,80,80,80,80,80,80,80,80,80,80,80,80,80,80,80,80,80,80,80,80,80,80],"card_choices":[{"not_picked":["Shrug It Off","Wild Strike","Clash"],"picked":"SKIP","floor":1},{"not_picked":["Clothesline","Fire Breathing"],"picked":"Flex","floor":3},{"not_picked":["Cleave","Clash"],"picked":"Metallicize","floor":4},{"not_picked":["Body Slam","Clash"],"picked":"Sword Boomerang","floor":7},{"not_picked":["Body Slam","Impervious"],"picked":"Heavy Blade","floor":8},{"not_picked":["Reckless Charge","Dual Wield"],"picked":"Shockwave","floor":10},{"not_picked":["Entrench","Hemokinesis","True Grit"],"picked":"SKIP","floor":13},{"not_picked":["Wild Strike","Iron Wave","Flame Barrier"],"picked":"SKIP","floor":14},{"not_picked":["Juggernaut","Double Tap"],"picked":"Demon Form","floor":16},{"not_picked":["Uppercut","Hemokinesis"],"picked":"Evolve","floor":18},{"not_picked":["Second Wind","Iron Wave","Rupture"],"picked":"SKIP","floor":19},{"not_picked":["Sword Boomerang","Anger"],"picked":"Shrug It Off","floor":21},{"not_picked":["Dropkick","Warcry","Twin Strike"],"picked":"SKIP","floor":23},{"not_picked":["Immolate","Twin Strike+1","Anger+1"],"picked":"SKIP","floor":25},{"not_picked":["Heavy Blade+1","Demon Form","Combust"],"picked":"SKIP","floor":27},{"not_picked":["Reaper","Warcry"],"picked":"Battle Trance","floor":29},{"not_picked":["Reckless Charge","Headbutt","Warcry"],"picked":"SKIP","floor":31},{"not_picked":["Brutality","Demon Form"],"picked":"Offering","floor":33},{"not_picked":["Headbutt","Havoc","Battle Trance+1"],"picked":"SKIP","floor":35},{"not_picked":["Perfected Strike+1","Cleave","Anger"],"picked":"SKIP","floor":36}],"player_experience":10524,"relics_obtained":[{"floor":7,"key":"Ancient Tea Set"},{"floor":9,"key":"Vajra"},{"floor":13,"key":"Gremlin Horn"},{"floor":20,"key":"Red Mask"},{"floor":23,"key":"PreservedInsect"},{"floor":26,"key":"Bird Faced Urn"},{"floor":27,"key":"Ornamental Fan"},{"floor":29,"key":"Potion Belt"}],"event_choices":[{"event_name":"Living Wall","player_choice":"Change","floor":5,"damage_taken":0},{"event_name":"Scrap Ooze","player_choice":"success","floor":12,"damage_taken":7},{"event_name":"Masked Bandits","player_choice":"Fought Bandits","floor":20,"damage_taken":0},{"event_name":"Designer","player_choice":"Upgrade Card","floor":37,"damage_taken":0},{"event_name":"SecretPortal","player_choice":"Took Portal.","floor":38,"damage_taken":0}],"is_beta":false,"boss_relics":[{"not_picked":["Empty Cage","Busted Crown"],"picked":"Cursed Key"},{"not_picked":["Fusion Hammer","Orrery"],"picked":"Coffee Dripper"}],"items_purged_floors":[22,30],"is_endless":false,"potions_floor_spawned":[3,4,7,10,14,19,23,25,27,29,35],"ascension_level":3}