{"gold_per_floor":[14,14,14,33,45,45,71,85,153,133,158,177,209,225,225,302,352,366,386,253,263,263,296,296,322,376,376,389,415,430,463,463,537,537,552,567,579,209,219,248,248,281,281,301,311,325,200,233,233,233,233,233,233,2,34,34],"floor_reached":57,"playtime":2990,"items_purged":["Strike_G","Strike_G","Strike_G","Defend_G"],"score":3442,"play_id":"0648dc8b-b6df-4230-ba33-f06db023c324","local_time":"20190801114518","is_ascension_mode":true,"campfire_choices":[{"data":"Acrobatics","floor":6.0,"key":"SMITH"},{"data":"Well Laid Plans","floor":15.0,"key":"SMITH"},{"data":"Tactician","floor":24.0,"key":"SMITH"},{"floor":27.0,"key":"REST"},{"data":"Neutralize","floor":32.0,"key":"SMITH"},{"floor":49.0,"key":"RECALL"},{"data":"1","floor":53,"key":"LIFT"}],"neow_cost":"NO_GOLD","seed_source_timestamp":441030210422941,"circlet_count":0,"master_deck":["AscendersBane","Defend_G+1","Defend_G","Defend_G","Defend_G","Survivor","Neutralize+1","Grand Finale","Acrobatics+1","Backflip","Well Laid Plans+1","Tactician+1","Grand Finale","Prepared+1","Escape Plan+1","Acrobatics","Calculated Gamble","Adrenaline","Reflex"],"special_seed":0,"relics":["Ring of the Snake","Girya","Matryoshka","Orichalcum","Pear","Tiny House","Potion Belt","Vajra","Boot","Regal Pillow","Bottled Lightning","WingedGreaves","Fusion Hammer","Sundial","Blood Vial","Meat on the Bone","Pen Nib","Letter Opener"],"potions_floor_usage":[56,56,56],"damage_taken":[{"damage":25.0,"enemies":"Jaw Worm","floor":1.0,"turns":9.0},{"damage":0.0,"enemies":"Small Slimes","floor":4.0,"turns":5.0},{"damage":0.0,"enemies":"Cultist","floor":5.0,"turns":2.0},{"damage":0.0,"enemies":"Lagavulin","floor":7.0,"turns":3.0},{"damage":0.0,"enemies":"Blue Slaver","floor":8.0,"turns":3.0},{"damage":6.0,"enemies":"Gremlin Nob","floor":11.0,"turns":3.0},{"damage":5.0,"enemies":"Red Slaver","floor":12.0,"turns":5.0},{"damage":23.0,"enemies":"3 Sentries","floor":13.0,"turns":6.0},{"damage":4.0,"enemies":"Gremlin Gang","floor":14.0,"turns":2.0},{"damage":8.0,"enemies":"Hexaghost","floor":16.0,"turns":8.0},{"damage":11.0,"enemies":"3 Byrds","floor":18.0,"turns":4.0},{"damage":0.0,"enemies":"Chosen","floor":19.0,"turns":2.0},{"damage":29.0,"enemies":"Sentry and Sphere","floor":21.0,"turns":5.0},{"damage":12.0,"enemies":"Book of Stabbing","floor":23.0,"turns":4.0},{"damage":9.0,"enemies":"Gremlin Leader","floor":25.0,"turns":3.0},{"damage":0.0,"enemies":"Centurion and Healer","floor":28.0,"turns":2.0},{"damage":0.0,"enemies":"Book of Stabbing","floor":29.0,"turns":3.0},{"damage":0.0,"enemies":"Cultist and Chosen","floor":30.0,"turns":3.0},{"damage":17.0,"enemies":"Gremlin Leader","floor":31.0,"turns":4.0},{"damage":0.0,"enemies":"Automaton","floor":33.0,"turns":4.0},{"damage":0.0,"enemies":"Orb Walker","floor":35.0,"turns":2.0},{"damage":0.0,"enemies":"3 Shapes","floor":36.0,"turns":1.0},{"damage":0.0,"enemies":"Maw","floor":37.0,"turns":6.0},{"damage":0.0,"enemies":"Sphere and 2 Shapes","floor":39.0,"turns":1.0},{"damage":0.0,"enemies":"Reptomancer","floor":40.0,"turns":3.0},{"damage":0.0,"enemies":"Nemesis","floor":42.0,"turns":1.0},{"damage":0.0,"enemies":"Spire Growth","floor":44.0,"turns":1.0},{"damage":0.0,"enemies":"Writhing Mass","floor":45.0,"turns":4.0},{"damage":0.0,"enemies":"3 Darklings","floor":46.0,"turns":1.0},{"damage":0.0,"enemies":"Giant Head","floor":48.0,"turns":1.0},{"damage":0.0,"enemies":"Awakened One","floor":50.0,"turns":4.0},{"damage":15,"enemies":"Time Eater","floor":51,"turns":4},{"damage":0,"enemies":"Shield and Spear","floor":55,"turns":2},{"damage":67,"enemies":"The Heart","floor":56,"turns":7}],"seed_played":"7710006139973574812","potions_obtained":[{"floor":4.0,"key":"Energy Potion"},{"floor":5.0,"key":"SteroidPotion"},{"floor":10.0,"key":"GamblersBrew"},{"floor":11.0,"key":"SteroidPotion"},{"floor":13.0,"key":"EssenceOfSteel"},{"floor":16.0,"key":"FairyPotion"},{"floor":17.0,"key":"SkillPotion"},{"floor":25.0,"key":"Fruit Juice"},{"floor":29.0,"key":"EssenceOfSteel"},{"floor":30.0,"key":"Energy Potion"},{"floor":33.0,"key":"Regen Potion"},{"floor":37.0,"key":"Dexterity Potion"},{"floor":42.0,"key":"Regen Potion"}],"is_trial":false,"path_per_floor":["M","?","?","M","M","R","E","M","T","?","E","M","E","M","R","B",null,"M","M","$","M","?","E","R","E","T","R","M","E","M","E","R","B",null,"M","M","M","$","M","E","?","E","T","M","M","M","$","E","R","B","B",null,"R","$","E","B",null],"character_chosen":"THE_SILENT","items_purchased":["Prepared","Sundial","Reflex"],"campfire_rested":1,"item_purchase_floors":[20,38,54],"current_hp_per_floor":[34,34,56,56,56,56,56,56,56,56,50,45,32,28,28,20,67,56,56,56,27,27,15,15,6,6,51,51,51,51,34,34,34,73,73,73,73,73,73,82,82,82,82,84,86,86,86,86,86,86,71,82,82,82,84,31],"gold":34,"neow_bonus":"THREE_RARE_CARDS","is_prod":false,"is_daily":false,"chose_seed":false,"campfire_upgraded":4,"win_rate":0,"timestamp":1564631118,"path_taken":["M","?","?","M","M","R","E","M","T","?","E","M","E","M","R","BOSS","M","M","$","?","?","E","R","E","T","R","M","E","M","E","R","BOSS","M","M","M","$","M","E","?","E","T","?","M","M","$","E","R","BOSS","BOSS","R","$","E","BOSS"],"build_version":"2019-07-17","purchased_purges":4,"victory":true,"max_hp_per_floor":[66,66,66,66,66,66,66,66,66,66,66,66,76,76,76,76,81,81,81,81,81,81,81,81,81,81,86,86,86,86,86,86,86,86,86,86,86,86,86,86,86,86,86,86,86,86,86,86,86,86,86,86,86,86,86,86],"card_choices":[{"not_picked":["Glass Knife","Burst"],"picked":"Grand Finale","floor":0.0},{"not_picked":["Dodge and Roll","Cloak And Dagger"],"picked":"Acrobatics","floor":1.0},{"not_picked":["Noxious Fumes","Outmaneuver"],"picked":"Backflip","floor":4.0},{"not_picked":["Leg Sweep","PiercingWail"],"picked":"Well Laid Plans","floor":5.0},{"not_picked":["Dagger Throw","Bane","Crippling Poison"],"picked":"SKIP","floor":7.0},{"not_picked":["Slice","Riddle With Holes","Backflip"],"picked":"SKIP","floor":8.0},{"not_picked":["Blade Dance","Deflect","Endless Agony"],"picked":"SKIP","floor":11.0},{"not_picked":["Deflect","Bane","Slice"],"picked":"SKIP","floor":12.0},{"not_picked":["Sucker Punch","Outmaneuver","Dagger Spray"],"picked":"SKIP","floor":13.0},{"not_picked":["Finisher","Underhanded Strike"],"picked":"Tactician","floor":14.0},{"not_picked":["Envenom","Malaise"],"picked":"Grand Finale","floor":16.0},{"not_picked":["Sucker Punch","Bouncing Flask","Dagger Throw"],"picked":"SKIP","floor":18.0},{"not_picked":["Terror","Underhanded Strike","Blade Dance"],"picked":"SKIP","floor":19.0},{"not_picked":["Outmaneuver+1","Dagger Throw"],"picked":"Escape Plan+1","floor":21.0},{"not_picked":["Deadly Poison","Prepared","Poisoned Stab"],"picked":"SKIP","floor":23.0},{"not_picked":["After Image","Deflect","Masterful Stab+1"],"picked":"SKIP","floor":25.0},{"not_picked":["Crippling Poison","Dagger Spray","Infinite Blades+1"],"picked":"SKIP","floor":28.0},{"not_picked":["Bouncing Flask","Dagger Throw"],"picked":"Acrobatics","floor":29.0},{"not_picked":["Underhanded Strike","Crippling Poison+1","Bane"],"picked":"SKIP","floor":30.0},{"not_picked":["Flying Knee","Flechettes","Dagger Spray"],"picked":"SKIP","floor":31.0},{"not_picked":["Underhanded Strike+1","Choke"],"picked":"Calculated Gamble","floor":35.0},{"not_picked":["Tactician","Underhanded Strike","Poisoned Stab"],"picked":"SKIP","floor":36.0},{"not_picked":["Dagger Spray","Leg Sweep","Bane"],"picked":"SKIP","floor":37.0},{"not_picked":["Choke","Infinite Blades","Malaise"],"picked":"SKIP","floor":39.0},{"not_picked":["Dodge and Roll","Bane+1","Predator"],"picked":"SKIP","floor":40.0},{"not_picked":["Flechettes","Quick Slash+1","Setup"],"picked":"SKIP","floor":42.0},{"not_picked":["Outmaneuver","Deadly Poison","Masterful Stab"],"picked":"SKIP","floor":44.0},{"not_picked":["Dagger Spray+1","Poisoned Stab","Accuracy+1"],"picked":"SKIP","floor":45.0},{"not_picked":["Prepared+1","PiercingWail","Quick Slash+1"],"picked":"SKIP","floor":46.0},{"not_picked":["Prepared","Backstab","Sucker Punch"],"picked":"SKIP","floor":48.0},{"not_picked":["Heel Hook+1","Phantasmal Killer","Sucker Punch"],"picked":"SKIP","floor":55}],"player_experience":1712378,"relics_obtained":[{"floor":7.0,"key":"Girya"},{"floor":9.0,"key":"Matryoshka"},{"floor":11.0,"key":"Orichalcum"},{"floor":13.0,"key":"Pear"},{"floor":23.0,"key":"Potion Belt"},{"floor":25.0,"key":"Vajra"},{"floor":26.0,"key":"Boot"},{"floor":26.0,"key":"Regal Pillow"},{"floor":29.0,"key":"Bottled Lightning"},{"floor":31.0,"key":"WingedGreaves"},{"floor":42.0,"key":"Blood Vial"},{"floor":43.0,"key":"Meat on the Bone"},{"floor":48.0,"key":"Pen Nib"},{"floor":55,"key":"Letter Opener"}],"event_choices":[{"cards_removed":["Strike_G"],"damage_healed":0.0,"max_hp_gain":0.0,"max_hp_loss":0.0,"gold_gain":0.0,"event_name":"Living Wall","player_choice":"Forget","floor":2.0,"gold_loss":0.0,"damage_taken":0.0},{"damage_healed":22.0,"max_hp_gain":0.0,"max_hp_loss":0.0,"gold_gain":0.0,"event_name":"Big Fish","player_choice":"Banana","floor":3.0,"gold_loss":0.0,"damage_taken":0.0},{"damage_healed":0.0,"max_hp_gain":0.0,"max_hp_loss":0.0,"gold_gain":0.0,"event_name":"The Woman in Blue","player_choice":"Bought 1 Potion","floor":10.0,"gold_loss":0.0,"damage_taken":0.0},{"damage_healed":0.0,"max_hp_gain":0.0,"max_hp_loss":0.0,"gold_gain":0.0,"event_name":"Accursed Blacksmith","player_choice":"Forge","floor":22.0,"gold_loss":0.0,"damage_taken":0.0,"cards_upgraded":["Prepared"]},{"damage_healed":0.0,"max_hp_gain":0.0,"max_hp_loss":0.0,"gold_gain":0.0,"cards_transformed":["Strike_G"],"event_name":"Transmorgrifier","player_choice":"Transformed","floor":41.0,"gold_loss":0.0,"damage_taken":0.0,"cards_obtained":["Adrenaline"]}],"is_beta":false,"boss_relics":[{"not_picked":["Eternal Feather","Velvet Choker"],"picked":"Tiny House"},{"not_picked":["Ring of the Serpent","Calling Bell"],"picked":"Fusion Hammer"}],"items_purged_floors":[20,38,47,54],"is_endless":false,"potions_floor_spawned":[4,5,11,13,16,21,25,29,30,33,35,37,39,42],"ascension_level":20}