{"gold_per_floor":[112,112,37,48,65,92,92,52,75,75],"floor_reached":10,"playtime":482,"items_purged":[],"score":132,"play_id":"70bf0f0a-7dd4-455e-b607-2b705c3f998b","local_time":"20190727161302","is_ascension_mode":true,"campfire_choices":[{"data":"Footwork","floor":7,"key":"SMITH"}],"neow_cost":"TEN_PERCENT_HP_LOSS","seed_source_timestamp":197385415087514,"circlet_count":0,"master_deck":["AscendersBane","Strike_G","Strike_G","Strike_G","Defend_G","Defend_G","Defend_G","Defend_G","Defend_G","Survivor","Neutralize","Escape Plan","Dash","Poisoned Stab","Footwork+1","Cloak And Dagger"],"relics":["Ring of the Snake","FossilizedHelix","Omamori","Ancient Tea Set"],"potions_floor_usage":[6,6],"damage_taken":[{"damage":0,"enemies":"2 Louse","floor":1,"turns":5},{"damage":0,"enemies":"Jaw Worm","floor":4,"turns":8},{"damage":0,"enemies":"Small Slimes","floor":5,"turns":5},{"damage":5,"enemies":"3 Sentries","floor":6,"turns":11},{"damage":0,"enemies":"Looter","floor":8,"turns":4},{"damage":48,"enemies":"Gremlin Nob","floor":10,"turns":6}],"seed_played":"-1877476586647245045","potions_obtained":[{"floor":1,"key":"Explosive Potion"},{"floor":4,"key":"SkillPotion"}],"is_trial":false,"path_per_floor":["M","?","?","M","M","E","R","M","T","E"],"character_chosen":"THE_SILENT","items_purchased":[],"campfire_rested":0,"item_purchase_floors":[],"current_hp_per_floor":[59,52,52,52,52,47,47,47,47,0],"gold":75,"neow_bonus":"ONE_RARE_RELIC","is_prod":false,"is_daily":false,"chose_seed":false,"campfire_upgraded":1,"win_rate":0,"timestamp":1564236782,"path_taken":["M","?","?","M","M","E","R","M","T","E"],"build_version":"2019-07-17","purchased_purges":0,"victory":false,"max_hp_per_floor":[60,60,60,60,60,60,60,60,60,60],"card_choices":[{"not_picked":["Calculated Gamble","Tactician"],"picked":"Escape Plan","floor":1},{"not_picked":["Slice","PiercingWail"],"picked":"Dash","floor":4},{"not_picked":["Eviscerate","Prepared"],"picked":"Poisoned Stab","floor":5},{"not_picked":["Escape Plan","Dash"],"picked":"Footwork","floor":6},{"not_picked":["Heel Hook","Bane"],"picked":"Cloak And Dagger","floor":8}],"player_experience":771923,"relics_obtained":[{"floor":6,"key":"Omamori"},{"floor":9,"key":"Ancient Tea Set"}],"event_choices":[{"cards_removed":["Strike_G"],"damage_healed":0,"gold_gain":0,"player_choice":"Card Removal","damage_taken":7,"max_hp_gain":0,"max_hp_loss":0,"event_name":"Golden Wing","floor":2,"gold_loss":0},{"cards_removed":["Strike_G"],"damage_healed":0,"gold_gain":0,"player_choice":"Card Removal","damage_taken":0,"max_hp_gain":0,"max_hp_loss":0,"event_name":"The Cleric","floor":3,"gold_loss":75}],"is_beta":false,"boss_relics":[],"items_purged_floors":[],"is_endless":false,"potions_floor_spawned":[1,4],"killed_by":"Gremlin Nob","ascension_level":20}