{"path_per_floor":["M","?","M","M","M","E","M","E","T","$","R","M","R","M","R","B",null,"M","$","M","?","M","R","E","M","T","R","?","E","R","M","R","B",null,"M","$","M"],"character_chosen":"THE_SILENT","items_purchased":["Regal Pillow"],"gold_per_floor":[113,113,128,139,152,187,206,234,259,40,40,52,52,63,63,159,159,176,76,93,18,29,29,62,72,72,72,72,107,107,124,124,220,220,233,108,124,124],"floor_reached":38,"campfire_rested":4,"playtime":1751,"item_purchase_floors":[10],"current_hp_per_floor":[68,68,68,60,56,37,30,22,22,22,58,58,58,58,58,49,70,63,63,38,38,16,52,20,7,7,43,66,33,69,53,53,19,70,46,46,28,0],"items_purged":["Defend_G","Strike_G","Defend_G"],"gold":124,"score":428,"play_id":"40ae734f-5549-4db5-90d2-b35da72627d5","local_time":"20180526155256","is_prod":false,"is_daily":false,"chose_seed":false,"is_ascension_mode":false,"campfire_upgraded":3,"win_rate":0.0,"timestamp":1527342776,"campfire_choices":[{"floor":11,"key":"REST"},{"data":"Bouncing Flask","floor":13,"key":"SMITH"},{"data":"Backstab","floor":15,"key":"SMITH"},{"floor":23,"key":"REST"},{"floor":27,"key":"REST"},{"floor":30,"key":"REST"},{"data":"Envenom","floor":32,"key":"SMITH"}],"path_taken":["M","?","M","M","M","E","?","E","T","$","R","M","R","M","R","BOSS","M","$","?","?","M","R","E","M","T","R","?","E","R","M","R","BOSS","M","$","M","?"],"build_version":"2018-05-25","seed_source_timestamp":0,"purchased_purges":3,"victory":false,"master_deck":["Defend_G","Defend_G","Defend_G","Strike_G","Strike_G","Strike_G","Survivor","Neutralize+1","Deadly Poison","All Out Attack","Bouncing Flask+1","Noxious Fumes","Backstab+1","Blade Dance","Envenom+1","Outmaneuver+1","Bane+1","Infinite Blades+1","Blade Dance+1","Dagger Spray+1","Night Terror","Choke+1","Flechettes"],"max_hp_per_floor":[70,70,70,70,70,70,70,70,70,70,70,70,70,70,70,70,70,70,70,70,70,70,70,70,70,70,70,70,70,70,70,70,70,70,70,70,70,70],"relics":["Ring of the Snake","Bronze Scales","Tough Bandages","Anchor","Regal Pillow","Lizard Tail","Vajra","Darkstone Periapt","Ancient Tea Set","Black Star"],"card_choices":[{"not_picked":["Predator","Caltrops"],"picked":"Deadly Poison","floor":1.0},{"not_picked":["Outmaneuver","Choke"],"picked":"All Out Attack","floor":3},{"not_picked":["Flying Knee","Well Laid Plans"],"picked":"Bouncing Flask","floor":4},{"not_picked":["Dagger Throw","Sucker Punch"],"picked":"Noxious Fumes","floor":5},{"not_picked":["Finisher","Quick Slash","Reflex"],"picked":"SKIP","floor":6},{"not_picked":["Dagger Spray","Backflip"],"picked":"Backstab","floor":7},{"not_picked":["Slice","Dodge and Roll"],"picked":"Blade Dance","floor":8},{"not_picked":["Skewer","Deadly Poison","Poisoned Stab"],"picked":"SKIP","floor":12},{"not_picked":["Terror","Expertise","All Out Attack"],"picked":"SKIP","floor":14},{"not_picked":["Tactician","Venomology"],"picked":"Envenom","floor":16},{"not_picked":["Deadly Poison+1","Malaise"],"picked":"Outmaneuver+1","floor":18},{"not_picked":["Poisoned Stab","Malaise","Deadly Poison"],"picked":"SKIP","floor":20},{"not_picked":["Backstab","Terror","Prepared"],"picked":"SKIP","floor":22},{"not_picked":["Glass Knife","PiercingWail+1"],"picked":"Bane+1","floor":24},{"not_picked":["Sucker Punch","Dagger Throw"],"picked":"Infinite Blades+1","floor":25},{"not_picked":["Adrenaline","Dodge and Roll"],"picked":"Blade Dance+1","floor":29},{"not_picked":["Acrobatics","Terror"],"picked":"Dagger Spray+1","floor":31},{"not_picked":["Doppelganger","Tools of the Trade"],"picked":"Night Terror","floor":33},{"not_picked":["Prepared+1","Blur+1"],"picked":"Choke+1","floor":35},{"not_picked":["Escape Plan","Sucker Punch+1"],"picked":"Flechettes","floor":37}],"player_experience":73135,"potions_floor_usage":[29,33],"damage_taken":[{"damage":2.0,"enemies":"2 Louse","floor":1.0,"turns":3.0},{"damage":0,"enemies":"Cultist","floor":3,"turns":4},{"damage":8,"enemies":"Jaw Worm","floor":4,"turns":4},{"damage":4,"enemies":"Red Slaver","floor":5,"turns":3},{"damage":19,"enemies":"Gremlin Nob","floor":6,"turns":4},{"damage":7,"enemies":"3 Louse","floor":7,"turns":2},{"damage":8,"enemies":"Lagavulin","floor":8,"turns":5},{"damage":0,"enemies":"Blue Slaver","floor":12,"turns":2},{"damage":0,"enemies":"Large Slime","floor":14,"turns":4},{"damage":9,"enemies":"The Guardian","floor":16,"turns":7},{"damage":7,"enemies":"Chosen","floor":18,"turns":3},{"damage":25,"enemies":"2 Thieves","floor":20,"turns":4},{"damage":22,"enemies":"Sentry and Sphere","floor":22,"turns":4},{"damage":32,"enemies":"Book of Stabbing","floor":24,"turns":5},{"damage":37,"enemies":"Chosen and Byrds","floor":25,"turns":5},{"damage":33,"enemies":"Slavers","floor":29,"turns":4},{"damage":16,"enemies":"Centurion and Healer","floor":31,"turns":3},{"damage":96,"enemies":"Automaton","floor":33,"turns":8},{"damage":24,"enemies":"Flame Bruiser 1 Orb","floor":35,"turns":5},{"damage":18,"enemies":"Orb Walker","floor":37,"turns":3},{"damage":29,"enemies":"4 Shapes","floor":38,"turns":5}],"relics_obtained":[{"floor":6,"key":"Bronze Scales"},{"floor":8,"key":"Tough Bandages"},{"floor":9,"key":"Anchor"},{"floor":24,"key":"Vajra"},{"floor":26,"key":"Darkstone Periapt"},{"floor":29,"key":"Ancient Tea Set"}],"event_choices":[{"event_name":"Upgrade Shrine","player_choice":"Upgraded","floor":2,"damage_taken":0},{"event_name":"Beggar","player_choice":"Gave Gold","floor":21,"damage_taken":0},{"event_name":"The Library","player_choice":"Heal","floor":28,"damage_taken":0}],"boss_relics":[{"not_picked":["Velvet Choker","Runic Pyramid"],"picked":"Lizard Tail"},{"not_picked":["Astrolabe","White Beast Statue"],"picked":"Black Star"}],"items_purged_floors":[10,19,36],"potions_floor_spawned":[3,4,5,14,16,24,25,31,33,35],"seed_played":"-1840183612521828021","killed_by":"4 Shapes","ascension_level":0,"potions_obtained":[{"floor":5,"key":"Ancient Potion"},{"floor":25,"key":"Weak Potion"},{"floor":31,"key":"FairyPotion"},{"floor":33,"key":"Explosive Potion"},{"floor":35,"key":"LiquidBronze"}],"is_trial":false}