{"gold_per_floor":[113,125,200,50,50,80,80,109,109,143,143,170,200,200,200,298,298,318,328,328,328,228,263,263,295,318,331,331,362,362,381,381,480,480,499,518,518,518,36,36,88,115,115,115,115,141,91,105,105,105],"floor_reached":51,"playtime":1219,"items_purged":["Flex","Writhe","Impervious","Evolve"],"score":1233,"play_id":"b68934f9-87e7-46df-98ce-f53a332a959b","local_time":"20181016171309","daily_mods":["SealedDeck","Vintage","Heirloom","Elite Swarm"],"is_ascension_mode":false,"campfire_choices":[{"data":"Inflame","floor":7.0,"key":"SMITH"},{"data":"True Grit","floor":11.0,"key":"SMITH"},{"floor":15.0,"key":"REST"},{"data":"Limit Break","floor":24.0,"key":"SMITH"},{"data":"Feed","floor":28.0,"key":"SMITH"},{"data":"Flex","floor":30.0,"key":"SMITH"},{"data":"Rampage","floor":32.0,"key":"PURGE"},{"data":"Whirlwind","floor":40.0,"key":"SMITH"},{"data":"Clash+1","floor":44,"key":"PURGE"},{"data":"Sword Boomerang","floor":49,"key":"PURGE"}],"neow_cost":"","seed_source_timestamp":0,"circlet_count":0,"master_deck":["Thunderclap+1","Flex+1","Inflame+1","Limit Break+1","Feed+1","Offering","Reaper","Whirlwind+1","Double Tap"],"special_seed":0,"relics":["Burning Blood","Mango","Champion Belt","Whetstone","Question Card","Ancient Tea Set","Sundial","Orichalcum","Peace Pipe","Odd Mushroom","Pen Nib","Bag of Marbles","Empty Cage","Happy Flower","Anchor","Blood Vial","Regal Pillow","Smiling Mask","PreservedInsect","Magic Flower","Kunai","FossilizedHelix","Shuriken","Busted Crown","Vajra","Shovel","Ice Cream","Bottled Lightning","Chemical X","Bag of Preparation","Ginger","Charon\u0027s Ashes","Blue Candle","Molten Egg 2"],"potions_floor_usage":[50,50],"damage_taken":[{"damage":6.0,"enemies":"2 Louse","floor":1.0,"turns":2.0},{"damage":0.0,"enemies":"Small Slimes","floor":2.0,"turns":2.0},{"damage":0.0,"enemies":"Gremlin Nob","floor":6.0,"turns":3.0},{"damage":8.0,"enemies":"3 Sentries","floor":8.0,"turns":4.0},{"damage":32.0,"enemies":"Gremlin Nob","floor":10.0,"turns":5.0},{"damage":13.0,"enemies":"Lagavulin","floor":12.0,"turns":5.0},{"damage":14.0,"enemies":"The Mushroom Lair","floor":13.0,"turns":3.0},{"damage":12.0,"enemies":"The Guardian","floor":16.0,"turns":5.0},{"damage":6.0,"enemies":"3 Byrds","floor":18.0,"turns":3.0},{"damage":6.0,"enemies":"Shell Parasite","floor":19.0,"turns":2.0},{"damage":6.0,"enemies":"Gremlin Leader","floor":23.0,"turns":3.0},{"damage":6.0,"enemies":"Book of Stabbing","floor":25.0,"turns":2.0},{"damage":6.0,"enemies":"Snake Plant","floor":27.0,"turns":1.0},{"damage":6.0,"enemies":"Slavers","floor":29.0,"turns":3.0},{"damage":6.0,"enemies":"Cultist and Chosen","floor":31.0,"turns":3.0},{"damage":0.0,"enemies":"Automaton","floor":33.0,"turns":4.0},{"damage":0.0,"enemies":"Orb Walker","floor":35.0,"turns":1.0},{"damage":0.0,"enemies":"3 Darklings","floor":36.0,"turns":2.0},{"damage":0.0,"enemies":"Mind Bloom Boss Battle","floor":37.0,"turns":2.0},{"damage":0.0,"enemies":"Mysterious Sphere","floor":41.0,"turns":1.0},{"damage":0.0,"enemies":"Nemesis","floor":42.0,"turns":1.0},{"damage":0,"enemies":"2 Orb Walkers","floor":46,"turns":1},{"damage":0,"enemies":"Sphere and 2 Shapes","floor":48,"turns":1},{"damage":0,"enemies":"Donu and Deca","floor":50,"turns":1}],"seed_played":"-436297167281191393","potions_obtained":[{"floor":2.0,"key":"Block Potion"},{"floor":6.0,"key":"SpeedPotion"},{"floor":16.0,"key":"EssenceOfSteel"},{"floor":23.0,"key":"Energy Potion"}],"is_trial":true,"path_per_floor":["M","M","?","$","?","E","R","E","T","E","R","E","?","?","R","B",null,"M","M","?","?","$","E","R","E","T","M","R","E","R","M","R","B",null,"M","M","?","T","$","R","?","E","T","R","?","E","$","M","R","B"],"character_chosen":"IRONCLAD","items_purchased":["Inflame","Whirlwind","Chemical X","Bag of Preparation"],"campfire_rested":1,"item_purchase_floors":[4,39,39,39],"current_hp_per_floor":[94,94,83,83,76,82,82,80,80,54,54,47,42,9,38,32,97,100,100,100,100,100,103,103,106,106,106,106,110,110,114,114,114,114,114,118,118,118,118,118,118,118,118,118,118,118,118,118,118,118],"gold":105,"neow_bonus":"","is_prod":false,"is_daily":false,"chose_seed":false,"campfire_upgraded":6,"win_rate":0,"timestamp":1539681189,"path_taken":["M","M","?","$","?","E","R","E","T","E","R","E","?","?","R","BOSS","M","M","?","?","?","E","R","E","T","?","R","E","R","M","R","BOSS","M","?","?","?","$","R","?","E","T","R","?","E","$","M","R","BOSS"],"build_version":"2018-10-11","purchased_purges":4,"victory":true,"max_hp_per_floor":[94,94,94,94,94,94,94,94,94,94,94,94,97,97,97,97,97,100,100,100,100,100,103,103,106,106,106,106,110,110,114,114,114,114,114,118,118,118,118,118,118,118,118,118,118,118,118,118,118,118],"card_choices":[{"not_picked":["Reaper","Juggernaut"],"picked":"Impervious","floor":6.0},{"not_picked":["Berserk","Barricade","Bludgeon"],"picked":"Limit Break","floor":8.0},{"not_picked":["Reaper","Dark Embrace","Juggernaut"],"picked":"Feed","floor":10.0},{"not_picked":["Limit Break","Dark Embrace","Juggernaut"],"picked":"Offering","floor":12.0},{"not_picked":["Clash","Flame Barrier","Pummel"],"picked":"Sword Boomerang","floor":13.0},{"not_picked":["Fiend Fire","Bludgeon","Berserk"],"picked":"Reaper","floor":16.0},{"not_picked":["Offering","Brutality","Dark Embrace","Juggernaut"],"picked":"SKIP","floor":23.0},{"not_picked":["Exhume","Immolate","Impervious","Juggernaut"],"picked":"SKIP","floor":25.0},{"not_picked":["Bludgeon","Demon Form","Juggernaut","Offering"],"picked":"SKIP","floor":29.0},{"not_picked":["Demon Form"],"picked":"Double Tap","floor":42},{"not_picked":["Dark Embrace","Offering"],"picked":"SKIP","floor":46}],"player_experience":326667,"relics_obtained":[{"floor":1.0,"key":"Champion Belt"},{"floor":2.0,"key":"Whetstone"},{"floor":6.0,"key":"Question Card"},{"floor":8.0,"key":"Ancient Tea Set"},{"floor":9.0,"key":"Sundial"},{"floor":10.0,"key":"Orichalcum"},{"floor":12.0,"key":"Peace Pipe"},{"floor":13.0,"key":"Odd Mushroom"},{"floor":16.0,"key":"Bag of Marbles"},{"floor":18.0,"key":"Happy Flower"},{"floor":19.0,"key":"Anchor"},{"floor":23.0,"key":"Regal Pillow"},{"floor":25.0,"key":"Smiling Mask"},{"floor":26.0,"key":"PreservedInsect"},{"floor":27.0,"key":"Magic Flower"},{"floor":29.0,"key":"Kunai"},{"floor":31.0,"key":"FossilizedHelix"},{"floor":33.0,"key":"Shuriken"},{"floor":35.0,"key":"Vajra"},{"floor":36.0,"key":"Shovel"},{"floor":37.0,"key":"Ice Cream"},{"floor":38.0,"key":"Bottled Lightning"},{"floor":41.0,"key":"Ginger"},{"floor":43,"key":"Charon\u0027s Ashes"},{"floor":46,"key":"Blue Candle"},{"floor":48,"key":"Molten Egg 2"}],"event_choices":[{"event_name":"World of Goop","player_choice":"Gather Gold","floor":3.0,"damage_taken":0.0},{"event_name":"Golden Wing","player_choice":"Card Removal","floor":5.0,"damage_taken":0.0},{"event_name":"Mushrooms","player_choice":"Fought Mushrooms","floor":13.0,"damage_taken":0.0},{"event_name":"Scrap Ooze","player_choice":"success","floor":14.0,"damage_taken":33.0},{"event_name":"Purifier","player_choice":"One Purge","floor":20.0,"damage_taken":0.0},{"event_name":"The Mausoleum","player_choice":"Yes","floor":21.0,"damage_taken":0.0},{"event_name":"MindBloom","player_choice":"Fight","floor":37.0,"damage_taken":0.0},{"event_name":"Mysterious Sphere","player_choice":"Fight","floor":41.0,"damage_taken":0.0},{"event_name":"SensoryStone","player_choice":"Memory 1","floor":45,"damage_taken":0}],"is_beta":false,"boss_relics":[{"not_picked":["Orrery","Velvet Choker"],"picked":"Empty Cage"},{"not_picked":["Runic Cube","Philosopher\u0027s Stone"],"picked":"Busted Crown"}],"items_purged_floors":[4,22,39,47],"is_endless":false,"potions_floor_spawned":[2,6,16,23,27,31,33,42,46,48],"ascension_level":0}