{"gold_per_floor":[116,131,131,281,15,38,57,75,101,101,101],"floor_reached":11,"playtime":296,"items_purged":[],"score":126,"play_id":"ad048151-0f11-4983-8a48-31817a46f64f","local_time":"20190304105630","is_ascension_mode":true,"campfire_choices":[{"data":"Chaos","floor":10.0,"key":"SMITH"}],"neow_cost":"CURSE","seed_source_timestamp":6240287351753,"circlet_count":0,"master_deck":["AscendersBane","Strike_B","Strike_B","Defend_B","Defend_B","Defend_B","Defend_B","Zap","Dualcast","Injury","Blizzard","Compile Driver","Self Repair","Turbo","Doubt","Hologram","Coolheaded","Chaos+1"],"special_seed":0,"relics":["Cracked Core","ClockworkSouvenir","Juzu Bracelet","Blood Vial"],"potions_floor_usage":[],"damage_taken":[{"damage":3.0,"enemies":"2 Louse","floor":1.0,"turns":2.0},{"damage":19.0,"enemies":"Small Slimes","floor":2.0,"turns":4.0},{"damage":14.0,"enemies":"Jaw Worm","floor":7.0,"turns":6.0},{"damage":11.0,"enemies":"Red Slaver","floor":8.0,"turns":4.0},{"damage":47,"enemies":"Gremlin Nob","floor":11,"turns":5}],"seed_played":"-4802643633225763109","potions_obtained":[{"floor":8.0,"key":"Ancient Potion"}],"is_trial":false,"path_per_floor":["M","M","?","?","$","T","M","M","T","R","E"],"character_chosen":"DEFECT","items_purchased":["ClockworkSouvenir","Hologram"],"campfire_rested":0,"item_purchase_floors":[5,5],"current_hp_per_floor":[61,42,65,65,65,65,58,54,54,54,9],"gold":101,"neow_bonus":"TRANSFORM_TWO_CARDS","is_prod":false,"is_daily":false,"chose_seed":false,"campfire_upgraded":1,"win_rate":0,"timestamp":1551668190,"path_taken":["M","M","?","?","$","?","M","M","T","R","E"],"build_version":"2019-01-23","purchased_purges":0,"victory":false,"max_hp_per_floor":[71,71,71,71,71,71,71,71,71,71,71],"card_choices":[{"not_picked":["Go for the Eyes","FTL"],"picked":"Self Repair","floor":1.0},{"not_picked":["Gash","Melter"],"picked":"Turbo","floor":2.0},{"not_picked":["Loop","Rebound"],"picked":"Coolheaded","floor":7.0},{"not_picked":["Beam Cell","Go for the Eyes"],"picked":"Chaos","floor":8.0}],"player_experience":3299494,"relics_obtained":[{"floor":6.0,"key":"Juzu Bracelet"},{"floor":9.0,"key":"Blood Vial"}],"event_choices":[{"damage_healed":23.0,"max_hp_gain":0.0,"max_hp_loss":0.0,"gold_gain":0.0,"event_name":"Big Fish","player_choice":"Banana","floor":3.0,"gold_loss":0.0,"damage_taken":0.0},{"damage_healed":0.0,"max_hp_gain":0.0,"max_hp_loss":0.0,"gold_gain":150.0,"event_name":"Liars Game","player_choice":"AGREE","floor":4.0,"gold_loss":0.0,"damage_taken":0.0,"cards_obtained":["Doubt"]}],"is_beta":false,"boss_relics":[],"items_purged_floors":[],"is_endless":false,"potions_floor_spawned":[8],"killed_by":"Gremlin Nob","ascension_level":20}