{"gold_per_floor":[20,20,20,34,48,78,28,51,101,113,129,154,4,22,22,118,118,136,151,151,167,167,228,228,263,263,263,275,9,9,22,22,123,123,138,138,187,201,101,135,135,148,148,165,165,182,194,69,69,69],"floor_reached":50,"playtime":1695,"items_purged":["Strike_R","Strike_R","Defend_R"],"score":794,"play_id":"48df2302-127c-4da5-9318-65f7095366cc","local_time":"20180921142706","is_ascension_mode":true,"campfire_choices":[{"data":"Limit Break","floor":15.0,"key":"SMITH"},{"data":"Body Slam","floor":24.0,"key":"SMITH"},{"data":"Flex","floor":27.0,"key":"SMITH"},{"floor":30.0,"key":"REST"},{"floor":32.0,"key":"REST"},{"data":"Limit Break","floor":41.0,"key":"SMITH"},{"data":"Limit Break","floor":45.0,"key":"SMITH"},{"floor":49.0,"key":"REST"}],"neow_cost":"NO_GOLD","seed_source_timestamp":5125237822559,"circlet_count":0,"master_deck":["Strike_R","Defend_R","Defend_R","Bash","Body Slam+1","Clash","Thunderclap","Limit Break+1","Flex+1","Feed","Impervious","Clash","Writhe","Clash","Decay","Second Wind+1","Shrug It Off","Limit Break+1","Limit Break+1","Heavy Blade+1","Armaments+1","Injury","Dual Wield+1"],"special_seed":0,"relics":["Burning Blood","Gambling Chip","Blood Vial","Regal Pillow","Ancient Tea Set","Lantern","Cursed Key","Blue Candle","Magic Flower","Tiny Chest","Champion Belt","Incense Burner","Anchor","Empty Cage","Thread and Needle","Darkstone Periapt","Bag of Preparation"],"potions_floor_usage":[50],"damage_taken":[{"damage":6.0,"enemies":"2 Louse","floor":1.0,"turns":4.0},{"damage":9.0,"enemies":"Jaw Worm","floor":4.0,"turns":4.0},{"damage":0.0,"enemies":"Small Slimes","floor":5.0,"turns":3.0},{"damage":25.0,"enemies":"Lagavulin","floor":6.0,"turns":5.0},{"damage":8.0,"enemies":"Gremlin Gang","floor":10.0,"turns":4.0},{"damage":4.0,"enemies":"2 Fungi Beasts","floor":11.0,"turns":3.0},{"damage":2.0,"enemies":"Gremlin Nob","floor":12.0,"turns":3.0},{"damage":17.0,"enemies":"Looter","floor":14.0,"turns":3.0},{"damage":32.0,"enemies":"The Guardian","floor":16.0,"turns":8.0},{"damage":27.0,"enemies":"Shell Parasite","floor":18.0,"turns":5.0},{"damage":0.0,"enemies":"2 Thieves","floor":19.0,"turns":4.0},{"damage":0.0,"enemies":"Centurion and Healer","floor":21.0,"turns":5.0},{"damage":27.0,"enemies":"Slavers","floor":23.0,"turns":5.0},{"damage":34.0,"enemies":"Book of Stabbing","floor":25.0,"turns":4.0},{"damage":22.0,"enemies":"Snake Plant","floor":28.0,"turns":4.0},{"damage":49.0,"enemies":"Sentry and Sphere","floor":31.0,"turns":6.0},{"damage":44.0,"enemies":"Automaton","floor":33.0,"turns":9.0},{"damage":9.0,"enemies":"3 Darklings","floor":35.0,"turns":4.0},{"damage":0.0,"enemies":"Mysterious Sphere","floor":37.0,"turns":4.0},{"damage":0.0,"enemies":"Orb Walker","floor":38.0,"turns":2.0},{"damage":1.0,"enemies":"2 Orb Walkers","floor":40.0,"turns":3.0},{"damage":1.0,"enemies":"3 Darklings","floor":42.0,"turns":4.0},{"damage":11.0,"enemies":"Spire Growth","floor":44.0,"turns":4.0},{"damage":15.0,"enemies":"Transient","floor":46.0,"turns":5.0},{"damage":46.0,"enemies":"Reptomancer","floor":47.0,"turns":6.0},{"damage":116,"enemies":"Donu and Deca","floor":50,"turns":7}],"seed_played":"-1367593889257187361","potions_obtained":[{"floor":6.0,"key":"Fire Potion"},{"floor":10.0,"key":"Fire Potion"},{"floor":14.0,"key":"Weak Potion"},{"floor":16.0,"key":"Strength Potion"},{"floor":18.0,"key":"LiquidBronze"},{"floor":19.0,"key":"Weak Potion"},{"floor":21.0,"key":"Strength Potion"},{"floor":25.0,"key":"Swift Potion"},{"floor":37.0,"key":"Weak Potion"},{"floor":38.0,"key":"Strength Potion"},{"floor":40.0,"key":"SpeedPotion"}],"is_trial":false,"path_per_floor":["M","?","?","M","M","E","?","T","T","M","M","E","$","M","R","B",null,"M","M","?","M","T","E","R","E","T","R","M","$","R","M","R","B",null,"M","?","?","M","$","E","R","M","T","M","R","M","M","$","R"],"character_chosen":"IRONCLAD","items_purchased":["Feed","Shrug It Off","Anchor"],"campfire_rested":3,"item_purchase_floors":[13,29,29],"current_hp_per_floor":[72,65,65,62,68,49,49,49,49,49,53,59,59,53,53,29,70,54,65,65,76,76,61,61,39,39,39,29,29,71,34,76,44,80,83,83,87,90,90,90,90,90,96,94,94,90,56,56,96,0],"gold":69,"neow_bonus":"ONE_RARE_RELIC","is_prod":false,"is_daily":false,"chose_seed":false,"campfire_upgraded":5,"win_rate":0,"timestamp":1537511226,"path_taken":["M","?","?","M","M","E","?","?","T","M","?","E","?","M","R","BOSS","M","M","?","M","?","E","R","E","T","R","?","?","R","M","R","BOSS","M","?","?","M","$","E","R","M","T","M","R","M","M","$","R","BOSS"],"build_version":"2018-09-20","purchased_purges":3,"victory":false,"max_hp_per_floor":[80,80,80,80,80,80,80,80,80,80,80,80,80,83,83,83,83,86,89,89,92,92,92,92,92,92,92,92,92,92,92,92,92,92,92,87,87,90,90,90,90,90,96,96,96,96,96,96,96,96],"card_choices":[{"not_picked":["Twin Strike","Burning Pact"],"picked":"Body Slam","floor":1.0},{"not_picked":["Twin Strike","Blood for Blood"],"picked":"Clash","floor":4.0},{"not_picked":["Heavy Blade","Pommel Strike"],"picked":"Thunderclap","floor":5.0},{"not_picked":["Heavy Blade","Entrench"],"picked":"Limit Break","floor":6.0},{"not_picked":["Warcry","Evolve","Blood for Blood"],"picked":"SKIP","floor":10.0},{"not_picked":["Thunderclap","Iron Wave"],"picked":"Flex","floor":11.0},{"not_picked":["Seeing Red","Body Slam","Heavy Blade"],"picked":"SKIP","floor":12.0},{"not_picked":["Feel No Pain","Thunderclap","Flex"],"picked":"SKIP","floor":14.0},{"not_picked":["Immolate","Double Tap"],"picked":"Impervious","floor":16.0},{"not_picked":["Wild Strike+1","Anger"],"picked":"Clash","floor":18.0},{"not_picked":["Cleave","True Grit","Pommel Strike+1"],"picked":"SKIP","floor":19.0},{"not_picked":["Clothesline","Bludgeon"],"picked":"Clash","floor":21.0},{"not_picked":["True Grit","Warcry","Hemokinesis+1"],"picked":"SKIP","floor":23.0},{"not_picked":["Heavy Blade+1","Searing Blow"],"picked":"Second Wind+1","floor":25.0},{"not_picked":["Headbutt","Rage","Fire Breathing"],"picked":"SKIP","floor":28.0},{"not_picked":["Armaments","Wild Strike"],"picked":"Limit Break","floor":31.0},{"not_picked":["Brutality","Juggernaut"],"picked":"Limit Break","floor":33.0},{"not_picked":["True Grit","Evolve+1","Intimidate"],"picked":"SKIP","floor":35.0},{"not_picked":["Havoc+1","Flex"],"picked":"Heavy Blade+1","floor":37.0},{"not_picked":["Heavy Blade","Clash","True Grit+1"],"picked":"SKIP","floor":38.0},{"not_picked":["Sever Soul","Headbutt","Armaments+1"],"picked":"SKIP","floor":40.0},{"not_picked":["Sever Soul","Headbutt"],"picked":"Armaments+1","floor":40.0},{"not_picked":["Armaments+1","Havoc+1","Power Through"],"picked":"SKIP","floor":42.0},{"not_picked":["Sentinel+1","Dropkick+1","Clash"],"picked":"SKIP","floor":44.0},{"not_picked":["Warcry","Juggernaut"],"picked":"Dual Wield+1","floor":46.0},{"not_picked":["Armaments+1","Corruption+1","Bloodletting"],"picked":"SKIP","floor":47.0}],"player_experience":64695,"relics_obtained":[{"floor":6.0,"key":"Blood Vial"},{"floor":8.0,"key":"Regal Pillow"},{"floor":9.0,"key":"Ancient Tea Set"},{"floor":12.0,"key":"Lantern"},{"floor":22.0,"key":"Magic Flower"},{"floor":23.0,"key":"Tiny Chest"},{"floor":25.0,"key":"Champion Belt"},{"floor":26.0,"key":"Incense Burner"},{"floor":37.0,"key":"Thread and Needle"},{"floor":40.0,"key":"Darkstone Periapt"},{"floor":43.0,"key":"Bag of Preparation"}],"event_choices":[{"event_name":"Golden Wing","player_choice":"Card Removal","floor":2.0,"damage_taken":0.0},{"event_name":"Liars Game","player_choice":"disagreed","floor":3.0,"damage_taken":0.0},{"event_name":"The Cleric","player_choice":"Card Removal","floor":7.0,"damage_taken":0.0},{"event_name":"The Mausoleum","player_choice":"Yes","floor":20.0,"damage_taken":0.0},{"event_name":"Winding Halls","player_choice":"Max HP","floor":36.0,"damage_taken":0.0},{"event_name":"Mysterious Sphere","player_choice":"Fight","floor":37.0,"damage_taken":0.0}],"is_beta":false,"boss_relics":[{"not_picked":["Philosopher\u0027s Stone","Snecko Eye"],"picked":"Cursed Key"},{"not_picked":["Black Blood","White Beast Statue"],"picked":"Empty Cage"}],"items_purged_floors":[29,39,48],"is_endless":false,"potions_floor_spawned":[6,10,14,16,18,19,21,25,37,38,40],"killed_by":"Donu and Deca","ascension_level":8}