{"gold_per_floor":[111,111,130,154,154,185,185,199,199,214,230,247,247,259,259,336,336,350,275,275,288,338,338,338,371,371,387,405,405,31,47,47,124,174,190,205,5,22,38,38,49,66,66,0,0,0,0,0,0,0,0,0,0,0,31,31],"floor_reached":56,"playtime":2982,"items_purged":["Strike_B","Strike_B"],"score":2017,"play_id":"0d339628-02d2-4619-8e86-43a0d1652210","local_time":"20190204224347","is_ascension_mode":true,"campfire_choices":[{"data":"Zap","floor":7.0,"key":"SMITH"},{"data":"Coolheaded","floor":13.0,"key":"SMITH"},{"data":"Fission","floor":15.0,"key":"SMITH"},{"data":"Coolheaded","floor":23.0,"key":"SMITH"},{"data":"Consume","floor":32.0,"key":"SMITH"},{"data":"Apotheosis","floor":40.0,"key":"SMITH"},{"floor":46.0,"key":"RECALL"}],"neow_cost":"NONE","seed_source_timestamp":44711874724593,"circlet_count":0,"master_deck":["AscendersBane","Strike_B+1","Defend_B+1","Defend_B+1","Defend_B+1","Defend_B+1","Zap+1","Dualcast+1","Conserve Battery+1","Coolheaded+1","Fission+1","Doom and Gloom+1","Reboot+1","Gash+1","Skim+1","Electrodynamics+1","FTL+1","Coolheaded+1","Undo+1","Hologram+1","Skim+1","Consume+1","Coolheaded+1","Creative AI+1","Gash+1","Core Surge+1","Recycle+1","Gash+1","Echo Form+1","Gash+1","Chill+1","Apotheosis+1","Steam Power+1","Gash+1","Chaos+1","Coolheaded+1","Gash+1","Biased Cognition"],"special_seed":0,"relics":["Cracked Core","NeowsBlessing","Bag of Marbles","Question Card","Ancient Tea Set","Coffee Dripper","Bottled Lightning","Prayer Wheel","Lantern","Runic Capacitor","Tiny House","Singing Bowl","Red Mask","Mark of the Bloom","Vajra"],"potions_floor_usage":[],"damage_taken":[{"damage":0.0,"enemies":"Cultist","floor":1.0,"turns":1.0},{"damage":0.0,"enemies":"Jaw Worm","floor":3.0,"turns":1.0},{"damage":0.0,"enemies":"Gremlin Nob","floor":6.0,"turns":1.0},{"damage":10.0,"enemies":"Small Slimes","floor":8.0,"turns":3.0},{"damage":4.0,"enemies":"Red Slaver","floor":10.0,"turns":3.0},{"damage":4.0,"enemies":"Blue Slaver","floor":11.0,"turns":4.0},{"damage":9.0,"enemies":"2 Fungi Beasts","floor":12.0,"turns":4.0},{"damage":0.0,"enemies":"Looter","floor":14.0,"turns":2.0},{"damage":37.0,"enemies":"Hexaghost","floor":16.0,"turns":10.0},{"damage":0.0,"enemies":"Spheric Guardian","floor":18.0,"turns":3.0},{"damage":15.0,"enemies":"Chosen","floor":21.0,"turns":6.0},{"damage":20.0,"enemies":"Book of Stabbing","floor":25.0,"turns":6.0},{"damage":6.0,"enemies":"Shelled Parasite and Fungi","floor":27.0,"turns":8.0},{"damage":0.0,"enemies":"Centurion and Healer","floor":28.0,"turns":7.0},{"damage":3.0,"enemies":"Chosen and Byrds","floor":31.0,"turns":5.0},{"damage":11.0,"enemies":"Collector","floor":33.0,"turns":9.0},{"damage":5.0,"enemies":"3 Darklings","floor":35.0,"turns":4.0},{"damage":0.0,"enemies":"Orb Walker","floor":36.0,"turns":3.0},{"damage":0.0,"enemies":"Jaw Worm Horde","floor":38.0,"turns":2.0},{"damage":0.0,"enemies":"Maw","floor":39.0,"turns":6.0},{"damage":0.0,"enemies":"4 Shapes","floor":41.0,"turns":1.0},{"damage":0.0,"enemies":"Jaw Worm Horde","floor":42.0,"turns":4.0},{"damage":25.0,"enemies":"Time Eater","floor":50.0,"turns":17.0},{"damage":0.0,"enemies":"Awakened One","floor":51.0,"turns":8.0},{"damage":0.0,"enemies":"Shield and Spear","floor":55.0,"turns":5.0},{"damage":47,"enemies":"The Heart","floor":56,"turns":2}],"seed_played":"6773610492214881841","potions_obtained":[{"floor":3.0,"key":"Explosive Potion"},{"floor":10.0,"key":"Regen Potion"},{"floor":11.0,"key":"EntropicBrew"},{"floor":12.0,"key":"Ancient Potion"},{"floor":25.0,"key":"Weak Potion"},{"floor":34.0,"key":"Energy Potion"},{"floor":35.0,"key":"SpeedPotion"},{"floor":36.0,"key":"Explosive Potion"},{"floor":42.0,"key":"PowerPotion"}],"is_trial":false,"path_per_floor":["M","?","M","T","?","E","R","M","T","M","M","M","R","M","R","B",null,"M","$","?","M","?","R","T","E","T","M","M","T","$","M","R","B",null,"M","M","$","M","M","R","M","M","T","?","?","R","?","$","R","B","B",null,"R","$","E","B"],"character_chosen":"DEFECT","items_purchased":["Runic Capacitor","Block Potion","Apotheosis"],"campfire_rested":0,"item_purchase_floors":[30,30,37],"current_hp_per_floor":[64,64,64,64,64,64,64,54,54,50,46,49,49,49,49,12,56,56,56,56,41,41,41,41,21,21,15,15,15,15,12,12,1,59,54,54,54,54,54,54,54,54,54,54,54,54,54,54,54,29,29,29,29,29,29,0],"gold":31,"neow_bonus":"THREE_ENEMY_KILL","is_prod":false,"is_daily":false,"chose_seed":false,"campfire_upgraded":6,"win_rate":0,"timestamp":1549291427,"path_taken":["M","?","M","?","?","E","R","M","T","?","M","M","R","M","R","BOSS","M","$","?","M","?","R","?","E","T","M","M","?","$","M","R","BOSS","M","M","$","M","M","R","M","M","T","?","?","R","?","$","R","BOSS","BOSS","R","$","E","BOSS"],"build_version":"2019-01-23","purchased_purges":2,"victory":false,"max_hp_per_floor":[71,71,71,71,71,71,71,71,71,71,71,71,71,71,71,71,71,71,71,71,71,71,71,71,71,71,71,71,71,71,71,71,71,76,76,76,76,76,76,76,76,76,76,76,76,76,76,76,76,76,76,76,76,76,76,76],"card_choices":[{"not_picked":["Sweeping Beam","Aggregate"],"picked":"Conserve Battery","floor":1.0},{"not_picked":["Turbo","Blizzard","Stack"],"picked":"SKIP","floor":3.0},{"not_picked":["Redo","Fusion"],"picked":"Coolheaded","floor":6.0},{"not_picked":["Beam Cell","Leap","Fusion"],"picked":"Fission","floor":8.0},{"not_picked":["Rebound","Stack","Doom and Gloom","Steam Power"],"picked":"SKIP","floor":10.0},{"not_picked":["Rebound","Stack","Steam Power"],"picked":"Doom and Gloom","floor":10.0},{"not_picked":["Leap","Fusion","Steam"],"picked":"Reboot","floor":11.0},{"not_picked":["Steam","Turbo","Hologram"],"picked":"Gash","floor":12.0},{"not_picked":["Heatsinks","Conserve Battery","Beam Cell"],"picked":"Skim","floor":14.0},{"not_picked":["Seek","Amplify","Fission"],"picked":"Electrodynamics","floor":16.0},{"not_picked":["Rebound+1","Heatsinks","Beam Cell+1"],"picked":"FTL","floor":18.0},{"not_picked":["Rebound","Sweeping Beam","Melter+1"],"picked":"Undo","floor":21.0},{"not_picked":["Streamline","Barrage","Loop"],"picked":"Hologram","floor":25.0},{"not_picked":["Rip and Tear+1","Melter","Conserve Battery"],"picked":"Skim+1","floor":27.0},{"not_picked":["Loop","Beam Cell","Stack"],"picked":"Consume","floor":27.0},{"not_picked":["Consume","Go for the Eyes","Barrage"],"picked":"Coolheaded","floor":28.0},{"not_picked":["Stack","Compile Driver","Go for the Eyes"],"picked":"Creative AI","floor":28.0},{"not_picked":["Melter","Steam","Double Energy"],"picked":"Gash","floor":31.0},{"not_picked":["Sunder","Steam Power","Compile Driver+1","Leap"],"picked":"SKIP","floor":31.0},{"not_picked":["Fission","Machine Learning","Multi-Cast"],"picked":"Core Surge","floor":33.0},{"not_picked":["Stack","Double Energy","Streamline"],"picked":"Recycle","floor":34.0},{"not_picked":["Stack+1","Leap","Steam"],"picked":"Gash","floor":35.0},{"not_picked":["Turbo","Hologram","Leap+1"],"picked":"Echo Form","floor":35.0},{"not_picked":["Thunder Strike","Barrage","Streamline+1"],"picked":"Gash","floor":36.0},{"not_picked":["Turbo+1","Thunder Strike","Tempest"],"picked":"Chill","floor":36.0},{"not_picked":["Rebound","Auto Shields+1","Storm"],"picked":"Steam Power","floor":38.0},{"not_picked":["Loop+1","Sweeping Beam","Defragment"],"picked":"Gash","floor":38.0},{"not_picked":["Steam","Compile Driver+1","Beam Cell"],"picked":"Chaos+1","floor":39.0},{"not_picked":["Loop","Barrage+1","Conserve Battery","Ball Lightning+1"],"picked":"SKIP","floor":39.0},{"not_picked":["Hologram","Multi-Cast","Scrape"],"picked":"Coolheaded","floor":41.0},{"not_picked":["Streamline","Leap","Compile Driver","Aggregate"],"picked":"SKIP","floor":41.0},{"not_picked":["Rip and Tear","White Noise+1","Steam"],"picked":"Gash","floor":42.0},{"not_picked":["Darkness","Rebound+1","Force Field","Go for the Eyes"],"picked":"SKIP","floor":42.0},{"not_picked":["Ball Lightning","Barrage","Undo"],"picked":"Biased Cognition","floor":55.0}],"player_experience":2524090,"relics_obtained":[{"floor":4.0,"key":"Bag of Marbles"},{"floor":6.0,"key":"Question Card"},{"floor":9.0,"key":"Ancient Tea Set"},{"floor":24.0,"key":"Bottled Lightning"},{"floor":25.0,"key":"Prayer Wheel"},{"floor":29.0,"key":"Lantern"},{"floor":43.0,"key":"Singing Bowl"},{"floor":55.0,"key":"Vajra"}],"event_choices":[{"cards_removed":["Strike_B"],"damage_healed":0.0,"max_hp_gain":0.0,"max_hp_loss":0.0,"gold_gain":0.0,"event_name":"Living Wall","player_choice":"Forget","floor":2.0,"gold_loss":0.0,"damage_taken":0.0},{"damage_healed":0.0,"max_hp_gain":0.0,"max_hp_loss":0.0,"gold_gain":0.0,"event_name":"Upgrade Shrine","player_choice":"Upgraded","floor":5.0,"gold_loss":0.0,"damage_taken":0.0,"cards_upgraded":["Dualcast"]},{"damage_healed":0.0,"max_hp_gain":0.0,"max_hp_loss":0.0,"gold_gain":0.0,"event_name":"The Library","player_choice":"Read","floor":20.0,"gold_loss":0.0,"damage_taken":0.0,"cards_obtained":["Coolheaded"]},{"damage_healed":0.0,"max_hp_gain":0.0,"max_hp_loss":0.0,"gold_gain":50.0,"event_name":"Nest","player_choice":"Stole From Cult","floor":22.0,"gold_loss":0.0,"damage_taken":0.0},{"damage_healed":0.0,"max_hp_gain":0.0,"max_hp_loss":0.0,"gold_gain":0.0,"event_name":"Tomb of Lord Red Mask","player_choice":"Paid","floor":44.0,"gold_loss":66.0,"damage_taken":0.0,"relics_obtained":["Red Mask"]},{"damage_healed":0.0,"max_hp_gain":0.0,"max_hp_loss":0.0,"gold_gain":0.0,"event_name":"MindBloom","player_choice":"Upgrade","floor":45.0,"gold_loss":0.0,"damage_taken":0.0,"cards_upgraded":["Strike_B","Defend_B","Defend_B","Defend_B","Defend_B","Conserve Battery","Doom and Gloom","Reboot","Gash","Electrodynamics","FTL","Undo","Hologram","Coolheaded","Creative AI","Gash","Core Surge","Recycle","Gash","Echo Form","Gash","Chill","Steam Power","Gash","Coolheaded","Gash"],"relics_obtained":["Mark of the Bloom"]},{"damage_healed":0.0,"max_hp_gain":0.0,"max_hp_loss":0.0,"gold_gain":0.0,"event_name":"Mysterious Sphere","player_choice":"Ignored","floor":47.0,"gold_loss":0.0,"damage_taken":0.0}],"is_beta":false,"boss_relics":[{"not_picked":["Nuclear Battery","Astrolabe"],"picked":"Coffee Dripper"},{"not_picked":["Velvet Choker","Snecko Eye"],"picked":"Tiny House"}],"items_purged_floors":[19,30],"is_endless":false,"potions_floor_spawned":[3,10,11,12,25,35,36,42],"killed_by":"The Heart","ascension_level":20}