{"gold_per_floor":[114,39,39,39,59,99,99,130,130,30,30,30,74,95,95,190,190,213,47,62,87,87,87,112,112,112,131,149,165,165,165,165,255,255,274,290,82,0,0,0,0,0,27,27,27,27,40,40,40,40],"floor_reached":51,"playtime":941,"items_purged":["Strike_G","Strike_G","Defend_G"],"score":1239,"play_id":"fa110586-7956-4b61-ac3c-6f26388b29d9","local_time":"20190201023938","is_ascension_mode":true,"campfire_choices":[{"data":"Bouncing Flask","floor":7,"key":"SMITH"},{"data":"Leg Sweep","floor":12,"key":"SMITH"},{"data":"Bouncing Flask","floor":15,"key":"SMITH"},{"data":"Neutralize","floor":23,"key":"SMITH"},{"data":"Wraith Form v2","floor":25,"key":"SMITH"},{"data":"Venomology","floor":32,"key":"SMITH"},{"data":"Catalyst","floor":40,"key":"SMITH"},{"data":"Well Laid Plans","floor":42,"key":"SMITH"},{"data":"Burst","floor":45,"key":"SMITH"},{"floor":49,"key":"REST"}],"neow_cost":"NONE","seed_source_timestamp":2441951462757,"circlet_count":0,"master_deck":["AscendersBane","Defend_G","Defend_G","Defend_G","Defend_G","Survivor","Neutralize+1","Bouncing Flask+1","Leg Sweep+1","Bouncing Flask+1","Wraith Form v2+1","Burst+1","Catalyst+1","Well Laid Plans+1","Parasite"],"relics":["Ring of the Snake","NeowsBlessing","Golden Idol","Molten Egg 2","Boot","Snake Skull","Blood Vial","Cursed Key","Bag of Preparation","WingedGreaves","Spirit Poop","Empty Cage","Red Mask","Regal Pillow"],"potions_floor_usage":[18,20,21,27,27,29,33,33,33,47,47,47],"damage_taken":[{"damage":0,"enemies":"2 Louse","floor":1,"turns":1},{"damage":0,"enemies":"Jaw Worm","floor":5,"turns":1},{"damage":0,"enemies":"3 Sentries","floor":6,"turns":2},{"damage":17,"enemies":"Lagavulin","floor":8,"turns":6},{"damage":18,"enemies":"Gremlin Nob","floor":13,"turns":4},{"damage":3,"enemies":"Small Slimes","floor":14,"turns":4},{"damage":14,"enemies":"Hexaghost","floor":16,"turns":7},{"damage":22,"enemies":"2 Thieves","floor":18,"turns":4},{"damage":0,"enemies":"Spheric Guardian","floor":20,"turns":2},{"damage":6,"enemies":"Shelled Parasite and Fungi","floor":21,"turns":4},{"damage":2,"enemies":"Snecko","floor":24,"turns":4},{"damage":0,"enemies":"Chosen and Byrds","floor":27,"turns":7},{"damage":0,"enemies":"Sentry and Sphere","floor":28,"turns":4},{"damage":7,"enemies":"Snecko","floor":29,"turns":4},{"damage":14,"enemies":"Champ","floor":33,"turns":9},{"damage":20,"enemies":"3 Darklings","floor":35,"turns":7},{"damage":13,"enemies":"Orb Walker","floor":36,"turns":2},{"damage":19,"enemies":"Jaw Worm Horde","floor":47,"turns":4},{"damage":32,"enemies":"Time Eater","floor":50,"turns":4}],"seed_played":"2553635617576447938","potions_obtained":[{"floor":6,"key":"SteroidPotion"},{"floor":13,"key":"Dexterity Potion"},{"floor":20,"key":"SkillPotion"},{"floor":21,"key":"SpeedPotion"}],"is_trial":false,"path_per_floor":["M","$","?","?","M","E","R","E","T","$","?","R","E","M","R","B",null,"M","$","M","M","$","R","M","R","T","M","M","M","?","?","R","B",null,"M","M","$","?","?","R","?","R","T","$","R","?","M","?","R","B",null],"character_chosen":"THE_SILENT","items_purchased":["Bag of Preparation","Well Laid Plans"],"campfire_rested":1,"item_purchase_floors":[19,37],"current_hp_per_floor":[59,59,59,59,59,59,59,42,42,42,42,42,24,23,23,11,48,28,28,30,26,26,26,26,26,26,28,30,25,25,25,25,13,46,28,17,17,17,17,17,17,17,17,17,17,47,28,28,47,15],"gold":40,"neow_bonus":"THREE_ENEMY_KILL","is_prod":false,"is_daily":false,"chose_seed":false,"campfire_upgraded":9,"win_rate":0,"timestamp":1548959978,"path_taken":["M","$","?","?","M","E","R","E","T","$","?","R","E","M","R","BOSS","M","$","M","M","$","R","M","R","T","M","M","M","?","?","R","BOSS","M","?","$","?","?","R","?","R","T","$","R","?","M","?","R","BOSS"],"build_version":"2019-01-23","purchased_purges":3,"victory":true,"max_hp_per_floor":[66,66,66,60,60,60,60,60,60,60,60,60,60,60,60,60,60,60,60,60,60,60,60,60,60,60,60,60,60,60,57,57,57,57,57,57,57,57,57,57,57,57,57,57,57,47,47,47,47,47],"card_choices":[{"not_picked":["Outmaneuver","Slice"],"picked":"Bouncing Flask","floor":1},{"not_picked":["Dash","Dagger Throw","Blade Dance"],"picked":"SKIP","floor":5},{"not_picked":["A Thousand Cuts","Terror","Dagger Spray"],"picked":"SKIP","floor":6},{"not_picked":["Masterful Stab+1","Sucker Punch+1","PiercingWail"],"picked":"SKIP","floor":8},{"not_picked":["Calculated Gamble","Concentrate","Dagger Spray+1"],"picked":"SKIP","floor":13},{"not_picked":["Concentrate","Tactician"],"picked":"Bouncing Flask","floor":14},{"not_picked":["Phantasmal Killer","Night Terror"],"picked":"Venomology","floor":16},{"not_picked":["Poisoned Stab+1","PiercingWail","Blade Dance"],"picked":"SKIP","floor":18},{"not_picked":["Poisoned Stab+1","Blade Dance","Dagger Spray+1"],"picked":"SKIP","floor":20},{"not_picked":["Dagger Spray+1","Dash+1","Endless Agony+1"],"picked":"SKIP","floor":21},{"not_picked":["Accuracy","Prepared"],"picked":"Wraith Form v2","floor":24},{"not_picked":["Flying Knee+1","Caltrops","Dagger Spray+1"],"picked":"SKIP","floor":27},{"not_picked":["Prepared","Riddle With Holes+1","Deadly Poison"],"picked":"SKIP","floor":28},{"not_picked":["Heel Hook+1","Dash+1","Skewer+1"],"picked":"SKIP","floor":29},{"not_picked":["Doppelganger","Venomology"],"picked":"Burst","floor":33},{"not_picked":["Deflect","Concentrate+1"],"picked":"Catalyst","floor":35},{"not_picked":["Noxious Fumes","Deflect","Bane+1"],"picked":"SKIP","floor":36},{"not_picked":["Deadly Poison","Blur","Well Laid Plans"],"picked":"SKIP","floor":47}],"player_experience":2433852,"relics_obtained":[{"floor":6,"key":"Molten Egg 2"},{"floor":8,"key":"Boot"},{"floor":9,"key":"Snake Skull"},{"floor":13,"key":"Blood Vial"},{"floor":26,"key":"WingedGreaves"},{"floor":43,"key":"Regal Pillow"}],"event_choices":[{"damage_healed":0,"gold_gain":0,"player_choice":"Leave","damage_taken":0,"max_hp_gain":0,"max_hp_loss":0,"event_name":"The Cleric","floor":3,"gold_loss":0},{"damage_healed":0,"gold_gain":0,"player_choice":"Lose Max HP","damage_taken":0,"relics_obtained":["Golden Idol"],"max_hp_gain":0,"max_hp_loss":6,"event_name":"Golden Idol","floor":4,"gold_loss":0},{"damage_healed":0,"gold_gain":0,"cards_transformed":["Strike_G"],"player_choice":"Change","damage_taken":0,"max_hp_gain":0,"max_hp_loss":0,"event_name":"Living Wall","floor":11,"gold_loss":0,"cards_obtained":["Leg Sweep"]},{"damage_healed":0,"gold_gain":0,"player_choice":"Ignored","damage_taken":0,"max_hp_gain":0,"max_hp_loss":0,"event_name":"Vampires","floor":30,"gold_loss":0},{"cards_removed":["Parasite"],"damage_healed":0,"gold_gain":0,"player_choice":"Offered Curse","damage_taken":0,"relics_obtained":["Spirit Poop"],"max_hp_gain":0,"max_hp_loss":0,"event_name":"Bonfire Elementals","floor":31,"gold_loss":0},{"damage_healed":0,"gold_gain":0,"player_choice":"Paid","damage_taken":0,"relics_obtained":["Red Mask"],"max_hp_gain":0,"max_hp_loss":0,"event_name":"Tomb of Lord Red Mask","floor":38,"gold_loss":82},{"damage_healed":0,"gold_gain":0,"player_choice":"Ignored","damage_taken":0,"max_hp_gain":0,"max_hp_loss":0,"event_name":"Mysterious Sphere","floor":39,"gold_loss":0},{"damage_healed":0,"gold_gain":0,"player_choice":"Memory 1","damage_taken":0,"max_hp_gain":0,"max_hp_loss":0,"event_name":"SensoryStone","floor":41,"gold_loss":0},{"damage_healed":47,"gold_gain":0,"player_choice":"Heal","damage_taken":0,"max_hp_gain":0,"max_hp_loss":10,"event_name":"The Moai Head","floor":46,"gold_loss":0},{"cards_removed":["Venomology"],"damage_healed":0,"gold_gain":0,"player_choice":"Removed Skill","damage_taken":0,"max_hp_gain":0,"max_hp_loss":0,"event_name":"Falling","floor":48,"gold_loss":0}],"is_beta":false,"boss_relics":[{"not_picked":["White Beast Statue","Astrolabe"],"picked":"Cursed Key"},{"not_picked":["Ring of the Serpent","Calling Bell"],"picked":"Empty Cage"}],"items_purged_floors":[2,10,37],"is_endless":false,"potions_floor_spawned":[6,13,14,20,21,24,28],"ascension_level":16}