{"gold_per_floor":[11,24,24,24,24,24,55,55,55,55,70,70,90,110,110,200,200,213,213,213,138,138,138,138,138,138,152,152,185,185,226,226,316,316,335,76,96,11,0,0,41,41,41,41,41,41,41,41,41,41],"floor_reached":51,"playtime":1631,"items_purged":["Defend_G"],"score":1740,"play_id":"38d326c2-34a3-459b-b871-d3a913dea37f","local_time":"20181013170352","is_ascension_mode":true,"campfire_choices":[{"data":"Neutralize","floor":6,"key":"SMITH"},{"data":"Survivor","floor":10,"key":"SMITH"},{"data":"Defend_G","floor":12,"key":"SMITH"},{"data":"Defend_G","floor":15,"key":"SMITH"},{"data":"Wraith Form v2","floor":23,"key":"SMITH"},{"data":"Strike_G","floor":25,"key":"SMITH"},{"data":"Strike_G","floor":30,"key":"SMITH"},{"data":"Underhanded Strike","floor":32,"key":"SMITH"},{"data":"Noxious Fumes","floor":40,"key":"SMITH"}],"neow_cost":"NO_GOLD","seed_source_timestamp":28104008221771,"circlet_count":0,"master_deck":["Defend_G+1","Defend_G+1","Strike_G+1","Strike_G+1","Survivor+1","Neutralize+1","AscendersBane","Deadly Poison+1","Wraith Form v2+1","Deadly Poison+1","Underhanded Strike+1","Ghostly+1","Ghostly+1","Ghostly+1","Ghostly+1","Ghostly+1","Deadly Poison+1","Night Terror+1","Deadly Poison+1","Noxious Fumes+1","Catalyst+1","Acrobatics+1","Night Terror+1"],"relics":["Ring of the Snake","Golden Idol","Strawberry","Toxic Egg 2","Coffee Dripper","Molten Egg 2","Thread and Needle","WingedGreaves","The Specimen","Sozu","Snake Skull","Red Mask","Dead Branch","Torii","SsserpentHead"],"potions_floor_usage":[7,16,16,16],"damage_taken":[{"damage":1,"enemies":"Cultist","floor":1,"turns":5},{"damage":0,"enemies":"Jaw Worm","floor":2,"turns":5},{"damage":24,"enemies":"Gremlin Nob","floor":7,"turns":4},{"damage":0,"enemies":"Small Slimes","floor":11,"turns":4},{"damage":2,"enemies":"2 Fungi Beasts","floor":13,"turns":5},{"damage":1,"enemies":"Exordium Wildlife","floor":14,"turns":5},{"damage":14,"enemies":"The Guardian","floor":16,"turns":11},{"damage":0,"enemies":"Spheric Guardian","floor":18,"turns":5},{"damage":2,"enemies":"Colosseum Slavers","floor":22,"turns":6},{"damage":0,"enemies":"Shell Parasite","floor":27,"turns":5},{"damage":0,"enemies":"Gremlin Leader","floor":29,"turns":6},{"damage":2,"enemies":"Book of Stabbing","floor":31,"turns":6},{"damage":0,"enemies":"Collector","floor":33,"turns":9},{"damage":2,"enemies":"Orb Walker","floor":35,"turns":5},{"damage":0,"enemies":"3 Shapes","floor":37,"turns":5},{"damage":0,"enemies":"Giant Head","floor":41,"turns":5},{"damage":0,"enemies":"Donu and Deca","floor":50,"turns":12}],"seed_played":"-3434759313687808024","potions_obtained":[{"floor":2,"key":"Strength Potion"},{"floor":11,"key":"EntropicBrew"},{"floor":14,"key":"Fruit Juice"},{"floor":31,"key":"Energy Potion"}],"is_trial":false,"path_per_floor":["M","M","?","?","?","R","E","?","T","R","M","R","M","M","R","B",null,"M","?","?","$","?","R","T","R","T","M","?","E","R","E","R","B",null,"M","$","M","$","?","R","E","$","T","?","?","$","R","?","R","B"],"character_chosen":"THE_SILENT","items_purchased":["Snake Skull","Noxious Fumes","Catalyst+1"],"campfire_rested":0,"item_purchase_floors":[36,36,38],"current_hp_per_floor":[58,58,58,58,58,58,41,34,34,34,34,34,32,31,31,22,60,60,60,36,36,34,34,34,34,34,34,34,34,34,32,32,32,35,33,33,33,33,33,33,33,33,33,33,33,33,33,33,33,33],"gold":41,"neow_bonus":"REMOVE_TWO","is_prod":false,"is_daily":false,"chose_seed":false,"campfire_upgraded":9,"win_rate":0,"timestamp":1539421432,"path_taken":["M","M","?","?","?","R","E","?","T","R","M","R","M","M","R","BOSS","M","?","?","$","?","R","?","R","T","?","?","E","R","E","R","BOSS","M","$","M","$","?","R","E","$","T","?","?","?","R","?","R","BOSS"],"build_version":"2018-10-11","purchased_purges":1,"victory":true,"max_hp_per_floor":[66,66,60,60,60,60,67,67,67,67,67,67,67,67,67,72,72,72,72,36,36,36,36,36,36,36,36,36,36,36,36,36,36,36,36,36,36,36,36,36,36,36,36,36,36,36,36,36,36,36],"card_choices":[{"not_picked":["Choke","Bane"],"picked":"Deadly Poison","floor":1},{"not_picked":["Quick Slash","Dagger Spray","PiercingWail"],"picked":"SKIP","floor":2},{"not_picked":["Underhanded Strike","Bane","Infinite Blades"],"picked":"SKIP","floor":7},{"not_picked":["Acrobatics+1","Tactician+1","Slice"],"picked":"SKIP","floor":11},{"not_picked":["Flying Knee","Skewer","Bane"],"picked":"SKIP","floor":13},{"not_picked":["Skewer","Backstab","Dagger Throw"],"picked":"SKIP","floor":14},{"not_picked":["Grand Finale","Unload"],"picked":"Wraith Form v2","floor":16},{"not_picked":["Blade Dance+1","Flying Knee","PiercingWail+1"],"picked":"SKIP","floor":18},{"not_picked":["Slice+1","Masterful Stab+1","Deflect+1"],"picked":"SKIP","floor":27},{"not_picked":["Poisoned Stab+1","Blur+1","Storm of Steel+1"],"picked":"SKIP","floor":29},{"not_picked":["Dash+1","Eviscerate+1","Dagger Spray+1"],"picked":"SKIP","floor":31},{"not_picked":["Burst+1","Bullet Time+1"],"picked":"Night Terror+1","floor":33},{"not_picked":["Endless Agony+1","Footwork"],"picked":"Deadly Poison+1","floor":35},{"not_picked":["Concentrate+1","Bane+1","Quick Slash+1"],"picked":"SKIP","floor":37},{"not_picked":["Tactician+1","All Out Attack+1"],"picked":"Acrobatics+1","floor":41}],"player_experience":163396,"relics_obtained":[{"floor":7,"key":"Strawberry"},{"floor":9,"key":"Toxic Egg 2"},{"floor":24,"key":"Molten Egg 2"},{"floor":26,"key":"Thread and Needle"},{"floor":29,"key":"WingedGreaves"},{"floor":31,"key":"The Specimen"},{"floor":41,"key":"Dead Branch"},{"floor":43,"key":"Torii"}],"event_choices":[{"event_name":"Golden Idol","player_choice":"Lose Max HP","floor":3,"damage_taken":0},{"event_name":"The Cleric","player_choice":"Leave","floor":4,"damage_taken":0},{"event_name":"Living Wall","player_choice":"Grow","floor":5,"damage_taken":0},{"event_name":"Golden Wing","player_choice":"Card Removal","floor":8,"damage_taken":0},{"event_name":"Drug Dealer","player_choice":"Became Test Subject","floor":19,"damage_taken":0},{"event_name":"Ghosts","player_choice":"Became a Ghost","floor":20,"damage_taken":0},{"event_name":"Colosseum","player_choice":"Fight","floor":22,"damage_taken":0},{"event_name":"Colosseum","player_choice":"Fled From Nobs","floor":22,"damage_taken":0},{"event_name":"The Library","player_choice":"Read","floor":28,"damage_taken":0},{"event_name":"Tomb of Lord Red Mask","player_choice":"Paid","floor":39,"damage_taken":0},{"event_name":"SensoryStone","player_choice":"Memory 1","floor":44,"damage_taken":0},{"event_name":"Duplicator","player_choice":"One dupe","floor":45,"damage_taken":0},{"event_name":"FaceTrader","player_choice":"Trade","floor":48,"damage_taken":0}],"is_beta":false,"boss_relics":[{"not_picked":["Fusion Hammer","Pandora\u0027s Box"],"picked":"Coffee Dripper"},{"not_picked":["Tiny House","Calling Bell"],"picked":"Sozu"}],"items_purged_floors":[21],"is_endless":false,"potions_floor_spawned":[2,11,14,22,31,35,37],"ascension_level":19}