{"gold_per_floor":[113,129,129,143,68,68,88,104,173,173,187,187,187,51,51,151,151,171,184,184,184,10,38,38,58,58,58,58,77,24,43,43,144,144,160,174,192,218,232,232,232,332,359,359,359,377,7,17,17,17],"floor_reached":51,"playtime":3046,"items_purged":["Strike_B","Shame"],"score":659,"play_id":"32331953-4091-4e94-882b-4b0a163b8791","local_time":"20190808015355","is_ascension_mode":false,"campfire_choices":[{"data":"Doom and Gloom","floor":6,"key":"SMITH"},{"data":"Coolheaded","floor":10,"key":"SMITH"},{"data":"Rebound","floor":13,"key":"SMITH"},{"data":"Doom and Gloom","floor":15,"key":"SMITH"},{"data":"1","floor":24,"key":"LIFT"},{"data":"2","floor":28,"key":"LIFT"},{"data":"3","floor":32,"key":"LIFT"},{"floor":40,"key":"REST"},{"data":"Sunder","floor":49,"key":"SMITH"}],"neow_cost":"NONE","seed_source_timestamp":8752120985465,"circlet_count":0,"master_deck":["Strike_B","Strike_B","Strike_B","Defend_B","Defend_B","Defend_B","Defend_B","Zap","Dualcast","Glacier","Ball Lightning","Doom and Gloom+1","Coolheaded+1","Doom and Gloom+1","Rebound+1","Discovery+1","Coolheaded+1","Creative AI","Hologram+1","Creative AI","Sunder+1","All For One","Streamline","Clumsy","Stack+1","Self Repair+1","Meteor Strike","Consume+1","Hologram+1","Pain","Streamline+1","Shame","Mind Blast","Secret Technique+1","Discovery+1","Reinforced Body+1","Chrysalis+1","Leap+1","Turbo+1"],"relics":["Snecko Eye","Toxic Egg 2","Cursed Key","Girya","Happy Flower","Oddly Smooth Stone","Velvet Choker","Centennial Puzzle","Unceasing Top","Anchor","Bag of Preparation"],"potions_floor_usage":[33,33,50,50,50],"damage_taken":[{"damage":4,"enemies":"2 Louse","floor":1,"turns":2},{"damage":0,"enemies":"Cultist","floor":2,"turns":7},{"damage":8,"enemies":"Jaw Worm","floor":4,"turns":6},{"damage":5,"enemies":"Looter","floor":7,"turns":3},{"damage":0,"enemies":"Exordium Wildlife","floor":8,"turns":3},{"damage":0,"enemies":"Gremlin Gang","floor":11,"turns":2},{"damage":6,"enemies":"The Guardian","floor":16,"turns":8},{"damage":0,"enemies":"3 Byrds","floor":18,"turns":3},{"damage":10,"enemies":"Chosen","floor":19,"turns":4},{"damage":12,"enemies":"Book of Stabbing","floor":23,"turns":8},{"damage":0,"enemies":"3 Cultists","floor":25,"turns":3},{"damage":6,"enemies":"Centurion and Healer","floor":29,"turns":2},{"damage":0,"enemies":"Snake Plant","floor":31,"turns":2},{"damage":2,"enemies":"Collector","floor":33,"turns":8},{"damage":1,"enemies":"3 Darklings","floor":35,"turns":2},{"damage":0,"enemies":"Orb Walker","floor":36,"turns":3},{"damage":17,"enemies":"Maw","floor":37,"turns":7},{"damage":11,"enemies":"4 Shapes","floor":39,"turns":3},{"damage":2,"enemies":"Mind Bloom Boss Battle","floor":42,"turns":4},{"damage":3,"enemies":"Spire Growth","floor":46,"turns":3},{"damage":0,"enemies":"3 Darklings","floor":48,"turns":3},{"damage":47,"enemies":"Time Eater","floor":50,"turns":11}],"seed_played":"4542610663493532788","potions_obtained":[{"floor":2,"key":"Poison Potion"},{"floor":8,"key":"FocusPotion"},{"floor":11,"key":"FearPotion"},{"floor":19,"key":"FocusPotion"},{"floor":31,"key":"Regen Potion"},{"floor":37,"key":"Swift Potion"},{"floor":42,"key":"FearPotion"},{"floor":48,"key":"Weak Potion"}],"is_trial":false,"path_per_floor":["M","M","?","M","$","R","M","M","T","R","M","$","R","$","R","B",null,"M","M","?","?","$","E","R","M","T","?","R","M","$","M","R","B",null,"M","M","M","T","M","R","?","?","T","?","?","M","$","M","R","B",null],"character_chosen":"DEFECT","items_purchased":["Discovery+1","Coolheaded+1","Sunder","Stack+1","Bag of Preparation","Chrysalis+1","Leap+1"],"campfire_rested":1,"item_purchase_floors":[14,14,22,30,47,47,47],"current_hp_per_floor":[71,71,71,63,63,63,58,58,58,58,58,58,58,58,58,52,75,75,65,65,65,65,53,53,53,53,53,53,47,47,47,47,70,75,74,75,58,58,47,69,69,71,71,71,61,68,68,68,68,31],"gold":17,"neow_bonus":"BOSS_RELIC","is_prod":false,"is_daily":false,"chose_seed":false,"campfire_upgraded":5,"win_rate":0,"timestamp":1565250835,"path_taken":["M","M","?","?","$","R","M","M","T","R","M","$","R","$","R","BOSS","M","M","?","?","$","E","R","M","T","?","R","?","$","M","R","BOSS","M","?","?","?","M","R","?","?","T","?","?","M","$","M","R","BOSS"],"build_version":"2019-07-17","purchased_purges":2,"victory":true,"max_hp_per_floor":[75,75,75,75,75,75,75,75,75,75,75,75,75,75,75,75,75,75,75,75,75,75,75,75,75,75,75,75,75,75,75,75,75,75,75,75,75,75,75,75,71,71,71,71,71,71,71,71,71,71],"card_choices":[{"not_picked":["Beam Cell","Go for the Eyes"],"picked":"Glacier","floor":1},{"not_picked":["Redo","Defragment"],"picked":"Ball Lightning","floor":2},{"not_picked":["Stack","Glacier"],"picked":"Doom and Gloom","floor":4},{"not_picked":["Redo","Blizzard"],"picked":"Coolheaded","floor":7},{"not_picked":["Steam","Compile Driver"],"picked":"Doom and Gloom","floor":8},{"not_picked":["Gash","White Noise+1"],"picked":"Rebound","floor":11},{"not_picked":["Amplify+1","All For One"],"picked":"Creative AI","floor":16},{"not_picked":["Gash","Barrage+1"],"picked":"Hologram+1","floor":18},{"not_picked":["Redo+1","Rebound","Rip and Tear"],"picked":"SKIP","floor":19},{"not_picked":["Barrage+1","Sweeping Beam"],"picked":"All For One","floor":23},{"not_picked":["Genetic Algorithm+1","Ball Lightning"],"picked":"Streamline","floor":25},{"not_picked":["Reprogram+1","Cold Snap","Scrape"],"picked":"SKIP","floor":29},{"not_picked":["Turbo+1","Self Repair+1","Reboot+1"],"picked":"SKIP","floor":31},{"not_picked":["Turbo+1","Reboot+1"],"picked":"Self Repair+1","floor":31},{"not_picked":["All For One","Multi-Cast+1"],"picked":"Meteor Strike","floor":33},{"not_picked":["Redo+1","Coolheaded+1"],"picked":"Consume+1","floor":35},{"not_picked":["Melter","Gash","Hologram+1"],"picked":"SKIP","floor":36},{"not_picked":["Melter","Gash"],"picked":"Hologram+1","floor":36},{"not_picked":["Go for the Eyes","Heatsinks+1","Sweeping Beam+1"],"picked":"SKIP","floor":37},{"not_picked":["White Noise+1","Sweeping Beam","Darkness+1"],"picked":"SKIP","floor":39},{"not_picked":["Aggregate+1","Coolheaded+1"],"picked":"Streamline+1","floor":42},{"not_picked":["Panacea+1","Blind+1"],"picked":"Mind Blast","floor":45},{"not_picked":["Panacea+1","Thinking Ahead+1"],"picked":"Secret Technique+1","floor":45},{"not_picked":["Bandage Up+1","Forethought+1"],"picked":"Discovery+1","floor":45},{"not_picked":["Rebound+1","Static Discharge"],"picked":"Reinforced Body+1","floor":46},{"not_picked":["Defragment","Go for the Eyes+1"],"picked":"Turbo+1","floor":48}],"player_experience":1656571,"relics_obtained":[{"floor":9,"key":"Toxic Egg 2"},{"floor":23,"key":"Happy Flower"},{"floor":26,"key":"Oddly Smooth Stone"},{"floor":38,"key":"Centennial Puzzle"},{"floor":42,"key":"Unceasing Top"},{"floor":43,"key":"Anchor"}],"event_choices":[{"damage_healed":0,"gold_gain":0,"player_choice":"Ignored","damage_taken":0,"max_hp_gain":0,"max_hp_loss":0,"event_name":"NoteForYourself","floor":3,"gold_loss":0},{"damage_healed":0,"gold_gain":0,"player_choice":"Stole Relic","damage_taken":0,"relics_obtained":["Girya"],"max_hp_gain":0,"max_hp_loss":0,"event_name":"Addict","floor":20,"gold_loss":0,"cards_obtained":["Shame"]},{"damage_healed":0,"gold_gain":0,"player_choice":"Read","damage_taken":0,"max_hp_gain":0,"max_hp_loss":0,"event_name":"The Library","floor":21,"gold_loss":0,"cards_obtained":["Creative AI"]},{"damage_healed":0,"gold_gain":0,"player_choice":"Ignored","damage_taken":0,"max_hp_gain":0,"max_hp_loss":0,"event_name":"Ghosts","floor":27,"gold_loss":0},{"damage_healed":0,"gold_gain":0,"player_choice":"Max HP","damage_taken":0,"max_hp_gain":0,"max_hp_loss":4,"event_name":"Winding Halls","floor":41,"gold_loss":0},{"damage_healed":0,"gold_gain":0,"player_choice":"Fight","damage_taken":0,"max_hp_gain":0,"max_hp_loss":0,"event_name":"MindBloom","floor":42,"gold_loss":0},{"damage_healed":0,"gold_gain":0,"player_choice":"Ignored","damage_taken":0,"max_hp_gain":0,"max_hp_loss":0,"event_name":"Mysterious Sphere","floor":44,"gold_loss":0},{"damage_healed":0,"gold_gain":0,"player_choice":"Memory 3","damage_taken":10,"max_hp_gain":0,"max_hp_loss":0,"event_name":"SensoryStone","floor":45,"gold_loss":0}],"is_beta":false,"boss_relics":[{"not_picked":["Calling Bell","Tiny House"],"picked":"Cursed Key"},{"not_picked":["White Beast Statue","Pandora\u0027s Box"],"picked":"Velvet Choker"}],"items_purged_floors":[5,22],"is_endless":false,"potions_floor_spawned":[2,8,11,16,19,23,25,31,37,42,46,48],"ascension_level":0}