{"gold_per_floor":[109,109,109,24,44,78,91,91,91,91,101,132,57,69,69,145,145,159,188,30,30,30,56,56,89,89,106,106,118,152,152,152,227,227,239,239,239,239,253,288,304,204,204,106,106,126,145,158,158,158,158,158,158,33,66,66],"floor_reached":56,"playtime":2898,"items_purged":["Strike_G","Strike_G+1","Finisher+1"],"score":2486,"play_id":"6a01fce2-4880-4ef6-85d2-236d8f896f17","local_time":"20190417185145","is_ascension_mode":true,"campfire_choices":[{"data":"Neutralize","floor":8.0,"key":"SMITH"},{"data":"Finisher","floor":10.0,"key":"SMITH"},{"data":"Backflip","floor":15.0,"key":"SMITH"},{"floor":24,"key":"RECALL"},{"floor":32,"key":"REST"},{"floor":49,"key":"REST"},{"floor":53,"key":"REST"}],"neow_cost":"NONE","seed_source_timestamp":133649184377500,"circlet_count":0,"master_deck":["AscendersBane","Defend_G+1","Defend_G+1","Defend_G+1","Defend_G+1","Survivor","Neutralize+1","Caltrops+1","Infinite Blades+1","Noxious Fumes+1","Backflip+1","Glass Knife+1","Well Laid Plans+1","Calculated Gamble","Ghostly","Ghostly","Ghostly","Venomology","Caltrops+1","Escape Plan+1","Corpse Explosion","Grand Finale+1","Acrobatics+1","Purity","Master of Strategy"],"special_seed":0,"relics":["Ring of the Snake","NeowsBlessing","Frozen Egg 2","Ornamental Fan","Calipers","Molten Egg 2","Gremlin Horn","Fusion Hammer","Red Mask","Oddly Smooth Stone","Regal Pillow","Dodecahedron","Singing Bowl","Turnip","Empty Cage","Meat on the Bone","Blue Candle"],"potions_floor_usage":[16,16,25,29,40,40,41,46,48,51,55,55,56,56],"damage_taken":[{"damage":0.0,"enemies":"Small Slimes","floor":1.0,"turns":1.0},{"damage":0.0,"enemies":"Cultist","floor":5.0,"turns":1.0},{"damage":0.0,"enemies":"Lagavulin","floor":6.0,"turns":1.0},{"damage":7.0,"enemies":"Jaw Worm","floor":7.0,"turns":4.0},{"damage":10.0,"enemies":"Large Slime","floor":11.0,"turns":6.0},{"damage":16.0,"enemies":"Gremlin Nob","floor":12.0,"turns":5.0},{"damage":14.0,"enemies":"3 Louse","floor":14.0,"turns":3.0},{"damage":0,"enemies":"Hexaghost","floor":16,"turns":9},{"damage":0,"enemies":"Chosen","floor":18,"turns":4},{"damage":36,"enemies":"Masked Bandits","floor":19,"turns":4},{"damage":0,"enemies":"Gremlin Leader","floor":23,"turns":5},{"damage":2,"enemies":"Book of Stabbing","floor":25,"turns":5},{"damage":18,"enemies":"3 Byrds","floor":27,"turns":4},{"damage":0,"enemies":"Snake Plant","floor":29,"turns":3},{"damage":0,"enemies":"Slavers","floor":30,"turns":5},{"damage":18,"enemies":"Collector","floor":33,"turns":10},{"damage":5,"enemies":"Orb Walker","floor":35,"turns":5},{"damage":1,"enemies":"3 Shapes","floor":39,"turns":5},{"damage":1,"enemies":"Nemesis","floor":40,"turns":7},{"damage":1,"enemies":"Transient","floor":41,"turns":6},{"damage":0,"enemies":"4 Shapes","floor":46,"turns":5},{"damage":0,"enemies":"Jaw Worm Horde","floor":47,"turns":3},{"damage":0,"enemies":"Maw","floor":48,"turns":6},{"damage":0,"enemies":"Awakened One","floor":50,"turns":5},{"damage":0,"enemies":"Donu and Deca","floor":51,"turns":7},{"damage":0,"enemies":"Shield and Spear","floor":55,"turns":5},{"damage":48,"enemies":"The Heart","floor":56,"turns":6}],"seed_played":"-1581270324991549068","potions_obtained":[{"floor":1.0,"key":"GhostInAJar"},{"floor":11.0,"key":"LiquidBronze"},{"floor":12.0,"key":"LiquidBronze"},{"floor":14.0,"key":"Regen Potion"},{"floor":19,"key":"Regen Potion"},{"floor":30,"key":"GhostInAJar"},{"floor":47,"key":"Swift Potion"},{"floor":55,"key":"SkillPotion"}],"is_trial":false,"path_per_floor":["M","?","?","$","M","E","M","R","T","R","M","E","$","M","R","B",null,"M","?","$","?","?","E","R","E","T","M","?","M","E","?","R","B",null,"M","?","?","?","M","E","M","$","T","$","?","M","M","M","R","B","B",null,"R","$","E","B"],"character_chosen":"THE_SILENT","items_purchased":["Caltrops+1","Oddly Smooth Stone","Purity"],"campfire_rested":3,"item_purchase_floors":[4,20,44],"current_hp_per_floor":[59,48,48,48,48,48,41,41,41,41,31,15,15,1,1,16,54,54,18,18,18,18,18,18,25,25,9,9,9,9,9,34,16,30,27,27,27,27,26,37,38,38,38,38,32,45,47,49,49,49,49,49,49,49,51,3],"gold":66,"neow_bonus":"THREE_ENEMY_KILL","is_prod":false,"is_daily":false,"chose_seed":false,"campfire_upgraded":3,"win_rate":0,"timestamp":1555498305,"path_taken":["M","?","?","$","M","E","M","R","T","R","M","E","$","?","R","BOSS","M","?","$","?","?","E","R","E","T","M","?","?","E","?","R","BOSS","M","?","?","?","?","E","M","$","T","$","?","M","M","M","R","BOSS","BOSS","R","$","E","BOSS"],"build_version":"2019-01-23","purchased_purges":3,"victory":false,"max_hp_per_floor":[66,66,66,66,66,66,66,66,66,66,66,66,66,66,66,66,66,66,66,66,66,33,33,33,33,33,35,35,35,35,35,35,35,35,37,35,35,35,35,37,39,39,39,39,43,45,47,49,49,49,49,49,49,49,51,51],"card_choices":[{"not_picked":["Riddle With Holes","Outmaneuver","Flying Knee"],"picked":"SKIP","floor":1.0},{"not_picked":["Dagger Spray","Bane"],"picked":"Infinite Blades+1","floor":5.0},{"not_picked":["Poisoned Stab","Phantasmal Killer","Expertise"],"picked":"SKIP","floor":6.0},{"not_picked":["Dagger Throw","Endless Agony"],"picked":"Finisher","floor":7.0},{"not_picked":["Deflect","Dodge and Roll","Prepared"],"picked":"SKIP","floor":11.0},{"not_picked":["Masterful Stab+1","Bouncing Flask"],"picked":"Noxious Fumes+1","floor":12.0},{"not_picked":["Prepared","Underhanded Strike+1"],"picked":"Backflip","floor":14.0},{"not_picked":["Bullet Time","Adrenaline"],"picked":"Glass Knife+1","floor":16},{"not_picked":["Blade Dance","Tactician"],"picked":"Well Laid Plans+1","floor":18},{"not_picked":["Deadly Poison","Underhanded Strike+1"],"picked":"Calculated Gamble","floor":19},{"not_picked":["Prepared","Quick Slash+1"],"picked":"Venomology","floor":23},{"not_picked":["Predator+1","Slice+1"],"picked":"Caltrops+1","floor":25},{"not_picked":["Bane+1","Deflect","Underhanded Strike+1"],"picked":"Singing Bowl","floor":27},{"not_picked":["Poisoned Stab+1","PiercingWail"],"picked":"Escape Plan+1","floor":29},{"not_picked":["Blade Dance","Flechettes+1"],"picked":"Corpse Explosion","floor":30},{"not_picked":["Venomology","Glass Knife+1"],"picked":"Grand Finale+1","floor":33},{"not_picked":["Backstab+1","Outmaneuver","Dagger Throw+1"],"picked":"Singing Bowl","floor":35},{"not_picked":["Deflect","Dash+1"],"picked":"Acrobatics+1","floor":39},{"not_picked":["Prepared","Escape Plan","Riddle With Holes+1"],"picked":"Singing Bowl","floor":40},{"not_picked":["Outmaneuver+1","Slice+1","PiercingWail"],"picked":"Singing Bowl","floor":41},{"not_picked":["Jack Of All Trades","Chrysalis","Trip"],"picked":"Singing Bowl","floor":45},{"not_picked":["Dramatic Entrance+1","Thinking Ahead"],"picked":"Master of Strategy","floor":45},{"not_picked":["Dark Shackles","Secret Weapon","Panache+1"],"picked":"Singing Bowl","floor":45},{"not_picked":["Prepared+1","Poisoned Stab+1","Dagger Throw+1"],"picked":"Singing Bowl","floor":46},{"not_picked":["Sucker Punch+1","Dagger Spray+1","Quick Slash+1"],"picked":"Singing Bowl","floor":47},{"not_picked":["Blur+1","Bane+1","Skewer+1"],"picked":"Singing Bowl","floor":48},{"not_picked":["Slice+1","Deflect+1","Deadly Poison"],"picked":"Singing Bowl","floor":55}],"player_experience":4362240,"relics_obtained":[{"floor":3.0,"key":"Ornamental Fan"},{"floor":6.0,"key":"Calipers"},{"floor":9.0,"key":"Molten Egg 2"},{"floor":12.0,"key":"Gremlin Horn"},{"floor":19,"key":"Red Mask"},{"floor":23,"key":"Regal Pillow"},{"floor":25,"key":"Dodecahedron"},{"floor":26,"key":"Singing Bowl"},{"floor":30,"key":"Turnip"},{"floor":40,"key":"Meat on the Bone"},{"floor":55,"key":"Blue Candle"}],"event_choices":[{"damage_healed":0.0,"max_hp_gain":0.0,"max_hp_loss":0.0,"gold_gain":0.0,"event_name":"Scrap Ooze","player_choice":"Success","floor":2.0,"gold_loss":0.0,"damage_taken":11.0,"relics_obtained":["Frozen Egg 2"]},{"damage_healed":0.0,"max_hp_gain":0.0,"max_hp_loss":0.0,"gold_gain":0.0,"event_name":"Wheel of Change","player_choice":"Relic","floor":3.0,"gold_loss":0.0,"damage_taken":0.0},{"damage_healed":0,"gold_gain":0,"player_choice":"Fought Bandits","damage_taken":0,"max_hp_gain":0,"max_hp_loss":0,"event_name":"Masked Bandits","floor":19,"gold_loss":0},{"damage_healed":0,"gold_gain":0,"player_choice":"Simplicity","damage_taken":0,"max_hp_gain":0,"max_hp_loss":0,"event_name":"Back to Basics","floor":21,"gold_loss":0,"cards_upgraded":["Defend_G","Defend_G","Defend_G","Defend_G","Defend_G","Strike_G","Strike_G","Strike_G","Strike_G"]},{"damage_healed":0,"gold_gain":0,"player_choice":"Became a Ghost","damage_taken":0,"max_hp_gain":0,"max_hp_loss":33,"event_name":"Ghosts","floor":22,"gold_loss":0,"cards_obtained":["Ghostly","Ghostly","Ghostly"]},{"damage_healed":0,"gold_gain":0,"player_choice":"0 cards matched","damage_taken":0,"max_hp_gain":0,"max_hp_loss":0,"event_name":"Match and Keep!","floor":28,"gold_loss":0,"cards_obtained":[]},{"damage_healed":0,"gold_gain":0,"player_choice":"Ignored","damage_taken":0,"max_hp_gain":0,"max_hp_loss":0,"event_name":"Vampires","floor":31,"gold_loss":0},{"damage_healed":0,"gold_gain":0,"player_choice":"Max HP","damage_taken":0,"max_hp_gain":0,"max_hp_loss":2,"event_name":"Winding Halls","floor":36,"gold_loss":0},{"cards_removed":["Defend_G"],"damage_healed":0,"gold_gain":0,"player_choice":"Removed Skill","damage_taken":0,"max_hp_gain":0,"max_hp_loss":0,"event_name":"Falling","floor":37,"gold_loss":0},{"cards_removed":["Strike_G"],"damage_healed":0,"gold_gain":0,"player_choice":"Offered Basic","damage_taken":0,"max_hp_gain":0,"max_hp_loss":0,"event_name":"Bonfire Elementals","floor":38,"gold_loss":0},{"damage_healed":0,"gold_gain":0,"player_choice":"Memory 3","damage_taken":10,"max_hp_gain":0,"max_hp_loss":0,"event_name":"SensoryStone","floor":45,"gold_loss":0}],"is_beta":false,"boss_relics":[{"not_picked":["Ectoplasm","Philosopher\u0027s Stone"],"picked":"Fusion Hammer"},{"not_picked":["Tiny House","Velvet Choker"],"picked":"Empty Cage"}],"items_purged_floors":[13,42,54],"is_endless":false,"potions_floor_spawned":[1,11,12,14,19,27,29,30,39,47,48,55],"killed_by":"The Heart","ascension_level":20}