{"gold_per_floor":[118,118,132,132,182,182,207,207,207,132,149,49,76,56],"floor_reached":14,"playtime":271,"items_purged":["Strike_B","Strike_B"],"score":192,"play_id":"0ade6552-cf30-4b74-84d9-f14d1a7903d9","local_time":"20181120153304","is_ascension_mode":true,"campfire_choices":[{"data":"Streamline","floor":6.0,"key":"SMITH"},{"data":"Zap","floor":8.0,"key":"SMITH"}],"neow_cost":"PERCENT_DAMAGE","seed_source_timestamp":1744798609032239,"circlet_count":0,"master_deck":["AscendersBane","Defend_B","Defend_B","Defend_B","Zap+1","Dualcast","Streamline+1","Hologram","Echo Form","Sunder"],"special_seed":0,"relics":["Cracked Core","DataDisk","Oddly Smooth Stone","Torii"],"potions_floor_usage":[13,13],"damage_taken":[{"damage":7.0,"enemies":"Jaw Worm","floor":1.0,"turns":3.0},{"damage":0.0,"enemies":"Cultist","floor":3.0,"turns":2.0},{"damage":17.0,"enemies":"Lagavulin","floor":7.0,"turns":5.0},{"damage":0.0,"enemies":"Small Slimes","floor":11.0,"turns":2.0},{"damage":19,"enemies":"3 Sentries","floor":13,"turns":7},{"damage":1,"enemies":"Looter","floor":14,"turns":1}],"seed_played":"3656250746583520952","potions_obtained":[{"floor":1.0,"key":"Block Potion"},{"floor":3.0,"key":"SkillPotion"},{"floor":11.0,"key":"Dexterity Potion"}],"is_trial":false,"path_per_floor":["M","?","M","?","?","R","E","R","T","$","M","$","E","M"],"character_chosen":"DEFECT","items_purchased":[],"campfire_rested":0,"item_purchase_floors":[],"current_hp_per_floor":[39,39,39,44,37,37,20,20,20,20,20,20,1,0],"gold":56,"neow_bonus":"REMOVE_TWO","is_prod":false,"is_daily":false,"chose_seed":false,"campfire_upgraded":2,"win_rate":0,"timestamp":1542699184,"path_taken":["M","?","?","?","?","R","E","R","T","$","M","$","E","?"],"build_version":"2018-11-15","purchased_purges":2,"victory":false,"max_hp_per_floor":[71,71,71,76,76,76,76,76,76,76,76,76,76,76],"card_choices":[{"not_picked":["White Noise","Barrage"],"picked":"Streamline","floor":1.0},{"not_picked":["Coolheaded","Auto Shields"],"picked":"Hologram","floor":3.0},{"not_picked":["Redo","Rip and Tear"],"picked":"Echo Form","floor":7.0},{"not_picked":["Barrage","Cold Snap"],"picked":"Sunder","floor":11.0},{"not_picked":["Coolheaded","Rip and Tear","Compile Driver"],"picked":"SKIP","floor":13}],"player_experience":578161,"relics_obtained":[{"floor":7.0,"key":"DataDisk"},{"floor":9.0,"key":"Oddly Smooth Stone"},{"floor":13,"key":"Torii"}],"event_choices":[{"cards_removed":["Strike_B"],"damage_healed":0.0,"max_hp_gain":0.0,"max_hp_loss":0.0,"gold_gain":0.0,"event_name":"Bonfire Elementals","player_choice":"Offered Basic","floor":2.0,"gold_loss":0.0,"damage_taken":0.0},{"damage_healed":0.0,"max_hp_gain":5.0,"max_hp_loss":0.0,"gold_gain":0.0,"event_name":"Big Fish","player_choice":"Donut","floor":4.0,"gold_loss":0.0,"damage_taken":0.0},{"damage_healed":0.0,"max_hp_gain":0.0,"max_hp_loss":0.0,"gold_gain":50.0,"event_name":"FaceTrader","player_choice":"Touch","floor":5.0,"gold_loss":0.0,"damage_taken":7.0}],"is_beta":true,"boss_relics":[],"items_purged_floors":[10,12],"is_endless":false,"potions_floor_spawned":[1,3,11],"killed_by":"Looter","ascension_level":20}