{"gold_per_floor":[118,132,150,167,167,167,180,180,248,267,279,329,177,191,191,268,268,193,208,208,208,227,227,239,274,274,274,294,294,99,109,109,182,182,197,97,97,117,1116,1116,1135,1148,1175,1175,1192,1192],"floor_reached":46,"playtime":2445,"items_purged":["Underhanded Strike","Survivor"],"score":1007,"play_id":"8282d677-c450-4a9c-9e02-f5b888636989","local_time":"20190220152247","is_ascension_mode":true,"campfire_choices":[{"data":"Concentrate","floor":6.0,"key":"SMITH"},{"data":"Envenom","floor":8.0,"key":"SMITH"},{"data":"Tactician","floor":15.0,"key":"SMITH"},{"data":"Well Laid Plans","floor":23.0,"key":"SMITH"},{"data":"Prepared","floor":27.0,"key":"PURGE"},{"data":"Eviscerate","floor":29.0,"key":"SMITH"},{"data":"Deflect+1","floor":32.0,"key":"PURGE"},{"data":"Normality","floor":40.0,"key":"PURGE"},{"data":"Normality","floor":44.0,"key":"PURGE"}],"neow_cost":"NONE","seed_source_timestamp":0,"circlet_count":0,"master_deck":["AscendersBane","Neutralize","Concentrate+1","Envenom+1","Eviscerate+1","Blur","Noxious Fumes","Backflip","Tactician+1","PiercingWail+1","Well Laid Plans+1","After Image","Prepared+1","Reflex+1","Escape Plan+1","Acrobatics+1"],"special_seed":0,"relics":["Pandora\u0027s Box","Toxic Egg 2","Nloth\u0027s Gift","Peace Pipe","Sundial","TheAbacus","Runic Pyramid"],"potions_floor_usage":[46],"damage_taken":[{"damage":6.0,"enemies":"Cultist","floor":1.0,"turns":4.0},{"damage":0.0,"enemies":"2 Louse","floor":2.0,"turns":2.0},{"damage":8.0,"enemies":"Jaw Worm","floor":3.0,"turns":4.0},{"damage":15.0,"enemies":"Exordium Thugs","floor":4.0,"turns":5.0},{"damage":0.0,"enemies":"Large Slime","floor":7.0,"turns":3.0},{"damage":0.0,"enemies":"Gremlin Gang","floor":10.0,"turns":6.0},{"damage":0.0,"enemies":"3 Louse","floor":11.0,"turns":4.0},{"damage":3.0,"enemies":"Large Slime","floor":14.0,"turns":7.0},{"damage":0.0,"enemies":"Hexaghost","floor":16.0,"turns":9.0},{"damage":17.0,"enemies":"2 Thieves","floor":18.0,"turns":5.0},{"damage":0.0,"enemies":"Spheric Guardian","floor":19.0,"turns":8.0},{"damage":0.0,"enemies":"Snake Plant","floor":22.0,"turns":5.0},{"damage":8.0,"enemies":"Centurion and Healer","floor":24.0,"turns":7.0},{"damage":2.0,"enemies":"Gremlin Leader","floor":25.0,"turns":8.0},{"damage":21.0,"enemies":"Cultist and Chosen","floor":28.0,"turns":10.0},{"damage":0.0,"enemies":"3 Cultists","floor":31.0,"turns":3.0},{"damage":0.0,"enemies":"Collector","floor":33.0,"turns":3.0},{"damage":3.0,"enemies":"Orb Walker","floor":35.0,"turns":4.0},{"damage":18.0,"enemies":"3 Darklings","floor":38.0,"turns":3.0},{"damage":22.0,"enemies":"Transient","floor":41.0,"turns":5.0},{"damage":0.0,"enemies":"Maw","floor":42.0,"turns":8.0},{"damage":0.0,"enemies":"Writhing Mass","floor":45.0,"turns":8.0},{"damage":0,"enemies":"Reptomancer","floor":46,"turns":1}],"seed_played":"5799153467782498166","potions_obtained":[{"floor":3.0,"key":"Block Potion"},{"floor":7.0,"key":"GhostInAJar"},{"floor":16.0,"key":"EssenceOfSteel"},{"floor":28.0,"key":"SteroidPotion"},{"floor":33.0,"key":"Swift Potion"},{"floor":38.0,"key":"Weak Potion"},{"floor":41.0,"key":"Explosive Potion"}],"is_trial":false,"path_per_floor":["M","M","M","M","?","R","M","R","T","M","M","?","$","M","R","B",null,"M","M","?","?","M","R","M","E","T","R","M","R","$","M","R","B",null,"M","$","?","M","?","R","M","M","T","R","M","E"],"character_chosen":"THE_SILENT","items_purchased":["Well Laid Plans","TheAbacus"],"campfire_rested":0,"item_purchase_floors":[13,30],"current_hp_per_floor":[53,53,45,30,23,23,23,23,23,23,23,17,17,14,14,14,53,36,36,36,36,36,36,28,26,26,26,5,5,5,5,5,5,51,48,48,48,30,30,30,8,8,8,8,8,8],"gold":1192,"neow_bonus":"BOSS_RELIC","is_prod":false,"is_daily":false,"chose_seed":false,"campfire_upgraded":5,"win_rate":0,"timestamp":1550647367,"path_taken":["M","M","?","M","?","R","M","R","T","M","M","?","$","?","R","BOSS","M","M","?","?","M","R","?","E","T","R","?","R","$","M","R","BOSS","M","$","?","M","?","R","M","M","T","R","M","E"],"build_version":"2019-01-23","purchased_purges":2,"victory":false,"max_hp_per_floor":[66,66,66,66,66,66,66,66,66,66,66,66,66,66,66,66,66,66,66,66,66,66,66,66,66,66,66,66,66,66,66,66,66,66,66,66,66,66,66,66,66,66,66,66,66,66],"card_choices":[{"not_picked":["Blade Dance","Cloak And Dagger"],"picked":"Noxious Fumes","floor":1.0},{"not_picked":["Outmaneuver","Sucker Punch"],"picked":"Backflip","floor":2.0},{"not_picked":["Choke","Blade Dance","Deadly Poison"],"picked":"SKIP","floor":3.0},{"not_picked":["Infinite Blades","Deadly Poison"],"picked":"Tactician","floor":4.0},{"not_picked":["Deflect","Underhanded Strike","Grand Finale"],"picked":"SKIP","floor":7.0},{"not_picked":["Dagger Spray","Distraction+1"],"picked":"Deflect+1","floor":10.0},{"not_picked":["Infinite Blades","Backflip+1"],"picked":"PiercingWail+1","floor":11.0},{"not_picked":["Setup+1","Dagger Throw","PiercingWail+1"],"picked":"SKIP","floor":14.0},{"not_picked":["Wraith Form v2","Storm of Steel+1"],"picked":"After Image","floor":16.0},{"not_picked":["Slice","Dagger Throw","All Out Attack"],"picked":"SKIP","floor":18.0},{"not_picked":["Poisoned Stab","Deflect+1","Backflip+1"],"picked":"SKIP","floor":19.0},{"not_picked":["Outmaneuver+1","Flying Knee","Underhanded Strike"],"picked":"SKIP","floor":22.0},{"not_picked":["Quick Slash","Catalyst+1","Poisoned Stab"],"picked":"SKIP","floor":24.0},{"not_picked":["Phantasmal Killer+1","Die Die Die"],"picked":"Prepared+1","floor":25.0},{"not_picked":["Endless Agony","Backflip+1"],"picked":"Reflex+1","floor":28.0},{"not_picked":["Deadly Poison+1","Quick Slash","Bane"],"picked":"SKIP","floor":31.0},{"not_picked":["Prepared+1","All Out Attack","Dodge and Roll+1"],"picked":"SKIP","floor":35.0},{"not_picked":["Endless Agony","Deadly Poison+1","PiercingWail+1"],"picked":"SKIP","floor":38.0},{"not_picked":["Deadly Poison+1","Dodge and Roll+1","Accuracy"],"picked":"SKIP","floor":41.0},{"not_picked":["Masterful Stab","Underhanded Strike"],"picked":"Escape Plan+1","floor":42.0},{"not_picked":["Prepared+1","Outmaneuver+1"],"picked":"Acrobatics+1","floor":45.0}],"player_experience":857954,"relics_obtained":[{"floor":9.0,"key":"Toxic Egg 2"},{"floor":25.0,"key":"Peace Pipe"},{"floor":26.0,"key":"Sundial"}],"event_choices":[{"cards_removed":["Night Terror"],"damage_healed":0.0,"max_hp_gain":0.0,"max_hp_loss":0.0,"gold_gain":0.0,"event_name":"Golden Wing","player_choice":"Card Removal","floor":5.0,"gold_loss":0.0,"damage_taken":7.0},{"damage_healed":0.0,"max_hp_gain":0.0,"max_hp_loss":0.0,"gold_gain":50.0,"event_name":"FaceTrader","player_choice":"Touch","floor":12.0,"gold_loss":0.0,"damage_taken":6.0},{"cards_removed":["Cloak And Dagger"],"damage_healed":0.0,"max_hp_gain":0.0,"max_hp_loss":0.0,"gold_gain":0.0,"event_name":"Back to Basics","player_choice":"Elegance","floor":20.0,"gold_loss":0.0,"damage_taken":0.0},{"damage_healed":0.0,"max_hp_gain":0.0,"max_hp_loss":0.0,"gold_gain":0.0,"event_name":"N\u0027loth","player_choice":"Traded Relic","floor":21.0,"relics_lost":["Empty Cage"],"gold_loss":0.0,"damage_taken":0.0,"relics_obtained":["Nloth\u0027s Gift"]},{"damage_healed":0.0,"max_hp_gain":0.0,"max_hp_loss":0.0,"gold_gain":0.0,"event_name":"SensoryStone","player_choice":"Memory 1","floor":37.0,"gold_loss":0.0,"damage_taken":0.0},{"damage_healed":0.0,"max_hp_gain":0.0,"max_hp_loss":0.0,"gold_gain":999.0,"event_name":"MindBloom","player_choice":"Gold","floor":39.0,"gold_loss":0.0,"damage_taken":0.0,"cards_obtained":["Normality","Normality"]}],"is_beta":false,"boss_relics":[{"not_picked":["Sozu","Cursed Key"],"picked":"Empty Cage"},{"not_picked":["White Beast Statue","Philosopher\u0027s Stone"],"picked":"Runic Pyramid"}],"items_purged_floors":[13,36],"is_endless":false,"potions_floor_spawned":[3,7,16,19,28,31,33,38,41,42],"killed_by":"Reptomancer","ascension_level":15}