{"gold_per_floor":[118,43,118,118,133,133,168,185,185,217,228,228,262,282,282,360,360,370,380,295,312,47,47,47,47,47,76,76,92,92,92,92,165,165,181,201,250,250,266,266,296,296,296,321,5,37,37,65,65,65,65,65,65,0,29,29],"floor_reached":56,"playtime":3290,"items_purged":["Strike_B","Strike_B","Strike_B"],"score":2398,"play_id":"2bdd6289-9bcb-4c0e-9606-876496f65131","local_time":"20190315144223","is_ascension_mode":true,"campfire_choices":[{"data":"Rip and Tear","floor":6.0,"key":"SMITH"},{"data":"Fission","floor":12.0,"key":"SMITH"},{"data":"Buffer","floor":15.0,"key":"SMITH"},{"data":"Biased Cognition","floor":23.0,"key":"SMITH"},{"data":"Coolheaded","floor":25.0,"key":"SMITH"},{"data":"Dualcast","floor":28.0,"key":"SMITH"},{"data":"Hologram","floor":30.0,"key":"SMITH"},{"data":"Turbo","floor":32.0,"key":"SMITH"},{"data":"Coolheaded","floor":40.0,"key":"SMITH"},{"data":"Seek","floor":42.0,"key":"SMITH"},{"floor":49.0,"key":"RECALL"},{"data":"Impatience","floor":53.0,"key":"SMITH"}],"neow_cost":"NONE","seed_source_timestamp":3181021951745,"circlet_count":0,"master_deck":["AscendersBane","Defend_B","Defend_B","Defend_B","Defend_B+1","Zap","Dualcast+1","Genetic Algorithm","Rainbow","Rip and Tear+1","Creative AI","Turbo+1","Fission+1","Ball Lightning","Buffer+1","Biased Cognition+1","Coolheaded+1","Go for the Eyes","Hologram+1","Seek+1","Turbo+1","Hologram+1","Coolheaded+1","Meteor Strike","Compile Driver","Impatience+1","Rainbow"],"special_seed":0,"relics":["Cracked Core","NeowsBlessing","Kunai","Meat on the Bone","Ancient Tea Set","Lantern","Runic Pyramid","Omamori","PreservedInsect","The Courier","Gremlin Horn","Coffee Dripper","StoneCalendar","War Paint","Oddly Smooth Stone","Mummified Hand","Blue Candle","Letter Opener","Bag of Marbles"],"potions_floor_usage":[56,56],"damage_taken":[{"damage":0.0,"enemies":"2 Louse","floor":1.0,"turns":1.0},{"damage":0.0,"enemies":"Jaw Worm","floor":5.0,"turns":1.0},{"damage":0.0,"enemies":"Lagavulin","floor":7.0,"turns":2.0},{"damage":0.0,"enemies":"Cultist","floor":8.0,"turns":4.0},{"damage":47.0,"enemies":"Gremlin Nob","floor":10.0,"turns":4.0},{"damage":0.0,"enemies":"Large Slime","floor":11.0,"turns":5.0},{"damage":22.0,"enemies":"Lagavulin","floor":13.0,"turns":8.0},{"damage":0.0,"enemies":"3 Louse","floor":14.0,"turns":2.0},{"damage":0.0,"enemies":"Slime Boss","floor":16.0,"turns":10.0},{"damage":0.0,"enemies":"Chosen","floor":18.0,"turns":5.0},{"damage":0.0,"enemies":"3 Byrds","floor":19.0,"turns":3.0},{"damage":45.0,"enemies":"Shelled Parasite and Fungi","floor":21.0,"turns":5.0},{"damage":0.0,"enemies":"Book of Stabbing","floor":27.0,"turns":4.0},{"damage":6.0,"enemies":"Snake Plant","floor":29.0,"turns":4.0},{"damage":8.0,"enemies":"Automaton","floor":33.0,"turns":11.0},{"damage":31.0,"enemies":"3 Darklings","floor":35.0,"turns":5.0},{"damage":0.0,"enemies":"Orb Walker","floor":36.0,"turns":4.0},{"damage":13.0,"enemies":"2 Orb Walkers","floor":37.0,"turns":4.0},{"damage":9.0,"enemies":"Sphere and 2 Shapes","floor":39.0,"turns":5.0},{"damage":0.0,"enemies":"Nemesis","floor":41.0,"turns":5.0},{"damage":0.0,"enemies":"Giant Head","floor":44.0,"turns":8.0},{"damage":15.0,"enemies":"Reptomancer","floor":46.0,"turns":6.0},{"damage":0.0,"enemies":"Nemesis","floor":48.0,"turns":3.0},{"damage":17.0,"enemies":"Time Eater","floor":50.0,"turns":12.0},{"damage":29.0,"enemies":"Awakened One","floor":51.0,"turns":13.0},{"damage":0.0,"enemies":"Shield and Spear","floor":55.0,"turns":4.0},{"damage":59,"enemies":"The Heart","floor":56,"turns":11}],"seed_played":"567783163439754153","potions_obtained":[{"floor":1.0,"key":"Energy Potion"},{"floor":7.0,"key":"SpeedPotion"},{"floor":16.0,"key":"SkillPotion"},{"floor":21.0,"key":"PowerPotion"},{"floor":37.0,"key":"EssenceOfSteel"},{"floor":44.0,"key":"SpeedPotion"}],"is_trial":false,"path_per_floor":["M","$","?","?","M","R","E","M","T","E","M","R","E","M","R","B",null,"M","M","?","M","$","R","?","R","T","E","R","M","R","$","R","B",null,"M","M","?","?","M","R","E","R","T","E","$","E","?","E","R","B","B",null,"R","$","E","B"],"character_chosen":"DEFECT","items_purchased":["PreservedInsect","Mummified Hand","Ancient Potion"],"campfire_rested":0,"item_purchase_floors":[22,45,54],"current_hp_per_floor":[64,64,53,53,53,53,53,53,53,18,30,30,20,32,32,44,64,64,64,64,31,31,31,31,31,31,43,43,37,37,37,37,41,64,45,45,44,44,47,47,47,47,47,47,47,44,34,46,46,41,24,59,59,59,59,0],"gold":29,"neow_bonus":"THREE_ENEMY_KILL","is_prod":false,"is_daily":false,"chose_seed":false,"campfire_upgraded":11,"win_rate":0,"timestamp":1552632143,"path_taken":["M","$","?","?","M","R","E","?","T","E","M","R","E","M","R","BOSS","M","M","?","M","$","R","?","R","T","E","R","M","R","$","R","BOSS","M","M","?","?","M","R","E","R","T","E","$","E","?","E","R","BOSS","BOSS","R","$","E","BOSS"],"build_version":"2019-01-23","purchased_purges":3,"victory":false,"max_hp_per_floor":[71,71,71,71,71,71,71,71,71,71,71,71,71,71,71,71,71,71,71,71,71,71,71,71,71,71,71,71,71,71,71,71,71,71,71,71,71,71,71,71,71,71,71,71,71,71,71,71,71,71,71,71,71,71,71,71],"card_choices":[{"not_picked":["Conserve Battery","Barrage"],"picked":"Genetic Algorithm","floor":1.0},{"not_picked":["Leap","Hologram"],"picked":"Rip and Tear","floor":5.0},{"not_picked":["Blizzard","Coolheaded"],"picked":"Creative AI","floor":7.0},{"not_picked":["Rebound","Tempest"],"picked":"Turbo","floor":8.0},{"not_picked":["Blizzard","Barrage"],"picked":"Fission","floor":10.0},{"not_picked":["Conserve Battery","Tempest"],"picked":"Ball Lightning","floor":11.0},{"not_picked":["Compile Driver","Fusion"],"picked":"Buffer","floor":13.0},{"not_picked":["Go for the Eyes","Steam Power","Ball Lightning"],"picked":"SKIP","floor":14.0},{"not_picked":["Amplify","Machine Learning"],"picked":"Biased Cognition","floor":16.0},{"not_picked":["Doom and Gloom","Compile Driver"],"picked":"Coolheaded","floor":18.0},{"not_picked":["Streamline","Doom and Gloom","Aggregate"],"picked":"SKIP","floor":19.0},{"not_picked":["Compile Driver","Leap","Sweeping Beam"],"picked":"SKIP","floor":21.0},{"not_picked":["Steam","Go for the Eyes","Aggregate+1"],"picked":"SKIP","floor":27.0},{"not_picked":["Steam","Aggregate+1"],"picked":"Go for the Eyes","floor":27.0},{"not_picked":["Static Discharge","Coolheaded"],"picked":"Hologram","floor":29.0},{"not_picked":["Machine Learning","Creative AI"],"picked":"Seek","floor":33.0},{"not_picked":["Gash","Compile Driver"],"picked":"Turbo","floor":35.0},{"not_picked":["Conserve Battery","Sweeping Beam"],"picked":"Hologram+1","floor":36.0},{"not_picked":["Ball Lightning","Sweeping Beam+1"],"picked":"Coolheaded","floor":39.0},{"not_picked":["Aggregate+1","Fusion+1","Blizzard"],"picked":"SKIP","floor":41.0},{"not_picked":["Reinforced Body+1","Cold Snap"],"picked":"Meteor Strike","floor":44.0},{"not_picked":["Ball Lightning","Double Energy"],"picked":"Compile Driver","floor":46.0},{"not_picked":["Madness","Good Instincts"],"picked":"Impatience","floor":47.0},{"not_picked":["Leap+1","Double Energy","Loop"],"picked":"SKIP","floor":48.0},{"not_picked":["Blizzard","Gash"],"picked":"Rainbow","floor":55.0}],"player_experience":3604939,"relics_obtained":[{"floor":7.0,"key":"Kunai"},{"floor":9.0,"key":"Meat on the Bone"},{"floor":10.0,"key":"Ancient Tea Set"},{"floor":13.0,"key":"Lantern"},{"floor":26.0,"key":"The Courier"},{"floor":27.0,"key":"Gremlin Horn"},{"floor":37.0,"key":"StoneCalendar"},{"floor":41.0,"key":"War Paint"},{"floor":44.0,"key":"Oddly Smooth Stone"},{"floor":46.0,"key":"Blue Candle"},{"floor":48.0,"key":"Letter Opener"},{"floor":55.0,"key":"Bag of Marbles"}],"event_choices":[{"damage_healed":0.0,"max_hp_gain":0.0,"max_hp_loss":0.0,"gold_gain":75.0,"event_name":"World of Goop","player_choice":"Gather Gold","floor":3.0,"gold_loss":0.0,"damage_taken":11.0},{"damage_healed":0.0,"max_hp_gain":0.0,"max_hp_loss":0.0,"gold_gain":0.0,"event_name":"Match and Keep!","player_choice":"1 cards matched","floor":4.0,"gold_loss":0.0,"damage_taken":0.0,"cards_obtained":["Rainbow"]},{"damage_healed":0.0,"max_hp_gain":0.0,"max_hp_loss":0.0,"gold_gain":0.0,"event_name":"Addict","player_choice":"Obtained Relic","floor":20.0,"gold_loss":85.0,"damage_taken":0.0,"relics_obtained":["Omamori"]},{"cards_removed":["Strike_B"],"damage_healed":0.0,"max_hp_gain":0.0,"max_hp_loss":0.0,"gold_gain":0.0,"event_name":"Back to Basics","player_choice":"Elegance","floor":24.0,"gold_loss":0.0,"damage_taken":0.0},{"damage_healed":0.0,"max_hp_gain":0.0,"max_hp_loss":0.0,"gold_gain":0.0,"event_name":"Mysterious Sphere","player_choice":"Fight","floor":37.0,"gold_loss":0.0,"damage_taken":0.0},{"damage_healed":0.0,"max_hp_gain":0.0,"max_hp_loss":0.0,"gold_gain":0.0,"event_name":"Tomb of Lord Red Mask","player_choice":"Ignored","floor":38.0,"gold_loss":0.0,"damage_taken":0.0},{"damage_healed":0.0,"max_hp_gain":0.0,"max_hp_loss":0.0,"gold_gain":0.0,"event_name":"SensoryStone","player_choice":"Memory 3","floor":47.0,"gold_loss":0.0,"damage_taken":10.0}],"is_beta":false,"boss_relics":[{"not_picked":["Runic Dome","Eternal Feather"],"picked":"Runic Pyramid"},{"not_picked":["Sozu","Lizard Tail"],"picked":"Coffee Dripper"}],"items_purged_floors":[2,22,45],"is_endless":false,"potions_floor_spawned":[1,7,10,16,21,29,36,37,44,55],"killed_by":"The Heart","ascension_level":20}