{"gold_per_floor":[136,61,101,138,138,138,194,280,307,582,582,667,705,705,705,803,803,863,1,39,39,80,188,188,240,240,269,286,356,356,271,271,368,368,434,478,80,97,97,97,165,206,254,268,268,301,364,110,110,110,185,185,185,4,80,80],"floor_reached":57,"playtime":4109,"items_purged":["Strike_B","Regret"],"score":3012,"play_id":"cf121dbe-7b7b-4057-b506-526842ad9c88","local_time":"20190324232820","is_ascension_mode":true,"campfire_choices":[{"data":"HandOfGreed","floor":6.0,"key":"SMITH"},{"data":"Zap","floor":11.0,"key":"SMITH"},{"data":"Hologram","floor":15.0,"key":"SMITH"},{"data":"Dualcast","floor":24.0,"key":"SMITH"},{"data":"Biased Cognition","floor":30.0,"key":"SMITH"},{"data":"Panacea","floor":32.0,"key":"SMITH"},{"data":"Capacitor","floor":40.0,"key":"SMITH"},{"floor":45.0,"key":"RECALL"},{"data":"Glacier","floor":49.0,"key":"SMITH"},{"data":"White Noise","floor":53.0,"key":"SMITH"}],"neow_cost":"TEN_PERCENT_HP_LOSS","seed_source_timestamp":42114856635452,"circlet_count":0,"master_deck":["AscendersBane","Strike_B+1","Strike_B+1","Defend_B","Defend_B","Defend_B","Zap+1","Dualcast+1","HandOfGreed+1","Panacea+1","Chill","Glacier+1","White Noise","Hologram+1","Core Surge","White Noise+1","Coolheaded+1","Heatsinks+1","Double Energy+1","Biased Cognition+1","Skim+1","Glacier+1","Turbo+1","Fission+1","Capacitor+1","White Noise+1","Glacier+1","Glacier+1","Chill+1","Coolheaded+1","White Noise+1","Coolheaded+1","Hologram+1","Redo+1","Turbo+1","Conserve Battery+1","Stack+1","Hologram+1","Darkness+1","Aggregate+1","Recycle+1","Biased Cognition"],"special_seed":0,"relics":["Cracked Core","The Courier","Blood Vial","Anchor","Runic Dome","MealTicket","Lantern","Orichalcum","Art of War","Toxic Egg 2","DataDisk","Whetstone","Symbiotic Virus","Meat on the Bone","Gremlin Horn","Philosopher\u0027s Stone","ClockworkSouvenir","Dodecahedron","Strawberry","Membership Card","Letter Opener"],"potions_floor_usage":[56,56],"damage_taken":[{"damage":8.0,"enemies":"Cultist","floor":1.0,"turns":5.0},{"damage":7.0,"enemies":"Jaw Worm","floor":3.0,"turns":2.0},{"damage":0.0,"enemies":"Small Slimes","floor":4.0,"turns":3.0},{"damage":4.0,"enemies":"Exordium Thugs","floor":5.0,"turns":4.0},{"damage":7.0,"enemies":"Lagavulin","floor":7.0,"turns":8.0},{"damage":4.0,"enemies":"Gremlin Gang","floor":8.0,"turns":8.0},{"damage":26.0,"enemies":"3 Sentries","floor":12.0,"turns":13.0},{"damage":2.0,"enemies":"2 Fungi Beasts","floor":13.0,"turns":3.0},{"damage":29.0,"enemies":"The Guardian","floor":16.0,"turns":14.0},{"damage":0.0,"enemies":"2 Thieves","floor":18.0,"turns":2.0},{"damage":5.0,"enemies":"Spheric Guardian","floor":20.0,"turns":4.0},{"damage":3.0,"enemies":"Snecko","floor":22.0,"turns":7.0},{"damage":20.0,"enemies":"Slavers","floor":23.0,"turns":10.0},{"damage":6.0,"enemies":"Book of Stabbing","floor":25.0,"turns":7.0},{"damage":8.0,"enemies":"Gremlin Leader","floor":27.0,"turns":5.0},{"damage":0.0,"enemies":"Snake Plant","floor":28.0,"turns":2.0},{"damage":0.0,"enemies":"Shelled Parasite and Fungi","floor":29.0,"turns":6.0},{"damage":4.0,"enemies":"Champ","floor":33.0,"turns":23.0},{"damage":0.0,"enemies":"3 Shapes","floor":35.0,"turns":4.0},{"damage":0.0,"enemies":"Orb Walker","floor":36.0,"turns":2.0},{"damage":0.0,"enemies":"Transient","floor":38.0,"turns":6.0},{"damage":0.0,"enemies":"Jaw Worm Horde","floor":41.0,"turns":4.0},{"damage":0.0,"enemies":"Writhing Mass","floor":42.0,"turns":7.0},{"damage":0.0,"enemies":"Transient","floor":44.0,"turns":6.0},{"damage":0.0,"enemies":"Nemesis","floor":46.0,"turns":17.0},{"damage":0.0,"enemies":"Jaw Worm Horde","floor":47.0,"turns":5.0},{"damage":0.0,"enemies":"Time Eater","floor":50.0,"turns":22.0},{"damage":0.0,"enemies":"Awakened One","floor":51.0,"turns":19.0},{"damage":10,"enemies":"Shield and Spear","floor":55,"turns":9},{"damage":34,"enemies":"The Heart","floor":56,"turns":10}],"seed_played":"-7912490008873870939","potions_obtained":[{"floor":3.0,"key":"EssenceOfSteel"},{"floor":7.0,"key":"FearPotion"},{"floor":8.0,"key":"Explosive Potion"},{"floor":18.0,"key":"Weak Potion"},{"floor":20.0,"key":"Regen Potion"},{"floor":23.0,"key":"Swift Potion"},{"floor":28.0,"key":"Block Potion"},{"floor":33.0,"key":"Fruit Juice"},{"floor":36.0,"key":"Fruit Juice"},{"floor":38.0,"key":"FocusPotion"},{"floor":46.0,"key":"Dexterity Potion"}],"is_trial":false,"path_per_floor":["M","$","M","M","M","R","E","M","T","?","R","E","M","?","R","B",null,"M","$","M","?","M","E","R","E","T","E","M","M","R","?","R","B",null,"M","M","$","M","?","R","M","M","T","M","R","E","M","$","R","B","B",null,"R","$","E","B",null],"character_chosen":"DEFECT","items_purchased":["MealTicket","Lantern","Orichalcum","Art of War","Toxic Egg 2","Coolheaded+1","ClockworkSouvenir","Dodecahedron","Membership Card","White Noise+1","Coolheaded+1","Hologram+1","Redo+1","Turbo+1","Conserve Battery+1","Stack+1","Hologram+1","Darkness+1","Aggregate+1","Recycle+1"],"campfire_rested":0,"item_purchase_floors":[19,19,19,19,19,19,37,37,48,48,48,48,54,54,54,54,54,54,54,54],"current_hp_per_floor":[56,56,49,49,45,45,38,34,34,34,34,10,10,31,31,4,49,51,51,48,48,62,44,44,40,40,34,36,38,38,38,38,41,62,64,71,74,74,74,74,74,74,74,74,74,81,81,81,81,81,81,81,81,81,71,51],"gold":80,"neow_bonus":"RANDOM_COLORLESS_2","is_prod":false,"is_daily":false,"chose_seed":false,"campfire_upgraded":9,"win_rate":0,"timestamp":1553441300,"path_taken":["M","$","?","M","?","R","E","M","T","?","R","E","?","?","R","BOSS","M","$","M","?","?","E","R","E","T","E","M","?","R","?","R","BOSS","M","M","$","M","?","R","?","M","T","M","R","E","?","$","R","BOSS","BOSS","R","$","E","BOSS"],"build_version":"2019-01-23","purchased_purges":2,"victory":true,"max_hp_per_floor":[64,64,64,64,64,64,64,64,64,64,64,64,64,64,64,64,64,64,64,64,64,64,64,64,64,64,64,64,64,64,64,64,69,69,69,74,74,74,74,74,74,74,74,74,74,81,81,81,81,81,81,81,81,81,81,81],"card_choices":[{"not_picked":["Sunder","Hologram","Storm"],"picked":"SKIP","floor":1.0},{"not_picked":["Aggregate","Coolheaded"],"picked":"Chill","floor":3.0},{"not_picked":["Cold Snap","Rip and Tear"],"picked":"Glacier","floor":4.0},{"not_picked":["Stack","Leap","Barrage"],"picked":"SKIP","floor":5.0},{"not_picked":["Tempest","Sweeping Beam"],"picked":"White Noise","floor":7.0},{"not_picked":["Cold Snap","Redo"],"picked":"Hologram","floor":8.0},{"not_picked":["Compile Driver","BootSequence","Sweeping Beam"],"picked":"SKIP","floor":12.0},{"not_picked":["Stack","Beam Cell","Compile Driver"],"picked":"SKIP","floor":13.0},{"not_picked":["Machine Learning","Seek"],"picked":"Core Surge","floor":16.0},{"not_picked":["Stack","Cold Snap"],"picked":"White Noise","floor":18.0},{"not_picked":["Capacitor","Beam Cell+1"],"picked":"Heatsinks+1","floor":20.0},{"not_picked":["Stack+1","Cold Snap"],"picked":"Double Energy+1","floor":22.0},{"not_picked":["Conserve Battery+1","Leap+1","Sweeping Beam"],"picked":"SKIP","floor":23.0},{"not_picked":["Rip and Tear","Redo+1"],"picked":"Biased Cognition","floor":25.0},{"not_picked":["Ball Lightning","Gash"],"picked":"Skim+1","floor":27.0},{"not_picked":["Lockon","Leap+1"],"picked":"Glacier+1","floor":28.0},{"not_picked":["Streamline","Beam Cell"],"picked":"Turbo+1","floor":29.0},{"not_picked":["Thunder Strike","Seek+1"],"picked":"Fission+1","floor":33.0},{"not_picked":["Sweeping Beam","Steam+1"],"picked":"Capacitor","floor":35.0},{"not_picked":["Heatsinks","Ball Lightning"],"picked":"White Noise+1","floor":36.0},{"not_picked":["Hologram+1","Heatsinks"],"picked":"Glacier+1","floor":38.0},{"not_picked":["Redo+1","Lockon"],"picked":"Glacier+1","floor":41.0},{"not_picked":["Compile Driver","Turbo+1"],"picked":"Chill+1","floor":42.0},{"not_picked":["Compile Driver+1","Steam+1"],"picked":"Coolheaded+1","floor":44.0},{"not_picked":["Cold Snap","FTL+1","Beam Cell"],"picked":"SKIP","floor":46.0},{"not_picked":["Reprogram+1","Steam+1","Barrage"],"picked":"SKIP","floor":47.0},{"not_picked":["Tempest+1","BootSequence+1"],"picked":"Biased Cognition","floor":55}],"player_experience":3845897,"relics_obtained":[{"floor":7.0,"key":"The Courier"},{"floor":9.0,"key":"Blood Vial"},{"floor":12.0,"key":"Anchor"},{"floor":23.0,"key":"DataDisk"},{"floor":25.0,"key":"Whetstone"},{"floor":26.0,"key":"Symbiotic Virus"},{"floor":27.0,"key":"Meat on the Bone"},{"floor":46.0,"key":"Strawberry"},{"floor":55,"key":"Letter Opener"}],"event_choices":[{"damage_healed":0.0,"max_hp_gain":0.0,"max_hp_loss":0.0,"gold_gain":275.0,"event_name":"Golden Shrine","player_choice":"Desecrate","floor":10.0,"gold_loss":0.0,"damage_taken":0.0,"cards_obtained":["Regret"]},{"damage_healed":21.0,"max_hp_gain":0.0,"max_hp_loss":0.0,"gold_gain":0.0,"event_name":"Big Fish","player_choice":"Banana","floor":14.0,"gold_loss":0.0,"damage_taken":0.0},{"cards_removed":["Strike_B"],"damage_healed":0.0,"max_hp_gain":0.0,"max_hp_loss":0.0,"gold_gain":0.0,"event_name":"Bonfire Elementals","player_choice":"Offered Basic","floor":21.0,"gold_loss":0.0,"damage_taken":0.0},{"damage_healed":0.0,"max_hp_gain":0.0,"max_hp_loss":0.0,"gold_gain":0.0,"event_name":"Addict","player_choice":"Obtained Relic","floor":31.0,"gold_loss":85.0,"damage_taken":0.0,"relics_obtained":["Gremlin Horn"]},{"cards_removed":["Defend_B"],"damage_healed":0.0,"max_hp_gain":0.0,"max_hp_loss":0.0,"gold_gain":0.0,"event_name":"Purifier","player_choice":"Purged","floor":39.0,"gold_loss":0.0,"damage_taken":0.0}],"is_beta":false,"boss_relics":[{"not_picked":["Tiny House","Sozu"],"picked":"Runic Dome"},{"not_picked":["White Beast Statue","FrozenCore"],"picked":"Philosopher\u0027s Stone"}],"items_purged_floors":[2,19],"is_endless":false,"potions_floor_spawned":[3,7,8,13,16,18,20,23,28,33,36,38,41,46,55],"ascension_level":20}