{"gold_per_floor":[111,129,129,58,74,74,94,104,104,104,179,211,222,253,253,352,352,367,385,165,165,178,178,78,177,222,26,26,39,51,64,64,169,169,182,197,213,231,276,276,276,276,326,336,370,387,387,415,415,415],"floor_reached":51,"playtime":1769,"items_purged":["Strike_R","Strike_R","Strike_R"],"score":771,"play_id":"6776a904-4152-40dd-ad90-37371bd23153","local_time":"20190804052358","is_ascension_mode":false,"campfire_choices":[{"data":"Hemokinesis","floor":6.0,"key":"SMITH"},{"data":"Uppercut","floor":10.0,"key":"SMITH"},{"data":"Bloodletting","floor":15,"key":"SMITH"},{"data":"Rupture","floor":23,"key":"SMITH"},{"data":"Dropkick","floor":28,"key":"SMITH"},{"data":"Dropkick","floor":32,"key":"SMITH"},{"data":"Offering","floor":40,"key":"SMITH"},{"data":"Burning Pact","floor":42,"key":"SMITH"},{"data":"Spot Weakness","floor":47,"key":"SMITH"},{"data":"Bash","floor":49,"key":"SMITH"}],"neow_cost":"NONE","seed_source_timestamp":38830536948166,"circlet_count":0,"master_deck":["Defend_R+1","Defend_R","Defend_R","Defend_R","Bash+1","Bloodletting+1","True Grit+1","Hemokinesis+1","Rupture+1","Uppercut+1","Spot Weakness+1","Ghostly Armor","Dark Embrace+1","Shrug It Off","Corruption+1","Dropkick+1","Dropkick+1","Shockwave+1","Offering+1","Burning Pact+1","Feel No Pain+1","Inflame+1","Exhume","Disarm+1","Metallicize+1"],"special_seed":0,"relics":["Burning Blood","Frozen Egg 2","War Paint","Pantograph","Philosopher\u0027s Stone","Strawberry","Runic Pyramid","Incense Burner","Boot","Bag of Marbles","Dream Catcher"],"potions_floor_usage":[14,50],"damage_taken":[{"damage":1.0,"enemies":"Jaw Worm","floor":1.0,"turns":3.0},{"damage":5.0,"enemies":"Cultist","floor":2.0,"turns":4.0},{"damage":5.0,"enemies":"2 Louse","floor":5.0,"turns":3.0},{"damage":8.0,"enemies":"Exordium Thugs","floor":7.0,"turns":4.0},{"damage":9.0,"enemies":"Blue Slaver","floor":8.0,"turns":5.0},{"damage":6,"enemies":"Gremlin Nob","floor":12,"turns":3},{"damage":15,"enemies":"Large Slime","floor":13,"turns":4},{"damage":10,"enemies":"3 Sentries","floor":14,"turns":3},{"damage":32,"enemies":"The Guardian","floor":16,"turns":10},{"damage":5,"enemies":"Chosen","floor":18,"turns":4},{"damage":17,"enemies":"2 Thieves","floor":19,"turns":5},{"damage":34,"enemies":"Sentry and Sphere","floor":22,"turns":4},{"damage":3,"enemies":"Centurion and Healer","floor":29,"turns":2},{"damage":3,"enemies":"Cultist and Chosen","floor":30,"turns":2},{"damage":19,"enemies":"Snake Plant","floor":31,"turns":2},{"damage":27,"enemies":"Automaton","floor":33,"turns":4},{"damage":10,"enemies":"3 Darklings","floor":35,"turns":3},{"damage":9,"enemies":"3 Shapes","floor":36,"turns":4},{"damage":6,"enemies":"3 Darklings","floor":37,"turns":3},{"damage":9,"enemies":"Sphere and 2 Shapes","floor":38,"turns":2},{"damage":11,"enemies":"2 Orb Walkers","floor":39,"turns":4},{"damage":6,"enemies":"4 Shapes","floor":44,"turns":1},{"damage":21,"enemies":"Nemesis","floor":45,"turns":3},{"damage":0,"enemies":"Writhing Mass","floor":46,"turns":4},{"damage":0,"enemies":"Giant Head","floor":48,"turns":4},{"damage":17,"enemies":"Time Eater","floor":50,"turns":4}],"seed_played":"1287845860230830963","potions_obtained":[{"floor":1.0,"key":"LiquidBronze"},{"floor":5.0,"key":"AttackPotion"},{"floor":12,"key":"AttackPotion"},{"floor":13,"key":"SpeedPotion"},{"floor":22,"key":"Poison Potion"},{"floor":33,"key":"SmokeBomb"},{"floor":39,"key":"Strength Potion"}],"is_trial":false,"path_per_floor":["M","M","?","$","M","R","M","M","T","R","?","E","M","E","R","B",null,"M","M","$","?","M","R","$","?","T","$","R","M","M","M","R","B",null,"M","M","M","M","?","R","?","R","T","M","E","M","R","E","R","B",null],"character_chosen":"IRONCLAD","items_purchased":["Hemokinesis","Corruption+1","Dropkick","Dropkick"],"campfire_rested":0,"item_purchase_floors":[4,20,20,27],"current_hp_per_floor":[80,80,80,80,80,80,78,75,75,75,67,67,58,54,54,53,80,80,69,69,69,41,41,41,41,48,48,48,51,54,41,41,45,87,83,80,80,77,72,72,72,72,72,72,57,63,63,69,69,76],"gold":415,"neow_bonus":"REMOVE_CARD","is_prod":false,"is_daily":false,"chose_seed":false,"campfire_upgraded":10,"win_rate":0,"timestamp":1564867438,"path_taken":["M","M","?","$","M","R","?","M","T","R","?","E","?","E","R","BOSS","M","M","$","?","M","R","$","?","T","?","R","M","M","M","R","BOSS","M","M","M","?","?","R","?","R","T","?","E","M","R","E","R","BOSS"],"build_version":"2019-07-17","purchased_purges":3,"victory":true,"max_hp_per_floor":[80,80,80,80,80,80,80,80,80,80,80,80,80,80,80,80,80,80,80,80,80,80,80,80,80,87,87,87,87,87,87,87,87,87,87,87,87,87,87,87,87,87,87,87,87,87,87,87,87,87],"card_choices":[{"not_picked":["Clash","Ghostly Armor"],"picked":"Bloodletting","floor":1.0},{"not_picked":["Thunderclap","Anger"],"picked":"True Grit","floor":2.0},{"not_picked":["Shrug It Off","Thunderclap"],"picked":"Rupture","floor":5.0},{"not_picked":["Havoc","Dropkick"],"picked":"Uppercut","floor":7.0},{"not_picked":["Bloodletting","Anger","Cleave"],"picked":"SKIP","floor":8.0},{"not_picked":["Pummel","Havoc"],"picked":"Spot Weakness","floor":12},{"not_picked":["True Grit","Twin Strike"],"picked":"Ghostly Armor","floor":13},{"not_picked":["Sentinel","Sever Soul","Headbutt"],"picked":"SKIP","floor":14},{"not_picked":["Offering","Bludgeon"],"picked":"Dark Embrace+1","floor":16},{"not_picked":["Whirlwind","Heavy Blade","Armaments"],"picked":"SKIP","floor":18},{"not_picked":["Carnage","Warcry"],"picked":"Shrug It Off","floor":19},{"not_picked":["Entrench","Headbutt","Wild Strike"],"picked":"SKIP","floor":22},{"not_picked":["Clothesline","Reckless Charge","Clash"],"picked":"SKIP","floor":29},{"not_picked":["Wild Strike","True Grit+1","Clothesline+1"],"picked":"SKIP","floor":30},{"not_picked":["Seeing Red","Warcry"],"picked":"Shockwave","floor":31},{"not_picked":["Exhume","Immolate"],"picked":"Offering","floor":33},{"not_picked":["Sever Soul+1","Perfected Strike"],"picked":"Burning Pact","floor":35},{"not_picked":["Cleave","Spot Weakness+1"],"picked":"Feel No Pain+1","floor":36},{"not_picked":["Warcry","Wild Strike","Havoc"],"picked":"SKIP","floor":37},{"not_picked":["Wild Strike","Shrug It Off+1"],"picked":"Inflame+1","floor":38},{"not_picked":["Heavy Blade","Iron Wave"],"picked":"Exhume","floor":39},{"not_picked":["Iron Wave+1","Evolve+1"],"picked":"Disarm+1","floor":44},{"not_picked":["Pommel Strike","Metallicize+1","Brutality+1"],"picked":"SKIP","floor":45},{"not_picked":["Pommel Strike","Brutality+1"],"picked":"Metallicize+1","floor":45},{"not_picked":["Headbutt+1","Pommel Strike+1","Whirlwind+1"],"picked":"SKIP","floor":46},{"not_picked":["Sever Soul+1","Rampage+1","Power Through+1"],"picked":"SKIP","floor":48}],"player_experience":5863118,"relics_obtained":[{"floor":9.0,"key":"Frozen Egg 2"},{"floor":12,"key":"War Paint"},{"floor":14,"key":"Pantograph"},{"floor":26,"key":"Strawberry"},{"floor":39,"key":"Incense Burner"},{"floor":43,"key":"Boot"},{"floor":45,"key":"Bag of Marbles"},{"floor":48,"key":"Dream Catcher"}],"event_choices":[{"damage_healed":0.0,"max_hp_gain":0.0,"max_hp_loss":0.0,"gold_gain":0.0,"event_name":"NoteForYourself","player_choice":"Ignored","floor":3.0,"gold_loss":0.0,"damage_taken":0.0},{"damage_healed":0,"gold_gain":75,"player_choice":"Touch","damage_taken":8,"max_hp_gain":0,"max_hp_loss":0,"event_name":"FaceTrader","floor":11,"gold_loss":0},{"cards_removed":["Strike_R"],"damage_healed":0,"gold_gain":0,"player_choice":"Elegance","damage_taken":0,"max_hp_gain":0,"max_hp_loss":0,"event_name":"Back to Basics","floor":21,"gold_loss":0},{"damage_healed":0,"gold_gain":99,"player_choice":"Stole From Cult","damage_taken":0,"max_hp_gain":0,"max_hp_loss":0,"event_name":"Nest","floor":25,"gold_loss":0},{"damage_healed":0,"gold_gain":0,"player_choice":"Fight","damage_taken":0,"max_hp_gain":0,"max_hp_loss":0,"event_name":"Mysterious Sphere","floor":39,"gold_loss":0},{"damage_healed":0,"gold_gain":0,"player_choice":"Upgraded","damage_taken":0,"max_hp_gain":0,"max_hp_loss":0,"event_name":"Upgrade Shrine","floor":41,"gold_loss":0,"cards_upgraded":["Shockwave"]}],"is_beta":false,"boss_relics":[{"not_picked":["White Beast Statue","Tiny House"],"picked":"Philosopher\u0027s Stone"},{"not_picked":["Lizard Tail","Black Blood"],"picked":"Runic Pyramid"}],"items_purged_floors":[20,24,27],"is_endless":false,"potions_floor_spawned":[1,5,12,13,22,33,35,39,44],"ascension_level":0}