{"gold_per_floor":[213,229,239,239,40,40,71,71,71,101,1,12,26,42,42,119,119,129,99,4,14,14,14,31,31,31,31,31,42,107,124,124,198,198,217,230,230,246,246,246,280,293,293,293,293,293,305,180,180,180,180,180,180,4,30,30],"floor_reached":56,"playtime":5065,"items_purged":["Strike_B","Strike_B","Defend_B","Defend_B"],"score":1968,"play_id":"8637627a-84e0-4e73-8539-c7f3f2e71237","local_time":"20190227191120","is_ascension_mode":true,"campfire_choices":[{"data":"Defragment","floor":6.0,"key":"SMITH"},{"floor":8.0,"key":"REST"},{"data":"Defragment","floor":15.0,"key":"SMITH"},{"data":"Fission","floor":23.0,"key":"SMITH"},{"data":"Loop","floor":27.0,"key":"SMITH"},{"data":"Discovery","floor":32.0,"key":"SMITH"},{"data":"Coolheaded","floor":40.0,"key":"SMITH"},{"data":"Coolheaded","floor":45.0,"key":"SMITH"},{"floor":49.0,"key":"RECALL"},{"data":"Recycle","floor":53.0,"key":"SMITH"}],"neow_cost":"NONE","seed_source_timestamp":0,"circlet_count":0,"master_deck":["AscendersBane","Defend_B","Defend_B","Zap","Dualcast","Cold Snap","Undo","Defragment+1","Defragment+1","Tempest","Self Repair","Turbo","Meteor Strike","Fission+1","Conserve Battery+1","Loop+1","Discovery+1","Coolheaded+1","Chill","Defragment","Buffer","Seek","Coolheaded+1","Biased Cognition","Recycle+1","Hologram","Hologram+1"],"special_seed":0,"relics":["Cracked Core","Meat on the Bone","Singing Bowl","Coffee Dripper","Sundial","Tiny Chest","Cursed Key","Potion Belt","FossilizedHelix"],"potions_floor_usage":[],"damage_taken":[{"damage":2.0,"enemies":"Jaw Worm","floor":1.0,"turns":4.0},{"damage":0.0,"enemies":"Cultist","floor":2.0,"turns":4.0},{"damage":8.0,"enemies":"Small Slimes","floor":3.0,"turns":3.0},{"damage":49.0,"enemies":"Gremlin Nob","floor":7.0,"turns":5.0},{"damage":1.0,"enemies":"Lagavulin","floor":10.0,"turns":8.0},{"damage":5.0,"enemies":"Red Slaver","floor":12.0,"turns":3.0},{"damage":20.0,"enemies":"Lots of Slimes","floor":13.0,"turns":3.0},{"damage":0.0,"enemies":"2 Fungi Beasts","floor":14.0,"turns":3.0},{"damage":16.0,"enemies":"Hexaghost","floor":16.0,"turns":13.0},{"damage":0.0,"enemies":"Chosen","floor":18.0,"turns":3.0},{"damage":17.0,"enemies":"2 Thieves","floor":19.0,"turns":4.0},{"damage":48.0,"enemies":"Snake Plant","floor":21.0,"turns":6.0},{"damage":0.0,"enemies":"Sentry and Sphere","floor":24.0,"turns":3.0},{"damage":16.0,"enemies":"Shelled Parasite and Fungi","floor":29.0,"turns":8.0},{"damage":21.0,"enemies":"Slavers","floor":30.0,"turns":6.0},{"damage":0.0,"enemies":"Cultist and Chosen","floor":31.0,"turns":7.0},{"damage":14.0,"enemies":"Automaton","floor":33.0,"turns":11.0},{"damage":1.0,"enemies":"Orb Walker","floor":35.0,"turns":3.0},{"damage":24.0,"enemies":"3 Shapes","floor":36.0,"turns":4.0},{"damage":0.0,"enemies":"Sphere and 2 Shapes","floor":38.0,"turns":8.0},{"damage":55.0,"enemies":"Reptomancer","floor":41.0,"turns":6.0},{"damage":0.0,"enemies":"Spire Growth","floor":42.0,"turns":5.0},{"damage":0.0,"enemies":"Maw","floor":47.0,"turns":7.0},{"damage":0.0,"enemies":"Donu and Deca","floor":50.0,"turns":9.0},{"damage":34.0,"enemies":"Time Eater","floor":51.0,"turns":36.0},{"damage":52.0,"enemies":"Shield and Spear","floor":55.0,"turns":12.0},{"damage":42,"enemies":"The Heart","floor":56,"turns":8}],"seed_played":"-6905599457205600729","potions_obtained":[{"floor":1.0,"key":"SpeedPotion"},{"floor":7.0,"key":"Weak Potion"},{"floor":14.0,"key":"Strength Potion"},{"floor":16.0,"key":"Ancient Potion"},{"floor":18.0,"key":"Ancient Potion"},{"floor":21.0,"key":"Swift Potion"},{"floor":24.0,"key":"AttackPotion"},{"floor":30.0,"key":"SpeedPotion"},{"floor":31.0,"key":"Weak Potion"},{"floor":42.0,"key":"LiquidBronze"}],"is_trial":false,"path_per_floor":["M","M","M","?","$","R","E","R","T","E","$","M","M","M","R","B",null,"M","M","$","M","$","R","M","?","T","R","?","M","E","M","R","B",null,"M","M","?","M","?","R","E","M","T","T","R","T","M","$","R","B","B",null,"R","$","E","B"],"character_chosen":"DEFECT","items_purchased":["Defragment","Tempest","Discovery","Hologram"],"campfire_rested":1,"item_purchase_floors":[5,5,20,54],"current_hp_per_floor":[62,62,54,54,54,54,5,26,26,44,44,39,33,54,54,45,68,68,51,51,31,31,31,52,52,52,52,52,55,53,62,62,55,75,76,52,52,61,61,61,25,44,44,44,44,44,53,53,53,60,45,77,77,77,37,0],"gold":30,"neow_bonus":"HUNDRED_GOLD","is_prod":false,"is_daily":false,"chose_seed":false,"campfire_upgraded":8,"win_rate":0,"timestamp":1551265880,"path_taken":["M","M","M","?","$","R","E","R","T","E","$","?","M","M","R","BOSS","M","M","$","M","?","R","M","?","T","R","?","M","E","?","R","BOSS","M","?","?","M","?","R","E","M","T","?","R","?","?","$","R","BOSS","BOSS","R","$","E","BOSS"],"build_version":"2019-01-23","purchased_purges":4,"victory":false,"max_hp_per_floor":[71,71,71,71,71,71,71,71,71,71,71,71,73,75,75,75,75,75,75,75,77,77,77,79,79,79,79,79,79,79,81,81,81,81,83,83,83,85,85,85,85,85,85,85,85,85,87,87,87,87,87,87,87,87,87,87],"card_choices":[{"not_picked":["Scrape","Hologram"],"picked":"Cold Snap","floor":1.0},{"not_picked":["Streamline","Blizzard"],"picked":"Undo","floor":2.0},{"not_picked":["Lockon","Storm"],"picked":"Defragment","floor":3.0},{"not_picked":["Compile Driver","Rip and Tear"],"picked":"Self Repair","floor":7.0},{"not_picked":["Go for the Eyes","Compile Driver"],"picked":"Turbo","floor":10.0},{"not_picked":["Storm","Steam"],"picked":"Meteor Strike","floor":12.0},{"not_picked":["Sunder","Gash","Stack"],"picked":"Singing Bowl","floor":13.0},{"not_picked":["Consume","BootSequence","Melter"],"picked":"Singing Bowl","floor":14.0},{"not_picked":["Machine Learning","Core Surge"],"picked":"Fission","floor":16.0},{"not_picked":["Cold Snap","Redo"],"picked":"Conserve Battery+1","floor":18.0},{"not_picked":["Force Field+1","Barrage"],"picked":"Loop","floor":19.0},{"not_picked":["Sweeping Beam","Force Field","Rebound"],"picked":"Singing Bowl","floor":21.0},{"not_picked":["Storm","Conserve Battery","Consume"],"picked":"Singing Bowl","floor":24.0},{"not_picked":["Fusion","Sweeping Beam"],"picked":"Defragment","floor":29.0},{"not_picked":["Leap","Gash+1"],"picked":"Buffer","floor":30.0},{"not_picked":["Lockon","Rebound","Turbo"],"picked":"Singing Bowl","floor":31.0},{"not_picked":["Thunder Strike","Machine Learning"],"picked":"Seek","floor":33.0},{"not_picked":["Hologram","Cold Snap","Storm"],"picked":"Singing Bowl","floor":35.0},{"not_picked":["Sweeping Beam","Turbo"],"picked":"Coolheaded","floor":36.0},{"not_picked":["Steam","Go for the Eyes","Redo"],"picked":"Singing Bowl","floor":38.0},{"not_picked":["Coolheaded+1","Barrage"],"picked":"Biased Cognition","floor":41.0},{"not_picked":["Ball Lightning","Beam Cell+1"],"picked":"Recycle","floor":42.0},{"not_picked":["Steam","Leap","Cold Snap"],"picked":"Singing Bowl","floor":47.0},{"not_picked":["Static Discharge+1","Conserve Battery"],"picked":"Hologram+1","floor":55.0}],"player_experience":3199828,"relics_obtained":[{"floor":7.0,"key":"Meat on the Bone"},{"floor":10.0,"key":"Singing Bowl"},{"floor":26.0,"key":"Sundial"},{"floor":30.0,"key":"Tiny Chest"},{"floor":41.0,"key":"Potion Belt"},{"floor":55.0,"key":"FossilizedHelix"}],"event_choices":[{"cards_removed":["Strike_B"],"damage_healed":0.0,"max_hp_gain":0.0,"max_hp_loss":0.0,"gold_gain":0.0,"event_name":"Bonfire Elementals","player_choice":"Offered Basic","floor":4.0,"gold_loss":0.0,"damage_taken":0.0},{"damage_healed":0.0,"max_hp_gain":0.0,"max_hp_loss":0.0,"gold_gain":0.0,"event_name":"Match and Keep!","player_choice":"2 cards matched","floor":28.0,"gold_loss":0.0,"damage_taken":0.0,"cards_obtained":["Coolheaded","Chill"]},{"cards_removed":["Strike_B"],"damage_healed":0.0,"max_hp_gain":0.0,"max_hp_loss":0.0,"gold_gain":0.0,"event_name":"Falling","player_choice":"Removed Attack","floor":37.0,"gold_loss":0.0,"damage_taken":0.0},{"damage_healed":0.0,"max_hp_gain":0.0,"max_hp_loss":0.0,"gold_gain":0.0,"event_name":"Mysterious Sphere","player_choice":"Ignored","floor":39.0,"gold_loss":0.0,"damage_taken":0.0}],"is_beta":false,"boss_relics":[{"not_picked":["Philosopher\u0027s Stone","Empty Cage"],"picked":"Coffee Dripper"},{"not_picked":["White Beast Statue","Fusion Hammer"],"picked":"Cursed Key"}],"items_purged_floors":[5,11,48,54],"is_endless":false,"potions_floor_spawned":[1,7,14,16,18,21,24,30,31,36,42],"killed_by":"The Heart","ascension_level":20}