{"gold_per_floor":[112,112,37,49,60,60,60,78,160,170,170,170,248,248,248,344,344,359,359,379,379,402,440,440,440,440,440,471,495,410,330,330,428,428,452,27,50,50,74,74,112,445,445,445,460,65,95,95,95,95,95,95,95,95,126,126],"floor_reached":57,"playtime":2206,"items_purged":["Strike_R","Defend_R"],"score":3347,"play_id":"e365d8ca-4856-42e4-8697-e02a72327014","local_time":"20190414101837","is_ascension_mode":true,"campfire_choices":[{"data":"Body Slam","floor":6.0,"key":"SMITH"},{"data":"Second Wind","floor":11.0,"key":"SMITH"},{"data":"Disarm","floor":15.0,"key":"SMITH"},{"data":"Feel No Pain","floor":25,"key":"SMITH"},{"data":"Power Through","floor":27,"key":"SMITH"},{"data":"Offering","floor":32,"key":"SMITH"},{"floor":40,"key":"RECALL"},{"data":"Burning Pact","floor":44,"key":"SMITH"},{"data":"Offering","floor":49,"key":"SMITH"},{"data":"Shrug It Off","floor":53,"key":"SMITH"}],"neow_cost":"NONE","seed_source_timestamp":79022177480464,"circlet_count":0,"master_deck":["AscendersBane","Power Through+1","Dark Embrace+1","Body Slam+1","Disarm+1","Second Wind+1","Offering+1","Ghostly","Ghostly","Ghostly","Burning Pact+1","Feel No Pain+1","Power Through+1","Impervious","Shrug It Off+1","Offering+1","Juggernaut"],"special_seed":0,"relics":["Astrolabe","Dodecahedron","Whetstone","Nloth\u0027s Gift","Champion Belt","Strawberry","The Courier","Philosopher\u0027s Stone","Gremlin Horn","Pantograph","Prayer Wheel","Girya","Mummified Hand","TheAbacus","Regal Pillow","Sundial"],"potions_floor_usage":[56],"damage_taken":[{"damage":0.0,"enemies":"Small Slimes","floor":1.0,"turns":5.0},{"damage":14.0,"enemies":"Jaw Worm","floor":4.0,"turns":6.0},{"damage":5.0,"enemies":"2 Louse","floor":5.0,"turns":5.0},{"damage":0.0,"enemies":"2 Fungi Beasts","floor":8.0,"turns":4.0},{"damage":9.0,"enemies":"Red Slaver","floor":10.0,"turns":2.0},{"damage":0.0,"enemies":"Slime Boss","floor":16.0,"turns":4.0},{"damage":1,"enemies":"3 Byrds","floor":18,"turns":4},{"damage":1,"enemies":"2 Thieves","floor":20,"turns":3},{"damage":3,"enemies":"Snecko","floor":22,"turns":11},{"damage":1,"enemies":"Gremlin Leader","floor":23,"turns":5},{"damage":0,"enemies":"Book of Stabbing","floor":28,"turns":4},{"damage":0,"enemies":"Centurion and Healer","floor":29,"turns":5},{"damage":1,"enemies":"Champ","floor":33,"turns":7},{"damage":3,"enemies":"3 Shapes","floor":35,"turns":2},{"damage":0,"enemies":"3 Darklings","floor":37,"turns":3},{"damage":1,"enemies":"Maw","floor":39,"turns":5},{"damage":1,"enemies":"Giant Head","floor":41,"turns":5},{"damage":0,"enemies":"Jaw Worm Horde","floor":45,"turns":3},{"damage":1,"enemies":"Reptomancer","floor":47,"turns":2},{"damage":1,"enemies":"Time Eater","floor":50,"turns":8},{"damage":1,"enemies":"Awakened One","floor":51,"turns":7},{"damage":2,"enemies":"Shield and Spear","floor":55,"turns":1},{"damage":0,"enemies":"The Heart","floor":56,"turns":6}],"seed_played":"6407922052223616628","potions_obtained":[{"floor":4.0,"key":"SpeedPotion"},{"floor":8.0,"key":"Ancient Potion"},{"floor":23,"key":"Swift Potion"}],"is_trial":false,"path_per_floor":["M","?","$","M","M","R","$","M","T","M","R","?","T","?","R","B",null,"M","?","M","?","M","E","?","R","T","R","E","M","?","$","R","B",null,"M","$","M","?","M","R","E","?","T","R","M","$","E","$","R","B","B",null,"R","$","E","B",null],"character_chosen":"IRONCLAD","items_purchased":["Gremlin Horn","Pantograph","Mummified Hand","TheAbacus"],"campfire_rested":0,"item_purchase_floors":[36,36,46,46],"current_hp_per_floor":[68,73,73,59,54,54,54,54,54,45,45,45,45,45,45,45,65,64,36,35,35,32,31,31,31,31,31,38,38,38,38,38,37,42,39,39,39,39,38,38,37,37,37,37,37,37,36,36,36,42,42,43,43,43,41,43],"gold":126,"neow_bonus":"BOSS_RELIC","is_prod":false,"is_daily":false,"chose_seed":false,"campfire_upgraded":9,"win_rate":0,"timestamp":1555208317,"path_taken":["M","?","$","M","M","R","$","M","T","M","R","?","?","?","R","BOSS","M","?","M","?","M","E","?","R","T","R","E","?","?","$","R","BOSS","M","$","M","?","M","R","E","?","T","R","M","$","E","?","R","BOSS","BOSS","R","$","E","BOSS"],"build_version":"2019-01-23","purchased_purges":2,"victory":true,"max_hp_per_floor":[75,80,80,80,80,80,80,80,80,80,80,80,80,72,72,72,72,72,36,36,36,36,36,36,36,36,36,43,43,43,43,43,43,43,43,43,43,43,43,43,43,43,43,43,43,43,43,43,43,43,43,43,43,43,43,43],"card_choices":[{"not_picked":["Wild Strike","Thunderclap"],"picked":"Body Slam","floor":1.0},{"not_picked":["Intimidate","Heavy Blade"],"picked":"Disarm","floor":4.0},{"not_picked":["Blood for Blood","True Grit"],"picked":"Second Wind","floor":5.0},{"not_picked":["Searing Blow","Body Slam","Sever Soul"],"picked":"SKIP","floor":8.0},{"not_picked":["Hemokinesis","Clothesline","Berserk"],"picked":"SKIP","floor":10.0},{"not_picked":["Berserk","Demon Form"],"picked":"Offering","floor":16.0},{"not_picked":["Entrench","Warcry","Wild Strike"],"picked":"SKIP","floor":18},{"not_picked":["Pommel Strike","Spot Weakness"],"picked":"Burning Pact","floor":20},{"not_picked":["Corruption","Clothesline","Perfected Strike"],"picked":"SKIP","floor":22},{"not_picked":["Twin Strike","Body Slam","Cleave"],"picked":"SKIP","floor":23},{"not_picked":["Reaper","Heavy Blade","Wild Strike"],"picked":"SKIP","floor":28},{"not_picked":["Cleave","Sword Boomerang","Burning Pact"],"picked":"SKIP","floor":29},{"not_picked":["Brutality","Immolate"],"picked":"Impervious","floor":33},{"not_picked":["Sword Boomerang","Rupture+1","Heavy Blade"],"picked":"SKIP","floor":35},{"not_picked":["Disarm","Clothesline","Anger+1"],"picked":"SKIP","floor":37},{"not_picked":["Flame Barrier+1","Hemokinesis","Clash"],"picked":"SKIP","floor":39},{"not_picked":["Iron Wave","Thunderclap","Shrug It Off"],"picked":"SKIP","floor":41},{"not_picked":["Iron Wave","Thunderclap"],"picked":"Shrug It Off","floor":41},{"not_picked":["Shrug It Off","Fire Breathing"],"picked":"Offering","floor":45},{"not_picked":["Rage+1","Double Tap","Clothesline"],"picked":"SKIP","floor":45},{"not_picked":["Limit Break","Body Slam","Clash"],"picked":"SKIP","floor":47},{"not_picked":["Limit Break","Body Slam","Clash"],"picked":"SKIP","floor":47},{"not_picked":["Combust","Infernal Blade"],"picked":"Juggernaut","floor":55}],"player_experience":4281129,"relics_obtained":[{"floor":13.0,"key":"Dodecahedron"},{"floor":23,"key":"Whetstone"},{"floor":26,"key":"Champion Belt"},{"floor":28,"key":"Strawberry"},{"floor":41,"key":"Prayer Wheel"},{"floor":43,"key":"Girya"},{"floor":47,"key":"Regal Pillow"},{"floor":55,"key":"Sundial"}],"event_choices":[{"damage_healed":0.0,"max_hp_gain":5.0,"max_hp_loss":0.0,"gold_gain":0.0,"event_name":"Big Fish","player_choice":"Donut","floor":2.0,"gold_loss":0.0,"damage_taken":0.0},{"cards_removed":["Strike_R"],"damage_healed":0.0,"max_hp_gain":0.0,"max_hp_loss":0.0,"gold_gain":0.0,"event_name":"Living Wall","player_choice":"Forget","floor":12.0,"gold_loss":0.0,"damage_taken":0.0},{"damage_healed":0.0,"max_hp_gain":0.0,"max_hp_loss":8.0,"gold_gain":0.0,"event_name":"Golden Idol","player_choice":"Lose Max HP","floor":14.0,"gold_loss":0.0,"damage_taken":0.0,"relics_obtained":["Golden Idol"]},{"damage_healed":0,"gold_gain":0,"player_choice":"Became a Ghost","damage_taken":0,"max_hp_gain":0,"max_hp_loss":36,"event_name":"Ghosts","floor":19,"gold_loss":0,"cards_obtained":["Ghostly","Ghostly","Ghostly"]},{"damage_healed":0,"gold_gain":0,"cards_transformed":["Defend_R","Defend_R"],"player_choice":"Became Test Subject","damage_taken":0,"max_hp_gain":0,"max_hp_loss":0,"event_name":"Drug Dealer","floor":21,"gold_loss":0,"cards_obtained":["Feel No Pain","Power Through"]},{"damage_healed":0,"gold_gain":0,"player_choice":"Traded Relic","damage_taken":0,"relics_obtained":["Nloth\u0027s Gift"],"max_hp_gain":0,"max_hp_loss":0,"event_name":"N\u0027loth","floor":24,"relics_lost":["Empty Cage"],"gold_loss":0},{"damage_healed":0,"gold_gain":0,"player_choice":"Obtained Relic","damage_taken":0,"relics_obtained":["The Courier"],"max_hp_gain":0,"max_hp_loss":0,"event_name":"Addict","floor":30,"gold_loss":85},{"cards_removed":["Evolve"],"damage_healed":0,"gold_gain":0,"player_choice":"Removed Power","damage_taken":0,"max_hp_gain":0,"max_hp_loss":0,"event_name":"Falling","floor":38,"gold_loss":0},{"damage_healed":0,"gold_gain":333,"player_choice":"Gave Idol","damage_taken":0,"max_hp_gain":0,"max_hp_loss":0,"event_name":"The Moai Head","floor":42,"relics_lost":["Golden Idol"],"gold_loss":0}],"is_beta":false,"boss_relics":[{"not_picked":["Calling Bell","Tiny House"],"picked":"Empty Cage"},{"not_picked":["Fusion Hammer","Eternal Feather"],"picked":"Philosopher\u0027s Stone"}],"items_purged_floors":[3,31],"is_endless":false,"potions_floor_spawned":[4,8,18,20,22,23,35,41,47,55],"ascension_level":20}