{"gold_per_floor":[119,194,194,210,210,240,240,256,256,282,299,299,299,314,314],"floor_reached":15,"playtime":430,"items_purged":[],"score":285,"play_id":"74e9cfec-022f-49a3-b564-60da2ef23fed","local_time":"20190326131639","is_ascension_mode":true,"campfire_choices":[{"data":"Clash","floor":7,"key":"SMITH"},{"data":"Feed","floor":12,"key":"SMITH"}],"neow_cost":"","seed_source_timestamp":8190085170683,"circlet_count":0,"master_deck":["Defend_R","Defend_R","Evolve+1","Impervious","Second Wind","True Grit+1","Clash","Clash","Clash+1","Clash+1","Disarm","Feed+1"],"relics":["Burning Blood","Unceasing Top","Pen Nib","Anchor","Paper Frog","Gremlin Horn","Question Card","Toxic Egg 2"],"potions_floor_usage":[4],"damage_taken":[{"damage":0,"enemies":"Small Slimes","floor":1,"turns":3},{"damage":0,"enemies":"Jaw Worm","floor":4,"turns":2},{"damage":7,"enemies":"Gremlin Nob","floor":6,"turns":3},{"damage":2,"enemies":"Cultist","floor":8,"turns":4},{"damage":0,"enemies":"Lagavulin","floor":10,"turns":3},{"damage":0,"enemies":"Exordium Thugs","floor":11,"turns":3},{"damage":0,"enemies":"3 Louse","floor":14,"turns":1}],"seed_played":"-2191005294922542937","potions_obtained":[{"floor":1,"key":"Fruit Juice"},{"floor":4,"key":"LiquidBronze"},{"floor":10,"key":"SpeedPotion"}],"is_trial":true,"path_per_floor":["M","?","?","M","?","E","R","M","T","E","M","R","T","M","R"],"character_chosen":"IRONCLAD","items_purchased":[],"campfire_rested":0,"item_purchase_floors":[],"current_hp_per_floor":[74,63,40,51,51,50,50,57,57,66,75,75,75,85,85],"gold":314,"neow_bonus":"","is_prod":false,"is_daily":false,"chose_seed":false,"campfire_upgraded":2,"win_rate":0,"timestamp":1553577399,"path_taken":["M","?","?","M","?","E","R","M","T","E","?","R","?","M","R"],"build_version":"2019-01-23","purchased_purges":0,"victory":false,"max_hp_per_floor":[75,75,75,80,80,80,80,83,83,86,89,89,89,93,93],"card_choices":[{"not_picked":["Disarm","Shrug It Off","Havoc"],"picked":"SKIP","floor":1},{"not_picked":["Shrug It Off","Havoc"],"picked":"Disarm","floor":1},{"not_picked":["Iron Wave","Wild Strike","Disarm"],"picked":"SKIP","floor":4},{"not_picked":["True Grit","Metallicize","Feed"],"picked":"SKIP","floor":6},{"not_picked":["True Grit","Metallicize"],"picked":"Feed","floor":6},{"not_picked":["Headbutt","Power Through","Sword Boomerang"],"picked":"SKIP","floor":8},{"not_picked":["Thunderclap","Clothesline","Anger"],"picked":"SKIP","floor":10},{"not_picked":["Cleave","Searing Blow","Shockwave","Heavy Blade"],"picked":"SKIP","floor":11},{"not_picked":["Entrench+1","Headbutt","Heavy Blade","Armaments+1"],"picked":"SKIP","floor":14}],"player_experience":3878773,"relics_obtained":[{"floor":6,"key":"Paper Frog"},{"floor":9,"key":"Gremlin Horn"},{"floor":10,"key":"Question Card"},{"floor":13,"key":"Toxic Egg 2"}],"event_choices":[{"damage_healed":0,"gold_gain":75,"player_choice":"Gather Gold","damage_taken":11,"max_hp_gain":0,"max_hp_loss":0,"event_name":"World of Goop","floor":2,"gold_loss":0},{"damage_healed":0,"gold_gain":0,"player_choice":"Entered Light","damage_taken":23,"max_hp_gain":0,"max_hp_loss":0,"event_name":"Shining Light","floor":3,"gold_loss":0,"cards_upgraded":["Evolve","Clash"]},{"damage_healed":0,"gold_gain":0,"player_choice":"Upgraded","damage_taken":0,"max_hp_gain":0,"max_hp_loss":0,"event_name":"Upgrade Shrine","floor":5,"gold_loss":0,"cards_upgraded":["True Grit"]}],"is_beta":false,"boss_relics":[],"items_purged_floors":[],"is_endless":false,"potions_floor_spawned":[1,4,10,11],"ascension_level":20}