{"gold_per_floor":[114,125,125,140,140,140,154,186,186,186,186],"floor_reached":11,"playtime":258,"items_purged":[],"score":146,"play_id":"e053a144-7cd6-4aec-96e4-dcbed790cb1a","local_time":"20190307194632","is_ascension_mode":true,"campfire_choices":[{"data":"Sunder","floor":6,"key":"SMITH"},{"data":"Dualcast","floor":10,"key":"SMITH"}],"neow_cost":"NONE","seed_source_timestamp":30639495473917,"circlet_count":0,"master_deck":["AscendersBane","Strike_B","Strike_B","Strike_B","Defend_B","Defend_B","Defend_B","Defend_B","Zap","Dualcast+1","Hello World","Sunder+1","Coolheaded","Conserve Battery","Writhe"],"relics":["Cursed Key","The Courier","Ice Cream","Turnip"],"potions_floor_usage":[8],"damage_taken":[{"damage":2,"enemies":"Jaw Worm","floor":1,"turns":3},{"damage":0,"enemies":"Cultist","floor":2,"turns":3},{"damage":3,"enemies":"2 Louse","floor":4,"turns":2},{"damage":17,"enemies":"Exordium Wildlife","floor":7,"turns":4},{"damage":5,"enemies":"3 Sentries","floor":8,"turns":5},{"damage":69,"enemies":"Gremlin Nob","floor":11,"turns":4}],"seed_played":"6596015565317981753","potions_obtained":[{"floor":7,"key":"Fire Potion"}],"is_trial":false,"path_per_floor":["M","M","?","M","?","R","M","E","T","R","E"],"character_chosen":"DEFECT","items_purchased":[],"campfire_rested":0,"item_purchase_floors":[],"current_hp_per_floor":[62,62,62,59,59,59,42,37,37,37,0],"gold":186,"neow_bonus":"BOSS_RELIC","is_prod":false,"is_daily":false,"chose_seed":false,"campfire_upgraded":2,"win_rate":0,"timestamp":1551959192,"path_taken":["M","M","?","M","?","R","M","E","T","R","E"],"build_version":"2019-01-23","purchased_purges":0,"victory":false,"max_hp_per_floor":[71,71,71,71,71,71,71,71,71,71,71],"card_choices":[{"not_picked":["Steam","Rebound","Compile Driver"],"picked":"SKIP","floor":1},{"not_picked":["Beam Cell","Steam"],"picked":"Hello World","floor":2},{"not_picked":["Lockon","Redo","Go for the Eyes"],"picked":"SKIP","floor":4},{"not_picked":["Doom and Gloom","Streamline"],"picked":"Coolheaded","floor":7},{"not_picked":["Streamline","Go for the Eyes"],"picked":"Conserve Battery","floor":8}],"player_experience":3387511,"relics_obtained":[{"floor":5,"key":"The Courier"},{"floor":8,"key":"Ice Cream"},{"floor":9,"key":"Turnip"}],"event_choices":[{"damage_healed":0,"gold_gain":0,"cards_transformed":["Strike_B"],"player_choice":"Change","damage_taken":0,"max_hp_gain":0,"max_hp_loss":0,"event_name":"Living Wall","floor":3,"gold_loss":0,"cards_obtained":["Sunder"]},{"damage_healed":0,"gold_gain":0,"player_choice":"Relic","damage_taken":0,"max_hp_gain":0,"max_hp_loss":0,"event_name":"Wheel of Change","floor":5,"gold_loss":0}],"is_beta":false,"boss_relics":[],"items_purged_floors":[],"is_endless":false,"potions_floor_spawned":[7],"killed_by":"Gremlin Nob","ascension_level":20}