{"gold_per_floor":[114,264,277,144,164,164,239,270,270,270,545,564,564,575,575,646,646,658,573,73,90,100,100,25,25,107,107,107,107,107,107,107,181,181,201,76,76,76,93,93,120,120,169,184,216,216,236,253,253,253,253,253,253,103,135,135],"floor_reached":57,"playtime":2243,"items_purged":["Doubt","Regret","Strike_R","Strike_R"],"score":2887,"play_id":"1a2bbf7c-aa75-4a2d-897a-223fe9da7934","local_time":"20190801140701","is_ascension_mode":true,"campfire_choices":[{"data":"Body Slam","floor":6.0,"key":"SMITH"},{"data":"Shrug It Off","floor":10.0,"key":"SMITH"},{"data":"Battle Trance","floor":13.0,"key":"SMITH"},{"data":"Armaments","floor":15.0,"key":"SMITH"},{"data":"Barricade","floor":23.0,"key":"SMITH"},{"data":"Pommel Strike","floor":27.0,"key":"SMITH"},{"data":"Impervious","floor":30.0,"key":"SMITH"},{"data":"True Grit","floor":32.0,"key":"SMITH"},{"data":"Havoc","floor":40.0,"key":"SMITH"},{"floor":49.0,"key":"RECALL"},{"data":"Panacea","floor":53.0,"key":"SMITH"}],"neow_cost":"NONE","seed_source_timestamp":326429358427392,"circlet_count":0,"master_deck":["AscendersBane","Strike_R","Defend_R","Defend_R","Defend_R","Defend_R","Bash","Body Slam+1","Shrug It Off+1","Battle Trance+1","Armaments+1","Barricade+1","Impervious+1","Second Wind","Pommel Strike+1","True Grit+1","Havoc+1","Master of Strategy","Master of Strategy","Panacea+1","Power Through","Impervious"],"special_seed":0,"relics":["Burning Blood","NeowsBlessing","Mercury Hourglass","Torii","Orrery","Gremlin Horn","Medical Kit","Bag of Preparation","Meat on the Bone","Sozu","Centennial Puzzle","Happy Flower","Art of War"],"potions_floor_usage":[],"damage_taken":[{"damage":0.0,"enemies":"Cultist","floor":1.0,"turns":1.0},{"damage":0.0,"enemies":"2 Louse","floor":3.0,"turns":1.0},{"damage":0.0,"enemies":"Small Slimes","floor":5.0,"turns":1.0},{"damage":56.0,"enemies":"Lagavulin","floor":8.0,"turns":9.0},{"damage":9.0,"enemies":"Red Slaver","floor":12.0,"turns":4.0},{"damage":12.0,"enemies":"Looter","floor":14.0,"turns":3.0},{"damage":18.0,"enemies":"The Guardian","floor":16.0,"turns":16.0},{"damage":4.0,"enemies":"Spheric Guardian","floor":18.0,"turns":8.0},{"damage":17.0,"enemies":"Shell Parasite","floor":21.0,"turns":11.0},{"damage":14.0,"enemies":"Centurion and Healer","floor":22.0,"turns":13.0},{"damage":29.0,"enemies":"Collector","floor":33.0,"turns":10.0},{"damage":0.0,"enemies":"3 Darklings","floor":35.0,"turns":5.0},{"damage":0.0,"enemies":"Orb Walker","floor":39.0,"turns":3.0},{"damage":0.0,"enemies":"Giant Head","floor":41.0,"turns":6.0},{"damage":0.0,"enemies":"Writhing Mass","floor":44.0,"turns":5.0},{"damage":34.0,"enemies":"Reptomancer","floor":45.0,"turns":8.0},{"damage":7.0,"enemies":"Jaw Worm Horde","floor":47.0,"turns":5.0},{"damage":0.0,"enemies":"3 Darklings","floor":48.0,"turns":3.0},{"damage":0.0,"enemies":"Awakened One","floor":50.0,"turns":7.0},{"damage":0.0,"enemies":"Donu and Deca","floor":51.0,"turns":19.0},{"damage":1.0,"enemies":"Shield and Spear","floor":55.0,"turns":6.0},{"damage":65,"enemies":"The Heart","floor":56,"turns":12}],"seed_played":"-7797279434160855517","potions_obtained":[{"floor":3.0,"key":"Weak Potion"},{"floor":5.0,"key":"Regen Potion"},{"floor":12.0,"key":"SkillPotion"},{"floor":33.0,"key":"SteroidPotion"}],"is_trial":false,"path_per_floor":["M","?","M","$","M","R","?","E","T","R","?","M","R","M","R","B",null,"M","?","$","M","M","R","?","?","T","R","$","?","R","$","R","B",null,"M","$","?","?","M","R","E","$","T","M","E","?","M","M","R","B","B",null,"R","$","E","B",null],"character_chosen":"IRONCLAD","items_purchased":["Shrug It Off","Medical Kit","True Grit","Bag of Preparation"],"campfire_rested":0,"item_purchase_floors":[4,20,20,20],"current_hp_per_floor":[74,74,75,75,75,75,64,29,29,29,29,26,26,20,20,8,58,60,60,60,49,41,41,41,41,41,41,41,37,37,37,37,26,63,69,69,69,59,65,65,71,71,71,71,43,43,42,48,48,54,60,68,68,68,71,24],"gold":135,"neow_bonus":"THREE_ENEMY_KILL","is_prod":false,"is_daily":false,"chose_seed":false,"campfire_upgraded":10,"win_rate":0,"timestamp":1564636021,"path_taken":["M","?","M","$","M","R","?","E","T","R","?","?","R","M","R","BOSS","M","?","$","M","M","R","?","?","T","R","$","?","R","$","R","BOSS","M","$","?","?","M","R","E","$","T","M","E","?","M","?","R","BOSS","BOSS","R","$","E","BOSS"],"build_version":"2019-07-17","purchased_purges":4,"victory":true,"max_hp_per_floor":[75,75,75,75,75,75,75,75,75,75,75,75,75,75,75,75,75,75,75,75,75,75,75,75,75,75,75,75,75,75,75,75,75,75,75,75,71,71,71,71,71,71,71,71,71,71,71,71,71,71,71,71,71,71,71,71],"card_choices":[{"not_picked":["Havoc","Headbutt"],"picked":"Body Slam","floor":1.0},{"not_picked":["Entrench","Heavy Blade","Twin Strike"],"picked":"SKIP","floor":3.0},{"not_picked":["Body Slam","Heavy Blade","Flex"],"picked":"SKIP","floor":5.0},{"not_picked":["Double Tap","Reckless Charge"],"picked":"Battle Trance","floor":8.0},{"not_picked":["Shrug It Off","Heavy Blade","Anger"],"picked":"SKIP","floor":12.0},{"not_picked":["Hemokinesis","Brutality"],"picked":"Armaments","floor":14.0},{"not_picked":["Bludgeon","Feed"],"picked":"Barricade","floor":16.0},{"not_picked":["Sever Soul","Pommel Strike"],"picked":"Impervious","floor":17.0},{"not_picked":["Havoc","Pummel"],"picked":"Second Wind","floor":17.0},{"not_picked":["Battle Trance","Perfected Strike","Pommel Strike"],"picked":"SKIP","floor":18.0},{"not_picked":["Battle Trance","Perfected Strike"],"picked":"Pommel Strike","floor":18.0},{"not_picked":["Wild Strike","Clothesline","Perfected Strike"],"picked":"SKIP","floor":21.0},{"not_picked":["Iron Wave","Thunderclap","Intimidate"],"picked":"SKIP","floor":22.0},{"not_picked":["Thunderclap","Headbutt+1"],"picked":"Havoc","floor":35.0},{"not_picked":["Good Instincts","Flash of Steel"],"picked":"Master of Strategy","floor":38.0},{"not_picked":["Trip","The Bomb"],"picked":"Master of Strategy","floor":38.0},{"not_picked":["Dramatic Entrance","Mind Blast"],"picked":"Panacea","floor":38.0},{"not_picked":["Entrench","Iron Wave"],"picked":"Power Through","floor":39.0},{"not_picked":["Inflame+1","Immolate","Sword Boomerang"],"picked":"SKIP","floor":41.0},{"not_picked":["Clothesline","Clash","Thunderclap+1"],"picked":"SKIP","floor":44.0},{"not_picked":["Havoc+1","Warcry+1","Twin Strike"],"picked":"SKIP","floor":45.0},{"not_picked":["Cleave","Shockwave","Heavy Blade"],"picked":"SKIP","floor":47.0},{"not_picked":["Anger","Second Wind","Perfected Strike"],"picked":"SKIP","floor":48.0},{"not_picked":["Inflame","Clash+1","Flex"],"picked":"SKIP","floor":55.0}],"player_experience":719486,"relics_obtained":[{"floor":8.0,"key":"Mercury Hourglass"},{"floor":9.0,"key":"Torii"},{"floor":26.0,"key":"Meat on the Bone"},{"floor":41.0,"key":"Centennial Puzzle"},{"floor":45.0,"key":"Happy Flower"},{"floor":55.0,"key":"Art of War"}],"event_choices":[{"damage_healed":0.0,"max_hp_gain":0.0,"max_hp_loss":0.0,"gold_gain":150.0,"event_name":"Liars Game","player_choice":"AGREE","floor":2.0,"gold_loss":0.0,"damage_taken":0.0,"cards_obtained":["Doubt"]},{"damage_healed":0.0,"max_hp_gain":0.0,"max_hp_loss":0.0,"gold_gain":75.0,"event_name":"World of Goop","player_choice":"Gather Gold","floor":7.0,"gold_loss":0.0,"damage_taken":11.0},{"damage_healed":0.0,"max_hp_gain":0.0,"max_hp_loss":0.0,"gold_gain":275.0,"event_name":"Golden Shrine","player_choice":"Desecrate","floor":11.0,"gold_loss":0.0,"damage_taken":0.0,"cards_obtained":["Regret"]},{"damage_healed":0.0,"max_hp_gain":0.0,"max_hp_loss":0.0,"gold_gain":0.0,"event_name":"Addict","player_choice":"Obtained Relic","floor":19.0,"gold_loss":85.0,"damage_taken":0.0,"relics_obtained":["Gremlin Horn"]},{"cards_removed":["Strike_R"],"damage_healed":0.0,"max_hp_gain":0.0,"max_hp_loss":0.0,"gold_gain":0.0,"event_name":"Beggar","player_choice":"Gave Gold","floor":24.0,"gold_loss":75.0,"damage_taken":0.0},{"damage_healed":0.0,"max_hp_gain":0.0,"max_hp_loss":0.0,"gold_gain":0.0,"event_name":"Vampires","player_choice":"Ignored","floor":25.0,"gold_loss":0.0,"damage_taken":0.0},{"damage_healed":0.0,"max_hp_gain":0.0,"max_hp_loss":0.0,"gold_gain":0.0,"event_name":"The Woman in Blue","player_choice":"Bought 0 Potions","floor":29.0,"gold_loss":0.0,"damage_taken":0.0},{"damage_healed":0.0,"max_hp_gain":0.0,"max_hp_loss":4.0,"gold_gain":0.0,"event_name":"Winding Halls","player_choice":"Max HP","floor":37.0,"gold_loss":0.0,"damage_taken":0.0},{"damage_healed":0.0,"max_hp_gain":0.0,"max_hp_loss":0.0,"gold_gain":0.0,"event_name":"SensoryStone","player_choice":"Memory 3","floor":38.0,"gold_loss":0.0,"damage_taken":10.0},{"damage_healed":0.0,"max_hp_gain":0.0,"max_hp_loss":0.0,"gold_gain":0.0,"cards_transformed":["Strike_R"],"event_name":"Transmorgrifier","player_choice":"Transformed","floor":46.0,"gold_loss":0.0,"damage_taken":0.0,"cards_obtained":["Impervious"]}],"is_beta":false,"boss_relics":[{"not_picked":["Busted Crown","Mark of Pain"],"picked":"Orrery"},{"not_picked":["Cursed Key","Black Star"],"picked":"Sozu"}],"items_purged_floors":[4,20,36,54],"is_endless":false,"potions_floor_spawned":[3,5,12,33,41,44,47],"ascension_level":20}