{"gold_per_floor":[16,16,16,31,106,106,123,137,184,219,236,2,14,26,26,100,100,114,114,114,164,64,64,95,95,146,146,146,173,173,48,48,124,124,144,155,155,155,201,201,201,201,201,201,201,201,160,170,170,170,170],"floor_reached":51,"playtime":1769,"items_purged":["Strike_G","Strike_G","Strike_G"],"score":1254,"play_id":"7b31e4d2-03cb-49dc-9773-0e5f7eb7fba1","local_time":"20190804130323","is_ascension_mode":true,"campfire_choices":[{"data":"Blade Dance","floor":6.0,"key":"SMITH"},{"floor":15.0,"key":"REST"},{"data":"A Thousand Cuts","floor":23.0,"key":"SMITH"},{"floor":25.0,"key":"REST"},{"data":"Neutralize","floor":28.0,"key":"SMITH"},{"data":"Choke","floor":30.0,"key":"SMITH"},{"data":"Noxious Fumes","floor":32.0,"key":"SMITH"},{"data":"Well Laid Plans","floor":40.0,"key":"SMITH"},{"floor":41.0,"key":"REST"},{"floor":45.0,"key":"RECALL"},{"data":"Grand Finale","floor":49.0,"key":"SMITH"}],"neow_cost":"NO_GOLD","seed_source_timestamp":0,"circlet_count":0,"master_deck":["AscendersBane","Defend_G","Defend_G","Defend_G","Defend_G","Survivor","Neutralize+1","Die Die Die","Choke+1","Blade Dance+1","Heel Hook","Well Laid Plans+1","Noxious Fumes+1","A Thousand Cuts+1","Backflip+1","Acrobatics+1","Calculated Gamble+1","Grand Finale+1","Acrobatics+1","Escape Plan","Well Laid Plans"],"special_seed":0,"relics":["Ring of the Snake","PreservedInsect","Lantern","Philosopher\u0027s Stone","WingedGreaves","Boot","Blood Vial","Calling Bell","Juzu Bracelet","Dodecahedron","Nunchaku","Incense Burner"],"potions_floor_usage":[51],"damage_taken":[{"damage":3.0,"enemies":"Cultist","floor":1.0,"turns":5.0},{"damage":7.0,"enemies":"Small Slimes","floor":4.0,"turns":4.0},{"damage":4.0,"enemies":"2 Louse","floor":7.0,"turns":2.0},{"damage":11.0,"enemies":"Blue Slaver","floor":8.0,"turns":4.0},{"damage":2.0,"enemies":"3 Sentries","floor":10.0,"turns":3.0},{"damage":0.0,"enemies":"Large Slime","floor":11.0,"turns":3.0},{"damage":17.0,"enemies":"Gremlin Gang","floor":13.0,"turns":3.0},{"damage":11.0,"enemies":"Exordium Thugs","floor":14.0,"turns":4.0},{"damage":20.0,"enemies":"Slime Boss","floor":16.0,"turns":9.0},{"damage":17.0,"enemies":"3 Byrds","floor":18.0,"turns":5.0},{"damage":28.0,"enemies":"Book of Stabbing","floor":24.0,"turns":3.0},{"damage":7.0,"enemies":"Gremlin Leader","floor":29.0,"turns":4.0},{"damage":37.0,"enemies":"Collector","floor":33.0,"turns":9.0},{"damage":7.0,"enemies":"Orb Walker","floor":35.0,"turns":3.0},{"damage":7.0,"enemies":"3 Shapes","floor":36.0,"turns":6.0},{"damage":24.0,"enemies":"2 Orb Walkers","floor":39.0,"turns":2.0},{"damage":20.0,"enemies":"Spire Growth","floor":48.0,"turns":6.0},{"damage":25,"enemies":"Awakened One","floor":50,"turns":8},{"damage":7,"enemies":"Donu and Deca","floor":51,"turns":2}],"seed_played":"-5326163386944022956","potions_obtained":[{"floor":1.0,"key":"Regen Potion"},{"floor":8.0,"key":"Explosive Potion"},{"floor":10.0,"key":"GhostInAJar"},{"floor":13.0,"key":"Regen Potion"},{"floor":18.0,"key":"Swift Potion"},{"floor":33.0,"key":"SteroidPotion"},{"floor":36.0,"key":"Strength Potion"}],"is_trial":false,"path_per_floor":["M","$","?","M","?","R","M","M","T","E","M","$","M","M","R","B",null,"M","$","?","?","$","R","E","R","T","?","R","E","R","$","R","B",null,"M","M","?","?","?","R","R","?","T","$","R","?","$","M","R","B","B"],"character_chosen":"THE_SILENT","items_purchased":["Well Laid Plans","GamblersBrew","Escape Plan"],"campfire_rested":3,"item_purchase_floors":[12,12,47],"current_hp_per_floor":[56,56,56,49,38,38,39,28,28,26,26,26,9,10,29,9,52,35,35,35,35,35,35,7,26,26,66,66,59,59,59,59,24,56,51,46,46,46,24,24,43,43,43,43,43,43,43,25,25,2,0],"gold":170,"neow_bonus":"THREE_RARE_CARDS","is_prod":false,"is_daily":false,"chose_seed":false,"campfire_upgraded":7,"win_rate":0,"timestamp":1564895003,"path_taken":["M","$","?","M","?","R","M","M","T","E","M","$","M","M","R","BOSS","M","$","?","?","$","R","E","R","T","?","R","E","R","$","R","BOSS","M","M","?","?","?","R","R","?","T","$","R","?","$","M","R","BOSS","BOSS"],"build_version":"2019-07-17","purchased_purges":3,"victory":false,"max_hp_per_floor":[66,66,66,66,66,66,66,66,66,66,66,66,66,66,66,66,66,66,66,66,66,66,66,66,66,66,66,66,66,66,66,66,66,66,66,66,66,66,66,66,66,63,63,63,63,63,63,63,63,63,63],"card_choices":[{"not_picked":["Burst","Glass Knife"],"picked":"Die Die Die","floor":0.0},{"not_picked":["Masterful Stab","Cloak And Dagger","Outmaneuver"],"picked":"SKIP","floor":1.0},{"not_picked":["Riddle With Holes","Dodge and Roll"],"picked":"Blade Dance","floor":4.0},{"not_picked":["Heel Hook","Poisoned Stab","Flying Knee"],"picked":"SKIP","floor":7.0},{"not_picked":["Poisoned Stab","Flying Knee"],"picked":"Heel Hook","floor":7.0},{"not_picked":["Acrobatics","Deflect","Cloak And Dagger"],"picked":"SKIP","floor":8.0},{"not_picked":["Bane","Bouncing Flask","Eviscerate"],"picked":"SKIP","floor":10.0},{"not_picked":["Poisoned Stab","Concentrate","Blade Dance"],"picked":"SKIP","floor":11.0},{"not_picked":["Poisoned Stab","Concentrate","Blade Dance"],"picked":"SKIP","floor":11.0},{"not_picked":["PiercingWail","Expertise"],"picked":"Noxious Fumes","floor":13.0},{"not_picked":["Dagger Spray","Flying Knee","Blade Dance"],"picked":"SKIP","floor":14.0},{"not_picked":["Burst","Storm of Steel"],"picked":"A Thousand Cuts","floor":16.0},{"not_picked":["Well Laid Plans","Terror"],"picked":"Backflip+1","floor":18.0},{"not_picked":["Backstab+1","Outmaneuver","Blade Dance"],"picked":"SKIP","floor":24.0},{"not_picked":["Cloak And Dagger","Crippling Poison"],"picked":"Acrobatics+1","floor":29.0},{"not_picked":["Reflex","Quick Slash","Dodge and Roll"],"picked":"SKIP","floor":35.0},{"not_picked":["Flechettes+1","Dash+1"],"picked":"Calculated Gamble+1","floor":36.0},{"not_picked":["Malaise","Acrobatics"],"picked":"Well Laid Plans","floor":48.0}],"player_experience":719651,"relics_obtained":[{"floor":9.0,"key":"PreservedInsect"},{"floor":10.0,"key":"Lantern"},{"floor":24.0,"key":"WingedGreaves"},{"floor":26.0,"key":"Boot"},{"floor":29.0,"key":"Blood Vial"},{"floor":34.0,"key":"Juzu Bracelet"},{"floor":34.0,"key":"Dodecahedron"},{"floor":34.0,"key":"Nunchaku"},{"floor":39.0,"key":"Incense Burner"}],"event_choices":[{"damage_healed":0.0,"max_hp_gain":0.0,"max_hp_loss":0.0,"gold_gain":0.0,"cards_transformed":["Strike_G"],"event_name":"Living Wall","player_choice":"Change","floor":3.0,"gold_loss":0.0,"damage_taken":0.0,"cards_obtained":["Choke"]},{"damage_healed":0.0,"max_hp_gain":0.0,"max_hp_loss":0.0,"gold_gain":75.0,"event_name":"World of Goop","player_choice":"Gather Gold","floor":5.0,"gold_loss":0.0,"damage_taken":11.0},{"damage_healed":0.0,"max_hp_gain":0.0,"max_hp_loss":0.0,"gold_gain":0.0,"event_name":"Vampires","player_choice":"Ignored","floor":20.0,"gold_loss":0.0,"damage_taken":0.0},{"damage_healed":0.0,"max_hp_gain":0.0,"max_hp_loss":0.0,"gold_gain":50.0,"event_name":"Nest","player_choice":"Stole From Cult","floor":21.0,"gold_loss":0.0,"damage_taken":0.0},{"damage_healed":40.0,"max_hp_gain":0.0,"max_hp_loss":0.0,"gold_gain":0.0,"event_name":"Wheel of Change","player_choice":"Full Heal","floor":27.0,"gold_loss":0.0,"damage_taken":0.0},{"damage_healed":0.0,"max_hp_gain":0.0,"max_hp_loss":0.0,"gold_gain":0.0,"cards_transformed":["Strike_G"],"event_name":"Transmorgrifier","player_choice":"Transformed","floor":37.0,"gold_loss":0.0,"damage_taken":0.0,"cards_obtained":["Grand Finale"]},{"cards_removed":["Defend_G"],"damage_healed":0.0,"max_hp_gain":0.0,"max_hp_loss":0.0,"gold_gain":0.0,"event_name":"Falling","player_choice":"Removed Skill","floor":38.0,"gold_loss":0.0,"damage_taken":0.0},{"damage_healed":0.0,"max_hp_gain":0.0,"max_hp_loss":0.0,"gold_gain":0.0,"event_name":"Mysterious Sphere","player_choice":"Fight","floor":39.0,"gold_loss":0.0,"damage_taken":0.0},{"damage_healed":0.0,"max_hp_gain":0.0,"max_hp_loss":3.0,"gold_gain":0.0,"event_name":"Winding Halls","player_choice":"Max HP","floor":42.0,"gold_loss":0.0,"damage_taken":0.0},{"damage_healed":0.0,"max_hp_gain":0.0,"max_hp_loss":0.0,"gold_gain":0.0,"event_name":"Duplicator","player_choice":"Copied","floor":46.0,"gold_loss":0.0,"damage_taken":0.0,"cards_obtained":["Acrobatics"]}],"is_beta":false,"boss_relics":[{"not_picked":["White Beast Statue","WristBlade"],"picked":"Philosopher\u0027s Stone"},{"not_picked":["Coffee Dripper","Cursed Key"],"picked":"Calling Bell"}],"items_purged_floors":[12,22,31],"is_endless":false,"potions_floor_spawned":[1,8,10,13,18,33,36],"killed_by":"Donu and Deca","ascension_level":20}