{"gold_per_floor":[109,123,34,45,45,45,79,79,105,134,148,177,177],"floor_reached":13,"playtime":366,"items_purged":[],"score":186,"play_id":"55839ec8-4f22-43e6-b873-1febcdeaccf0","local_time":"20190506085413","is_ascension_mode":true,"campfire_choices":[{"data":"Darkness","floor":6.0,"key":"SMITH"},{"floor":8.0,"key":"REST"}],"neow_cost":"NONE","seed_source_timestamp":1509314808415,"circlet_count":0,"master_deck":["AscendersBane","Strike_B","Strike_B","Strike_B","Strike_B","Defend_B","Defend_B","Defend_B","Defend_B","Zap","Dualcast","White Noise","Chill","Heatsinks","Darkness+1","Coolheaded"],"special_seed":0,"relics":["Cracked Core","NeowsBlessing","Strawberry","Bag of Marbles","PreservedInsect","Blood Vial","Odd Mushroom"],"potions_floor_usage":[13],"damage_taken":[{"damage":0.0,"enemies":"Jaw Worm","floor":1.0,"turns":1.0},{"damage":0.0,"enemies":"2 Louse","floor":2.0,"turns":1.0},{"damage":0.0,"enemies":"Small Slimes","floor":4.0,"turns":1.0},{"damage":71.0,"enemies":"Gremlin Nob","floor":7.0,"turns":5.0},{"damage":19.0,"enemies":"3 Sentries","floor":10.0,"turns":6.0},{"damage":8.0,"enemies":"Gremlin Gang","floor":11.0,"turns":6.0},{"damage":15,"enemies":"The Mushroom Lair","floor":12,"turns":7},{"damage":25,"enemies":"Gremlin Nob","floor":13,"turns":3}],"seed_played":"-2107274452564675813","potions_obtained":[{"floor":1.0,"key":"Regen Potion"},{"floor":4.0,"key":"Regen Potion"},{"floor":10.0,"key":"SkillPotion"},{"floor":12,"key":"Weak Potion"}],"is_trial":false,"path_per_floor":["M","M","$","M","?","R","E","R","T","E","M","?","E"],"character_chosen":"DEFECT","items_purchased":["Heatsinks"],"campfire_rested":1,"item_purchase_floors":[3],"current_hp_per_floor":[64,64,64,64,66,66,7,30,30,26,20,7,0],"gold":177,"neow_bonus":"THREE_ENEMY_KILL","is_prod":false,"is_daily":false,"chose_seed":false,"campfire_upgraded":1,"win_rate":0,"timestamp":1557104053,"path_taken":["M","M","$","M","?","R","E","R","T","E","M","?","E"],"build_version":"2019-01-23","purchased_purges":0,"victory":false,"max_hp_per_floor":[71,71,71,71,78,78,78,78,78,78,78,78,78],"card_choices":[{"not_picked":["Fusion","Doom and Gloom"],"picked":"White Noise","floor":1.0},{"not_picked":["Steam","Turbo"],"picked":"Chill","floor":2.0},{"not_picked":["Go for the Eyes","All For One"],"picked":"Darkness","floor":4.0},{"not_picked":["Darkness","Heatsinks","Reprogram"],"picked":"SKIP","floor":7.0},{"not_picked":["Barrage","Scrape","Aggregate"],"picked":"SKIP","floor":10.0},{"not_picked":["Compile Driver","Sweeping Beam","Leap"],"picked":"SKIP","floor":11.0},{"not_picked":["Compile Driver","Streamline"],"picked":"Coolheaded","floor":12}],"player_experience":4608768,"relics_obtained":[{"floor":7.0,"key":"Bag of Marbles"},{"floor":9.0,"key":"PreservedInsect"},{"floor":10.0,"key":"Blood Vial"},{"floor":12,"key":"Odd Mushroom"}],"event_choices":[{"damage_healed":0.0,"max_hp_gain":0.0,"max_hp_loss":0.0,"gold_gain":0.0,"event_name":"Scrap Ooze","player_choice":"Success","floor":5.0,"gold_loss":0.0,"damage_taken":5.0,"relics_obtained":["Strawberry"]},{"damage_healed":0,"gold_gain":0,"player_choice":"Fought Mushrooms","damage_taken":0,"max_hp_gain":0,"max_hp_loss":0,"event_name":"Mushrooms","floor":12,"gold_loss":0}],"is_beta":false,"boss_relics":[],"items_purged_floors":[],"is_endless":false,"potions_floor_spawned":[1,4,10,12],"killed_by":"Gremlin Nob","ascension_level":20}