{"gold_per_floor":[112,37,37,37,37,66,79,96,167,107,125,140,140],"floor_reached":13,"playtime":429,"items_purged":["Strike_G"],"score":220,"play_id":"4637a964-a2c2-4329-855e-b70b1746fb9f","local_time":"20190629171802","is_ascension_mode":true,"campfire_choices":[],"neow_cost":"NONE","seed_source_timestamp":76922849908821,"circlet_count":0,"master_deck":["AscendersBane","Defend_G","Defend_G","Defend_G","Defend_G","Defend_G","Strike_G","Strike_G","Strike_G","Survivor","Neutralize","Escape Plan","Crippling Poison","Acrobatics","Underhanded Strike"],"relics":["Ring of the Snake","NeowsBlessing","Snake Skull","Paper Crane"],"potions_floor_usage":[10],"damage_taken":[{"damage":0,"enemies":"Cultist","floor":1,"turns":1},{"damage":0,"enemies":"3 Sentries","floor":6,"turns":1},{"damage":0,"enemies":"2 Louse","floor":7,"turns":1},{"damage":1,"enemies":"Small Slimes","floor":8,"turns":6},{"damage":1,"enemies":"Looter","floor":10,"turns":5},{"damage":2,"enemies":"Exordium Thugs","floor":11,"turns":5},{"damage":7,"enemies":"3 Louse","floor":12,"turns":4},{"damage":37,"enemies":"Lagavulin","floor":13,"turns":8}],"seed_played":"7038917232433775580","potions_obtained":[{"floor":5,"key":"SpeedPotion"},{"floor":5,"key":"SteroidPotion"},{"floor":8,"key":"Regen Potion"},{"floor":11,"key":"Ancient Potion"}],"is_trial":false,"path_per_floor":["M","$","?","$","?","E","M","M","T","M","M","M","E"],"character_chosen":"THE_SILENT","items_purchased":[],"campfire_rested":0,"item_purchase_floors":[],"current_hp_per_floor":[59,59,59,59,59,59,59,58,58,66,64,57,20],"gold":140,"neow_bonus":"THREE_ENEMY_KILL","is_prod":false,"is_daily":false,"chose_seed":false,"campfire_upgraded":0,"win_rate":0,"timestamp":1561799882,"path_taken":["M","$","?","?","?","E","?","M","T","M","M","M","E"],"build_version":"2019-01-23","purchased_purges":1,"victory":false,"max_hp_per_floor":[66,66,66,66,66,66,66,66,66,66,66,66,66],"card_choices":[{"not_picked":["Dagger Spray","Dodge and Roll","Quick Slash"],"picked":"SKIP","floor":1},{"not_picked":["Predator","Flechettes","Heel Hook"],"picked":"SKIP","floor":6},{"not_picked":["Predator","Crippling Poison","Dagger Throw"],"picked":"SKIP","floor":7},{"not_picked":["Terror","Sucker Punch"],"picked":"Escape Plan","floor":8},{"not_picked":["Bane","Backstab"],"picked":"Crippling Poison","floor":10},{"not_picked":["Dodge and Roll","Adrenaline"],"picked":"Acrobatics","floor":11},{"not_picked":["Acrobatics","Cloak And Dagger"],"picked":"Underhanded Strike","floor":12}],"player_experience":1494366,"relics_obtained":[{"floor":6,"key":"Snake Skull"},{"floor":9,"key":"Paper Crane"}],"event_choices":[{"cards_removed":["Strike_G"],"damage_healed":0,"gold_gain":0,"player_choice":"Purged","damage_taken":0,"max_hp_gain":0,"max_hp_loss":0,"event_name":"Purifier","floor":3,"gold_loss":0},{"damage_healed":0,"gold_gain":0,"player_choice":"Got Potions","damage_taken":0,"max_hp_gain":0,"max_hp_loss":0,"event_name":"Lab","floor":5,"gold_loss":0}],"is_beta":false,"boss_relics":[],"items_purged_floors":[2],"is_endless":false,"potions_floor_spawned":[8,11,12],"killed_by":"Lagavulin","ascension_level":20}