{"gold_per_floor":[213,230,405,423,153,153,166,166,166,183,183,200,200,100,100,195,195,207,227,239,255,56,56,73,73,73,73,73,73,108,124,124,219,219,239,239,93,113,113,113,128,146,146,146,166,192,192,192,192,192],"floor_reached":51,"playtime":2234,"items_purged":["Doubt","Strike_G","Strike_G"],"score":769,"play_id":"10aed0ab-d6d1-4705-9783-0eda2793a781","local_time":"20181023173325","is_ascension_mode":false,"campfire_choices":[{"data":"Noxious Fumes","floor":6.0,"key":"SMITH"},{"data":"Tools of the Trade","floor":8.0,"key":"SMITH"},{"data":"Footwork","floor":11.0,"key":"SMITH"},{"data":"Deadly Poison","floor":13.0,"key":"SMITH"},{"data":"Neutralize","floor":15.0,"key":"SMITH"},{"data":"Well Laid Plans","floor":23.0,"key":"SMITH"},{"data":"Catalyst","floor":25.0,"key":"SMITH"},{"data":"Malaise","floor":27.0,"key":"SMITH"},{"data":"Glass Knife","floor":29.0,"key":"SMITH"},{"data":"Blur","floor":32.0,"key":"SMITH"},{"data":"Burst","floor":40,"key":"SMITH"},{"data":"Backflip","floor":44,"key":"SMITH"},{"data":"Dodge and Roll","floor":47,"key":"SMITH"},{"data":"Survivor","floor":49,"key":"SMITH"}],"neow_cost":"NONE","seed_source_timestamp":27601930262220,"circlet_count":0,"master_deck":["Defend_G","Defend_G","Defend_G","Defend_G","Defend_G","Survivor+1","Neutralize+1","Footwork+1","Noxious Fumes+1","Tools of the Trade+1","Deadly Poison+1","Malaise+1","Catalyst+1","Blur+1","Deadly Poison+1","Glass Knife+1","Dodge and Roll+1","Well Laid Plans+1","Dodge and Roll+1","Footwork+1","Burst+1","PiercingWail+1","Expertise+1","Terror+1","Backflip+1","Dark Shackles","Parasite"],"special_seed":0,"relics":["Ring of the Snake","TwistedFunnel","Centennial Puzzle","Orrery","Tough Bandages","Red Mask","Astrolabe","Oddly Smooth Stone","Calipers","Paper Crane"],"potions_floor_usage":[],"damage_taken":[{"damage":1.0,"enemies":"2 Louse","floor":1.0,"turns":3.0},{"damage":0.0,"enemies":"Small Slimes","floor":2.0,"turns":3.0},{"damage":1.0,"enemies":"Jaw Worm","floor":4.0,"turns":6.0},{"damage":4.0,"enemies":"Exordium Wildlife","floor":7.0,"turns":3.0},{"damage":0.0,"enemies":"Blue Slaver","floor":10.0,"turns":4.0},{"damage":0.0,"enemies":"3 Louse","floor":12.0,"turns":4.0},{"damage":23.0,"enemies":"Slime Boss","floor":16.0,"turns":10.0},{"damage":0.0,"enemies":"3 Byrds","floor":18.0,"turns":5.0},{"damage":7.0,"enemies":"2 Thieves","floor":19.0,"turns":5.0},{"damage":23.0,"enemies":"3 Cultists","floor":20.0,"turns":8.0},{"damage":9.0,"enemies":"Snake Plant","floor":21.0,"turns":5.0},{"damage":1.0,"enemies":"Centurion and Healer","floor":24.0,"turns":7.0},{"damage":0.0,"enemies":"Masked Bandits","floor":30.0,"turns":5.0},{"damage":0.0,"enemies":"Cultist and Chosen","floor":31.0,"turns":4.0},{"damage":0.0,"enemies":"Champ","floor":33.0,"turns":10.0},{"damage":0,"enemies":"Orb Walker","floor":35,"turns":5},{"damage":0,"enemies":"3 Darklings","floor":38,"turns":5},{"damage":0,"enemies":"Maw","floor":41,"turns":7},{"damage":0,"enemies":"Writhing Mass","floor":42,"turns":6},{"damage":2,"enemies":"3 Darklings","floor":45,"turns":6},{"damage":0,"enemies":"Nemesis","floor":46,"turns":7},{"damage":9,"enemies":"Donu and Deca","floor":50,"turns":11}],"seed_played":"-3135661645446469338","potions_obtained":[{"floor":2.0,"key":"Fruit Juice"},{"floor":7.0,"key":"SneckoOil"},{"floor":10.0,"key":"SkillPotion"},{"floor":19.0,"key":"GamblersBrew"},{"floor":21.0,"key":"Poison Potion"},{"floor":24.0,"key":"SkillPotion"},{"floor":31.0,"key":"Block Potion"}],"is_trial":false,"path_per_floor":["M","M","?","M","$","R","M","R","T","M","R","M","R","$","R","B",null,"M","M","M","M","$","R","M","R","T","R","?","R","?","M","R","B",null,"M","?","$","M","?","R","M","M","T","R","M","E","R","?","R","B"],"character_chosen":"THE_SILENT","items_purchased":["TwistedFunnel","Well Laid Plans","Oddly Smooth Stone"],"campfire_rested":0,"item_purchase_floors":[5,22,37],"current_hp_per_floor":[69,69,69,68,68,68,69,69,69,69,69,69,69,69,69,46,75,75,68,45,36,36,36,35,35,35,35,21,21,21,21,21,21,80,80,80,80,80,76,76,76,76,76,76,74,74,74,74,74,65],"gold":192,"neow_bonus":"HUNDRED_GOLD","is_prod":false,"is_daily":false,"chose_seed":false,"campfire_upgraded":14,"win_rate":0,"timestamp":1540287205,"path_taken":["M","M","?","M","$","R","M","R","T","M","R","M","R","$","R","BOSS","M","M","M","M","$","R","M","R","T","R","?","R","?","M","R","BOSS","M","?","$","M","?","R","M","M","T","R","M","E","R","?","R","BOSS"],"build_version":"2018-10-18","purchased_purges":3,"victory":true,"max_hp_per_floor":[70,70,70,70,70,70,75,75,75,75,75,75,75,75,75,75,75,75,75,75,75,75,75,75,75,75,75,80,80,80,80,80,80,80,80,80,80,80,76,76,76,76,76,76,76,76,76,76,76,76],"card_choices":[{"not_picked":["Flying Knee","Deflect"],"picked":"Footwork","floor":1.0},{"not_picked":["Dodge and Roll","Backflip"],"picked":"Noxious Fumes","floor":2.0},{"not_picked":["Distraction","Quick Slash","Dagger Throw"],"picked":"SKIP","floor":4.0},{"not_picked":["Dodge and Roll","Calculated Gamble"],"picked":"Tools of the Trade","floor":7.0},{"not_picked":["Dagger Throw","Heel Hook","All Out Attack"],"picked":"SKIP","floor":10.0},{"not_picked":["Dagger Spray","Eviscerate"],"picked":"Deadly Poison","floor":12.0},{"not_picked":["After Image","Glass Knife"],"picked":"Malaise","floor":16.0},{"not_picked":["Heel Hook","Bane"],"picked":"Catalyst","floor":17.0},{"not_picked":["Dagger Spray","PiercingWail"],"picked":"Blur","floor":17.0},{"not_picked":["Quick Slash","Acrobatics","Predator"],"picked":"SKIP","floor":18.0},{"not_picked":["Dagger Throw","Outmaneuver"],"picked":"Deadly Poison+1","floor":19.0},{"not_picked":["Slice+1","Backstab"],"picked":"Glass Knife","floor":20.0},{"not_picked":["Accuracy+1","Acrobatics"],"picked":"Dodge and Roll","floor":21.0},{"not_picked":["Caltrops","Heel Hook","Eviscerate"],"picked":"SKIP","floor":24.0},{"not_picked":["Dagger Throw","Deflect"],"picked":"Dodge and Roll+1","floor":30.0},{"not_picked":["All Out Attack","Poisoned Stab"],"picked":"Footwork+1","floor":31.0},{"not_picked":["Adrenaline","Envenom"],"picked":"Burst","floor":33.0},{"not_picked":["Underhanded Strike","Dodge and Roll+1"],"picked":"Backflip","floor":35},{"not_picked":["Panacea","Swift Strike"],"picked":"Dark Shackles","floor":36},{"not_picked":["Accuracy","Skewer+1","Deadly Poison+1"],"picked":"SKIP","floor":38},{"not_picked":["Masterful Stab","Acrobatics+1","Noxious Fumes"],"picked":"SKIP","floor":41},{"not_picked":["Backstab","Dash","Dagger Spray"],"picked":"SKIP","floor":42},{"not_picked":["Dodge and Roll","Deflect","Slice+1"],"picked":"SKIP","floor":45},{"not_picked":["Blade Dance","Skewer+1","Underhanded Strike"],"picked":"SKIP","floor":46}],"player_experience":566882,"relics_obtained":[{"floor":9.0,"key":"Centennial Puzzle"},{"floor":26.0,"key":"Tough Bandages"},{"floor":30.0,"key":"Red Mask"},{"floor":43,"key":"Calipers"},{"floor":46,"key":"Paper Crane"}],"event_choices":[{"damage_healed":0.0,"max_hp_gain":0.0,"max_hp_loss":0.0,"gold_gain":175.0,"event_name":"Liars Game","player_choice":"AGREE","floor":3.0,"gold_loss":0.0,"damage_taken":0.0,"cards_obtained":["Doubt"]},{"damage_healed":0.0,"max_hp_gain":5.0,"max_hp_loss":0.0,"gold_gain":0.0,"event_name":"Forgotten Altar","player_choice":"Shed Blood","floor":28.0,"gold_loss":0.0,"damage_taken":19.0},{"damage_healed":0.0,"max_hp_gain":0.0,"max_hp_loss":0.0,"gold_gain":0.0,"event_name":"Masked Bandits","player_choice":"Fought Bandits","floor":30.0,"gold_loss":0.0,"damage_taken":0.0},{"damage_healed":0,"gold_gain":0,"player_choice":"Memory 1","damage_taken":0,"max_hp_gain":0,"max_hp_loss":0,"event_name":"SensoryStone","floor":36,"gold_loss":0},{"damage_healed":0,"gold_gain":0,"player_choice":"Max HP","damage_taken":0,"max_hp_gain":0,"max_hp_loss":4,"event_name":"Winding Halls","floor":39,"gold_loss":0},{"damage_healed":0,"gold_gain":0,"player_choice":"Ignored","damage_taken":0,"max_hp_gain":0,"max_hp_loss":0,"event_name":"Mysterious Sphere","floor":48,"gold_loss":0}],"is_beta":false,"boss_relics":[{"not_picked":["Empty Cage","HoveringKite"],"picked":"Orrery"},{"not_picked":["White Beast Statue","Calling Bell"],"picked":"Astrolabe"}],"items_purged_floors":[5,14,22],"is_endless":false,"potions_floor_spawned":[2,7,10,19,21,24,31,33,41,45],"ascension_level":0}