{"gold_per_floor":[109,109,109,32,44,44,65,65,129,143,143,153,168,182,182,182],"floor_reached":16,"playtime":544,"items_purged":[],"score":286,"play_id":"17d4fa67-db13-430b-b0eb-9da2c4526ea3","local_time":"20190130160801","is_ascension_mode":true,"campfire_choices":[{"data":"Well Laid Plans","floor":6,"key":"SMITH"},{"data":"Calculated Gamble","floor":8,"key":"SMITH"},{"data":"Reflex","floor":11,"key":"SMITH"},{"data":"A Thousand Cuts","floor":15,"key":"SMITH"}],"neow_cost":"NONE","seed_source_timestamp":15984693787761,"circlet_count":0,"master_deck":["AscendersBane","Defend_G","Defend_G","Defend_G","Defend_G","Defend_G","Strike_G","Strike_G","Strike_G","Strike_G","Strike_G","Survivor","Neutralize","Reflex+1","Well Laid Plans+1","Calculated Gamble+1","Reflex","A Thousand Cuts+1"],"relics":["Ring of the Snake","AscMod:CursedFlame","AscMod:MegaStarOfAscension","AscMod:CursedBank","NeowsBlessing","Bronze Scales","Oddly Smooth Stone"],"potions_floor_usage":[12,16,16],"damage_taken":[{"damage":0,"enemies":"Small Slimes","floor":1,"turns":1},{"damage":0,"enemies":"Jaw Worm","floor":5,"turns":1},{"damage":0,"enemies":"Gremlin Nob","floor":7,"turns":1},{"damage":4,"enemies":"Cultist","floor":10,"turns":5},{"damage":0,"enemies":"Looter","floor":12,"turns":4},{"damage":6,"enemies":"Large Slime","floor":13,"turns":8},{"damage":1,"enemies":"3 Louse","floor":14,"turns":5},{"damage":46,"enemies":"Hexaghost","floor":16,"turns":9}],"seed_played":"-7430906740010605498","potions_obtained":[{"floor":7,"key":"Swift Potion"},{"floor":10,"key":"Weak Potion"},{"floor":12,"key":"Poison Potion"}],"is_trial":false,"path_per_floor":["M","?","?","$","M","R","E","R","T","M","R","M","M","M","R","B"],"character_chosen":"THE_SILENT","items_purchased":["Well Laid Plans"],"campfire_rested":0,"item_purchase_floors":[4],"current_hp_per_floor":[59,48,52,52,52,52,52,52,52,48,48,48,42,41,41,0],"gold":182,"neow_bonus":"THREE_ENEMY_KILL","is_prod":false,"is_daily":false,"chose_seed":false,"campfire_upgraded":4,"win_rate":0,"timestamp":1548835681,"path_taken":["M","?","?","?","M","R","E","R","T","?","R","M","M","M","R","BOSS"],"build_version":"2019-01-23","purchased_purges":0,"victory":false,"max_hp_per_floor":[66,66,71,71,71,71,71,71,71,71,71,71,71,71,71,71],"card_choices":[{"not_picked":["Bane","Dash"],"picked":"Reflex","floor":1},{"not_picked":["Expertise","Dodge and Roll","Finisher"],"picked":"SKIP","floor":5},{"not_picked":["Deflect","Dagger Spray"],"picked":"Calculated Gamble","floor":7},{"not_picked":["Cloak And Dagger","Finisher","Deflect"],"picked":"SKIP","floor":10},{"not_picked":["Poisoned Stab","Sucker Punch","Skewer"],"picked":"SKIP","floor":12},{"not_picked":["Quick Slash","Caltrops"],"picked":"Reflex","floor":13},{"not_picked":["Dagger Spray","Acrobatics"],"picked":"A Thousand Cuts","floor":14}],"player_experience":2407195,"relics_obtained":[{"floor":7,"key":"Oddly Smooth Stone"}],"event_choices":[{"damage_healed":0,"gold_gain":0,"player_choice":"Success","damage_taken":11,"relics_obtained":["Bronze Scales"],"max_hp_gain":0,"max_hp_loss":0,"event_name":"Scrap Ooze","floor":2,"gold_loss":0},{"damage_healed":0,"gold_gain":0,"player_choice":"Donut","damage_taken":0,"max_hp_gain":5,"max_hp_loss":0,"event_name":"Big Fish","floor":3,"gold_loss":0}],"is_beta":false,"boss_relics":[],"items_purged_floors":[],"is_endless":false,"potions_floor_spawned":[7,10,12],"killed_by":"Hexaghost","ascension_level":25}