{"gold_per_floor":[112,132,132,16,16,16,16,16,16,43,60,70,70,103,103,199,199,213,225,244,244,259,259,111,111,111,42,42,60,77,95,95,193,193,212,61,0,0,10,10,20,20,20,38,38,38,38,38,38,38],"floor_reached":51,"playtime":1808,"items_purged":["Strike_G"],"score":730,"play_id":"5aa58b49-51bc-45ee-827f-c466700e1dc7","local_time":"20181023111525","is_ascension_mode":false,"campfire_choices":[{"data":"Catalyst","floor":7.0,"key":"SMITH"},{"data":"Well Laid Plans","floor":13.0,"key":"SMITH"},{"data":"Deadly Poison","floor":15.0,"key":"SMITH"},{"data":"Night Terror","floor":23.0,"key":"SMITH"},{"data":"Well Laid Plans","floor":25.0,"key":"SMITH"},{"data":"Footwork","floor":28.0,"key":"SMITH"},{"data":"Footwork","floor":32.0,"key":"SMITH"},{"floor":40.0,"key":"REST"},{"floor":42.0,"key":"REST"},{"data":"Malaise","floor":47,"key":"SMITH"},{"data":"Finesse","floor":49,"key":"SMITH"}],"neow_cost":"NONE","seed_source_timestamp":5346698423119,"circlet_count":0,"master_deck":["Defend_G+1","Defend_G+1","Defend_G+1","Defend_G+1","Strike_G+1","Survivor+1","Neutralize+1","Catalyst+1","Deadly Poison+1","Well Laid Plans+1","Doppelganger+1","Backflip+1","Deadly Poison+1","Footwork+1","Night Terror+1","Escape Plan+1","Leg Sweep+1","Dash+1","Eviscerate+1","Deadly Poison+1","Well Laid Plans+1","Footwork+1","Deadly Poison+1","Well Laid Plans+1","Night Terror+1","Backflip+1","Catalyst+1","PiercingWail","PiercingWail+1","Malaise+1","Finesse+1"],"special_seed":0,"relics":["Ring of the Snake","Question Card","Blood Vial","Shuriken","Dream Catcher","Philosopher\u0027s Stone","Centennial Puzzle","Runic Pyramid","Art of War","Red Mask","Mark of the Bloom","Mercury Hourglass","Gremlin Horn"],"potions_floor_usage":[50,50],"damage_taken":[{"damage":0.0,"enemies":"Cultist","floor":1.0,"turns":5.0},{"damage":0.0,"enemies":"2 Louse","floor":2.0,"turns":4.0},{"damage":25.0,"enemies":"3 Sentries","floor":10.0,"turns":15.0},{"damage":0.0,"enemies":"Jaw Worm","floor":11.0,"turns":2.0},{"damage":0.0,"enemies":"Looter","floor":12.0,"turns":4.0},{"damage":0.0,"enemies":"Gremlin Nob","floor":14.0,"turns":4.0},{"damage":36.0,"enemies":"Slime Boss","floor":16.0,"turns":11.0},{"damage":8.0,"enemies":"3 Byrds","floor":18.0,"turns":6.0},{"damage":7.0,"enemies":"Spheric Guardian","floor":19.0,"turns":4.0},{"damage":7.0,"enemies":"Snecko","floor":20.0,"turns":6.0},{"damage":4.0,"enemies":"Snake Plant","floor":22.0,"turns":5.0},{"damage":0.0,"enemies":"Shelled Parasite and Fungi","floor":29.0,"turns":5.0},{"damage":14.0,"enemies":"Centurion and Healer","floor":30.0,"turns":7.0},{"damage":0.0,"enemies":"Sentry and Sphere","floor":31.0,"turns":6.0},{"damage":26.0,"enemies":"Automaton","floor":33.0,"turns":5.0},{"damage":6.0,"enemies":"3 Shapes","floor":35.0,"turns":5.0},{"damage":0.0,"enemies":"Orb Walker","floor":39.0,"turns":4.0},{"damage":0.0,"enemies":"Sphere and 2 Shapes","floor":41.0,"turns":3.0},{"damage":0.0,"enemies":"Spire Growth","floor":44.0,"turns":3.0},{"damage":9,"enemies":"Awakened One","floor":50,"turns":21}],"seed_played":"5247839217658166823","potions_obtained":[{"floor":10.0,"key":"Explosive Potion"},{"floor":11.0,"key":"GhostInAJar"},{"floor":12.0,"key":"Block Potion"},{"floor":14.0,"key":"FearPotion"},{"floor":18.0,"key":"AttackPotion"},{"floor":19.0,"key":"Poison Potion"},{"floor":22.0,"key":"FearPotion"},{"floor":41.0,"key":"Poison Potion"}],"is_trial":false,"path_per_floor":["M","M","?","$","?","$","R","T","T","E","M","M","R","E","R","B",null,"M","M","M","?","M","R","$","R","T","$","R","M","M","M","R","B",null,"M","$","?","?","M","R","M","R","T","M","?","?","R","?","R","B"],"character_chosen":"THE_SILENT","items_purchased":["Deadly Poison","Well Laid Plans","Well Laid Plans","Footwork","Art of War"],"campfire_rested":2,"item_purchase_floors":[4,4,24,27,36],"current_hp_per_floor":[70,70,70,70,70,70,70,70,70,45,47,49,49,51,51,17,70,62,57,52,52,50,50,50,50,50,50,50,52,40,42,42,18,70,64,64,64,64,64,64,64,64,64,64,64,64,64,64,64,55],"gold":38,"neow_bonus":"UPGRADE_CARD","is_prod":false,"is_daily":false,"chose_seed":false,"campfire_upgraded":9,"win_rate":0,"timestamp":1540264525,"path_taken":["M","M","?","$","?","?","R","?","T","E","M","?","R","E","R","BOSS","M","?","M","?","?","R","$","R","T","$","R","M","M","M","R","BOSS","M","$","?","?","M","R","M","R","T","M","?","?","R","?","R","BOSS"],"build_version":"2018-10-18","purchased_purges":1,"victory":true,"max_hp_per_floor":[70,70,70,70,70,70,70,70,70,70,70,70,70,70,70,70,70,70,70,70,70,70,70,70,70,70,70,70,70,70,70,70,70,70,70,70,70,70,70,70,70,70,70,70,70,70,70,70,70,70],"card_choices":[{"not_picked":["Cloak And Dagger","Poisoned Stab"],"picked":"Catalyst","floor":1.0},{"not_picked":["Bane","PiercingWail","Deflect"],"picked":"SKIP","floor":2.0},{"not_picked":["Calculated Gamble","Dodge and Roll","Caltrops"],"picked":"Backflip","floor":10.0},{"not_picked":["Riddle With Holes","Reflex","Blade Dance","Infinite Blades"],"picked":"SKIP","floor":11.0},{"not_picked":["Sucker Punch","Setup","Escape Plan"],"picked":"Deadly Poison","floor":12.0},{"not_picked":["Doppelganger","Tactician","Venomology"],"picked":"Footwork","floor":14.0},{"not_picked":["Corpse Explosion","Burst","Tools of the Trade"],"picked":"Night Terror","floor":16.0},{"not_picked":["Skewer","Blur+1","Dagger Spray"],"picked":"Escape Plan","floor":18.0},{"not_picked":["Slice","Concentrate+1","Prepared+1"],"picked":"Leg Sweep+1","floor":19.0},{"not_picked":["Cloak And Dagger","Acrobatics","Slice","Blade Dance+1"],"picked":"SKIP","floor":20.0},{"not_picked":["Prepared+1","Underhanded Strike","Outmaneuver+1"],"picked":"Deadly Poison+1","floor":22.0},{"not_picked":["Grand Finale","Outmaneuver","Crippling Poison"],"picked":"Deadly Poison+1","floor":29.0},{"not_picked":["Dagger Throw+1","Slice","Dagger Spray","Flying Knee"],"picked":"SKIP","floor":30.0},{"not_picked":["Cloak And Dagger","Finisher","Riddle With Holes+1"],"picked":"Well Laid Plans","floor":31.0},{"not_picked":["Storm of Steel","Die Die Die","Tools of the Trade"],"picked":"Night Terror","floor":33.0},{"not_picked":["Poisoned Stab","Heel Hook","Finisher","Cloak And Dagger+1"],"picked":"SKIP","floor":35.0},{"not_picked":["Poisoned Stab+1","Terror+1","Finisher"],"picked":"Backflip+1","floor":39.0},{"not_picked":["Setup","Cloak And Dagger","Calculated Gamble+1"],"picked":"Catalyst+1","floor":40.0},{"not_picked":["Deflect","Dagger Throw+1","Crippling Poison+1","Deadly Poison+1"],"picked":"SKIP","floor":41.0},{"not_picked":["Poisoned Stab","Distraction","Doppelganger"],"picked":"PiercingWail","floor":42.0},{"not_picked":["Dagger Spray+1","Bouncing Flask","Cloak And Dagger+1"],"picked":"PiercingWail+1","floor":44.0}],"player_experience":547361,"relics_obtained":[{"floor":8.0,"key":"Question Card"},{"floor":9.0,"key":"Blood Vial"},{"floor":10.0,"key":"Shuriken"},{"floor":14.0,"key":"Dream Catcher"},{"floor":26.0,"key":"Centennial Puzzle"},{"floor":43.0,"key":"Mercury Hourglass"}],"event_choices":[{"damage_healed":0.0,"max_hp_gain":0.0,"max_hp_loss":0.0,"gold_gain":0.0,"event_name":"Scrap Ooze","player_choice":"Fled","floor":3.0,"gold_loss":0.0,"damage_taken":0.0},{"damage_healed":0.0,"max_hp_gain":0.0,"max_hp_loss":0.0,"gold_gain":0.0,"cards_transformed":["Strike_G"],"event_name":"Transmorgrifier","player_choice":"Transformed","floor":5.0,"gold_loss":0.0,"damage_taken":0.0,"cards_obtained":["Doppelganger"]},{"damage_healed":0.0,"max_hp_gain":0.0,"max_hp_loss":0.0,"gold_gain":0.0,"cards_transformed":["Strike_G","Defend_G"],"event_name":"Drug Dealer","player_choice":"Became Test Subject","floor":21.0,"gold_loss":0.0,"damage_taken":0.0,"cards_obtained":["Dash","Eviscerate"]},{"damage_healed":0.0,"max_hp_gain":0.0,"max_hp_loss":0.0,"gold_gain":0.0,"event_name":"Tomb of Lord Red Mask","player_choice":"Paid","floor":37.0,"gold_loss":61.0,"damage_taken":0.0,"relics_obtained":["Red Mask"]},{"damage_healed":0.0,"max_hp_gain":0.0,"max_hp_loss":0.0,"gold_gain":0.0,"event_name":"MindBloom","player_choice":"Upgrade","floor":38.0,"gold_loss":0.0,"damage_taken":0.0,"cards_upgraded":["Defend_G","Defend_G","Defend_G","Defend_G","Strike_G","Strike_G","Survivor","Doppelganger","Backflip","Deadly Poison","Escape Plan","Dash","Eviscerate","Well Laid Plans","Night Terror"],"relics_obtained":["Mark of the Bloom"]},{"damage_healed":0.0,"max_hp_gain":0.0,"max_hp_loss":0.0,"gold_gain":0.0,"event_name":"WeMeetAgain","player_choice":"Gave Potion","floor":45.0,"gold_loss":0.0,"damage_taken":0.0,"relics_obtained":["Gremlin Horn"]},{"damage_healed":0,"gold_gain":0,"player_choice":"2 cards matched","damage_taken":0,"max_hp_gain":0,"max_hp_loss":0,"event_name":"Match and Keep!","floor":46,"gold_loss":0,"cards_obtained":["Malaise","Finesse"]},{"cards_removed":["Strike_G"],"damage_healed":0,"gold_gain":0,"player_choice":"Purged","damage_taken":0,"max_hp_gain":0,"max_hp_loss":0,"event_name":"Purifier","floor":48,"gold_loss":0}],"is_beta":false,"boss_relics":[{"not_picked":["Fusion Hammer","Calling Bell"],"picked":"Philosopher\u0027s Stone"},{"not_picked":["Astrolabe","Lizard Tail"],"picked":"Runic Pyramid"}],"items_purged_floors":[24],"is_endless":false,"potions_floor_spawned":[10,11,12,14,18,19,20,22,41,44],"ascension_level":0}