{"gold_per_floor":[115,115,130,10,24,24,51,51,78,93,106,134,209,224,224,298,298,311,158,174,193,118,143,143,161,188,188,198,21,21,52,52,128,128,147,163,177,187,187,219,219,232,311,311,329,329,341,359,359,359],"floor_reached":51,"playtime":2791,"items_purged":["Strike_G","Strike_G","Defend_G"],"score":1317,"play_id":"77303bff-a4b0-4b70-8946-d3a3560d4bab","local_time":"20181004002103","is_ascension_mode":true,"campfire_choices":[{"data":"Neutralize","floor":6,"key":"SMITH"},{"data":"All Out Attack","floor":8,"key":"SMITH"},{"data":"Footwork","floor":15,"key":"SMITH"},{"data":"Prepared","floor":24,"key":"SMITH"},{"floor":27,"key":"REST"},{"data":"Acrobatics","floor":32,"key":"SMITH"},{"data":"Grand Finale","floor":41,"key":"SMITH"},{"data":"Survivor","floor":46,"key":"SMITH"},{"floor":49,"key":"REST"}],"neow_cost":"NONE","seed_source_timestamp":122006231942794,"circlet_count":0,"master_deck":["Defend_G","Defend_G","Defend_G","Survivor+1","Neutralize+1","AscendersBane","Backflip+1","Flying Knee","All Out Attack+1","Footwork+1","Acrobatics+1","Grand Finale+1","Prepared+1","Acrobatics","Noxious Fumes+1","Prepared","Tools of the Trade+1","Blur+1"],"relics":["Empty Cage","Bag of Preparation","Boot","Anchor","Runic Dome","Frozen Egg 2","Centennial Puzzle","Meat on the Bone","Runic Pyramid","Kunai","Ninja Scroll"],"potions_floor_usage":[12,16,50],"damage_taken":[{"damage":0,"enemies":"2 Louse","floor":1,"turns":3},{"damage":2,"enemies":"Cultist","floor":3,"turns":5},{"damage":2,"enemies":"Jaw Worm","floor":5,"turns":7},{"damage":19,"enemies":"3 Sentries","floor":7,"turns":9},{"damage":1,"enemies":"3 Louse","floor":10,"turns":2},{"damage":0,"enemies":"Lots of Slimes","floor":11,"turns":1},{"damage":1,"enemies":"Gremlin Nob","floor":12,"turns":4},{"damage":0,"enemies":"Looter","floor":14,"turns":4},{"damage":11,"enemies":"Hexaghost","floor":16,"turns":16},{"damage":0,"enemies":"Chosen","floor":18,"turns":4},{"damage":1,"enemies":"Shell Parasite","floor":20,"turns":6},{"damage":10,"enemies":"Snake Plant","floor":21,"turns":4},{"damage":15,"enemies":"Slavers","floor":23,"turns":5},{"damage":0,"enemies":"3 Cultists","floor":25,"turns":4},{"damage":4,"enemies":"Sentry and Sphere","floor":28,"turns":10},{"damage":0,"enemies":"Gremlin Leader","floor":31,"turns":4},{"damage":31,"enemies":"Automaton","floor":33,"turns":8},{"damage":16,"enemies":"3 Shapes","floor":35,"turns":5},{"damage":2,"enemies":"Orb Walker","floor":36,"turns":2},{"damage":0,"enemies":"Maw","floor":37,"turns":5},{"damage":5,"enemies":"Spire Growth","floor":38,"turns":5},{"damage":0,"enemies":"Giant Head","floor":40,"turns":4},{"damage":0,"enemies":"Reptomancer","floor":42,"turns":2},{"damage":2,"enemies":"Transient","floor":45,"turns":5},{"damage":1,"enemies":"Spire Growth","floor":47,"turns":3},{"damage":4,"enemies":"Maw","floor":48,"turns":4},{"damage":0,"enemies":"Donu and Deca","floor":50,"turns":6}],"seed_played":"6544473281556708237","potions_obtained":[{"floor":5,"key":"GamblersBrew"},{"floor":7,"key":"FearPotion"},{"floor":20,"key":"FearPotion"},{"floor":25,"key":"FairyPotion"},{"floor":28,"key":"Dexterity Potion"}],"is_trial":false,"path_per_floor":["M","?","M","$","M","R","E","R","T","M","M","E","?","M","R","B",null,"M","$","M","M","?","E","R","M","T","R","M","$","?","E","R","B",null,"M","M","M","M","?","E","R","M","T","?","M","R","M","M","R","B"],"character_chosen":"THE_SILENT","items_purchased":["Flying Knee","Prepared","Acrobatics"],"campfire_rested":2,"item_purchase_floors":[4,19,29],"current_hp_per_floor":[63,63,61,61,59,59,40,40,40,39,39,38,27,27,27,16,57,57,57,56,46,46,31,31,31,31,52,48,48,70,70,70,39,62,46,44,44,39,39,39,39,39,39,39,37,37,36,44,65,65],"gold":359,"neow_bonus":"BOSS_RELIC","is_prod":false,"is_daily":false,"chose_seed":false,"campfire_upgraded":7,"win_rate":0,"timestamp":1538583663,"path_taken":["M","?","M","?","M","R","E","R","T","M","?","E","?","M","R","BOSS","M","?","M","M","?","E","R","M","T","R","?","?","?","E","R","BOSS","M","?","M","M","?","E","R","M","T","?","M","R","M","M","R","BOSS"],"build_version":"2018-09-27","purchased_purges":3,"victory":true,"max_hp_per_floor":[70,70,70,70,70,70,70,70,70,70,70,70,70,70,70,70,70,70,70,70,70,70,70,70,70,70,70,70,70,70,70,70,70,70,70,70,70,70,70,70,70,70,70,70,70,70,70,70,70,70],"card_choices":[{"not_picked":["Outmaneuver","Catalyst"],"picked":"Backflip","floor":1},{"not_picked":["Blade Dance","Accuracy","Skewer"],"picked":"SKIP","floor":3},{"not_picked":["Dodge and Roll","Slice"],"picked":"All Out Attack","floor":5},{"not_picked":["Deadly Poison","Poisoned Stab","Accuracy"],"picked":"SKIP","floor":7},{"not_picked":["Sucker Punch","Quick Slash"],"picked":"Footwork","floor":10},{"not_picked":["Backflip","Deadly Poison"],"picked":"Acrobatics","floor":11},{"not_picked":["Phantasmal Killer","Deadly Poison","Heel Hook"],"picked":"SKIP","floor":12},{"not_picked":["Finisher","Heel Hook"],"picked":"Terror","floor":14},{"not_picked":["Die Die Die","Adrenaline"],"picked":"Grand Finale","floor":16},{"not_picked":["Flying Knee+1","Blade Dance","Cloak And Dagger"],"picked":"SKIP","floor":18},{"not_picked":["Masterful Stab","Finisher+1","Leg Sweep"],"picked":"SKIP","floor":20},{"not_picked":["All Out Attack","Flying Knee","Dagger Spray"],"picked":"SKIP","floor":21},{"not_picked":["Bane","Blade Dance","Deflect"],"picked":"SKIP","floor":23},{"not_picked":["Crippling Poison","Skewer","Deflect+1"],"picked":"SKIP","floor":25},{"not_picked":["Predator","Poisoned Stab","Caltrops+1"],"picked":"SKIP","floor":28},{"not_picked":["Acrobatics","Poisoned Stab","All Out Attack"],"picked":"SKIP","floor":31},{"not_picked":["Flying Knee","Outmaneuver","Choke"],"picked":"SKIP","floor":35},{"not_picked":["Skewer","Dagger Spray+1"],"picked":"Noxious Fumes+1","floor":36},{"not_picked":["Dagger Spray","Crippling Poison","Underhanded Strike"],"picked":"SKIP","floor":37},{"not_picked":["Leg Sweep","Quick Slash"],"picked":"Prepared","floor":38},{"not_picked":["Underhanded Strike+1","Dash","Accuracy+1"],"picked":"SKIP","floor":40},{"not_picked":["Poisoned Stab","Backflip","Underhanded Strike"],"picked":"SKIP","floor":42},{"not_picked":["Leg Sweep","Caltrops+1","Cloak And Dagger"],"picked":"SKIP","floor":45},{"not_picked":["Prepared","Underhanded Strike"],"picked":"Tools of the Trade+1","floor":47},{"not_picked":["Setup+1","Sucker Punch"],"picked":"Blur+1","floor":48}],"player_experience":181966,"relics_obtained":[{"floor":7,"key":"Bag of Preparation"},{"floor":9,"key":"Boot"},{"floor":12,"key":"Anchor"},{"floor":23,"key":"Frozen Egg 2"},{"floor":26,"key":"Centennial Puzzle"},{"floor":31,"key":"Meat on the Bone"},{"floor":40,"key":"Kunai"},{"floor":43,"key":"Ninja Scroll"}],"event_choices":[{"event_name":"Purifier","player_choice":"One Purge","floor":2,"damage_taken":0},{"event_name":"World of Goop","player_choice":"Gather Gold","floor":13,"damage_taken":0},{"event_name":"Beggar","player_choice":"Gave Gold","floor":22,"damage_taken":0},{"event_name":"Bonfire Elementals","player_choice":"UNCOMMON","floor":30,"damage_taken":0},{"event_name":"SensoryStone","player_choice":"Memory 1","floor":39,"damage_taken":0},{"event_name":"Upgrade Shrine","player_choice":"Upgraded","floor":44,"damage_taken":0}],"is_beta":false,"boss_relics":[{"not_picked":["WristBlade","Coffee Dripper"],"picked":"Runic Dome"},{"not_picked":["Cursed Key","Velvet Choker"],"picked":"Runic Pyramid"}],"items_purged_floors":[4,19,29],"is_endless":false,"potions_floor_spawned":[5,7,11,20,25,28,38,40,45,47,48],"ascension_level":13}