{"gold_per_floor":[115,126,126,139,156,187,74,74,74,74,92,55,71,87,87,192,192,205,304,304,15,28,28,4,4,30,49,49,59,72,5,5,103,103,121,42,60,70,70,70,70,86,86,103,114,132,152,152,152,152],"floor_reached":51,"playtime":1928,"items_purged":["Defend_G"],"score":655,"play_id":"f05ded0d-7ad9-4ac7-bf00-1f4efca5eb96","local_time":"20181020153411","is_ascension_mode":false,"campfire_choices":[{"data":"Noxious Fumes","floor":8.0,"key":"SMITH"},{"data":"Well Laid Plans","floor":10.0,"key":"SMITH"},{"data":"Noxious Fumes","floor":15.0,"key":"SMITH"},{"data":"Well Laid Plans","floor":23.0,"key":"SMITH"},{"data":"Grand Finale","floor":25.0,"key":"SMITH"},{"data":"Glass Knife","floor":28.0,"key":"SMITH"},{"data":"Well Laid Plans","floor":32.0,"key":"SMITH"},{"data":"Acrobatics","floor":40.0,"key":"SMITH"},{"data":"Expertise","floor":49,"key":"SMITH"}],"neow_cost":"NONE","seed_source_timestamp":17163730194294,"circlet_count":0,"master_deck":["Defend_G+1","Defend_G+1","Defend_G+1","Defend_G+1","Strike_G+1","Strike_G+1","Strike_G+1","Strike_G+1","Survivor+1","Neutralize+1","Noxious Fumes+1","Deadly Poison+1","Noxious Fumes+1","Well Laid Plans+1","Well Laid Plans+1","Grand Finale+1","Acrobatics+1","Backflip+1","Well Laid Plans+1","Wraith Form v2+1","Reflex+1","Footwork+1","Footwork+1","Leg Sweep+1","Expertise+1"],"special_seed":0,"relics":["Ring of the Snake","Orichalcum","Blood Vial","Runic Dome","Gambling Chip","Oddly Smooth Stone","WristBlade","Mark of the Bloom","Bronze Scales"],"potions_floor_usage":[],"damage_taken":[{"damage":0.0,"enemies":"Jaw Worm","floor":1.0,"turns":6.0},{"damage":0.0,"enemies":"2 Louse","floor":2.0,"turns":4.0},{"damage":0.0,"enemies":"Small Slimes","floor":4.0,"turns":4.0},{"damage":2.0,"enemies":"Looter","floor":5.0,"turns":4.0},{"damage":8.0,"enemies":"Lagavulin","floor":6.0,"turns":5.0},{"damage":2.0,"enemies":"Blue Slaver","floor":11.0,"turns":4.0},{"damage":13.0,"enemies":"Lots of Slimes","floor":13.0,"turns":4.0},{"damage":0.0,"enemies":"3 Louse","floor":14.0,"turns":3.0},{"damage":17.0,"enemies":"Slime Boss","floor":16.0,"turns":7.0},{"damage":5.0,"enemies":"2 Thieves","floor":18.0,"turns":3.0},{"damage":0.0,"enemies":"Chosen","floor":22.0,"turns":3.0},{"damage":0.0,"enemies":"Snecko","floor":27.0,"turns":3.0},{"damage":1.0,"enemies":"Cultist and Chosen","floor":29.0,"turns":3.0},{"damage":0.0,"enemies":"3 Cultists","floor":30.0,"turns":2.0},{"damage":42.0,"enemies":"Champ","floor":33.0,"turns":9.0},{"damage":1.0,"enemies":"3 Shapes","floor":35.0,"turns":2.0},{"damage":0.0,"enemies":"3 Darklings","floor":37.0,"turns":2.0},{"damage":4.0,"enemies":"Spire Growth","floor":38.0,"turns":4.0},{"damage":0.0,"enemies":"Jaw Worm Horde","floor":42.0,"turns":4.0},{"damage":0.0,"enemies":"3 Darklings","floor":44.0,"turns":2.0},{"damage":0.0,"enemies":"Transient","floor":45.0,"turns":5.0},{"damage":0.0,"enemies":"Spire Growth","floor":46.0,"turns":4.0},{"damage":0,"enemies":"Maw","floor":47,"turns":6},{"damage":8,"enemies":"Awakened One","floor":50,"turns":14}],"seed_played":"5197333698115320620","potions_obtained":[{"floor":1.0,"key":"SpeedPotion"},{"floor":4.0,"key":"Poison Potion"},{"floor":5.0,"key":"Fire Potion"},{"floor":11.0,"key":"Block Potion"},{"floor":20.0,"key":"Poison Potion"},{"floor":37.0,"key":"SpeedPotion"}],"is_trial":false,"path_per_floor":["M","M","?","M","M","E","$","R","T","R","M","$","M","M","R","B",null,"M","?","?","$","M","R","$","R","T","M","R","M","M","$","R","B",null,"M","$","M","M","?","R","?","M","T","M","M","M","M","?","R","B"],"character_chosen":"THE_SILENT","items_purchased":["Well Laid Plans","Well Laid Plans","Gambling Chip","Acrobatics","Well Laid Plans","Footwork"],"campfire_rested":0,"item_purchase_floors":[7,12,21,24,31,36],"current_hp_per_floor":[70,70,75,75,73,65,65,65,65,65,65,65,54,56,56,41,75,70,70,70,70,72,72,72,72,72,74,74,74,75,75,75,33,75,74,74,75,71,71,71,71,71,71,71,71,71,71,71,71,63],"gold":152,"neow_bonus":"REMOVE_CARD","is_prod":false,"is_daily":false,"chose_seed":false,"campfire_upgraded":9,"win_rate":0,"timestamp":1540020851,"path_taken":["M","M","?","M","M","E","$","R","T","R","M","$","M","M","R","BOSS","M","?","?","$","M","R","$","R","T","M","R","M","?","$","R","BOSS","M","$","M","?","?","R","?","M","T","M","M","M","M","?","R","BOSS"],"build_version":"2018-10-18","purchased_purges":1,"victory":true,"max_hp_per_floor":[70,70,75,75,75,75,75,75,75,75,75,75,75,75,75,75,75,75,75,75,75,75,75,75,75,75,75,75,75,75,75,75,75,75,75,75,75,75,71,71,71,71,71,71,71,71,71,71,71,71],"card_choices":[{"not_picked":["Calculated Gamble","Bane"],"picked":"Noxious Fumes","floor":1.0},{"not_picked":["Flechettes","Backflip"],"picked":"Deadly Poison","floor":2.0},{"not_picked":["Setup","Blade Dance"],"picked":"Noxious Fumes","floor":4.0},{"not_picked":["Calculated Gamble","Accuracy"],"picked":"Glass Knife","floor":5.0},{"not_picked":["Outmaneuver","Blade Dance","Cloak And Dagger"],"picked":"SKIP","floor":6.0},{"not_picked":["Prepared","Skewer","Deflect"],"picked":"SKIP","floor":11.0},{"not_picked":["Quick Slash","Dagger Throw","Blur"],"picked":"SKIP","floor":13.0},{"not_picked":["Expertise","Setup","Bane"],"picked":"SKIP","floor":14.0},{"not_picked":["Night Terror","Wraith Form v2"],"picked":"Grand Finale","floor":16.0},{"not_picked":["Crippling Poison","Blade Dance","Quick Slash"],"picked":"SKIP","floor":18.0},{"not_picked":["Poisoned Stab","Dagger Throw","All Out Attack+1"],"picked":"SKIP","floor":22.0},{"not_picked":["Endless Agony","Dodge and Roll+1","Masterful Stab"],"picked":"SKIP","floor":27.0},{"not_picked":["Bane","Reflex","Endless Agony"],"picked":"SKIP","floor":29.0},{"not_picked":["Dodge and Roll+1","Eviscerate"],"picked":"Backflip","floor":30.0},{"not_picked":["Burst","Tools of the Trade"],"picked":"Wraith Form v2","floor":33.0},{"not_picked":["All Out Attack+1","Bouncing Flask+1"],"picked":"Reflex+1","floor":35.0},{"not_picked":["Leg Sweep","Deflect"],"picked":"Footwork+1","floor":37.0},{"not_picked":["Accuracy","Cloak And Dagger+1"],"picked":"Leg Sweep+1","floor":38.0},{"not_picked":["Deflect","Flying Knee+1","Dagger Throw+1"],"picked":"SKIP","floor":42.0},{"not_picked":["Blade Dance","Heel Hook","Dagger Throw+1"],"picked":"SKIP","floor":44.0},{"not_picked":["Outmaneuver+1","Eviscerate+1","Choke+1"],"picked":"SKIP","floor":45.0},{"not_picked":["Bouncing Flask+1","Quick Slash"],"picked":"Expertise","floor":46.0},{"not_picked":["Quick Slash","Dagger Spray+1","Slice"],"picked":"SKIP","floor":47}],"player_experience":402814,"relics_obtained":[{"floor":6.0,"key":"Orichalcum"},{"floor":9.0,"key":"Blood Vial"},{"floor":26.0,"key":"Oddly Smooth Stone"},{"floor":43.0,"key":"Bronze Scales"}],"event_choices":[{"damage_healed":0.0,"max_hp_gain":5.0,"max_hp_loss":0.0,"gold_gain":0.0,"event_name":"Big Fish","player_choice":"Donut","floor":3.0,"gold_loss":0.0,"damage_taken":0.0},{"damage_healed":0.0,"max_hp_gain":0.0,"max_hp_loss":0.0,"gold_gain":99.0,"event_name":"Nest","player_choice":"Stole From Cult","floor":19.0,"gold_loss":0.0,"damage_taken":0.0},{"damage_healed":0.0,"max_hp_gain":0.0,"max_hp_loss":0.0,"gold_gain":0.0,"event_name":"The Lab","player_choice":"Got Potions","floor":20.0,"gold_loss":0.0,"damage_taken":0.0},{"damage_healed":0.0,"max_hp_gain":0.0,"max_hp_loss":4.0,"gold_gain":0.0,"event_name":"Winding Halls","player_choice":"Max HP","floor":39.0,"gold_loss":0.0,"damage_taken":0.0},{"damage_healed":0.0,"max_hp_gain":0.0,"max_hp_loss":0.0,"gold_gain":0.0,"event_name":"MindBloom","player_choice":"Upgrade","floor":41.0,"gold_loss":0.0,"damage_taken":0.0,"cards_upgraded":["Defend_G","Defend_G","Defend_G","Defend_G","Strike_G","Strike_G","Strike_G","Strike_G","Survivor","Neutralize","Deadly Poison","Backflip","Wraith Form v2","Footwork"],"relics_obtained":["Mark of the Bloom"]},{"cards_removed":["Glass Knife"],"damage_healed":0,"gold_gain":0,"player_choice":"Removed Attack","damage_taken":0,"max_hp_gain":0,"max_hp_loss":0,"event_name":"Falling","floor":48,"gold_loss":0}],"is_beta":false,"boss_relics":[{"not_picked":["White Beast Statue","Ring of the Serpent"],"picked":"Runic Dome"},{"not_picked":["Philosopher\u0027s Stone","Calling Bell"],"picked":"WristBlade"}],"items_purged_floors":[7],"is_endless":false,"potions_floor_spawned":[1,4,5,11,16,30,33,37,45],"ascension_level":0}