{"gold_per_floor":[113,24,24,24,74,92,105,123,123,123,135,152,152,152,152,152],"floor_reached":16,"playtime":332,"items_purged":[],"score":184,"play_id":"f7de0820-2280-4db2-bead-bc03e6b7804f","local_time":"20181117125116","is_ascension_mode":true,"campfire_choices":[{"data":"Skewer","floor":10,"key":"SMITH"},{"data":"Footwork","floor":13,"key":"SMITH"},{"data":"Crippling Poison","floor":15,"key":"SMITH"}],"neow_cost":"PERCENT_DAMAGE","seed_source_timestamp":7693125333772,"circlet_count":0,"master_deck":["AscendersBane","Defend_G","Defend_G+1","Defend_G","Defend_G","Strike_G","Strike_G","Strike_G","Survivor","Neutralize+1","Skewer+1","Crippling Poison+1","Flying Knee","Dash","Tactician+1","Acrobatics+1","Prepared+1","Footwork+1"],"relics":["Ring of the Snake","Toxic Egg 2","Regal Pillow"],"potions_floor_usage":[8],"damage_taken":[{"damage":6,"enemies":"Small Slimes","floor":1,"turns":4},{"damage":0,"enemies":"Cultist","floor":6,"turns":4},{"damage":0,"enemies":"2 Louse","floor":7,"turns":2},{"damage":3,"enemies":"Gremlin Gang","floor":8,"turns":5},{"damage":4,"enemies":"Blue Slaver","floor":11,"turns":3},{"damage":0,"enemies":"Red Slaver","floor":12,"turns":2},{"damage":4,"enemies":"Hexaghost","floor":16,"turns":9}],"seed_played":"-7644412426770256380","potions_obtained":[{"floor":6,"key":"GamblersBrew"},{"floor":11,"key":"Dexterity Potion"}],"is_trial":false,"path_per_floor":["M","$","?","?","?","M","M","M","T","R","M","M","R","?","R","B"],"character_chosen":"THE_SILENT","items_purchased":["Dash"],"campfire_rested":0,"item_purchase_floors":[2],"current_hp_per_floor":[38,38,18,13,13,13,13,10,10,10,6,6,6,6,6,2],"gold":152,"neow_bonus":"TRANSFORM_TWO_CARDS","is_prod":false,"is_daily":false,"chose_seed":false,"campfire_upgraded":3,"win_rate":0,"timestamp":1542430276,"path_taken":["M","$","?","?","?","?","M","M","T","R","M","M","R","?","R","BOSS"],"build_version":"2018-11-15","purchased_purges":0,"victory":false,"max_hp_per_floor":[66,66,66,66,66,66,66,66,66,66,66,66,66,66,66,66],"card_choices":[{"not_picked":["Dagger Throw","Distraction"],"picked":"Flying Knee","floor":1},{"not_picked":["Prepared+1","Distraction+1"],"picked":"Tactician+1","floor":6},{"not_picked":["Slice","Noxious Fumes","Bane"],"picked":"SKIP","floor":7},{"not_picked":["Blade Dance+1","Eviscerate"],"picked":"Acrobatics+1","floor":8},{"not_picked":["Infinite Blades","Backflip+1"],"picked":"Prepared+1","floor":11},{"not_picked":["All Out Attack","Bane"],"picked":"Footwork","floor":12}],"player_experience":1091903,"relics_obtained":[{"floor":9,"key":"Regal Pillow"}],"event_choices":[{"damage_healed":0,"gold_gain":0,"player_choice":"Entered Light","damage_taken":20,"max_hp_gain":0,"max_hp_loss":0,"event_name":"Shining Light","floor":3,"gold_loss":0,"cards_upgraded":["Neutralize","Defend_G"]},{"damage_healed":0,"gold_gain":0,"player_choice":"Success","damage_taken":5,"relics_obtained":["Toxic Egg 2"],"max_hp_gain":0,"max_hp_loss":0,"event_name":"Scrap Ooze","floor":4,"gold_loss":0},{"damage_healed":0,"gold_gain":50,"player_choice":"Pray","damage_taken":0,"max_hp_gain":0,"max_hp_loss":0,"event_name":"Golden Shrine","floor":5,"gold_loss":0},{"cards_removed":["Strike_G"],"damage_healed":0,"gold_gain":0,"player_choice":"Purged","damage_taken":0,"max_hp_gain":0,"max_hp_loss":0,"event_name":"Purifier","floor":14,"gold_loss":0}],"is_beta":true,"boss_relics":[],"items_purged_floors":[],"is_endless":false,"potions_floor_spawned":[6,11],"killed_by":"Hexaghost","ascension_level":20}