{"gold_per_floor":[118,43,118,43,53,53,65,99,123,23,23,43,43,70,70,70],"floor_reached":16,"playtime":452,"items_purged":["Strike_R","Strike_R"],"score":216,"play_id":"123a3543-53b8-48c3-9f59-7da2533417c4","local_time":"20190719000151","is_ascension_mode":true,"campfire_choices":[{"data":"Bash","floor":6,"key":"SMITH"},{"data":"Immolate","floor":11,"key":"SMITH"},{"data":"Evolve","floor":13,"key":"SMITH"},{"data":"Flex","floor":15,"key":"SMITH"}],"neow_cost":"TEN_PERCENT_HP_LOSS","seed_source_timestamp":337954228096100,"circlet_count":0,"master_deck":["AscendersBane","Strike_R","Defend_R","Defend_R","Defend_R","Bash+1","Reaper","Flame Barrier","Evolve+1","Battle Trance","Twin Strike","Immolate+1","Flex+1"],"relics":["Burning Blood","Vajra","Smiling Mask"],"potions_floor_usage":[14,16],"damage_taken":[{"damage":4,"enemies":"Small Slimes","floor":1,"turns":5},{"damage":2,"enemies":"Jaw Worm","floor":5,"turns":8},{"damage":22,"enemies":"Cultist","floor":7,"turns":6},{"damage":26,"enemies":"3 Sentries","floor":8,"turns":11},{"damage":0,"enemies":"3 Louse","floor":12,"turns":1},{"damage":16,"enemies":"Lagavulin","floor":14,"turns":3},{"damage":43,"enemies":"Hexaghost","floor":16,"turns":6}],"seed_played":"8333252142206426872","potions_obtained":[{"floor":5,"key":"EssenceOfSteel"},{"floor":7,"key":"GamblersBrew"},{"floor":14,"key":"Weak Potion"}],"is_trial":false,"path_per_floor":["M","?","?","$","M","R","M","E","T","$","R","M","R","E","R","B"],"character_chosen":"IRONCLAD","items_purchased":["Flex"],"campfire_rested":0,"item_purchase_floors":[10],"current_hp_per_floor":[68,68,57,57,61,61,49,41,41,41,41,47,47,37,37,0],"gold":70,"neow_bonus":"TRANSFORM_TWO_CARDS","is_prod":false,"is_daily":false,"chose_seed":false,"campfire_upgraded":4,"win_rate":0,"timestamp":1563465711,"path_taken":["M","?","?","$","M","R","M","E","T","$","R","?","R","E","R","BOSS"],"build_version":"2019-07-17","purchased_purges":2,"victory":false,"max_hp_per_floor":[68,68,68,68,68,68,68,68,68,68,68,68,68,68,68,68],"card_choices":[{"not_picked":["Perfected Strike","Clash"],"picked":"Evolve","floor":1},{"not_picked":["True Grit","Rupture"],"picked":"Battle Trance","floor":5},{"not_picked":["Searing Blow","Clash"],"picked":"Twin Strike","floor":7},{"not_picked":["Headbutt","Cleave"],"picked":"Immolate","floor":8},{"not_picked":["Perfected Strike","Pommel Strike","Rampage"],"picked":"SKIP","floor":12},{"not_picked":["Clash","Infernal Blade","Iron Wave"],"picked":"SKIP","floor":14}],"player_experience":662857,"relics_obtained":[{"floor":8,"key":"Vajra"},{"floor":9,"key":"Smiling Mask"}],"event_choices":[{"cards_removed":["Defend_R"],"damage_healed":0,"gold_gain":0,"player_choice":"Card Removal","damage_taken":0,"max_hp_gain":0,"max_hp_loss":0,"event_name":"The Cleric","floor":2,"gold_loss":75},{"damage_healed":0,"gold_gain":75,"player_choice":"Gather Gold","damage_taken":11,"max_hp_gain":0,"max_hp_loss":0,"event_name":"World of Goop","floor":3,"gold_loss":0}],"is_beta":false,"boss_relics":[],"items_purged_floors":[4,10],"is_endless":false,"potions_floor_spawned":[5,7,12,14],"killed_by":"Hexaghost","ascension_level":20}