{"gold_per_floor":[119,269,269,35,45,45,75,75,98,117,41,41,41],"floor_reached":13,"playtime":276,"items_purged":["Doubt"],"score":162,"play_id":"2d232a56-ce76-40a0-ab15-2dc645838768","local_time":"20190415184520","is_ascension_mode":true,"campfire_choices":[{"data":"Noxious Fumes","floor":6,"key":"SMITH"},{"data":"Neutralize","floor":8,"key":"SMITH"}],"neow_cost":"TEN_PERCENT_HP_LOSS","seed_source_timestamp":26931034586596,"circlet_count":0,"master_deck":["AscendersBane","Defend_G","Defend_G","Defend_G","Defend_G","Defend_G","Strike_G","Strike_G","Strike_G","Strike_G","Survivor","Neutralize+1","Corpse Explosion+1","Well Laid Plans","Noxious Fumes+1","Backflip","Well Laid Plans","Escape Plan","Bane","Footwork"],"special_seed":0,"relics":["Ring of the Snake","Lantern"],"potions_floor_usage":[5],"damage_taken":[{"damage":0.0,"enemies":"2 Louse","floor":1.0,"turns":2.0},{"damage":0,"enemies":"Small Slimes","floor":5,"turns":1},{"damage":49,"enemies":"Gremlin Nob","floor":7,"turns":5},{"damage":0,"enemies":"Cultist","floor":10,"turns":3},{"damage":0,"enemies":"3 Sentries","floor":13,"turns":2}],"seed_played":"-7421634014043324677","potions_obtained":[{"floor":1.0,"key":"Explosive Potion"},{"floor":5,"key":"Dexterity Potion"}],"is_trial":false,"path_per_floor":["M","?","?","$","M","R","E","R","T","M","$","?","E"],"character_chosen":"THE_SILENT","items_purchased":["Noxious Fumes","Backflip","AttackPotion","Footwork"],"campfire_rested":0,"item_purchase_floors":[4,4,4,11],"current_hp_per_floor":[59,59,59,59,59,59,10,10,10,10,10,3,3],"gold":41,"neow_bonus":"THREE_RARE_CARDS","is_prod":false,"is_daily":false,"chose_seed":false,"campfire_upgraded":2,"win_rate":0,"timestamp":1555325120,"path_taken":["M","?","?","$","M","R","E","R","T","?","$","?","E"],"build_version":"2019-01-23","purchased_purges":1,"victory":false,"max_hp_per_floor":[60,60,60,60,60,60,60,60,60,60,60,60,60],"card_choices":[{"not_picked":["Adrenaline","Night Terror"],"picked":"Corpse Explosion","floor":0.0},{"not_picked":["Skewer","Deflect"],"picked":"Well Laid Plans","floor":1.0},{"not_picked":["Prepared","Dagger Spray"],"picked":"Well Laid Plans","floor":5},{"not_picked":["Infinite Blades","Terror"],"picked":"Escape Plan","floor":7},{"not_picked":["Deadly Poison","Bane","Flying Knee"],"picked":"SKIP","floor":10},{"not_picked":["Deadly Poison","Flying Knee"],"picked":"Bane","floor":10}],"player_experience":4296705,"relics_obtained":[{"floor":9,"key":"Lantern"}],"event_choices":[{"damage_healed":0.0,"max_hp_gain":0.0,"max_hp_loss":0.0,"gold_gain":150.0,"event_name":"Liars Game","player_choice":"AGREE","floor":2.0,"gold_loss":0.0,"damage_taken":0.0,"cards_obtained":["Doubt"]},{"damage_healed":0.0,"max_hp_gain":0.0,"max_hp_loss":0.0,"gold_gain":0.0,"event_name":"Upgrade Shrine","player_choice":"Upgraded","floor":3.0,"gold_loss":0.0,"damage_taken":0.0,"cards_upgraded":["Corpse Explosion"]},{"cards_removed":["Strike_G"],"damage_healed":0,"gold_gain":0,"player_choice":"Card Removal","damage_taken":7,"max_hp_gain":0,"max_hp_loss":0,"event_name":"Golden Wing","floor":12,"gold_loss":0}],"is_beta":false,"boss_relics":[],"items_purged_floors":[4],"is_endless":false,"potions_floor_spawned":[1,5],"killed_by":"3 Sentries","ascension_level":20}