{"gold_per_floor":[112,159,159,178,178,212,235,235,287,368,401,425,466,491,491,581,581,597,613,188,188],"floor_reached":21,"playtime":592,"items_purged":["Strike_G"],"score":448,"play_id":"72bc43cd-e8b3-4e61-8801-af92c2d1c02d","local_time":"20181117124032","is_ascension_mode":true,"campfire_choices":[{"data":"Leg Sweep","floor":8.0,"key":"SMITH"},{"data":"Bouncing Flask","floor":15,"key":"SMITH"}],"neow_cost":"NONE","seed_source_timestamp":6697890127915,"circlet_count":0,"master_deck":["AscendersBane","Defend_G","Defend_G","Defend_G","Defend_G","Defend_G","Strike_G","Strike_G","Strike_G+1","Strike_G","Survivor","Neutralize+1","Dagger Throw+1","Backstab","PiercingWail","Leg Sweep+1","Deadly Poison","Bouncing Flask+1","Outmaneuver","Burst","Flechettes","Escape Plan","Apotheosis"],"special_seed":0,"relics":["Ring of the Serpent","NeowsBlessing","Whetstone","Golden Idol","Mummified Hand","Juzu Bracelet","Centennial Puzzle","Gremlin Horn","Ancient Tea Set","Membership Card","Boot"],"potions_floor_usage":[19,21],"damage_taken":[{"damage":0.0,"enemies":"Cultist","floor":1.0,"turns":1.0},{"damage":0.0,"enemies":"Jaw Worm","floor":4.0,"turns":1.0},{"damage":0.0,"enemies":"Gremlin Nob","floor":6.0,"turns":1.0},{"damage":3.0,"enemies":"Small Slimes","floor":7.0,"turns":4.0},{"damage":6.0,"enemies":"Gremlin Nob","floor":10.0,"turns":3.0},{"damage":23.0,"enemies":"3 Sentries","floor":11.0,"turns":9.0},{"damage":0.0,"enemies":"Red Slaver","floor":12.0,"turns":3.0},{"damage":17,"enemies":"Lagavulin","floor":13,"turns":7},{"damage":0,"enemies":"Looter","floor":14,"turns":3},{"damage":6,"enemies":"Hexaghost","floor":16,"turns":9},{"damage":20,"enemies":"Shell Parasite","floor":18,"turns":8},{"damage":11,"enemies":"3 Byrds","floor":19,"turns":4},{"damage":16,"enemies":"Cultist and Chosen","floor":21,"turns":3}],"seed_played":"6156328234736897535","potions_obtained":[{"floor":6.0,"key":"AttackPotion"},{"floor":10.0,"key":"Dexterity Potion"},{"floor":11.0,"key":"FearPotion"},{"floor":13,"key":"FearPotion"},{"floor":16,"key":"Fire Potion"},{"floor":19,"key":"Fire Potion"}],"is_trial":false,"path_per_floor":["M","T","?","M","?","E","M","R","T","?","E","M","E","M","R","B",null,"M","M","$","M"],"character_chosen":"THE_SILENT","items_purchased":["Membership Card","Apotheosis","Boot"],"campfire_rested":0,"item_purchase_floors":[20,20,20],"current_hp_per_floor":[59,59,59,59,59,59,56,56,56,50,27,27,10,10,10,4,46,26,15,15,0],"gold":188,"neow_bonus":"THREE_ENEMY_KILL","is_prod":false,"is_daily":false,"chose_seed":false,"campfire_upgraded":2,"win_rate":0,"timestamp":1542429632,"path_taken":["M","?","?","M","?","E","M","R","T","?","E","M","E","M","R","BOSS","M","M","$","M"],"build_version":"2018-11-15","purchased_purges":1,"victory":false,"max_hp_per_floor":[66,66,60,60,60,60,60,60,60,60,60,60,60,60,60,60,60,60,60,60,60],"card_choices":[{"not_picked":["Finisher","Dodge and Roll"],"picked":"Dagger Throw","floor":1.0},{"not_picked":["Blade Dance","Finisher"],"picked":"Backstab","floor":4.0},{"not_picked":["Doppelganger","Dagger Throw"],"picked":"PiercingWail","floor":6.0},{"not_picked":["Dagger Throw","Acrobatics"],"picked":"Leg Sweep","floor":7.0},{"not_picked":["Backflip","PiercingWail"],"picked":"Deadly Poison","floor":10.0},{"not_picked":["Poisoned Stab","Riddle With Holes"],"picked":"Bouncing Flask","floor":11.0},{"not_picked":["Poisoned Stab","Concentrate"],"picked":"Outmaneuver","floor":12.0},{"not_picked":["Setup","Doppelganger","Dagger Throw"],"picked":"SKIP","floor":13},{"not_picked":["Outmaneuver","Heel Hook","Dagger Spray"],"picked":"SKIP","floor":14},{"not_picked":["Envenom","Die Die Die"],"picked":"Burst","floor":16},{"not_picked":["Underhanded Strike","Slice"],"picked":"Flechettes","floor":18},{"not_picked":["Deadly Poison","Expertise"],"picked":"Escape Plan","floor":19}],"player_experience":1091021,"relics_obtained":[{"floor":2.0,"key":"Whetstone"},{"floor":6.0,"key":"Mummified Hand"},{"floor":9.0,"key":"Juzu Bracelet"},{"floor":10.0,"key":"Centennial Puzzle"},{"floor":11.0,"key":"Gremlin Horn"},{"floor":13,"key":"Ancient Tea Set"}],"event_choices":[{"damage_healed":0.0,"max_hp_gain":0.0,"max_hp_loss":6.0,"gold_gain":0.0,"event_name":"Golden Idol","player_choice":"Lose Max HP","floor":3.0,"gold_loss":0.0,"damage_taken":0.0,"relics_obtained":["Golden Idol"]},{"damage_healed":0.0,"max_hp_gain":0.0,"max_hp_loss":0.0,"gold_gain":0.0,"event_name":"Upgrade Shrine","player_choice":"Upgraded","floor":5.0,"gold_loss":0.0,"damage_taken":0.0,"cards_upgraded":["Neutralize"]},{"damage_healed":0.0,"max_hp_gain":0.0,"max_hp_loss":0.0,"gold_gain":0.0,"event_name":"Dead Adventurer","player_choice":"Searched \u00271\u0027 times","floor":10.0,"gold_loss":0.0,"damage_taken":0.0}],"is_beta":true,"boss_relics":[{"not_picked":["Eternal Feather","WristBlade"],"picked":"Ring of the Serpent"}],"items_purged_floors":[20],"is_endless":false,"potions_floor_spawned":[6,10,11,13,16,19],"killed_by":"Cultist and Chosen","ascension_level":20}