{"gold_per_floor":[114,114,133,133,133,133,17,51,77,112,112,124,124,157,157,235,235,247,172,172,172,172,184,184,11,93,93,112,112,131,148,148,224,224,244,244,244,344,344,378,378,398,421,431,431,431,133,167,167,167,167,167,167,14,42,42],"floor_reached":57,"playtime":2870,"items_purged":["Decay","Writhe"],"score":3369,"play_id":"d1e7aed3-8171-4ef8-9eb6-ee6a35021826","local_time":"20190331072654","is_ascension_mode":true,"campfire_choices":[{"data":"Bouncing Flask","floor":6.0,"key":"SMITH"},{"data":"Well Laid Plans","floor":11.0,"key":"SMITH"},{"data":"Caltrops","floor":13.0,"key":"SMITH"},{"data":"Calculated Gamble","floor":15.0,"key":"SMITH"},{"data":"Neutralize","floor":24.0,"key":"SMITH"},{"data":"Expertise","floor":27.0,"key":"SMITH"},{"data":"Malaise","floor":32.0,"key":"SMITH"},{"data":"Tactician","floor":41.0,"key":"SMITH"},{"floor":49.0,"key":"RECALL"},{"data":"Prepared","floor":53,"key":"SMITH"}],"neow_cost":"NONE","seed_source_timestamp":719258811926,"circlet_count":0,"master_deck":["AscendersBane","Defend_G","Defend_G","Defend_G","Defend_G","Defend_G","Strike_G+1","Survivor","Neutralize+1","Caltrops+1","Bouncing Flask+1","Well Laid Plans+1","Expertise+1","Calculated Gamble+1","Dagger Throw","Bane+1","Dodge and Roll+1","Leg Sweep+1","Malaise+1","Tactician+1","Corpse Explosion","Master of Strategy","Finesse+1","Violence+1","Backflip+1","Prepared+1","Flechettes+1","Night Terror"],"special_seed":0,"relics":["Ring of the Snake","NeowsBlessing","WarpedTongs","Art of War","Centennial Puzzle","Whetstone","Darkstone Periapt","Astrolabe","Oddly Smooth Stone","Frozen Egg 2","Runic Pyramid","Tough Bandages","Paper Crane","Pen Nib","TheAbacus","War Paint","Ninja Scroll"],"potions_floor_usage":[51,56,56],"damage_taken":[{"damage":0.0,"enemies":"Jaw Worm","floor":1.0,"turns":1.0},{"damage":0.0,"enemies":"Cultist","floor":3.0,"turns":1.0},{"damage":0.0,"enemies":"Gremlin Nob","floor":8.0,"turns":1.0},{"damage":5.0,"enemies":"3 Sentries","floor":10.0,"turns":10.0},{"damage":2.0,"enemies":"2 Louse","floor":12.0,"turns":2.0},{"damage":23.0,"enemies":"Lagavulin","floor":14.0,"turns":6.0},{"damage":7.0,"enemies":"Hexaghost","floor":16.0,"turns":8.0},{"damage":11.0,"enemies":"Chosen","floor":18.0,"turns":4.0},{"damage":16.0,"enemies":"Colosseum Slavers","floor":21.0,"turns":7.0},{"damage":0.0,"enemies":"Spheric Guardian","floor":23.0,"turns":4.0},{"damage":0.0,"enemies":"Snecko","floor":28.0,"turns":5.0},{"damage":3.0,"enemies":"Snake Plant","floor":30.0,"turns":5.0},{"damage":6.0,"enemies":"Cultist and Chosen","floor":31.0,"turns":6.0},{"damage":29.0,"enemies":"Automaton","floor":33.0,"turns":13.0},{"damage":6.0,"enemies":"Orb Walker","floor":35.0,"turns":4.0},{"damage":2.0,"enemies":"Mind Bloom Boss Battle","floor":38.0,"turns":7.0},{"damage":0.0,"enemies":"Nemesis","floor":40.0,"turns":9.0},{"damage":0.0,"enemies":"3 Darklings","floor":42.0,"turns":4.0},{"damage":1.0,"enemies":"Spire Growth","floor":44.0,"turns":5.0},{"damage":0.0,"enemies":"Giant Head","floor":48.0,"turns":10.0},{"damage":0.0,"enemies":"Time Eater","floor":50.0,"turns":18.0},{"damage":0,"enemies":"Awakened One","floor":51,"turns":17},{"damage":0,"enemies":"Shield and Spear","floor":55,"turns":7},{"damage":15,"enemies":"The Heart","floor":56,"turns":11}],"seed_played":"6175560506268678773","potions_obtained":[{"floor":2.0,"key":"EntropicBrew"},{"floor":2.0,"key":"Swift Potion"},{"floor":3.0,"key":"PowerPotion"},{"floor":23.0,"key":"AttackPotion"},{"floor":28.0,"key":"SpeedPotion"},{"floor":33.0,"key":"LiquidBronze"},{"floor":38.0,"key":"Regen Potion"},{"floor":44.0,"key":"Swift Potion"}],"is_trial":false,"path_per_floor":["M","?","M","?","?","R","$","E","T","E","R","M","R","E","R","B",null,"M","?","?","?","?","M","R","$","T","R","M","?","M","M","R","B",null,"M","?","?","?","T","E","R","M","T","M","?","?","$","E","R","B","B",null,"R","$","E","B",null],"character_chosen":"THE_SILENT","items_purchased":["Well Laid Plans","Expertise","Oddly Smooth Stone","TheAbacus","PowerPotion"],"campfire_rested":0,"item_purchase_floors":[7,7,25,47,54],"current_hp_per_floor":[59,59,59,64,64,64,64,64,64,59,59,57,57,34,34,27,60,49,49,55,39,39,39,39,39,39,39,39,39,36,30,30,1,58,52,42,42,40,40,55,55,55,55,54,75,81,81,81,81,81,81,87,87,87,87,72],"gold":42,"neow_bonus":"THREE_ENEMY_KILL","is_prod":false,"is_daily":false,"chose_seed":false,"campfire_upgraded":9,"win_rate":0,"timestamp":1553988414,"path_taken":["M","?","?","?","?","R","$","E","T","E","R","?","R","E","R","BOSS","M","?","?","?","?","?","R","$","T","R","M","?","M","M","R","BOSS","M","?","?","?","?","E","R","?","T","M","?","?","$","E","R","BOSS","BOSS","R","$","E","BOSS"],"build_version":"2019-01-23","purchased_purges":2,"victory":true,"max_hp_per_floor":[66,66,66,71,71,71,71,71,71,71,71,71,71,71,71,71,71,71,71,77,77,77,77,77,77,77,77,77,77,77,77,77,77,77,77,77,77,77,77,77,77,77,77,77,83,89,89,89,89,89,89,89,89,89,89,89],"card_choices":[{"not_picked":["PiercingWail","Flechettes"],"picked":"Caltrops","floor":1.0},{"not_picked":["Dagger Throw","Outmaneuver"],"picked":"Bouncing Flask","floor":3.0},{"not_picked":["Outmaneuver","Underhanded Strike"],"picked":"Calculated Gamble","floor":8.0},{"not_picked":["Distraction","Quick Slash","Flying Knee"],"picked":"SKIP","floor":10.0},{"not_picked":["Predator","Prepared"],"picked":"Dagger Throw","floor":12.0},{"not_picked":["Underhanded Strike","Envenom","Dagger Throw"],"picked":"SKIP","floor":14.0},{"not_picked":["Outmaneuver","Blade Dance"],"picked":"Leg Sweep+1","floor":18.0},{"not_picked":["Dagger Spray","Distraction+1","Sucker Punch"],"picked":"SKIP","floor":23.0},{"not_picked":["Quick Slash","Backflip"],"picked":"Malaise","floor":28.0},{"not_picked":["Bane","Finisher","Sucker Punch"],"picked":"SKIP","floor":30.0},{"not_picked":["Finisher","Bane"],"picked":"Tactician","floor":31.0},{"not_picked":["Unload","Venomology"],"picked":"Corpse Explosion","floor":33.0},{"not_picked":["Eviscerate","Outmaneuver","Underhanded Strike"],"picked":"SKIP","floor":35.0},{"not_picked":["Enlightenment","Deep Breath"],"picked":"Master of Strategy","floor":36.0},{"not_picked":["Good Instincts","Jack Of All Trades"],"picked":"Finesse","floor":36.0},{"not_picked":["Dramatic Entrance","Swift Strike"],"picked":"Violence","floor":36.0},{"not_picked":["Leg Sweep","Dagger Throw"],"picked":"Backflip+1","floor":40.0},{"not_picked":["Prepared","Backstab","All Out Attack"],"picked":"SKIP","floor":42.0},{"not_picked":["Backstab","All Out Attack"],"picked":"Prepared","floor":42.0},{"not_picked":["Blade Dance","Poisoned Stab","Slice+1"],"picked":"SKIP","floor":44.0},{"not_picked":["Deadly Poison+1","Backflip"],"picked":"Flechettes+1","floor":48.0},{"not_picked":["Terror","Bouncing Flask"],"picked":"Night Terror","floor":55}],"player_experience":3965499,"relics_obtained":[{"floor":8.0,"key":"Art of War"},{"floor":9.0,"key":"Centennial Puzzle"},{"floor":10.0,"key":"Whetstone"},{"floor":14.0,"key":"Darkstone Periapt"},{"floor":26.0,"key":"Frozen Egg 2"},{"floor":38.0,"key":"Tough Bandages"},{"floor":39.0,"key":"Paper Crane"},{"floor":40.0,"key":"Pen Nib"},{"floor":48.0,"key":"War Paint"},{"floor":55,"key":"Ninja Scroll"}],"event_choices":[{"damage_healed":0.0,"max_hp_gain":0.0,"max_hp_loss":0.0,"gold_gain":0.0,"event_name":"Lab","player_choice":"Got Potions","floor":2.0,"gold_loss":0.0,"damage_taken":0.0},{"damage_healed":0.0,"max_hp_gain":5.0,"max_hp_loss":0.0,"gold_gain":0.0,"event_name":"Big Fish","player_choice":"Donut","floor":4.0,"gold_loss":0.0,"damage_taken":0.0},{"damage_healed":0.0,"max_hp_gain":0.0,"max_hp_loss":0.0,"gold_gain":0.0,"event_name":"Accursed Blacksmith","player_choice":"Rummage","floor":5.0,"gold_loss":0.0,"damage_taken":0.0,"relics_obtained":["WarpedTongs"],"cards_obtained":["Pain"]},{"cards_removed":["Pain"],"damage_healed":0.0,"max_hp_gain":0.0,"max_hp_loss":0.0,"gold_gain":0.0,"event_name":"Beggar","player_choice":"Gave Gold","floor":19.0,"gold_loss":75.0,"damage_taken":0.0},{"damage_healed":0.0,"max_hp_gain":0.0,"max_hp_loss":0.0,"gold_gain":0.0,"event_name":"Forgotten Altar","player_choice":"Smashed Altar","floor":20.0,"gold_loss":0.0,"damage_taken":0.0,"cards_obtained":["Decay"]},{"damage_healed":0.0,"max_hp_gain":0.0,"max_hp_loss":0.0,"gold_gain":0.0,"event_name":"Colosseum","player_choice":"Fight","floor":21.0,"gold_loss":0.0,"damage_taken":0.0},{"damage_healed":0.0,"max_hp_gain":0.0,"max_hp_loss":0.0,"gold_gain":0.0,"event_name":"Colosseum","player_choice":"Fled From Nobs","floor":21.0,"gold_loss":0.0,"damage_taken":0.0},{"cards_removed":["Decay"],"damage_healed":0.0,"max_hp_gain":0.0,"max_hp_loss":0.0,"gold_gain":0.0,"event_name":"Fountain of Cleansing","player_choice":"Removed Curses","floor":22.0,"gold_loss":0.0,"damage_taken":0.0},{"cards_removed":["Strike_G"],"damage_healed":0.0,"max_hp_gain":0.0,"max_hp_loss":0.0,"gold_gain":0.0,"event_name":"Back to Basics","player_choice":"Elegance","floor":29.0,"gold_loss":0.0,"damage_taken":0.0},{"damage_healed":0.0,"max_hp_gain":0.0,"max_hp_loss":0.0,"gold_gain":0.0,"event_name":"SensoryStone","player_choice":"Memory 3","floor":36.0,"gold_loss":0.0,"damage_taken":10.0},{"cards_removed":["Envenom"],"damage_healed":0.0,"max_hp_gain":0.0,"max_hp_loss":0.0,"gold_gain":0.0,"event_name":"Falling","player_choice":"Removed Power","floor":37.0,"gold_loss":0.0,"damage_taken":0.0},{"damage_healed":0.0,"max_hp_gain":0.0,"max_hp_loss":0.0,"gold_gain":0.0,"event_name":"MindBloom","player_choice":"Fight","floor":38.0,"gold_loss":0.0,"damage_taken":0.0},{"damage_healed":15.0,"max_hp_gain":0.0,"max_hp_loss":0.0,"gold_gain":0.0,"event_name":"Winding Halls","player_choice":"Writhe","floor":45.0,"gold_loss":0.0,"damage_taken":0.0,"cards_obtained":["Writhe"]},{"damage_healed":0.0,"max_hp_gain":0.0,"max_hp_loss":0.0,"gold_gain":0.0,"event_name":"Wheel of Change","player_choice":"Cursed","floor":46.0,"gold_loss":0.0,"damage_taken":0.0,"cards_obtained":["Decay"]}],"is_beta":false,"boss_relics":[{"not_picked":["Black Star","Snecko Eye"],"picked":"Astrolabe"},{"not_picked":["Sozu","Philosopher\u0027s Stone"],"picked":"Runic Pyramid"}],"items_purged_floors":[47,54],"is_endless":false,"potions_floor_spawned":[3,8,23,28,30,33,38,44],"ascension_level":20}