{"gold_per_floor":[109,23,98,108,108,108,136,146,146,146,176,451,471,471,471,560,560,560,168,168,83,101,101],"floor_reached":23,"playtime":1101,"items_purged":["Strike_G"],"score":394,"play_id":"4f6bfd1e-8b78-4f06-8b81-38f0cfc4cec1","local_time":"20190720160911","is_ascension_mode":true,"campfire_choices":[{"floor":6,"key":"REST"},{"floor":10,"key":"REST"},{"floor":15,"key":"REST"}],"neow_cost":"NONE","seed_source_timestamp":71378441998506,"circlet_count":0,"master_deck":["AscendersBane","Strike_G+1","Strike_G","Strike_G","Strike_G","Defend_G","Defend_G","Defend_G","Defend_G","Defend_G","Survivor","Neutralize+1","Dash","Footwork","Dash","Cloak And Dagger","Dodge and Roll","Regret","Noxious Fumes","Adrenaline","Backflip"],"relics":["Ring of the Snake","Gambling Chip","Tingsha","Gremlin Horn","Golden Idol","Fusion Hammer","Blue Candle","Bag of Marbles"],"potions_floor_usage":[7,11,11,18],"damage_taken":[{"damage":4,"enemies":"Small Slimes","floor":1,"turns":4},{"damage":0,"enemies":"2 Louse","floor":4,"turns":3},{"damage":18,"enemies":"Lagavulin","floor":7,"turns":10},{"damage":0,"enemies":"Cultist","floor":8,"turns":3},{"damage":15,"enemies":"Gremlin Nob","floor":11,"turns":4},{"damage":9,"enemies":"Large Slime","floor":13,"turns":9},{"damage":31,"enemies":"The Guardian","floor":16,"turns":15},{"damage":0,"enemies":"Chosen","floor":18,"turns":1},{"damage":7,"enemies":"3 Byrds","floor":22,"turns":6},{"damage":51,"enemies":"Gremlin Leader","floor":23,"turns":10}],"seed_played":"-8221048147005314673","potions_obtained":[{"floor":4,"key":"FearPotion"},{"floor":7,"key":"AttackPotion"},{"floor":8,"key":"Energy Potion"},{"floor":11,"key":"SmokeBomb"}],"is_trial":false,"path_per_floor":["M","$","?","M","?","R","E","M","T","R","E","?","M","?","R","B",null,"M","$","?","?","M","E"],"character_chosen":"THE_SILENT","items_purchased":["Footwork","Backflip","Blue Candle"],"campfire_rested":3,"item_purchase_floors":[2,19,19],"current_hp_per_floor":[61,61,50,50,28,49,31,31,31,52,37,37,28,28,47,16,53,53,53,53,53,46,0],"gold":101,"neow_bonus":"TEN_PERCENT_HP_BONUS","is_prod":false,"is_daily":false,"chose_seed":false,"campfire_upgraded":0,"win_rate":0,"timestamp":1563631751,"path_taken":["M","$","?","M","?","R","E","M","T","R","E","?","?","?","R","BOSS","M","$","?","?","M","E"],"build_version":"2019-07-17","purchased_purges":1,"victory":false,"max_hp_per_floor":[72,72,72,72,72,72,72,72,72,72,72,72,72,65,65,65,65,65,65,65,65,65,65],"card_choices":[{"not_picked":["PiercingWail","Slice"],"picked":"Dash","floor":1},{"not_picked":["Skewer","Blade Dance"],"picked":"Dash","floor":4},{"not_picked":["Sucker Punch","Outmaneuver"],"picked":"Cloak And Dagger","floor":7},{"not_picked":["Choke","Prepared"],"picked":"Dodge and Roll","floor":8},{"not_picked":["All Out Attack","Outmaneuver","Setup"],"picked":"SKIP","floor":11},{"not_picked":["Underhanded Strike","Dash"],"picked":"Noxious Fumes","floor":13},{"not_picked":["Doppelganger","Die Die Die"],"picked":"Adrenaline","floor":16},{"not_picked":["Sucker Punch","Masterful Stab","Flying Knee"],"picked":"SKIP","floor":22}],"player_experience":731594,"relics_obtained":[{"floor":7,"key":"Gambling Chip"},{"floor":9,"key":"Tingsha"},{"floor":11,"key":"Gremlin Horn"}],"event_choices":[{"damage_healed":0,"gold_gain":75,"player_choice":"Gather Gold","damage_taken":11,"max_hp_gain":0,"max_hp_loss":0,"event_name":"World of Goop","floor":3,"gold_loss":0},{"damage_healed":0,"gold_gain":0,"player_choice":"Entered Light","damage_taken":22,"max_hp_gain":0,"max_hp_loss":0,"event_name":"Shining Light","floor":5,"gold_loss":0,"cards_upgraded":["Strike_G","Neutralize"]},{"damage_healed":0,"gold_gain":275,"player_choice":"Desecrate","damage_taken":0,"max_hp_gain":0,"max_hp_loss":0,"event_name":"Golden Shrine","floor":12,"gold_loss":0,"cards_obtained":["Regret"]},{"damage_healed":0,"gold_gain":0,"player_choice":"Lose Max HP","damage_taken":0,"relics_obtained":["Golden Idol"],"max_hp_gain":0,"max_hp_loss":7,"event_name":"Golden Idol","floor":14,"gold_loss":0},{"damage_healed":0,"gold_gain":0,"player_choice":"Ignored","damage_taken":0,"max_hp_gain":0,"max_hp_loss":0,"event_name":"Ghosts","floor":20,"gold_loss":0},{"damage_healed":0,"gold_gain":0,"player_choice":"Obtained Relic","damage_taken":0,"relics_obtained":["Bag of Marbles"],"max_hp_gain":0,"max_hp_loss":0,"event_name":"Addict","floor":21,"gold_loss":85}],"is_beta":false,"boss_relics":[{"not_picked":["Cursed Key","Ring of the Serpent"],"picked":"Fusion Hammer"}],"items_purged_floors":[19],"is_endless":false,"potions_floor_spawned":[4,7,8,11],"killed_by":"Gremlin Leader","ascension_level":20}