{"path_per_floor":["M","M","M","?","M","E","R","E","T","M","R","$","M","M","R","B",null,"M","$","?","?","M","E","R","E","T","R","M","M","R","?","R"],"character_chosen":"DEFECT","items_purchased":[],"gold_per_floor":[114,129,144,94,109,139,139,169,244,259,259,259,274,289,289,389,389,404,404,327,242,257,287,287,317,342,342,357,372,372,382,382,382],"floor_reached":33,"campfire_rested":2,"playtime":1276,"current_hp_per_floor":[73,73,73,73,65,37,37,16,16,16,70,70,65,65,65,50,70,53,53,53,53,34,23,23,5,5,65,53,53,53,52,52,0],"items_purged":[],"gold":382,"score":297,"play_id":"c2b29707-201c-49f9-aace-94d712a6492e","local_time":"20180510175238","daily_mods":["Heirloom","Time Dilation","Night Terrors"],"is_prod":false,"is_daily":true,"chose_seed":false,"is_ascension_mode":false,"campfire_upgraded":5,"timestamp":1525945958,"path_taken":["M","M","M","?","M","E","R","E","T","M","R","?","M","?","R","BOSS","M","$","?","?","M","E","R","E","T","R","?","M","R","?","R","BOSS"],"build_version":"2018-05-08","seed_source_timestamp":8148036422904,"purchased_purges":1,"victory":false,"master_deck":["Strike_B","Strike_B","Strike_B","Defend_B","Defend_B","Defend_B","Defend_B","Zap+1","Dualcast+1","Conserve Battery","Gash","Streamline","Reprogram+1","Hologram+1","Ball Lightning+1","Tempest+1","Rebound+1","Reboot","Heatsinks","J.A.X.","FTL+1","Sunder+1","Self Repair","Beam Cell+1","Auto Shields","Skim+1","Ball Lightning+1"],"max_hp_per_floor":[75,75,75,75,75,75,75,75,75,75,70,70,70,70,70,70,70,70,70,70,70,70,70,70,70,70,65,65,65,65,65,65,65],"relics":["Cracked Core","Bird Faced Urn","Dream Catcher","Dead Branch","Molten Egg 2","Runic Dome","Kunai","Oddly Smooth Stone","Bronze Scales","Bag of Marbles","Red Mask"],"card_choices":[{"not_picked":["Skim","Chaos"],"picked":"Conserve Battery","floor":1},{"not_picked":["Aggregate","Turbo"],"picked":"Gash","floor":2},{"not_picked":["Go for the Eyes","Axe Kick"],"picked":"Streamline","floor":3},{"not_picked":["Defragment","Stack"],"picked":"Reprogram","floor":5},{"not_picked":["Steam","Barrage"],"picked":"Hologram","floor":6},{"not_picked":["Axe Kick","Undo"],"picked":"Ball Lightning","floor":10},{"not_picked":["Steam","Blizzard"],"picked":"Tempest","floor":11},{"not_picked":["Self Repair","Leap"],"picked":"Rebound","floor":13},{"not_picked":["Rainbow","Amplify"],"picked":"Reboot","floor":16},{"not_picked":["Coolheaded","Rebound"],"picked":"Heatsinks","floor":18},{"not_picked":["Go for the Eyes","Darkness"],"picked":"FTL","floor":22},{"not_picked":["Multi-Cast","Reprogram"],"picked":"Sunder","floor":23},{"not_picked":["Beam Cell","Recycle"],"picked":"Self Repair","floor":25},{"not_picked":["Leap","Turbo"],"picked":"Beam Cell","floor":27},{"not_picked":["Glacier","Stack"],"picked":"Auto Shields","floor":28},{"not_picked":["Stack","Chill"],"picked":"Skim","floor":29},{"not_picked":["BootSequence","Cold Snap"],"picked":"Ball Lightning","floor":31}],"player_experience":463573,"potions_floor_usage":[6,16,16,23,31,33,33],"damage_taken":[{"damage":2,"enemies":"Small Slimes","floor":1,"turns":3},{"damage":0,"enemies":"2 Louse","floor":2,"turns":2},{"damage":0,"enemies":"Cultist","floor":3,"turns":3},{"damage":8,"enemies":"Lots of Slimes","floor":5,"turns":4},{"damage":28,"enemies":"Lagavulin","floor":6,"turns":5},{"damage":21,"enemies":"Gremlin Nob","floor":8,"turns":4},{"damage":0,"enemies":"2 Fungi Beasts","floor":10,"turns":3},{"damage":5,"enemies":"Looter","floor":13,"turns":3},{"damage":0,"enemies":"3 Louse","floor":14,"turns":3},{"damage":17,"enemies":"Slime Boss","floor":16,"turns":7},{"damage":27,"enemies":"Shell Parasite","floor":18,"turns":4},{"damage":21,"enemies":"2 Thieves","floor":22,"turns":4},{"damage":13,"enemies":"Gremlin Leader","floor":23,"turns":7},{"damage":20,"enemies":"Slavers","floor":25,"turns":3},{"damage":14,"enemies":"Snake Plant","floor":28,"turns":3},{"damage":0,"enemies":"Snecko","floor":29,"turns":2},{"damage":10,"enemies":"√…√Ê«øµ¡","floor":31,"turns":3},{"damage":59,"enemies":"Automaton","floor":33,"turns":6}],"event_choices":[{"event_name":"The Cleric","player_choice":"Card Removal","floor":4,"damage_taken":0},{"event_name":"Drug Dealer","player_choice":"Got JAXXED","floor":20,"damage_taken":0},{"event_name":"Addict","player_choice":"Obtained Relic","floor":21,"damage_taken":0},{"event_name":"Masked Bandits","player_choice":"Fought over 372 gold","floor":31,"damage_taken":0}],"boss_relics":[{"not_picked":["Velvet Choker","Lizard Tail"],"picked":"Runic Dome"}],"potions_floor_spawned":[2,6,10,14,18,25,31],"seed_played":"-3482756259922826176","killed_by":"Automaton","ascension_level":0,"is_trial":false}