{"gold_per_floor":[112,112,130,54,74,101,101,115,189,114,114],"floor_reached":11,"playtime":167,"items_purged":["Strike_R"],"score":146,"play_id":"5dd88f44-7903-4131-8ee3-9cc9b3612f3f","local_time":"20190414093335","is_ascension_mode":true,"campfire_choices":[{"data":"Demon Form","floor":7,"key":"SMITH"}],"neow_cost":"NONE","seed_source_timestamp":78486767612038,"circlet_count":0,"master_deck":["AscendersBane","Strike_R","Strike_R","Strike_R","Defend_R","Defend_R","Defend_R","Defend_R","Bash","Wild Strike","Demon Form+1","Evolve","Limit Break"],"relics":["Burning Blood","NeowsBlessing","Thread and Needle","Ornamental Fan"],"potions_floor_usage":[],"damage_taken":[{"damage":0,"enemies":"Small Slimes","floor":1,"turns":1},{"damage":0,"enemies":"Cultist","floor":3,"turns":1},{"damage":0,"enemies":"2 Louse","floor":5,"turns":1},{"damage":64,"enemies":"Gremlin Nob","floor":6,"turns":6},{"damage":30,"enemies":"Red Slaver","floor":8,"turns":4},{"damage":13,"enemies":"Lagavulin","floor":11,"turns":5}],"seed_played":"-362086292192185289","potions_obtained":[{"floor":3,"key":"LiquidBronze"},{"floor":6,"key":"FairyPotion"}],"is_trial":false,"path_per_floor":["M","?","M","$","M","E","R","M","T","$","E"],"character_chosen":"IRONCLAD","items_purchased":["Evolve"],"campfire_rested":0,"item_purchase_floors":[4],"current_hp_per_floor":[74,74,75,75,75,17,17,13,13,13,0],"gold":114,"neow_bonus":"THREE_ENEMY_KILL","is_prod":false,"is_daily":false,"chose_seed":false,"campfire_upgraded":1,"win_rate":0,"timestamp":1555205615,"path_taken":["M","?","?","?","M","E","R","M","T","$","E"],"build_version":"2019-01-23","purchased_purges":1,"victory":false,"max_hp_per_floor":[75,75,75,75,75,75,75,75,75,75,75],"card_choices":[{"not_picked":["Iron Wave","Headbutt"],"picked":"Wild Strike","floor":1},{"not_picked":["Thunderclap","Sentinel","Anger"],"picked":"SKIP","floor":3},{"not_picked":["Headbutt","Clothesline","Wild Strike"],"picked":"SKIP","floor":5},{"not_picked":["Blood for Blood","Iron Wave"],"picked":"Limit Break","floor":6},{"not_picked":["Body Slam","Anger","Iron Wave"],"picked":"SKIP","floor":8}],"player_experience":4280663,"relics_obtained":[{"floor":6,"key":"Thread and Needle"},{"floor":9,"key":"Ornamental Fan"}],"event_choices":[{"damage_healed":0,"gold_gain":0,"cards_transformed":["Strike_R"],"player_choice":"Transformed","damage_taken":0,"max_hp_gain":0,"max_hp_loss":0,"event_name":"Transmorgrifier","floor":2,"gold_loss":0,"cards_obtained":["Demon Form"]}],"is_beta":false,"boss_relics":[],"items_purged_floors":[10],"is_endless":false,"potions_floor_spawned":[3,6],"killed_by":"Lagavulin","ascension_level":20}