{"path_per_floor":["M","M","M","$","M","E","R","E","T","M","E","?","M","E","R","B",null,"M","$","M","?","T","E","M","E","T","R","$","E","$","E","R","B",null,"M","?","M","T","?","E","M","E","T","E","M","E","M","$","R","B"],"character_chosen":"DEFECT","items_purchased":["Frozen Egg 2","Vajra","Lantern","Bottled Lightning","Dead Branch","Storm+1","Toolbox","Shuriken","Panache+1"],"gold_per_floor":[114,129,144,144,159,189,189,519,544,559,589,689,704,734,734,834,834,849,299,314,314,314,344,359,389,414,414,414,444,194,224,224,324,354,369,591,606,681,681,711,726,756,756,786,801,831,846,28,28,28],"floor_reached":51,"campfire_rested":2,"playtime":3212,"item_purchase_floors":[19,19,19,30,48,48,48,48,48],"current_hp_per_floor":[74,64,69,69,69,38,38,38,38,38,22,22,22,22,22,6,75,75,75,55,53,53,51,63,28,35,35,35,16,16,8,34,46,87,87,87,87,87,87,74,73,70,70,70,60,48,48,48,48,48],"items_purged":[],"gold":28,"score":1423,"play_id":"e5dad1cd-60e9-482f-b572-27a7175d02eb","local_time":"20180607131017","daily_mods":["Brewmaster","Elite Swarm","Hoarder"],"is_prod":false,"is_daily":true,"chose_seed":false,"is_ascension_mode":false,"campfire_upgraded":3,"win_rate":0,"timestamp":1528348217,"campfire_choices":[{"data":"Zap","floor":7,"key":"SMITH"},{"data":"Machine Learning","floor":15,"key":"SMITH"},{"data":"Seek","floor":27,"key":"SMITH"},{"floor":32,"key":"REST"},{"floor":49,"key":"REST"}],"path_taken":["M","M","M","$","M","E","R","E","T","?","E","?","?","E","R","BOSS","M","$","M","?","?","E","M","E","T","R","$","E","$","E","R","BOSS","M","?","?","?","?","E","M","E","T","E","?","E","M","$","R","BOSS"],"build_version":"2018-06-05","seed_source_timestamp":0,"purchased_purges":0,"victory":true,"master_deck":["Strike_B+1","Strike_B+1","Strike_B+1","Strike_B+1","Defend_B+1","Defend_B+1","Defend_B+1","Defend_B+1","Zap+1","Dualcast+1","Venomology+1","Venomology+1","Venomology+1","Venomology+1","Venomology+1","Venomology+1","Venomology+1","Venomology+1","Venomology+1","Venomology+1","Venomology+1","Venomology+1","Venomology+1","Venomology+1","Venomology+1","Beam Cell+1","Beam Cell+1","Beam Cell+1","Gash+1","Gash+1","Gash+1","Core Surge+1","Core Surge+1","Core Surge+1","Machine Learning+1","Machine Learning+1","Machine Learning+1","FTL+1","FTL+1","FTL+1","Buffer+1","Buffer+1","Buffer+1","Reboot+1","Reboot+1","Reboot+1","Echo Form+1","Echo Form+1","Echo Form+1","Stack+1","Stack+1","Stack+1","Go for the Eyes+1","Go for the Eyes+1","Go for the Eyes+1","Conserve Battery+1","Conserve Battery+1","Conserve Battery+1","Electrodynamics+1","Electrodynamics+1","Electrodynamics+1","Double Energy+1","Double Energy+1","Double Energy+1","Seek+1","Seek+1","Seek+1","Seek+1","Seek+1","Seek+1","Amplify+1","Amplify+1","Amplify+1","Reboot+1","Reboot+1","Reboot+1","Parasite","Parasite","Parasite","Parasite","Parasite","Parasite","Pain","Pain","Pain","Turbo+1","Turbo+1","Turbo+1","Creative AI+1","Creative AI+1","Creative AI+1","Heatsinks+1","Heatsinks+1","Heatsinks+1","Biased Cognition+1","Biased Cognition+1","Biased Cognition+1","Biased Cognition+1","Biased Cognition+1","Biased Cognition+1","Hologram","Hologram","Hologram","Electrodynamics+1","Electrodynamics+1","Electrodynamics+1","Capacitor+1","Capacitor+1","Capacitor+1","Storm+1","Storm+1","Storm+1","Panache+1","Panache+1","Panache+1"],"max_hp_per_floor":[75,75,75,75,75,75,75,75,75,75,75,75,75,75,75,75,75,75,75,75,75,75,75,75,80,87,87,87,87,87,87,87,87,87,87,87,87,87,87,87,87,87,87,87,87,87,87,87,87,87],"relics":["Cracked Core","White Beast Statue","Bronze Scales","Old Coin","Boot","Kunai","Anchor","Philosopher\u0027s Stone","Frozen Egg 2","Vajra","Lantern","Red Mask","Pantograph","Symbiotic Virus","Art of War","Strawberry","Emotion Chip","Bottled Lightning","Happy Flower","Calling Bell","Tiny Chest","Matryoshka","Peace Pipe","Potion Belt","Letter Opener","Mark of the Bloom","Ancient Tea Set","The Courier","Orichalcum","Dream Catcher","Gambling Chip","Du-Vu Doll","Dead Branch","Toolbox","Shuriken"],"card_choices":[{"not_picked":["Static Discharge","Rebound","Streamline"],"picked":"SKIP","floor":1},{"not_picked":["Steam","Recycle"],"picked":"Beam Cell","floor":2},{"not_picked":["Rebound","Redo"],"picked":"Gash","floor":3},{"not_picked":["Loop","Ball Lightning","Recycle"],"picked":"SKIP","floor":5},{"not_picked":["Meteor Strike","Machine Learning"],"picked":"Core Surge","floor":6},{"not_picked":["Multi-Cast","Creative AI"],"picked":"Machine Learning","floor":8},{"not_picked":["Darkness","Cold Snap"],"picked":"FTL","floor":10},{"not_picked":["Thunder Strike","Fission"],"picked":"Buffer","floor":11},{"not_picked":["Redo","Compile Driver","Capacitor"],"picked":"SKIP","floor":13},{"not_picked":["Machine Learning","Biased Cognition"],"picked":"Reboot","floor":14},{"not_picked":["Rainbow","Amplify"],"picked":"Echo Form","floor":16},{"not_picked":["Beam Cell+1","Scrape"],"picked":"Stack","floor":18},{"not_picked":["Glacier","Reprogram"],"picked":"Go for the Eyes","floor":20},{"not_picked":["Cold Snap+1","Chill"],"picked":"Conserve Battery","floor":21},{"not_picked":["Core Surge","Rainbow"],"picked":"Electrodynamics+1","floor":23},{"not_picked":["Compile Driver","Streamline"],"picked":"Double Energy","floor":24},{"not_picked":["Core Surge","Rainbow"],"picked":"Seek","floor":25},{"not_picked":["Amplify","Thunder Strike"],"picked":"Seek","floor":29},{"not_picked":["Biased Cognition+1","Machine Learning+1"],"picked":"Amplify","floor":31},{"not_picked":["Meteor Strike","Multi-Cast"],"picked":"Reboot","floor":33},{"not_picked":["Sweeping Beam+1","Streamline+1"],"picked":"Turbo+1","floor":35},{"not_picked":["Compile Driver","Multi-Cast","Ball Lightning"],"picked":"SKIP","floor":37},{"not_picked":["Machine Learning+1","Multi-Cast"],"picked":"Creative AI+1","floor":40},{"not_picked":["Leap","Melter+1"],"picked":"Heatsinks+1","floor":41},{"not_picked":["Multi-Cast","Meteor Strike"],"picked":"Biased Cognition+1","floor":42},{"not_picked":["Multi-Cast","Amplify"],"picked":"Biased Cognition+1","floor":44},{"not_picked":["BootSequence","Steam+1"],"picked":"Hologram","floor":45},{"not_picked":["Rainbow","Multi-Cast"],"picked":"Electrodynamics+1","floor":46},{"not_picked":["Beam Cell","Heatsinks+1"],"picked":"Capacitor+1","floor":47}],"player_experience":537966,"potions_floor_usage":[1,1,1,2,2,2,2,2,2,2,2,2,2,3,3,5,5,5,5,6,6,6,6,6,6,6,6,6,6,6,6,8,8,8,8,10,10,10,11,11,11,11,13,13,13,13,14,14,16,16,16,16,16,16,16,16,18,18,18,18,18,18,18,20,20,20,20,21,21,21,21,21,21,21,23,23,23,23,23,23,23,23,23,24,24,24,24,24,25,25,25,25,25,29,29,29,29,29,29,29,29,29,29,31,31,33,33,33,33,33,33,33,35,35,35,35,35,35,37,37,40,40,40,40,40,40,40,40,40,40,40,40,40,41,41,41,41,41,41,41,41,41,42,42,42,42,42,42,42,42,44,44,44,46,46,46,46,46,46,46,46,46,46,46,50,50,50,50,50],"damage_taken":[{"damage":1,"enemies":"Cultist","floor":1,"turns":3},{"damage":10,"enemies":"Jaw Worm","floor":2,"turns":4},{"damage":0,"enemies":"2 Louse","floor":3,"turns":2},{"damage":0,"enemies":"Lots of Slimes","floor":5,"turns":2},{"damage":31,"enemies":"3 Sentries","floor":6,"turns":5},{"damage":0,"enemies":"Gremlin Nob","floor":8,"turns":2},{"damage":0,"enemies":"2 Fungi Beasts","floor":10,"turns":2},{"damage":16,"enemies":"3 Sentries","floor":11,"turns":3},{"damage":0,"enemies":"3 Louse","floor":13,"turns":2},{"damage":0,"enemies":"Gremlin Nob","floor":14,"turns":3},{"damage":16,"enemies":"Hexaghost","floor":16,"turns":5},{"damage":0,"enemies":"Shell Parasite","floor":18,"turns":5},{"damage":20,"enemies":"3 Byrds","floor":20,"turns":2},{"damage":2,"floor":21,"turns":3},{"damage":11,"enemies":"Slavers","floor":23,"turns":6},{"damage":0,"enemies":"Snecko","floor":24,"turns":4},{"damage":40,"enemies":"Book of Stabbing","floor":25,"turns":4},{"damage":24,"enemies":"Gremlin Leader","floor":29,"turns":5},{"damage":8,"enemies":"Book of Stabbing","floor":31,"turns":3},{"damage":48,"enemies":"Collector","floor":33,"turns":6},{"damage":0,"enemies":"Orb Walker","floor":35,"turns":3},{"damage":0,"enemies":"3 Darklings","floor":37,"turns":2},{"damage":13,"enemies":"Nemesis","floor":40,"turns":3},{"damage":1,"enemies":"Maw","floor":41,"turns":6},{"damage":3,"enemies":"Giant Head","floor":42,"turns":5},{"damage":0,"enemies":"2 Orb Walkers","floor":44,"turns":1},{"damage":10,"enemies":"4 Shapes","floor":45,"turns":1},{"damage":12,"enemies":"Nemesis","floor":46,"turns":3},{"damage":0,"enemies":"Spire Growth","floor":47,"turns":2},{"damage":0,"enemies":"Donu and Deca","floor":50,"turns":1}],"relics_obtained":[{"floor":6,"key":"Bronze Scales"},{"floor":8,"key":"Old Coin"},{"floor":9,"key":"Boot"},{"floor":11,"key":"Kunai"},{"floor":14,"key":"Anchor"},{"floor":21,"key":"Red Mask"},{"floor":22,"key":"Pantograph"},{"floor":23,"key":"Symbiotic Virus"},{"floor":25,"key":"Art of War"},{"floor":26,"key":"Strawberry"},{"floor":29,"key":"Emotion Chip"},{"floor":31,"key":"Happy Flower"},{"floor":34,"key":"Tiny Chest"},{"floor":34,"key":"Matryoshka"},{"floor":34,"key":"Peace Pipe"},{"floor":38,"key":"Potion Belt"},{"floor":38,"key":"Letter Opener"},{"floor":40,"key":"Ancient Tea Set"},{"floor":42,"key":"The Courier"},{"floor":43,"key":"Orichalcum"},{"floor":43,"key":"Dream Catcher"},{"floor":44,"key":"Gambling Chip"},{"floor":46,"key":"Du-Vu Doll"}],"event_choices":[{"event_name":"Golden Shrine","player_choice":"Pray","floor":12,"damage_taken":0},{"event_name":"Masked Bandits","player_choice":"Fought over 314 gold","floor":21,"damage_taken":0},{"event_name":"Tomb of Lord Red Mask","player_choice":"Wore Mask","floor":36,"damage_taken":0},{"event_name":"MindBloom","player_choice":"Upgrade","floor":39,"damage_taken":0}],"boss_relics":[{"not_picked":["Ectoplasm","Runic Dome"],"picked":"Philosopher\u0027s Stone"},{"not_picked":["Inserter","Snecko Eye"],"picked":"Calling Bell"}],"items_purged_floors":[],"potions_floor_spawned":[1,2,3,5,6,8,10,11,13,14,16,18,20,21,23,24,25,29,31,33,35,37,40,41,42,44,45,46,47],"seed_played":"780914286428211859","ascension_level":0,"potions_obtained":[{"floor":1,"key":"EssenceOfSteel"},{"floor":2,"key":"Regen Potion"},{"floor":6,"key":"SteroidPotion"},{"floor":8,"key":"SteroidPotion"},{"floor":10,"key":"Explosive Potion"},{"floor":11,"key":"Strength Potion"},{"floor":13,"key":"PowerPotion"},{"floor":14,"key":"SteroidPotion"},{"floor":16,"key":"Ancient Potion"},{"floor":18,"key":"Energy Potion"},{"floor":21,"key":"Energy Potion"},{"floor":23,"key":"AttackPotion"},{"floor":24,"key":"Fruit Juice"},{"floor":25,"key":"Explosive Potion"},{"floor":29,"key":"SteroidPotion"},{"floor":31,"key":"Regen Potion"},{"floor":33,"key":"Energy Potion"},{"floor":35,"key":"AttackPotion"},{"floor":40,"key":"FearPotion"},{"floor":41,"key":"FearPotion"},{"floor":42,"key":"PowerPotion"},{"floor":46,"key":"PowerPotion"}],"is_trial":false}