{"gold_per_floor":[368,368,380,394,413,413,443,443,443,458,5,5,19,38,38,113,113,123,73,73,92,112,112,112],"floor_reached":24,"playtime":1549,"items_purged":["Strike_B","Defend_B"],"score":400,"play_id":"429827e6-2e97-4e31-8a20-a1cbdc8f77fb","local_time":"20190109222027","is_ascension_mode":true,"campfire_choices":[{"data":"Streamline","floor":6.0,"key":"SMITH"},{"data":"Consume","floor":8.0,"key":"SMITH"},{"data":"Discovery","floor":12.0,"key":"SMITH"},{"data":"Rainbow","floor":15.0,"key":"SMITH"},{"data":"Fission","floor":23.0,"key":"SMITH"}],"neow_cost":"TEN_PERCENT_HP_LOSS","seed_source_timestamp":35049514408308,"circlet_count":0,"master_deck":["AscendersBane","Defend_B","Defend_B","Defend_B","Zap","Dualcast","Coolheaded","Rainbow+1","Turbo","Streamline+1","Consume+1","Discovery+1","Fission+1","Double Energy+1","Fission+1","Compile Driver+1","Undo+1"],"special_seed":0,"relics":["Cracked Core","Blue Candle","PreservedInsect","Membership Card","Pantograph","Nloth\u0027s Gift"],"potions_floor_usage":[24],"damage_taken":[{"damage":1.0,"enemies":"Cultist","floor":1.0,"turns":3.0},{"damage":7.0,"enemies":"Small Slimes","floor":3.0,"turns":4.0},{"damage":6.0,"enemies":"2 Louse","floor":4.0,"turns":4.0},{"damage":4.0,"enemies":"Looter","floor":5.0,"turns":5.0},{"damage":26.0,"enemies":"3 Sentries","floor":7.0,"turns":8.0},{"damage":0.0,"enemies":"Exordium Wildlife","floor":10.0,"turns":3.0},{"damage":17.0,"enemies":"Gremlin Gang","floor":13.0,"turns":3.0},{"damage":2.0,"enemies":"Red Slaver","floor":14.0,"turns":3.0},{"damage":3.0,"enemies":"Hexaghost","floor":16.0,"turns":8.0},{"damage":15.0,"enemies":"2 Thieves","floor":18.0,"turns":4.0},{"damage":0.0,"enemies":"Spheric Guardian","floor":21.0,"turns":4.0},{"damage":0.0,"enemies":"Centurion and Healer","floor":22.0,"turns":2.0},{"damage":39,"enemies":"Cultist and Chosen","floor":24,"turns":7}],"seed_played":"-4208250200928144313","potions_obtained":[{"floor":3.0,"key":"LiquidBronze"},{"floor":10.0,"key":"SteroidPotion"},{"floor":14.0,"key":"Energy Potion"},{"floor":16.0,"key":"SpeedPotion"},{"floor":18.0,"key":"Explosive Potion"}],"is_trial":false,"path_per_floor":["M","T","M","M","M","R","E","R","T","M","$","R","M","M","R","B",null,"M","$","?","M","M","R","M"],"character_chosen":"DEFECT","items_purchased":["Membership Card","Pantograph","Discovery"],"campfire_rested":0,"item_purchase_floors":[11,11,11],"current_hp_per_floor":[63,63,56,50,46,46,20,20,20,20,20,20,3,1,1,23,54,39,39,39,39,39,39,0],"gold":112,"neow_bonus":"TWO_FIFTY_GOLD","is_prod":false,"is_daily":false,"chose_seed":false,"campfire_upgraded":5,"win_rate":0,"timestamp":1547043627,"path_taken":["M","?","M","M","M","R","E","R","T","M","$","R","M","M","R","BOSS","M","$","?","M","M","R","M"],"build_version":"2019-01-03v4","purchased_purges":2,"victory":false,"max_hp_per_floor":[64,64,64,64,64,64,64,64,64,64,64,64,64,64,64,64,64,64,64,64,64,64,64,64],"card_choices":[{"not_picked":["Turbo","Cold Snap"],"picked":"Coolheaded","floor":1.0},{"not_picked":["Steam","Leap"],"picked":"Rainbow","floor":3.0},{"not_picked":["Sweeping Beam","Skim"],"picked":"Turbo","floor":4.0},{"not_picked":["Cold Snap","Conserve Battery"],"picked":"Streamline","floor":5.0},{"not_picked":["Hologram","Creative AI"],"picked":"Consume","floor":7.0},{"not_picked":["Compile Driver","Cold Snap","Leap"],"picked":"SKIP","floor":10.0},{"not_picked":["Compile Driver","Cold Snap","Leap"],"picked":"SKIP","floor":10.0},{"not_picked":["Beam Cell","Skim","Streamline"],"picked":"SKIP","floor":13.0},{"not_picked":["Steam","Leap","Compile Driver"],"picked":"SKIP","floor":14.0},{"not_picked":["Machine Learning","Thunder Strike"],"picked":"Fission","floor":16.0},{"not_picked":["Go for the Eyes","Heatsinks"],"picked":"Undo+1","floor":18.0},{"not_picked":["Gash+1","Go for the Eyes","Stack"],"picked":"SKIP","floor":21.0},{"not_picked":["Rebound","Steam","Double Energy"],"picked":"SKIP","floor":22.0}],"player_experience":1894642,"relics_obtained":[{"floor":2.0,"key":"Blue Candle"},{"floor":7.0,"key":"PreservedInsect"}],"event_choices":[{"damage_healed":0.0,"max_hp_gain":0.0,"max_hp_loss":0.0,"gold_gain":0.0,"event_name":"N\u0027loth","player_choice":"Traded Relic","floor":20.0,"relics_lost":["Astrolabe"],"gold_loss":0.0,"damage_taken":0.0,"relics_obtained":["Nloth\u0027s Gift"]}],"is_beta":false,"boss_relics":[{"not_picked":["Busted Crown","Calling Bell"],"picked":"Astrolabe"}],"items_purged_floors":[11,19],"is_endless":false,"potions_floor_spawned":[3,10,14,16,18,21],"killed_by":"Cultist and Chosen","ascension_level":20}