{"gold_per_floor":[119,132,132,132,132,161,86,97,97,115,135,205,220,237,237,237],"floor_reached":16,"playtime":354,"items_purged":["Strike_G"],"score":239,"play_id":"dccef6f0-2101-4d89-ba8f-608442372808","local_time":"20181113205240","is_ascension_mode":true,"campfire_choices":[{"data":"Neutralize","floor":15,"key":"SMITH"}],"neow_cost":"NONE","seed_source_timestamp":1763110052194,"circlet_count":0,"master_deck":["AscendersBane","Defend_G","Defend_G","Defend_G","Defend_G","Defend_G","Strike_G","Strike_G","Strike_G","Strike_G","Survivor","Neutralize+1","Dagger Spray","Deadly Poison+1","Wraith Form v2","Outmaneuver"],"relics":["Ring of the Snake","NeowsBlessing","Girya","Ornamental Fan","Dodecahedron"],"potions_floor_usage":[16],"damage_taken":[{"damage":0,"enemies":"Cultist","floor":1,"turns":1},{"damage":0,"enemies":"Jaw Worm","floor":2,"turns":1},{"damage":0,"enemies":"Lagavulin","floor":6,"turns":1},{"damage":1,"enemies":"2 Louse","floor":8,"turns":2},{"damage":3,"enemies":"Looter","floor":10,"turns":4},{"damage":7,"enemies":"Red Slaver","floor":11,"turns":5},{"damage":6,"enemies":"Gremlin Gang","floor":13,"turns":4},{"damage":2,"enemies":"Exordium Wildlife","floor":14,"turns":4},{"damage":43,"enemies":"Slime Boss","floor":16,"turns":10}],"seed_played":"-5498761669897847180","potions_obtained":[{"floor":2,"key":"GhostInAJar"},{"floor":10,"key":"Explosive Potion"},{"floor":13,"key":"Dexterity Potion"}],"is_trial":false,"path_per_floor":["M","M","?","?","?","E","$","M","T","M","M","T","M","M","R","B"],"character_chosen":"THE_SILENT","items_purchased":[],"campfire_rested":0,"item_purchase_floors":[],"current_hp_per_floor":[59,59,59,59,64,64,64,63,63,60,53,53,47,45,45,2],"gold":237,"neow_bonus":"THREE_ENEMY_KILL","is_prod":false,"is_daily":false,"chose_seed":false,"campfire_upgraded":1,"win_rate":0,"timestamp":1542113560,"path_taken":["M","?","?","?","?","E","?","M","T","?","?","?","M","M","R","BOSS"],"build_version":"2018-11-12","purchased_purges":1,"victory":false,"max_hp_per_floor":[66,66,66,66,71,71,71,71,71,71,71,71,71,71,71,71],"card_choices":[{"not_picked":["Slice","PiercingWail"],"picked":"Dagger Spray","floor":1},{"not_picked":["Distraction","Dodge and Roll"],"picked":"Deadly Poison","floor":2},{"not_picked":["Outmaneuver","Blade Dance"],"picked":"Wraith Form v2","floor":6},{"not_picked":["Bane","Dash","Slice"],"picked":"SKIP","floor":8},{"not_picked":["Calculated Gamble","Setup","Bane"],"picked":"SKIP","floor":10},{"not_picked":["Tactician","Outmaneuver","Deflect"],"picked":"SKIP","floor":11},{"not_picked":["Flying Knee","Blade Dance","All Out Attack"],"picked":"SKIP","floor":13},{"not_picked":["Backflip","PiercingWail"],"picked":"Outmaneuver","floor":14}],"player_experience":1043717,"relics_obtained":[{"floor":6,"key":"Girya"},{"floor":9,"key":"Ornamental Fan"},{"floor":12,"key":"Dodecahedron"}],"event_choices":[{"damage_healed":0,"gold_gain":0,"player_choice":"Grow","damage_taken":0,"max_hp_gain":0,"max_hp_loss":0,"event_name":"Living Wall","floor":3,"gold_loss":0,"cards_upgraded":["Deadly Poison"]},{"damage_healed":0,"gold_gain":0,"player_choice":"Ignored","damage_taken":0,"max_hp_gain":0,"max_hp_loss":0,"event_name":"Liars Game","floor":4,"gold_loss":0},{"damage_healed":0,"gold_gain":0,"player_choice":"Donut","damage_taken":0,"max_hp_gain":5,"max_hp_loss":0,"event_name":"Big Fish","floor":5,"gold_loss":0}],"is_beta":true,"boss_relics":[],"items_purged_floors":[7],"is_endless":false,"potions_floor_spawned":[2,10,13,14],"killed_by":"Slime Boss","ascension_level":17}