{"gold_per_floor":[109,34,49,124,138,138,163,173,173,323,342,115,130,143,143,143],"floor_reached":16,"playtime":372,"items_purged":["Doubt"],"score":182,"play_id":"3a089a62-6a9c-4ce8-8187-9c28d073924b","local_time":"20190214211457","is_ascension_mode":true,"campfire_choices":[{"data":"Neutralize","floor":6,"key":"SMITH"},{"data":"A Thousand Cuts","floor":15,"key":"SMITH"}],"neow_cost":"NONE","seed_source_timestamp":180500282111090,"circlet_count":0,"master_deck":["AscendersBane","Defend_G","Defend_G","Defend_G","Defend_G","Defend_G","Strike_G","Strike_G","Strike_G","Strike_G","Survivor","Neutralize+1","Dash","Accuracy","A Thousand Cuts+1"],"relics":["Ring of the Snake","NeowsBlessing","Dream Catcher","Ninja Scroll"],"potions_floor_usage":[7,13,16,16],"damage_taken":[{"damage":0,"enemies":"2 Louse","floor":1,"turns":1},{"damage":0,"enemies":"Small Slimes","floor":3,"turns":1},{"damage":0,"enemies":"Jaw Worm","floor":5,"turns":1},{"damage":30,"enemies":"Lagavulin","floor":7,"turns":13},{"damage":9,"enemies":"Exordium Wildlife","floor":8,"turns":5},{"damage":1,"enemies":"Looter","floor":11,"turns":4},{"damage":2,"enemies":"Gremlin Gang","floor":13,"turns":5},{"damage":3,"enemies":"3 Louse","floor":14,"turns":4},{"damage":8,"enemies":"Slime Boss","floor":16,"turns":4}],"seed_played":"8646448268149518689","potions_obtained":[{"floor":1,"key":"Explosive Potion"},{"floor":5,"key":"Swift Potion"},{"floor":7,"key":"GamblersBrew"},{"floor":14,"key":"SneckoOil"}],"is_trial":false,"path_per_floor":["M","?","M","?","M","R","E","M","T","?","M","$","M","M","R","B"],"character_chosen":"THE_SILENT","items_purchased":["A Thousand Cuts"],"campfire_rested":0,"item_purchase_floors":[12],"current_hp_per_floor":[59,59,59,48,48,48,18,9,9,9,8,8,6,3,3,0],"gold":143,"neow_bonus":"THREE_ENEMY_KILL","is_prod":false,"is_daily":false,"chose_seed":false,"campfire_upgraded":2,"win_rate":0,"timestamp":1550150097,"path_taken":["M","?","M","?","?","R","E","M","T","?","M","$","M","M","R","BOSS"],"build_version":"2019-01-23","purchased_purges":1,"victory":false,"max_hp_per_floor":[66,66,66,66,66,66,66,66,66,66,66,66,66,66,66,66],"card_choices":[{"not_picked":["Choke","Backflip"],"picked":"Dash","floor":1},{"not_picked":["Bouncing Flask","Blade Dance"],"picked":"Accuracy","floor":3},{"not_picked":["Underhanded Strike","Acrobatics","Bane"],"picked":"SKIP","floor":5},{"not_picked":["Heel Hook","Concentrate","Night Terror"],"picked":"SKIP","floor":8},{"not_picked":["Deadly Poison","Dagger Throw","Dodge and Roll"],"picked":"SKIP","floor":11},{"not_picked":["Deadly Poison","Underhanded Strike","Dash"],"picked":"SKIP","floor":13},{"not_picked":["Dagger Spray","Dagger Throw","Outmaneuver"],"picked":"SKIP","floor":14}],"player_experience":748591,"relics_obtained":[{"floor":7,"key":"Dream Catcher"},{"floor":9,"key":"Ninja Scroll"}],"event_choices":[{"cards_removed":["Strike_G"],"damage_healed":0,"gold_gain":0,"player_choice":"Card Removal","damage_taken":0,"max_hp_gain":0,"max_hp_loss":0,"event_name":"The Cleric","floor":2,"gold_loss":75},{"damage_healed":0,"gold_gain":75,"player_choice":"Gather Gold","damage_taken":11,"max_hp_gain":0,"max_hp_loss":0,"event_name":"World of Goop","floor":4,"gold_loss":0},{"damage_healed":0,"gold_gain":150,"player_choice":"AGREE","damage_taken":0,"max_hp_gain":0,"max_hp_loss":0,"event_name":"Liars Game","floor":10,"gold_loss":0,"cards_obtained":["Doubt"]}],"is_beta":false,"boss_relics":[],"items_purged_floors":[12],"is_endless":false,"potions_floor_spawned":[1,5,7,11,14],"killed_by":"Slime Boss","ascension_level":15}