{"gold_per_floor":[111,61,36,36,211,211,64,64,64,64,89,89,105,35,35,136,136,152,152,152,170,183,183],"floor_reached":23,"playtime":677,"items_purged":["Doubt"],"score":175,"play_id":"9a04c891-c2b1-478f-a458-fd41cbabed38","local_time":"20181223142929","is_ascension_mode":false,"campfire_choices":[{"data":"Neutralize","floor":6,"key":"SMITH"},{"data":"Backflip","floor":8,"key":"SMITH"},{"data":"Footwork","floor":12,"key":"SMITH"},{"data":"Accuracy","floor":15,"key":"SMITH"},{"floor":23,"key":"RECALL"}],"neow_cost":"TEN_PERCENT_HP_LOSS","seed_source_timestamp":1869121887453,"circlet_count":0,"master_deck":["Defend_G","Defend_G","Defend_G","Defend_G","Strike_G","Survivor","Neutralize+1","Infinite Blades","Backflip+1","Infinite Blades","Footwork+1","Footwork","Accuracy+1","Venomology","Well Laid Plans+1","Sucker Punch","Footwork","Bouncing Flask+1","Accuracy"],"relics":["Ring of the Snake","Blood Vial","Odd Mushroom","Fusion Hammer"],"potions_floor_usage":[18,22],"damage_taken":[{"damage":0,"enemies":"Jaw Worm","floor":1,"turns":4},{"damage":11,"enemies":"The Mushroom Lair","floor":11,"turns":7},{"damage":0,"enemies":"Small Slimes","floor":13,"turns":4},{"damage":22,"enemies":"Hexaghost","floor":16,"turns":12},{"damage":7,"enemies":"2 Thieves","floor":18,"turns":4},{"damage":0,"enemies":"Shell Parasite","floor":21,"turns":6},{"damage":0,"enemies":"Cultist and Chosen","floor":22,"turns":7}],"seed_played":"1672183409535543680","potions_obtained":[{"floor":1,"key":"SteroidPotion"},{"floor":16,"key":"Ancient Potion"}],"is_trial":false,"path_per_floor":["M","?","$","?","?","R","$","R","T","?","?","R","M","$","R","B",null,"M","?","?","M","M","R"],"character_chosen":"THE_SILENT","items_purchased":["Backflip","Infinite Blades","Accuracy"],"campfire_rested":0,"item_purchase_floors":[3,7,14],"current_hp_per_floor":[63,63,63,68,68,68,68,68,68,43,34,34,36,36,36,16,68,61,61,61,63,65,65],"gold":183,"neow_bonus":"REMOVE_TWO","is_prod":false,"is_daily":false,"chose_seed":true,"campfire_upgraded":4,"win_rate":0,"timestamp":1545546569,"path_taken":["M","?","$","?","?","R","?","R","T","?","?","R","M","$","R","BOSS","M","?","?","M","M","R"],"build_version":"2018-12-20","purchased_purges":1,"victory":false,"max_hp_per_floor":[63,63,63,68,68,68,68,68,68,68,68,68,68,68,68,68,68,68,68,68,68,68,68],"card_choices":[{"not_picked":["Outmaneuver","Distraction"],"picked":"Infinite Blades","floor":1},{"not_picked":["Flying Knee","PiercingWail"],"picked":"Footwork","floor":11},{"not_picked":["Prepared","Deadly Poison"],"picked":"Footwork","floor":13},{"not_picked":["A Thousand Cuts","Envenom"],"picked":"Venomology","floor":16},{"not_picked":["Poisoned Stab","Expertise"],"picked":"Well Laid Plans+1","floor":18},{"not_picked":["Deadly Poison","Backflip"],"picked":"Bouncing Flask+1","floor":21},{"not_picked":["Tactician","Cloak And Dagger+1"],"picked":"Accuracy","floor":22}],"player_experience":1428687,"relics_obtained":[{"floor":11,"key":"Odd Mushroom"}],"event_choices":[{"cards_removed":["Strike_G"],"damage_healed":0,"gold_gain":0,"player_choice":"Card Removal","damage_taken":0,"max_hp_gain":0,"max_hp_loss":0,"event_name":"The Cleric","floor":2,"gold_loss":50},{"damage_healed":0,"gold_gain":0,"player_choice":"Donut","damage_taken":0,"max_hp_gain":5,"max_hp_loss":0,"event_name":"Big Fish","floor":4,"gold_loss":0},{"damage_healed":0,"gold_gain":175,"player_choice":"AGREE","damage_taken":0,"max_hp_gain":0,"max_hp_loss":0,"event_name":"Liars Game","floor":5,"gold_loss":0,"cards_obtained":["Doubt"]},{"damage_healed":0,"gold_gain":0,"player_choice":"Success","damage_taken":25,"relics_obtained":["Blood Vial"],"max_hp_gain":0,"max_hp_loss":0,"event_name":"Scrap Ooze","floor":10,"gold_loss":0},{"damage_healed":0,"gold_gain":0,"player_choice":"Fought Mushrooms","damage_taken":0,"max_hp_gain":0,"max_hp_loss":0,"event_name":"Mushrooms","floor":11,"gold_loss":0},{"damage_healed":0,"gold_gain":0,"cards_transformed":["Strike_G","Strike_G"],"player_choice":"Became Test Subject","damage_taken":0,"max_hp_gain":0,"max_hp_loss":0,"event_name":"Drug Dealer","floor":19,"gold_loss":0,"cards_obtained":["Sucker Punch","Footwork"]},{"damage_healed":0,"gold_gain":0,"player_choice":"Ignored","damage_taken":0,"max_hp_gain":0,"max_hp_loss":0,"event_name":"Vampires","floor":20,"gold_loss":0}],"is_beta":false,"boss_relics":[{"not_picked":["Snecko Eye","Lizard Tail"],"picked":"Fusion Hammer"}],"items_purged_floors":[7],"is_endless":false,"potions_floor_spawned":[1,16,21],"ascension_level":0}