{"gold_per_floor":[112,112,125,275,200,34,67,67,92,167,167,52,86,100,100,193,193,217,217,217,242,98,98,18,53,80,80,99,99,182,182,182,276,276,289,309,25,81,0,41,41,41,92,110,110,146,146,186,186,186,186,186,186,26,65,65],"floor_reached":57,"playtime":2758,"items_purged":["Doubt","Strike_B","Melter"],"score":3191,"play_id":"c03fdc8f-5c91-4220-a07f-5036888c5d86","local_time":"20190612042235","is_ascension_mode":true,"campfire_choices":[{"data":"Defragment","floor":11.0,"key":"SMITH"},{"data":"Capacitor","floor":15.0,"key":"SMITH"},{"data":"Apotheosis","floor":23.0,"key":"SMITH"},{"data":"Heatsinks","floor":27.0,"key":"SMITH"},{"data":"Coolheaded","floor":29.0,"key":"SMITH"},{"floor":32.0,"key":"RECALL"},{"data":"Heatsinks","floor":42.0,"key":"SMITH"},{"data":"Fission","floor":45.0,"key":"SMITH"},{"data":"Hologram","floor":49.0,"key":"SMITH"},{"data":"Master of Strategy","floor":53.0,"key":"SMITH"}],"neow_cost":"NONE","seed_source_timestamp":0,"circlet_count":0,"master_deck":["AscendersBane","Zap","Dualcast","Storm","Turbo","Glacier","Defragment+1","Coolheaded","Capacitor+1","Coolheaded","Static Discharge","Fission+1","Heatsinks+1","Doom and Gloom","Meteor Strike","Defragment+1","Fission","Apotheosis+1","Consume","Compile Driver","Force Field","Coolheaded+1","Buffer","Coolheaded","Heatsinks+1","Capacitor","Capacitor","Turbo","Darkness","Creative AI","Master of Strategy+1","Magnetism","Secret Technique","Hologram+1","Panacea","Enlightenment","Reinforced Body"],"special_seed":0,"relics":["Cracked Core","NeowsBlessing","Golden Idol","Gremlin Horn","The Courier","Pen Nib","Unceasing Top","Pandora\u0027s Box","Symbiotic Virus","Omamori","Tiny Chest","Coffee Dripper","Bird Faced Urn","Red Mask","Nunchaku","Dodecahedron","Happy Flower","Blood Vial"],"potions_floor_usage":[56],"damage_taken":[{"damage":0.0,"enemies":"Small Slimes","floor":1.0,"turns":1.0},{"damage":0.0,"enemies":"Jaw Worm","floor":3.0,"turns":1.0},{"damage":0.0,"enemies":"Gremlin Nob","floor":7.0,"turns":1.0},{"damage":4.0,"enemies":"Lagavulin","floor":13.0,"turns":7.0},{"damage":0.0,"enemies":"2 Louse","floor":14.0,"turns":4.0},{"damage":33.0,"enemies":"Slime Boss","floor":16.0,"turns":15.0},{"damage":10.0,"enemies":"3 Byrds","floor":18.0,"turns":1.0},{"damage":11.0,"enemies":"Spheric Guardian","floor":21.0,"turns":3.0},{"damage":22.0,"enemies":"Book of Stabbing","floor":25.0,"turns":4.0},{"damage":0.0,"enemies":"Centurion and Healer","floor":28.0,"turns":2.0},{"damage":4.0,"enemies":"Automaton","floor":33.0,"turns":8.0},{"damage":0.0,"enemies":"Orb Walker","floor":35.0,"turns":2.0},{"damage":0.0,"enemies":"3 Darklings","floor":36.0,"turns":2.0},{"damage":26.0,"enemies":"2 Orb Walkers","floor":38.0,"turns":4.0},{"damage":0.0,"enemies":"Giant Head","floor":40.0,"turns":5.0},{"damage":0.0,"enemies":"Maw","floor":44.0,"turns":3.0},{"damage":7.0,"enemies":"Nemesis","floor":46.0,"turns":3.0},{"damage":0.0,"enemies":"Reptomancer","floor":48.0,"turns":5.0},{"damage":0.0,"enemies":"Time Eater","floor":50.0,"turns":8.0},{"damage":0.0,"enemies":"Donu and Deca","floor":51.0,"turns":5.0},{"damage":8,"enemies":"Shield and Spear","floor":55,"turns":5},{"damage":40,"enemies":"The Heart","floor":56,"turns":9}],"seed_played":"8109537612122558613","potions_obtained":[{"floor":3.0,"key":"Dexterity Potion"},{"floor":7.0,"key":"Regen Potion"},{"floor":14.0,"key":"GamblersBrew"},{"floor":21.0,"key":"Fruit Juice"},{"floor":33.0,"key":"Weak Potion"},{"floor":38.0,"key":"Swift Potion"},{"floor":40.0,"key":"Weak Potion"},{"floor":55,"key":"Energy Potion"}],"is_trial":false,"path_per_floor":["M","?","M","?","$","$","E","?","T","?","R","$","E","M","R","B",null,"M","?","?","M","$","R","$","E","T","R","M","R","T","?","R","B",null,"M","M","$","?","?","E","?","R","T","M","R","E","?","E","R","B","B",null,"R","$","E","B",null],"character_chosen":"DEFECT","items_purchased":["Glacier","Defragment","Capacitor","Apotheosis","Consume","Compile Driver","Heatsinks","Capacitor","Capacitor","Panacea","Enlightenment"],"campfire_rested":0,"item_purchase_floors":[6,6,12,22,24,24,37,37,37,54,54],"current_hp_per_floor":[64,64,64,64,64,64,64,59,59,48,48,48,59,59,59,26,55,45,45,45,39,39,39,39,17,17,17,17,17,17,17,17,13,55,55,55,55,29,29,49,49,49,49,66,66,66,56,66,66,66,66,66,66,66,66,58],"gold":65,"neow_bonus":"THREE_ENEMY_KILL","is_prod":false,"is_daily":false,"chose_seed":false,"campfire_upgraded":9,"win_rate":0,"timestamp":1560280955,"path_taken":["M","?","M","?","?","$","E","?","T","?","R","$","E","?","R","BOSS","M","?","?","M","$","R","$","E","T","R","M","R","?","?","R","BOSS","M","?","$","?","?","E","?","R","T","?","R","E","?","E","R","BOSS","BOSS","R","$","E","BOSS"],"build_version":"2019-01-23","purchased_purges":3,"victory":true,"max_hp_per_floor":[71,64,64,64,64,64,64,64,64,64,64,64,64,64,64,64,64,64,64,64,69,69,69,69,69,69,69,69,69,69,69,69,69,69,69,69,69,69,69,69,66,66,66,66,66,66,66,66,66,66,66,66,66,66,66,66],"card_choices":[{"not_picked":["Go for the Eyes","Rebound"],"picked":"Storm","floor":1.0},{"not_picked":["Gash","Melter"],"picked":"Turbo","floor":3.0},{"not_picked":["Hologram","Conserve Battery"],"picked":"Coolheaded","floor":7.0},{"not_picked":["BootSequence","Melter"],"picked":"Coolheaded","floor":13.0},{"not_picked":["Redo","Leap"],"picked":"Static Discharge","floor":14.0},{"not_picked":["Core Surge","Hyperbeam"],"picked":"Fission","floor":16.0},{"not_picked":["Genetic Algorithm","FTL","Redo"],"picked":"SKIP","floor":18.0},{"not_picked":["Redo","Steam Power","Rip and Tear"],"picked":"SKIP","floor":21.0},{"not_picked":["Consume+1","Aggregate"],"picked":"Force Field","floor":25.0},{"not_picked":["Steam","Gash+1","Coolheaded"],"picked":"SKIP","floor":28.0},{"not_picked":["Steam","Gash+1"],"picked":"Coolheaded","floor":28.0},{"not_picked":["Core Surge","Thunder Strike"],"picked":"Buffer","floor":33.0},{"not_picked":["Rebound+1","Steam","Stack"],"picked":"SKIP","floor":35.0},{"not_picked":["Stack+1","Cold Snap"],"picked":"Coolheaded","floor":36.0},{"not_picked":["Blizzard+1","Aggregate"],"picked":"Turbo","floor":38.0},{"not_picked":["Thunder Strike","Hologram","Gash"],"picked":"SKIP","floor":40.0},{"not_picked":["Ball Lightning","Scrape","Darkness"],"picked":"SKIP","floor":44.0},{"not_picked":["Ball Lightning","Scrape"],"picked":"Darkness","floor":44.0},{"not_picked":["Hologram","Turbo"],"picked":"Creative AI","floor":46.0},{"not_picked":["Enlightenment","Dark Shackles"],"picked":"Master of Strategy","floor":47.0},{"not_picked":["Chrysalis","Deep Breath"],"picked":"Magnetism","floor":47.0},{"not_picked":["HandOfGreed","Metamorphosis"],"picked":"Secret Technique","floor":47.0},{"not_picked":["Genetic Algorithm","Conserve Battery"],"picked":"Hologram","floor":48.0},{"not_picked":["Turbo","Consume"],"picked":"Reinforced Body","floor":55}],"player_experience":584002,"relics_obtained":[{"floor":7.0,"key":"Gremlin Horn"},{"floor":9.0,"key":"Pen Nib"},{"floor":13.0,"key":"Unceasing Top"},{"floor":25.0,"key":"Symbiotic Virus"},{"floor":26.0,"key":"Omamori"},{"floor":30.0,"key":"Tiny Chest"},{"floor":38.0,"key":"Bird Faced Urn"},{"floor":40.0,"key":"Nunchaku"},{"floor":46.0,"key":"Dodecahedron"},{"floor":48.0,"key":"Happy Flower"},{"floor":55,"key":"Blood Vial"}],"event_choices":[{"damage_healed":0.0,"max_hp_gain":0.0,"max_hp_loss":7.0,"gold_gain":0.0,"event_name":"Golden Idol","player_choice":"Lose Max HP","floor":2.0,"gold_loss":0.0,"damage_taken":0.0,"relics_obtained":["Golden Idol"]},{"damage_healed":0.0,"max_hp_gain":0.0,"max_hp_loss":0.0,"gold_gain":150.0,"event_name":"Liars Game","player_choice":"AGREE","floor":4.0,"gold_loss":0.0,"damage_taken":0.0,"cards_obtained":["Doubt"]},{"damage_healed":0.0,"max_hp_gain":0.0,"max_hp_loss":0.0,"gold_gain":0.0,"event_name":"Scrap Ooze","player_choice":"Success","floor":8.0,"gold_loss":0.0,"damage_taken":5.0,"relics_obtained":["The Courier"]},{"damage_healed":0.0,"max_hp_gain":0.0,"max_hp_loss":0.0,"gold_gain":75.0,"event_name":"World of Goop","player_choice":"Gather Gold","floor":10.0,"gold_loss":0.0,"damage_taken":11.0},{"cards_removed":["Tempest"],"damage_healed":0.0,"max_hp_gain":0.0,"max_hp_loss":0.0,"gold_gain":0.0,"event_name":"Back to Basics","player_choice":"Elegance","floor":19.0,"gold_loss":0.0,"damage_taken":0.0},{"damage_healed":0.0,"max_hp_gain":0.0,"max_hp_loss":0.0,"gold_gain":0.0,"event_name":"Vampires","player_choice":"Ignored","floor":20.0,"gold_loss":0.0,"damage_taken":0.0},{"damage_healed":0.0,"max_hp_gain":0.0,"max_hp_loss":0.0,"gold_gain":0.0,"event_name":"Accursed Blacksmith","player_choice":"Forge","floor":31.0,"gold_loss":0.0,"damage_taken":0.0,"cards_upgraded":["Defragment"]},{"damage_healed":0.0,"max_hp_gain":0.0,"max_hp_loss":0.0,"gold_gain":0.0,"event_name":"Mysterious Sphere","player_choice":"Fight","floor":38.0,"gold_loss":0.0,"damage_taken":0.0},{"damage_healed":0.0,"max_hp_gain":0.0,"max_hp_loss":0.0,"gold_gain":0.0,"event_name":"Tomb of Lord Red Mask","player_choice":"Paid","floor":39.0,"gold_loss":81.0,"damage_taken":0.0,"relics_obtained":["Red Mask"]},{"damage_healed":0.0,"max_hp_gain":0.0,"max_hp_loss":3.0,"gold_gain":0.0,"event_name":"Winding Halls","player_choice":"Max HP","floor":41.0,"gold_loss":0.0,"damage_taken":0.0},{"damage_healed":0.0,"max_hp_gain":0.0,"max_hp_loss":0.0,"gold_gain":0.0,"event_name":"SensoryStone","player_choice":"Memory 3","floor":47.0,"gold_loss":0.0,"damage_taken":10.0}],"is_beta":false,"boss_relics":[{"not_picked":["Empty Cage","FrozenCore"],"picked":"Pandora\u0027s Box"},{"not_picked":["Lizard Tail","Philosopher\u0027s Stone"],"picked":"Coffee Dripper"}],"items_purged_floors":[5,12,37],"is_endless":false,"potions_floor_spawned":[3,7,14,21,33,38,40,44,55],"ascension_level":20}