{"gold_per_floor":[113,113,123,138,138,172,172,183,233,233,33,50,50,61,61,61],"floor_reached":16,"playtime":344,"items_purged":[],"score":224,"play_id":"f841ee22-7669-48dc-8e55-4a7065f0af03","local_time":"20190325155739","is_ascension_mode":true,"campfire_choices":[{"data":"Zap","floor":7,"key":"SMITH"},{"data":"Recycle","floor":10,"key":"SMITH"},{"data":"Turbo","floor":15,"key":"SMITH"}],"neow_cost":"NONE","seed_source_timestamp":17711646626564,"circlet_count":0,"master_deck":["AscendersBane","Strike_B","Strike_B","Strike_B","Strike_B","Defend_B","Defend_B","Defend_B","Defend_B","Zap+1","Dualcast","Cold Snap","Turbo+1","Cold Snap","Capacitor","Recycle+1","Creative AI","Genetic Algorithm","Ball Lightning","Reinforced Body"],"special_seed":0,"relics":["Cracked Core","NeowsBlessing","Ornamental Fan","Ancient Tea Set"],"potions_floor_usage":[6,13,16],"damage_taken":[{"damage":0.0,"enemies":"2 Louse","floor":1.0,"turns":1.0},{"damage":0.0,"enemies":"Cultist","floor":3.0,"turns":1.0},{"damage":0.0,"enemies":"Jaw Worm","floor":4.0,"turns":1.0},{"damage":8,"enemies":"3 Sentries","floor":6,"turns":9},{"damage":8,"enemies":"Exordium Wildlife","floor":8,"turns":5},{"damage":7,"enemies":"Looter","floor":12,"turns":4},{"damage":4,"enemies":"Gremlin Nob","floor":13,"turns":3},{"damage":12,"enemies":"Large Slime","floor":14,"turns":6},{"damage":0,"enemies":"Slime Boss","floor":16,"turns":3}],"seed_played":"574726665088268433","potions_obtained":[{"floor":3.0,"key":"Fire Potion"},{"floor":8,"key":"SmokeBomb"},{"floor":14,"key":"SneckoOil"}],"is_trial":false,"path_per_floor":["M","?","M","M","?","E","R","M","T","R","$","M","E","M","R","B"],"character_chosen":"DEFECT","items_purchased":["Creative AI","Genetic Algorithm"],"campfire_rested":0,"item_purchase_floors":[11,11],"current_hp_per_floor":[64,53,53,53,43,35,35,27,27,27,27,20,16,4,4,4],"gold":61,"neow_bonus":"THREE_ENEMY_KILL","is_prod":false,"is_daily":false,"chose_seed":false,"campfire_upgraded":3,"win_rate":0,"timestamp":1553500659,"path_taken":["M","?","M","M","?","E","R","M","T","R","$","?","E","M","R","BOSS"],"build_version":"2019-01-23","purchased_purges":0,"victory":false,"max_hp_per_floor":[71,71,71,71,71,71,71,71,71,71,71,71,71,71,71,71],"card_choices":[{"not_picked":["Barrage","Sweeping Beam"],"picked":"Cold Snap","floor":1.0},{"not_picked":["Steam","Redo"],"picked":"Turbo","floor":3.0},{"not_picked":["Steam","Rebound"],"picked":"Cold Snap","floor":4.0},{"not_picked":["Rebound","Heatsinks"],"picked":"Capacitor","floor":6},{"not_picked":["Go for the Eyes","Chaos"],"picked":"Recycle","floor":8},{"not_picked":["Gash","Streamline"],"picked":"Ball Lightning","floor":12},{"not_picked":["Beam Cell","Hologram"],"picked":"Reinforced Body","floor":14}],"player_experience":3865534,"relics_obtained":[{"floor":6,"key":"Ancient Tea Set"}],"event_choices":[{"damage_healed":0.0,"max_hp_gain":0.0,"max_hp_loss":0.0,"gold_gain":0.0,"event_name":"Scrap Ooze","player_choice":"Success","floor":2.0,"gold_loss":0.0,"damage_taken":11.0,"relics_obtained":["Ornamental Fan"]},{"damage_healed":0.0,"max_hp_gain":0.0,"max_hp_loss":0.0,"gold_gain":0.0,"event_name":"Wheel of Change","player_choice":"Damaged","floor":5.0,"gold_loss":0.0,"damage_taken":10.0}],"is_beta":false,"boss_relics":[],"items_purged_floors":[],"is_endless":false,"potions_floor_spawned":[3,8,14],"killed_by":"Slime Boss","ascension_level":20}