{"gold_per_floor":[119,138,88,106,106,106,119,119,119,119,133,133,154,175,175,300,300,321,344,344,368,368,368,391,425,425,425,444,457,105,123,123,254,254,273,296,296,316,339,339,379,379,379,82,82,107,107,107,107,107],"floor_reached":51,"playtime":1836,"items_purged":["Strike_G","Strike_G"],"score":768,"play_id":"d881ef2d-2054-4af3-8d55-fe2ef8dc2194","local_time":"20181023231930","is_ascension_mode":false,"campfire_choices":[{"data":"Deadly Poison","floor":6.0,"key":"SMITH"},{"data":"Poisoned Stab","floor":8.0,"key":"SMITH"},{"data":"Noxious Fumes","floor":12.0,"key":"SMITH"},{"data":"Well Laid Plans","floor":15.0,"key":"SMITH"},{"data":"Corpse Explosion","floor":23.0,"key":"SMITH"},{"data":"Backflip","floor":27.0,"key":"SMITH"},{"data":"Leg Sweep","floor":32.0,"key":"SMITH"},{"data":"Footwork","floor":40.0,"key":"SMITH"},{"data":"Corpse Explosion","floor":42.0,"key":"SMITH"},{"data":"Corpse Explosion","floor":45.0,"key":"SMITH"},{"data":"Noxious Fumes","floor":49,"key":"SMITH"}],"neow_cost":"NONE","seed_source_timestamp":48744700502259,"circlet_count":0,"master_deck":["Defend_G","Defend_G","Defend_G","Defend_G","Defend_G","Strike_G","Survivor","Neutralize+1","Backflip","Deadly Poison+1","Escape Plan","Noxious Fumes+1","Backflip+1","Well Laid Plans+1","Corpse Explosion+1","Noxious Fumes+1","Backflip+1","Concentrate","Leg Sweep","Tools of the Trade","Leg Sweep+1","Corpse Explosion+1","Footwork+1","Corpse Explosion+1","Parasite","Noxious Fumes+1","Leg Sweep+1","Corpse Explosion+1","Backflip"],"special_seed":0,"relics":["Ring of the Snake","Meat on the Bone","Golden Idol","Coffee Dripper","Calipers","Bird Faced Urn","Lee\u0027s Waffle","Orrery","Happy Flower","Pen Nib","DollysMirror"],"potions_floor_usage":[50],"damage_taken":[{"damage":2.0,"enemies":"Jaw Worm","floor":1.0,"turns":6.0},{"damage":0.0,"enemies":"Small Slimes","floor":2.0,"turns":4.0},{"damage":0.0,"enemies":"2 Louse","floor":4.0,"turns":2.0},{"damage":1.0,"enemies":"2 Fungi Beasts","floor":7.0,"turns":3.0},{"damage":0.0,"enemies":"Looter","floor":11.0,"turns":3.0},{"damage":0.0,"enemies":"Red Slaver","floor":13.0,"turns":4.0},{"damage":0.0,"enemies":"2 Fungi Beasts","floor":14.0,"turns":4.0},{"damage":8.0,"enemies":"Slime Boss","floor":16.0,"turns":8.0},{"damage":2.0,"enemies":"Spheric Guardian","floor":18.0,"turns":4.0},{"damage":0.0,"enemies":"Shell Parasite","floor":19.0,"turns":5.0},{"damage":13.0,"enemies":"Snake Plant","floor":21.0,"turns":6.0},{"damage":19.0,"enemies":"Sentry and Sphere","floor":24.0,"turns":5.0},{"damage":17.0,"enemies":"Slavers","floor":25.0,"turns":3.0},{"damage":4.0,"enemies":"Shelled Parasite and Fungi","floor":28.0,"turns":4.0},{"damage":16.0,"enemies":"Chosen and Byrds","floor":29.0,"turns":6.0},{"damage":0.0,"enemies":"3 Cultists","floor":31.0,"turns":3.0},{"damage":23.0,"enemies":"Collector","floor":33.0,"turns":8.0},{"damage":0.0,"enemies":"3 Shapes","floor":35.0,"turns":2.0},{"damage":3.0,"enemies":"Orb Walker","floor":36.0,"turns":6.0},{"damage":0.0,"enemies":"Writhing Mass","floor":38.0,"turns":6.0},{"damage":1.0,"enemies":"Maw","floor":39.0,"turns":8.0},{"damage":40.0,"enemies":"Reptomancer","floor":41.0,"turns":8.0},{"damage":10.0,"enemies":"Jaw Worm Horde","floor":46.0,"turns":4.0},{"damage":42,"enemies":"Donu and Deca","floor":50,"turns":7}],"seed_played":"4881572965169250123","potions_obtained":[{"floor":2.0,"key":"Block Potion"},{"floor":11.0,"key":"LiquidBronze"},{"floor":13.0,"key":"Weak Potion"},{"floor":25.0,"key":"FearPotion"},{"floor":28.0,"key":"SteroidPotion"},{"floor":31.0,"key":"GhostInAJar"}],"is_trial":false,"path_per_floor":["M","M","?","M","?","R","M","R","T","?","M","R","M","M","R","B",null,"M","M","?","M","?","R","M","E","T","R","M","M","$","M","R","B",null,"M","M","?","M","M","R","E","R","T","$","R","M","?","?","R","B"],"character_chosen":"THE_SILENT","items_purchased":["Tools of the Trade","Lee\u0027s Waffle","DollysMirror"],"campfire_rested":0,"item_purchase_floors":[30,30,44],"current_hp_per_floor":[68,68,68,68,68,68,67,67,67,65,65,65,65,65,65,57,65,63,63,63,50,50,50,43,38,38,38,40,42,72,72,72,51,72,72,69,68,68,68,68,46,46,46,46,46,44,44,44,44,26],"gold":107,"neow_bonus":"REMOVE_CARD","is_prod":false,"is_daily":false,"chose_seed":false,"campfire_upgraded":11,"win_rate":0,"timestamp":1540307970,"path_taken":["M","M","?","M","?","R","M","R","T","?","M","R","M","M","R","BOSS","M","M","?","M","?","R","M","E","T","R","M","?","?","M","R","BOSS","M","M","?","M","M","R","E","R","T","?","R","M","?","?","R","BOSS"],"build_version":"2018-10-18","purchased_purges":2,"victory":true,"max_hp_per_floor":[70,70,70,70,70,70,70,70,70,65,65,65,65,65,65,65,65,65,65,65,65,65,65,65,65,65,65,65,65,72,72,72,72,72,72,72,68,68,68,68,68,68,68,68,68,68,68,68,68,68],"card_choices":[{"not_picked":["Dodge and Roll","Quick Slash"],"picked":"Backflip","floor":1.0},{"not_picked":["Prepared","Acrobatics"],"picked":"Poisoned Stab","floor":2.0},{"not_picked":["Heel Hook","Flying Knee"],"picked":"Deadly Poison","floor":4.0},{"not_picked":["Deflect","Dodge and Roll"],"picked":"Escape Plan","floor":7.0},{"not_picked":["Dagger Throw","Expertise"],"picked":"Noxious Fumes","floor":11.0},{"not_picked":["Doppelganger","Heel Hook"],"picked":"Backflip","floor":13.0},{"not_picked":["Poisoned Stab","Concentrate"],"picked":"Well Laid Plans","floor":14.0},{"not_picked":["Adrenaline","Bullet Time"],"picked":"Corpse Explosion","floor":16.0},{"not_picked":["Terror","Poisoned Stab","Cloak And Dagger"],"picked":"SKIP","floor":18.0},{"not_picked":["Blade Dance+1","Acrobatics"],"picked":"Noxious Fumes+1","floor":19.0},{"not_picked":["PiercingWail+1","Acrobatics+1"],"picked":"Backflip+1","floor":21.0},{"not_picked":["Blade Dance","Finisher","Dagger Spray"],"picked":"SKIP","floor":24.0},{"not_picked":["Poisoned Stab","Endless Agony","Concentrate"],"picked":"SKIP","floor":25.0},{"not_picked":["Poisoned Stab","Endless Agony"],"picked":"Concentrate","floor":25.0},{"not_picked":["Escape Plan","Noxious Fumes"],"picked":"Leg Sweep","floor":28.0},{"not_picked":["Backstab","Deflect","PiercingWail"],"picked":"SKIP","floor":29.0},{"not_picked":["Bane","Slice+1"],"picked":"Leg Sweep","floor":31.0},{"not_picked":["Tools of the Trade","A Thousand Cuts"],"picked":"Corpse Explosion","floor":33.0},{"not_picked":["Prepared","Terror"],"picked":"Footwork","floor":34.0},{"not_picked":["Blur+1","Expertise+1"],"picked":"Corpse Explosion","floor":35.0},{"not_picked":["Slice+1","Prepared","Masterful Stab"],"picked":"SKIP","floor":36.0},{"not_picked":["Deflect","Backstab+1"],"picked":"Noxious Fumes","floor":38.0},{"not_picked":["Calculated Gamble","PiercingWail"],"picked":"Leg Sweep+1","floor":39.0},{"not_picked":["Choke+1","Heel Hook","Deflect+1"],"picked":"SKIP","floor":41.0},{"not_picked":["Bane","PiercingWail+1"],"picked":"Backflip","floor":46.0}],"player_experience":580927,"relics_obtained":[{"floor":9.0,"key":"Meat on the Bone"},{"floor":25.0,"key":"Calipers"},{"floor":26.0,"key":"Bird Faced Urn"},{"floor":41.0,"key":"Happy Flower"},{"floor":43.0,"key":"Pen Nib"}],"event_choices":[{"cards_removed":["Strike_G"],"damage_healed":0.0,"max_hp_gain":0.0,"max_hp_loss":0.0,"gold_gain":0.0,"event_name":"The Cleric","player_choice":"Card Removal","floor":3.0,"gold_loss":50.0,"damage_taken":0.0},{"damage_healed":0.0,"max_hp_gain":0.0,"max_hp_loss":0.0,"gold_gain":0.0,"event_name":"Liars Game","player_choice":"Ignored","floor":5.0,"gold_loss":0.0,"damage_taken":0.0},{"damage_healed":0.0,"max_hp_gain":0.0,"max_hp_loss":5.0,"gold_gain":0.0,"event_name":"Golden Idol","player_choice":"Lose Max HP","floor":10.0,"gold_loss":0.0,"damage_taken":0.0,"relics_obtained":["Golden Idol"]},{"damage_healed":0.0,"max_hp_gain":0.0,"max_hp_loss":0.0,"gold_gain":0.0,"event_name":"The Woman in Blue","player_choice":"Bought 0 Potions","floor":20.0,"gold_loss":0.0,"damage_taken":0.0},{"damage_healed":0.0,"max_hp_gain":0.0,"max_hp_loss":0.0,"gold_gain":0.0,"event_name":"Upgrade Shrine","player_choice":"Upgraded","floor":22.0,"gold_loss":0.0,"damage_taken":0.0,"cards_upgraded":["Neutralize"]},{"damage_healed":0.0,"max_hp_gain":0.0,"max_hp_loss":4.0,"gold_gain":0.0,"event_name":"Winding Halls","player_choice":"Max HP","floor":37.0,"gold_loss":0.0,"damage_taken":0.0},{"damage_healed":0,"gold_gain":0,"player_choice":"Ignored","damage_taken":0,"max_hp_gain":0,"max_hp_loss":0,"event_name":"Mysterious Sphere","floor":47,"gold_loss":0},{"cards_removed":["Poisoned Stab"],"damage_healed":0,"gold_gain":0,"player_choice":"Removed Attack","damage_taken":0,"max_hp_gain":0,"max_hp_loss":0,"event_name":"Falling","floor":48,"gold_loss":0}],"is_beta":false,"boss_relics":[{"not_picked":["HoveringKite","Fusion Hammer"],"picked":"Coffee Dripper"},{"not_picked":["Black Star","Ring of the Serpent"],"picked":"Orrery"}],"items_purged_floors":[30,44],"is_endless":false,"potions_floor_spawned":[2,11,13,25,28,31,39],"ascension_level":0}