{"gold_per_floor":[210,221,221,221,234,234,262,278,333,333,350,384,399,417,417,495,495,509,521,521,35,35,35,35,64,64,99,47,47,79,96,96,174,174,193,193,211,211,229,260,280,280,280,93,93,127,20,37,37,37,37],"floor_reached":51,"playtime":1926,"items_purged":["Strike_R","Strike_R"],"score":1550,"play_id":"bf0e4f7c-0be7-410d-bf19-f8217beac515","local_time":"20190808182401","is_ascension_mode":true,"campfire_choices":[{"data":"Armaments","floor":6.0,"key":"SMITH"},{"data":"Inflame","floor":15.0,"key":"SMITH"},{"data":"Feel No Pain","floor":23.0,"key":"SMITH"},{"data":"Limit Break","floor":29.0,"key":"SMITH"},{"data":"Shockwave","floor":32.0,"key":"SMITH"},{"floor":42,"key":"RECALL"},{"floor":49,"key":"REST"}],"neow_cost":"NONE","seed_source_timestamp":518031738128798,"circlet_count":0,"master_deck":["AscendersBane","Strike_R","Strike_R","Defend_R","Defend_R","Defend_R+1","Defend_R","Bash+1","Pommel Strike","Inflame+1","Armaments+1","Infernal Blade","Whirlwind","Flame Barrier","Sword Boomerang","Feed","Feel No Pain+1","Flame Barrier","Shrug It Off+1","Feed","Writhe","Shockwave+1","Limit Break+1","True Grit","Spot Weakness","Limit Break","Shockwave+1","Pommel Strike+1","Power Through","Writhe","Demon Form"],"special_seed":0,"relics":["Burning Blood","Ornamental Fan","Blood Vial","Boot","Snecko Eye","MutagenicStrength","Mummified Hand","Anchor","Darkstone Periapt","Nunchaku","Bag of Preparation","Molten Egg 2","Fusion Hammer","War Paint","Calipers","Du-Vu Doll"],"potions_floor_usage":[51],"damage_taken":[{"damage":9.0,"enemies":"Small Slimes","floor":1.0,"turns":4.0},{"damage":2.0,"enemies":"Jaw Worm","floor":2.0,"turns":3.0},{"damage":7.0,"enemies":"Cultist","floor":5.0,"turns":4.0},{"damage":35.0,"enemies":"3 Sentries","floor":7.0,"turns":8.0},{"damage":7.0,"enemies":"2 Fungi Beasts","floor":8.0,"turns":4.0},{"damage":5.0,"enemies":"3 Louse","floor":11.0,"turns":6.0},{"damage":8.0,"enemies":"Gremlin Nob","floor":12.0,"turns":3.0},{"damage":4.0,"enemies":"Looter","floor":13.0,"turns":4.0},{"damage":1.0,"enemies":"2 Fungi Beasts","floor":14.0,"turns":3.0},{"damage":33.0,"enemies":"Slime Boss","floor":16.0,"turns":7.0},{"damage":17.0,"enemies":"Chosen","floor":18.0,"turns":4.0},{"damage":0.0,"enemies":"Spheric Guardian","floor":19.0,"turns":3.0},{"damage":12.0,"enemies":"Slavers","floor":25.0,"turns":4.0},{"damage":23.0,"enemies":"Gremlin Leader","floor":27.0,"turns":9.0},{"damage":8.0,"enemies":"Book of Stabbing","floor":30.0,"turns":4.0},{"damage":10.0,"enemies":"Centurion and Healer","floor":31.0,"turns":6.0},{"damage":19.0,"enemies":"Champ","floor":33.0,"turns":7.0},{"damage":13.0,"enemies":"3 Darklings","floor":35.0,"turns":5.0},{"damage":0.0,"enemies":"Orb Walker","floor":37.0,"turns":3.0},{"damage":7.0,"enemies":"3 Darklings","floor":39.0,"turns":5.0},{"damage":51.0,"enemies":"Reptomancer","floor":40.0,"turns":5.0},{"damage":0.0,"enemies":"4 Shapes","floor":41.0,"turns":4.0},{"damage":44,"enemies":"Nemesis","floor":46,"turns":7},{"damage":10,"enemies":"Writhing Mass","floor":48,"turns":4},{"damage":69,"enemies":"Awakened One","floor":50,"turns":11},{"damage":24,"enemies":"Time Eater","floor":51,"turns":3}],"seed_played":"5326759093293747727","potions_obtained":[{"floor":1.0,"key":"SneckoOil"},{"floor":5.0,"key":"FearPotion"},{"floor":10.0,"key":"Regen Potion"},{"floor":14.0,"key":"Explosive Potion"},{"floor":25.0,"key":"GamblersBrew"},{"floor":27.0,"key":"Fire Potion"},{"floor":39.0,"key":"GamblersBrew"},{"floor":40.0,"key":"Poison Potion"},{"floor":41.0,"key":"PowerPotion"}],"is_trial":false,"path_per_floor":["M","M","?","?","M","R","E","M","T","?","M","E","M","M","R","B",null,"M","M","?","$","?","R","?","E","T","E","$","R","E","M","R","B",null,"M","?","M","?","M","E","M","R","T","$","?","E","?","M","R","B","B"],"character_chosen":"IRONCLAD","items_purchased":["Mummified Hand","Shrug It Off","Feed","True Grit","Power Through"],"campfire_rested":1,"item_purchase_floors":[21,21,21,28,44],"current_hp_per_floor":[65,69,62,62,61,61,32,31,31,31,49,49,53,60,60,35,65,56,64,64,64,64,64,64,64,64,52,52,52,52,53,53,45,77,75,75,83,83,87,48,59,59,59,59,85,49,49,47,79,21,0],"gold":37,"neow_bonus":"HUNDRED_GOLD","is_prod":false,"is_daily":false,"chose_seed":false,"campfire_upgraded":5,"win_rate":0,"timestamp":1565313841,"path_taken":["M","M","?","?","M","R","E","M","T","?","M","E","?","M","R","BOSS","M","M","?","$","?","R","?","E","T","E","$","R","E","M","R","BOSS","M","?","M","?","M","E","M","R","T","$","?","E","?","?","R","BOSS","BOSS"],"build_version":"2019-07-17","purchased_purges":2,"victory":false,"max_hp_per_floor":[75,75,75,75,75,75,75,75,75,75,75,75,75,75,75,75,75,75,75,75,75,75,75,75,79,79,82,82,82,82,85,85,88,88,91,91,91,91,94,98,101,101,101,101,107,107,107,107,107,110,110],"card_choices":[{"not_picked":["Disarm","Ghostly Armor"],"picked":"Pommel Strike","floor":1.0},{"not_picked":["Pummel","Twin Strike"],"picked":"Inflame","floor":2.0},{"not_picked":["Sentinel","Whirlwind"],"picked":"Armaments","floor":5.0},{"not_picked":["Headbutt","Entrench"],"picked":"Infernal Blade","floor":7.0},{"not_picked":["Perfected Strike","Rage","Cleave"],"picked":"SKIP","floor":8.0},{"not_picked":["Burning Pact","Clothesline"],"picked":"Whirlwind","floor":11.0},{"not_picked":["Cleave","Wild Strike"],"picked":"Flame Barrier","floor":12.0},{"not_picked":["Perfected Strike","Dropkick"],"picked":"Sword Boomerang","floor":13.0},{"not_picked":["Twin Strike","Clothesline","Perfected Strike"],"picked":"SKIP","floor":14.0},{"not_picked":["Impervious","Reaper"],"picked":"Feed","floor":16.0},{"not_picked":["True Grit","Seeing Red"],"picked":"Feel No Pain","floor":18.0},{"not_picked":["Seeing Red+1","Combust"],"picked":"Flame Barrier","floor":19.0},{"not_picked":["Headbutt","Warcry"],"picked":"Shockwave","floor":25.0},{"not_picked":["Havoc","Metallicize"],"picked":"Limit Break","floor":27.0},{"not_picked":["Clash","Clothesline"],"picked":"Spot Weakness","floor":30.0},{"not_picked":["Heavy Blade+1","Iron Wave+1","Cleave+1"],"picked":"SKIP","floor":31.0},{"not_picked":["Juggernaut","Berserk"],"picked":"Limit Break","floor":33.0},{"not_picked":["Headbutt+1","True Grit","Thunderclap+1"],"picked":"SKIP","floor":35.0},{"not_picked":["Clash+1","Sword Boomerang+1"],"picked":"Shockwave+1","floor":37.0},{"not_picked":["Sword Boomerang+1","Seeing Red"],"picked":"Pommel Strike+1","floor":39.0},{"not_picked":["Warcry+1","Limit Break","Cleave+1"],"picked":"SKIP","floor":40.0},{"not_picked":["Twin Strike+1","Entrench","Sword Boomerang+1"],"picked":"SKIP","floor":41.0},{"not_picked":["Bludgeon+1","Body Slam+1"],"picked":"Demon Form","floor":46},{"not_picked":["Twin Strike+1","Headbutt+1","Searing Blow+1"],"picked":"SKIP","floor":48}],"player_experience":875717,"relics_obtained":[{"floor":7.0,"key":"Ornamental Fan"},{"floor":9.0,"key":"Blood Vial"},{"floor":12.0,"key":"Boot"},{"floor":25.0,"key":"Darkstone Periapt"},{"floor":26.0,"key":"Nunchaku"},{"floor":27.0,"key":"Bag of Preparation"},{"floor":30.0,"key":"Molten Egg 2"},{"floor":40.0,"key":"War Paint"},{"floor":46,"key":"Calipers"}],"event_choices":[{"cards_removed":["Strike_R"],"damage_healed":0.0,"max_hp_gain":0.0,"max_hp_loss":0.0,"gold_gain":0.0,"event_name":"Golden Wing","player_choice":"Card Removal","floor":3.0,"gold_loss":0.0,"damage_taken":7.0},{"damage_healed":0.0,"max_hp_gain":0.0,"max_hp_loss":0.0,"gold_gain":0.0,"event_name":"Living Wall","player_choice":"Grow","floor":4.0,"gold_loss":0.0,"damage_taken":0.0,"cards_upgraded":["Bash"]},{"damage_healed":0.0,"max_hp_gain":0.0,"max_hp_loss":0.0,"gold_gain":0.0,"event_name":"Lab","player_choice":"Got Potions","floor":10.0,"gold_loss":0.0,"damage_taken":0.0},{"damage_healed":0.0,"max_hp_gain":0.0,"max_hp_loss":0.0,"gold_gain":0.0,"event_name":"Drug Dealer","player_choice":"Inject Mutagens","floor":20.0,"gold_loss":0.0,"damage_taken":0.0,"relics_obtained":["MutagenicStrength"]},{"damage_healed":0.0,"max_hp_gain":0.0,"max_hp_loss":0.0,"gold_gain":0.0,"event_name":"The Mausoleum","player_choice":"Opened","floor":24.0,"gold_loss":0.0,"damage_taken":0.0,"relics_obtained":["Anchor"],"cards_obtained":["Writhe"]},{"damage_healed":0.0,"max_hp_gain":0.0,"max_hp_loss":0.0,"gold_gain":0.0,"event_name":"SensoryStone","player_choice":"Memory 1","floor":36.0,"gold_loss":0.0,"damage_taken":0.0},{"damage_healed":0.0,"max_hp_gain":0.0,"max_hp_loss":0.0,"gold_gain":0.0,"event_name":"Mysterious Sphere","player_choice":"Ignored","floor":38.0,"gold_loss":0.0,"damage_taken":0.0},{"damage_healed":20,"gold_gain":0,"player_choice":"Writhe","damage_taken":0,"max_hp_gain":0,"max_hp_loss":0,"event_name":"Winding Halls","floor":45,"gold_loss":0,"cards_obtained":["Writhe"]},{"damage_healed":0,"gold_gain":0,"player_choice":"Paid Gold","damage_taken":0,"relics_obtained":["Du-Vu Doll"],"max_hp_gain":0,"max_hp_loss":0,"event_name":"WeMeetAgain","floor":47,"gold_loss":107}],"is_beta":false,"boss_relics":[{"not_picked":["Lizard Tail","Astrolabe"],"picked":"Snecko Eye"},{"not_picked":["Runic Dome","Black Star"],"picked":"Fusion Hammer"}],"items_purged_floors":[21,44],"is_endless":false,"potions_floor_spawned":[1,5,14,25,27,39,40,41,46],"killed_by":"Time Eater","ascension_level":20}