{"gold_per_floor":[12,12,12,31,44,71,71,96,123,123,123],"floor_reached":11,"playtime":332,"items_purged":[],"score":162,"play_id":"5eeac9ee-8681-4106-b8fb-7698bf281cea","local_time":"20190314221332","is_ascension_mode":true,"campfire_choices":[{"data":"Streamline","floor":7,"key":"SMITH"},{"data":"Dualcast","floor":10,"key":"SMITH"}],"neow_cost":"NO_GOLD","seed_source_timestamp":51483925296804,"circlet_count":0,"master_deck":["AscendersBane","Strike_B","Strike_B","Strike_B","Strike_B","Defend_B","Defend_B","Defend_B","Defend_B","Zap","Dualcast+1","Dark Shackles","Finesse+1","Glacier+1","Streamline+1","White Noise","Reinforced Body","Self Repair"],"relics":["Cracked Core","Anchor","Dream Catcher","Smiling Mask"],"potions_floor_usage":[6],"damage_taken":[{"damage":10,"enemies":"Jaw Worm","floor":1,"turns":5},{"damage":0,"enemies":"2 Louse","floor":4,"turns":2},{"damage":3,"enemies":"Small Slimes","floor":5,"turns":4},{"damage":44,"enemies":"Gremlin Nob","floor":6,"turns":6},{"damage":3,"enemies":"3 Sentries","floor":8,"turns":9},{"damage":13,"enemies":"Blue Slaver","floor":11,"turns":2}],"seed_played":"5192846793921537283","potions_obtained":[{"floor":5,"key":"Regen Potion"},{"floor":6,"key":"Block Potion"}],"is_trial":false,"path_per_floor":["M","?","?","M","M","E","R","E","T","R","M"],"character_chosen":"DEFECT","items_purchased":[],"campfire_rested":0,"item_purchase_floors":[],"current_hp_per_floor":[54,59,36,36,33,4,4,1,1,1,0],"gold":123,"neow_bonus":"RANDOM_COLORLESS_2","is_prod":false,"is_daily":false,"chose_seed":false,"campfire_upgraded":2,"win_rate":0,"timestamp":1552572812,"path_taken":["M","?","?","M","M","E","R","E","T","R","M"],"build_version":"2019-01-23","purchased_purges":0,"victory":false,"max_hp_per_floor":[71,76,76,76,76,76,76,76,76,76,76],"card_choices":[{"not_picked":["Darkness","Rebound"],"picked":"Glacier","floor":1},{"not_picked":["Stack","Go for the Eyes"],"picked":"Streamline","floor":4},{"not_picked":["Barrage","Streamline"],"picked":"White Noise","floor":5},{"not_picked":["Aggregate","Gash"],"picked":"Reinforced Body","floor":6},{"not_picked":["Recycle","BootSequence"],"picked":"Self Repair","floor":8}],"player_experience":3599929,"relics_obtained":[{"floor":6,"key":"Anchor"},{"floor":8,"key":"Dream Catcher"},{"floor":9,"key":"Smiling Mask"}],"event_choices":[{"damage_healed":0,"gold_gain":0,"player_choice":"Donut","damage_taken":0,"max_hp_gain":5,"max_hp_loss":0,"event_name":"Big Fish","floor":2,"gold_loss":0},{"damage_healed":0,"gold_gain":0,"player_choice":"Entered Light","damage_taken":23,"max_hp_gain":0,"max_hp_loss":0,"event_name":"Shining Light","floor":3,"gold_loss":0,"cards_upgraded":["Glacier","Finesse"]}],"is_beta":false,"boss_relics":[],"items_purged_floors":[],"is_endless":false,"potions_floor_spawned":[5,6],"killed_by":"Blue Slaver","ascension_level":20}