{"gold_per_floor":[111,111,36,52,67,67,93,111,179,179,198,198],"floor_reached":12,"playtime":371,"items_purged":["Strike_B"],"score":160,"play_id":"e929bb08-6593-4f19-9b7a-3194dd6393a3","local_time":"20190511040036","is_ascension_mode":true,"campfire_choices":[{"data":"Streamline","floor":6,"key":"SMITH"},{"data":"Chaos","floor":10,"key":"SMITH"}],"neow_cost":"NONE","seed_source_timestamp":90771371024,"circlet_count":0,"master_deck":["AscendersBane","Strike_B","Strike_B","Defend_B","Defend_B","Defend_B","Defend_B","Zap","Dualcast","Streamline+1","Fission","Capacitor","Undo","Chaos+1","Conserve Battery"],"special_seed":0,"relics":["Lizard Tail","Nunchaku","Sundial"],"potions_floor_usage":[8,11],"damage_taken":[{"damage":19.0,"enemies":"Jaw Worm","floor":1.0,"turns":4.0},{"damage":1,"enemies":"Cultist","floor":4,"turns":4},{"damage":4,"enemies":"Small Slimes","floor":5,"turns":4},{"damage":34,"enemies":"Lagavulin","floor":7,"turns":10},{"damage":2,"enemies":"3 Louse","floor":8,"turns":3},{"damage":3,"enemies":"Lots of Slimes","floor":11,"turns":6},{"damage":28,"enemies":"Gremlin Nob","floor":12,"turns":4}],"seed_played":"-2640182608364560354","potions_obtained":[{"floor":1.0,"key":"EssenceOfSteel"},{"floor":7,"key":"FocusPotion"},{"floor":8,"key":"SpeedPotion"}],"is_trial":false,"path_per_floor":["M","?","$","M","M","R","E","M","T","R","M","E"],"character_chosen":"DEFECT","items_purchased":[],"campfire_rested":0,"item_purchase_floors":[],"current_hp_per_floor":[45,45,45,44,40,40,6,4,4,4,1,15],"gold":198,"neow_bonus":"BOSS_RELIC","is_prod":false,"is_daily":false,"chose_seed":false,"campfire_upgraded":2,"win_rate":0,"timestamp":1557518436,"path_taken":["M","?","$","M","M","R","E","M","T","R","M","E"],"build_version":"2019-01-23","purchased_purges":1,"victory":false,"max_hp_per_floor":[71,71,71,71,71,71,71,71,71,71,71,71],"card_choices":[{"not_picked":["Double Energy","Turbo"],"picked":"Streamline","floor":1.0},{"not_picked":["Rebound","Scrape"],"picked":"Capacitor","floor":4},{"not_picked":["Compile Driver","Coolheaded"],"picked":"Undo","floor":5},{"not_picked":["Force Field","Beam Cell","Blizzard"],"picked":"SKIP","floor":7},{"not_picked":["Blizzard","Beam Cell","Chaos"],"picked":"SKIP","floor":8},{"not_picked":["Blizzard","Beam Cell"],"picked":"Chaos","floor":8},{"not_picked":["Streamline","Barrage"],"picked":"Conserve Battery","floor":11}],"player_experience":4687084,"relics_obtained":[{"floor":7,"key":"Nunchaku"},{"floor":9,"key":"Sundial"}],"event_choices":[{"damage_healed":0,"gold_gain":0,"cards_transformed":["Strike_B"],"player_choice":"Transformed","damage_taken":0,"max_hp_gain":0,"max_hp_loss":0,"event_name":"Transmorgrifier","floor":2,"gold_loss":0,"cards_obtained":["Fission"]}],"is_beta":false,"boss_relics":[],"items_purged_floors":[3],"is_endless":false,"potions_floor_spawned":[1,7,8],"killed_by":"Gremlin Nob","ascension_level":20}