{"gold_per_floor":[115,115,40,67,67,67,98,118,118,132,132,152,152,179,179,275,275,286,298,198,218,93,93,93,93,93,93,107,120,131,131,131,232,232,249,262,282,132,146,146,93,119,119,119,133,133,144,144,144,144],"floor_reached":51,"playtime":2464,"items_purged":["Strike_B","Defend_B","Strike_B","Zap"],"score":787,"play_id":"55c08ee8-dd75-4fbc-b98c-81e206a18376","local_time":"20190101181242","is_ascension_mode":false,"campfire_choices":[{"data":"Sunder","floor":6,"key":"SMITH"},{"data":"Strike_B","floor":11,"key":"PURGE"},{"data":"Defend_B","floor":13,"key":"PURGE"},{"floor":15,"key":"REST"},{"data":"Defend_B","floor":23,"key":"PURGE"},{"data":"Dualcast","floor":25,"key":"PURGE"},{"data":"Storm","floor":32,"key":"PURGE"},{"data":"Glacier","floor":40,"key":"PURGE"},{"data":"Sunder+1","floor":44,"key":"PURGE"},{"data":"1","floor":46,"key":"LIFT"},{"data":"2","floor":49,"key":"LIFT"}],"neow_cost":"NONE","seed_source_timestamp":16741456513137,"circlet_count":0,"master_deck":["Reboot","Beam Cell","Seek","Seek","Self Repair","BootSequence","Beam Cell+1","Fusion+1","Gash","Loop+1"],"relics":["Cracked Core","Strawberry","Vajra","Peace Pipe","Unceasing Top","Nuclear Battery","Bottled Lightning","Sozu","Ice Cream","Girya"],"potions_floor_usage":[],"damage_taken":[{"damage":5,"enemies":"Small Slimes","floor":1,"turns":3},{"damage":6,"enemies":"Gremlin Nob","floor":7,"turns":3},{"damage":0,"enemies":"Cultist","floor":8,"turns":2},{"damage":11,"enemies":"Jaw Worm","floor":10,"turns":2},{"damage":1,"enemies":"3 Louse","floor":12,"turns":3},{"damage":21,"enemies":"Lagavulin","floor":14,"turns":5},{"damage":29,"enemies":"The Guardian","floor":16,"turns":9},{"damage":10,"enemies":"Chosen","floor":18,"turns":2},{"damage":0,"enemies":"Spheric Guardian","floor":19,"turns":3},{"damage":0,"enemies":"3 Cultists","floor":21,"turns":3},{"damage":10,"enemies":"Cultist and Chosen","floor":28,"turns":4},{"damage":21,"enemies":"Snake Plant","floor":29,"turns":2},{"damage":10,"enemies":"Chosen and Byrds","floor":30,"turns":3},{"damage":42,"enemies":"Collector","floor":33,"turns":9},{"damage":12,"enemies":"3 Shapes","floor":35,"turns":2},{"damage":0,"enemies":"3 Darklings","floor":36,"turns":2},{"damage":21,"enemies":"Maw","floor":37,"turns":5},{"damage":0,"enemies":"Transient","floor":39,"turns":5},{"damage":0,"enemies":"Reptomancer","floor":42,"turns":2},{"damage":0,"enemies":"Jaw Worm Horde","floor":45,"turns":1},{"damage":0,"enemies":"Writhing Mass","floor":47,"turns":1},{"damage":0,"enemies":"Awakened One","floor":50,"turns":2}],"seed_played":"7371796825957938513","potions_obtained":[{"floor":1,"key":"SpeedPotion"},{"floor":5,"key":"EssenceOfSteel"},{"floor":5,"key":"Regen Potion"},{"floor":7,"key":"FairyPotion"},{"floor":21,"key":"Regen Potion"}],"is_trial":false,"path_per_floor":["M","?","$","T","?","R","E","M","T","M","R","M","R","E","R","B",null,"M","M","$","M","$","R","?","R","T","?","M","M","M","?","R","B",null,"M","M","M","$","M","R","$","E","T","R","M","R","M","?","R","B",null],"character_chosen":"DEFECT","items_purchased":["Gash"],"campfire_rested":1,"item_purchase_floors":[41],"current_hp_per_floor":[70,70,70,77,77,77,71,71,71,60,60,59,59,38,62,33,82,72,72,72,72,72,72,72,72,72,72,69,55,52,52,52,17,82,77,82,68,68,75,75,75,82,82,82,82,82,82,82,82,82],"gold":144,"neow_bonus":"ONE_RANDOM_RARE_CARD","is_prod":false,"is_daily":false,"chose_seed":false,"campfire_upgraded":1,"win_rate":0,"timestamp":1546362762,"path_taken":["M","?","?","?","?","R","E","M","T","M","R","M","R","E","R","BOSS","M","?","$","M","$","R","?","R","T","?","M","M","M","?","R","BOSS","M","M","M","$","M","R","$","E","T","R","M","R","M","?","R","BOSS"],"build_version":"2018-12-20","purchased_purges":4,"victory":true,"max_hp_per_floor":[75,75,75,82,82,82,82,82,82,82,82,82,82,82,82,82,82,82,82,82,82,82,82,82,82,82,82,82,82,82,82,82,82,82,82,82,82,82,82,82,82,82,82,82,82,82,82,82,82,82],"card_choices":[{"not_picked":["Hologram","White Noise"],"picked":"Sunder","floor":1},{"not_picked":["Conserve Battery","Steam","Rebound"],"picked":"SKIP","floor":7},{"not_picked":["Compile Driver","Barrage"],"picked":"Glacier","floor":8},{"not_picked":["Hologram","Stack","Barrage"],"picked":"SKIP","floor":10},{"not_picked":["Consume","Steam Power"],"picked":"Beam Cell","floor":12},{"not_picked":["Loop","Buffer"],"picked":"Seek","floor":14},{"not_picked":["Core Surge","Creative AI"],"picked":"Seek","floor":16},{"not_picked":["Rebound+1","Doom and Gloom","Blizzard+1"],"picked":"SKIP","floor":18},{"not_picked":["Coolheaded+1","Beam Cell","Rebound"],"picked":"SKIP","floor":19},{"not_picked":["Conserve Battery+1","Ball Lightning"],"picked":"Self Repair","floor":21},{"not_picked":["Sweeping Beam","Coolheaded","Ball Lightning+1"],"picked":"SKIP","floor":28},{"not_picked":["Rip and Tear","Coolheaded"],"picked":"Beam Cell","floor":29},{"not_picked":["Leap","All For One","Sweeping Beam"],"picked":"SKIP","floor":30},{"not_picked":["Rip and Tear+1","Leap"],"picked":"BootSequence","floor":35},{"not_picked":["Genetic Algorithm","Reprogram+1"],"picked":"Beam Cell+1","floor":36},{"not_picked":["Compile Driver+1","Conserve Battery"],"picked":"Fusion+1","floor":37},{"not_picked":["Sweeping Beam+1","Darkness+1","Sunder"],"picked":"SKIP","floor":39},{"not_picked":["Undo","White Noise"],"picked":"Loop+1","floor":42},{"not_picked":["Conserve Battery","Hologram","Doom and Gloom"],"picked":"SKIP","floor":45},{"not_picked":["Aggregate+1","Hologram","Barrage"],"picked":"SKIP","floor":47}],"player_experience":1060,"relics_obtained":[{"floor":4,"key":"Strawberry"},{"floor":7,"key":"Vajra"},{"floor":9,"key":"Peace Pipe"},{"floor":14,"key":"Unceasing Top"},{"floor":26,"key":"Bottled Lightning"},{"floor":42,"key":"Ice Cream"},{"floor":43,"key":"Girya"}],"event_choices":[{"damage_healed":0,"gold_gain":0,"cards_transformed":["Defend_B"],"player_choice":"Transformed","damage_taken":0,"max_hp_gain":0,"max_hp_loss":0,"event_name":"Transmorgrifier","floor":2,"gold_loss":0,"cards_obtained":["Storm"]},{"damage_healed":0,"gold_gain":0,"player_choice":"Got Potions","damage_taken":0,"max_hp_gain":0,"max_hp_loss":0,"event_name":"Lab","floor":5,"gold_loss":0},{"cards_removed":["Strike_B"],"damage_healed":0,"gold_gain":0,"player_choice":"Elegance","damage_taken":0,"max_hp_gain":0,"max_hp_loss":0,"event_name":"Back to Basics","floor":24,"gold_loss":0},{"damage_healed":0,"gold_gain":0,"player_choice":"Ignored","damage_taken":0,"max_hp_gain":0,"max_hp_loss":0,"event_name":"Ghosts","floor":27,"gold_loss":0},{"damage_healed":0,"gold_gain":0,"player_choice":"Ignored","damage_taken":0,"max_hp_gain":0,"max_hp_loss":0,"event_name":"Vampires","floor":31,"gold_loss":0},{"cards_removed":["Beam Cell"],"damage_healed":0,"gold_gain":0,"player_choice":"Removed Attack","damage_taken":0,"max_hp_gain":0,"max_hp_loss":0,"event_name":"Falling","floor":48,"gold_loss":0}],"is_beta":false,"boss_relics":[{"not_picked":["Inserter","Eternal Feather"],"picked":"Nuclear Battery"},{"not_picked":["White Beast Statue","Orrery"],"picked":"Sozu"}],"items_purged_floors":[3,20,22,38],"is_endless":false,"potions_floor_spawned":[1,7,8,21,29,30,33,35,39,45],"ascension_level":0}