{"gold_per_floor":[119,394,405,292,312,331,331,331,355,367,367,367,379,395,395,497,497,507,606,606,65,85,85,97,97,97,97,111,39,39,57,57,156,156,172,172,172,183,183,183,211,211,280,5,21,21,21,49,49,49],"floor_reached":51,"playtime":2068,"items_purged":["Strike_G","Strike_G","Defend_G"],"score":795,"play_id":"d5aa4878-0306-4e52-83e4-29d7fa94554e","local_time":"20181103222808","is_ascension_mode":false,"campfire_choices":[{"data":"Noxious Fumes","floor":8.0,"key":"SMITH"},{"data":"Neutralize","floor":12.0,"key":"SMITH"},{"data":"Bouncing Flask","floor":15.0,"key":"SMITH"},{"data":"Apotheosis","floor":23.0,"key":"SMITH"},{"data":"Well Laid Plans","floor":25.0,"key":"SMITH"},{"data":"Catalyst","floor":27.0,"key":"SMITH"},{"data":"Well Laid Plans","floor":32.0,"key":"SMITH"},{"data":"True Grit","floor":40,"key":"SMITH"},{"data":"Burst","floor":42,"key":"SMITH"},{"data":"Catalyst","floor":47,"key":"SMITH"},{"floor":49,"key":"REST"}],"neow_cost":"NONE","seed_source_timestamp":6807843288544,"circlet_count":0,"master_deck":["Defend_G","Defend_G","Defend_G","Defend_G","Survivor","Neutralize+1","Cloak And Dagger","Noxious Fumes+1","Deadly Poison","Backflip","Bouncing Flask+1","Burst+1","Malaise","Catalyst+1","Apotheosis+1","Well Laid Plans+1","True Grit+1","Well Laid Plans+1","Transmutation","Turbo","Sunder+1","Jack Of All Trades+1","Catalyst+1","Finesse","Dark Shackles","Impatience"],"special_seed":0,"relics":["Ring of the Snake","Omamori","Bronze Scales","Pen Nib","Busted Crown","PrismaticShard","Du-Vu Doll","Runic Pyramid","Juzu Bracelet","Blue Candle","Membership Card","The Courier"],"potions_floor_usage":[41,50,50],"damage_taken":[{"damage":0.0,"enemies":"2 Louse","floor":1.0,"turns":2.0},{"damage":4.0,"enemies":"Cultist","floor":3.0,"turns":5.0},{"damage":0.0,"enemies":"Jaw Worm","floor":5.0,"turns":5.0},{"damage":0.0,"enemies":"2 Fungi Beasts","floor":6.0,"turns":3.0},{"damage":2.0,"enemies":"Looter","floor":10.0,"turns":3.0},{"damage":1.0,"enemies":"Exordium Wildlife","floor":13.0,"turns":6.0},{"damage":0.0,"enemies":"Exordium Thugs","floor":14.0,"turns":4.0},{"damage":25.0,"enemies":"Slime Boss","floor":16.0,"turns":7.0},{"damage":0.0,"enemies":"Spheric Guardian","floor":18.0,"turns":3.0},{"damage":0.0,"enemies":"Chosen","floor":22.0,"turns":5.0},{"damage":0.0,"enemies":"Snecko","floor":24.0,"turns":4.0},{"damage":4.0,"enemies":"Cultist and Chosen","floor":28.0,"turns":6.0},{"damage":1.0,"enemies":"3 Cultists","floor":31.0,"turns":4.0},{"damage":27.0,"enemies":"Automaton","floor":33.0,"turns":6.0},{"damage":0.0,"enemies":"3 Darklings","floor":35.0,"turns":6.0},{"damage":0.0,"enemies":"3 Shapes","floor":38.0,"turns":5.0},{"damage":0,"enemies":"Reptomancer","floor":41,"turns":7},{"damage":0,"enemies":"Sphere and 2 Shapes","floor":45,"turns":4},{"damage":7,"enemies":"Nemesis","floor":48,"turns":5},{"damage":0,"enemies":"Awakened One","floor":50,"turns":15}],"seed_played":"4252092806553605965","potions_obtained":[{"floor":3.0,"key":"Explosive Potion"},{"floor":10.0,"key":"EssenceOfSteel"},{"floor":18.0,"key":"GhostInAJar"},{"floor":28.0,"key":"Energy Potion"},{"floor":41,"key":"Poison Potion"}],"is_trial":false,"path_per_floor":["M","?","M","$","M","M","?","R","T","M","?","R","M","M","R","B",null,"M","?","?","$","M","R","M","R","T","R","M","$","$","M","R","B",null,"M","?","?","M","?","R","E","R","T","$","M","?","R","E","R","B",null],"character_chosen":"THE_SILENT","items_purchased":["Noxious Fumes","Apotheosis","Well Laid Plans","PrismaticShard","Well Laid Plans","Membership Card","Catalyst"],"campfire_rested":1,"item_purchase_floors":[4,21,21,21,29,44,44],"current_hp_per_floor":[70,70,66,66,66,66,66,66,66,64,46,46,45,45,45,20,70,70,70,70,70,70,70,70,70,70,70,66,66,66,65,65,38,70,70,66,66,66,66,66,66,66,66,66,66,56,56,49,66,66],"gold":49,"neow_bonus":"RANDOM_COMMON_RELIC","is_prod":false,"is_daily":false,"chose_seed":false,"campfire_upgraded":10,"win_rate":0,"timestamp":1541255288,"path_taken":["M","?","M","$","?","M","?","R","T","M","?","R","M","M","R","BOSS","M","?","?","$","M","R","M","R","T","R","?","?","$","M","R","BOSS","M","?","?","?","?","R","E","R","T","$","M","?","R","E","R","BOSS"],"build_version":"2018-11-01","purchased_purges":3,"victory":true,"max_hp_per_floor":[70,70,70,70,70,70,70,70,70,70,70,70,70,70,70,70,70,70,70,70,70,70,70,70,70,70,70,70,70,70,70,70,70,70,70,66,66,66,66,66,66,66,66,66,66,66,66,66,66,66],"card_choices":[{"not_picked":["Blade Dance","PiercingWail","Crippling Poison"],"picked":"SKIP","floor":1.0},{"not_picked":["Slice","Flying Knee"],"picked":"Cloak And Dagger","floor":3.0},{"not_picked":["Terror","Blade Dance"],"picked":"Deadly Poison","floor":5.0},{"not_picked":["Slice","Poisoned Stab"],"picked":"Backflip","floor":6.0},{"not_picked":["Deflect","Outmaneuver","Bane"],"picked":"SKIP","floor":10.0},{"not_picked":["Underhanded Strike","Flying Knee"],"picked":"Bouncing Flask","floor":13.0},{"not_picked":["Acrobatics","Deflect"],"picked":"Burst","floor":14.0},{"not_picked":["Bullet Time","Storm of Steel"],"picked":"Malaise","floor":16.0},{"not_picked":["Dagger Throw"],"picked":"SKIP","floor":18.0},{"not_picked":["Streamline"],"picked":"SKIP","floor":22.0},{"not_picked":["Body Slam"],"picked":"SKIP","floor":24.0},{"not_picked":[],"picked":"True Grit","floor":28.0},{"not_picked":["Slice"],"picked":"SKIP","floor":31.0},{"not_picked":[],"picked":"Transmutation","floor":33.0},{"not_picked":[],"picked":"Turbo","floor":35.0},{"not_picked":[],"picked":"Sunder+1","floor":38.0},{"not_picked":[],"picked":"Jack Of All Trades+1","floor":41},{"not_picked":["Blade Dance+1"],"picked":"SKIP","floor":45},{"not_picked":[],"picked":"Finesse","floor":46},{"not_picked":[],"picked":"Dark Shackles","floor":46},{"not_picked":[],"picked":"Impatience","floor":46},{"not_picked":["Corruption"],"picked":"SKIP","floor":48}],"player_experience":841694,"relics_obtained":[{"floor":9.0,"key":"Bronze Scales"},{"floor":26.0,"key":"Du-Vu Doll"},{"floor":41,"key":"Juzu Bracelet"},{"floor":43,"key":"Blue Candle"},{"floor":48,"key":"The Courier"}],"event_choices":[{"damage_healed":0.0,"max_hp_gain":0.0,"max_hp_loss":0.0,"gold_gain":275.0,"event_name":"Golden Shrine","player_choice":"Desecrate","floor":2.0,"gold_loss":0.0,"damage_taken":0.0,"cards_obtained":["Regret"]},{"cards_removed":["Strike_G"],"damage_healed":0.0,"max_hp_gain":0.0,"max_hp_loss":0.0,"gold_gain":0.0,"event_name":"Living Wall","player_choice":"Forget","floor":7.0,"gold_loss":0.0,"damage_taken":0.0},{"damage_healed":0.0,"max_hp_gain":0.0,"max_hp_loss":0.0,"gold_gain":0.0,"event_name":"Scrap Ooze","player_choice":"Success","floor":11.0,"gold_loss":0.0,"damage_taken":18.0,"relics_obtained":["Pen Nib"]},{"damage_healed":0.0,"max_hp_gain":0.0,"max_hp_loss":0.0,"gold_gain":99.0,"event_name":"Nest","player_choice":"Stole From Cult","floor":19.0,"gold_loss":0.0,"damage_taken":0.0},{"damage_healed":0.0,"max_hp_gain":0.0,"max_hp_loss":0.0,"gold_gain":0.0,"cards_transformed":["Strike_G"],"event_name":"Transmorgrifier","player_choice":"Transformed","floor":20.0,"gold_loss":0.0,"damage_taken":0.0,"cards_obtained":["Catalyst"]},{"damage_healed":0.0,"max_hp_gain":0.0,"max_hp_loss":4.0,"gold_gain":0.0,"event_name":"Winding Halls","player_choice":"Max HP","floor":36.0,"gold_loss":0.0,"damage_taken":0.0},{"cards_removed":["Strike_G"],"damage_healed":0.0,"max_hp_gain":0.0,"max_hp_loss":0.0,"gold_gain":0.0,"event_name":"Falling","player_choice":"Removed Attack","floor":37.0,"gold_loss":0.0,"damage_taken":0.0},{"damage_healed":0,"gold_gain":0,"player_choice":"Ignored","damage_taken":0,"max_hp_gain":0,"max_hp_loss":0,"event_name":"Mysterious Sphere","floor":39,"gold_loss":0},{"damage_healed":0,"gold_gain":0,"player_choice":"Memory 3","damage_taken":10,"max_hp_gain":0,"max_hp_loss":0,"event_name":"SensoryStone","floor":46,"gold_loss":0}],"is_beta":false,"boss_relics":[{"not_picked":["Ring of the Serpent","Black Star"],"picked":"Busted Crown"},{"not_picked":["Coffee Dripper","Tiny House"],"picked":"Runic Pyramid"}],"items_purged_floors":[4,21,44],"is_endless":false,"potions_floor_spawned":[3,10,18,28,41],"ascension_level":0}