{"gold_per_floor":[110,110,130,145,158,158,158,158,181,246,8,28,28,28],"floor_reached":14,"playtime":342,"items_purged":["Strike_B"],"score":136,"play_id":"9f4a193a-cf5b-4f91-9954-1160a8145685","local_time":"20181010210446","is_ascension_mode":true,"campfire_choices":[{"data":"Zap","floor":6,"key":"SMITH"},{"data":"Loop","floor":8,"key":"SMITH"}],"neow_cost":"PERCENT_DAMAGE","seed_source_timestamp":717493541385939,"circlet_count":0,"master_deck":["Strike_B","Strike_B","Strike_B+1","Defend_B","Defend_B","Defend_B","Defend_B","Zap+1","Dualcast","AscendersBane","Loop+1","Sweeping Beam","Self Repair","Beam Cell+1","Barrage"],"relics":["Cracked Core","Pocketwatch","Regal Pillow","Bag of Preparation","Membership Card"],"potions_floor_usage":[3,5,5],"damage_taken":[{"damage":4,"enemies":"2 Louse","floor":1,"turns":3},{"damage":2,"enemies":"Jaw Worm","floor":3,"turns":4},{"damage":0,"enemies":"Cultist","floor":4,"turns":3},{"damage":4,"enemies":"Red Slaver","floor":5,"turns":4},{"damage":28,"enemies":"Lagavulin Event","floor":10,"turns":5},{"damage":7,"enemies":"Looter","floor":12,"turns":3},{"damage":30,"enemies":"Lagavulin","floor":14,"turns":4}],"seed_played":"-750743540123035473","potions_obtained":[{"floor":1,"key":"Regen Potion"},{"floor":3,"key":"Energy Potion"},{"floor":4,"key":"Explosive Potion"}],"is_trial":false,"path_per_floor":["M","?","M","M","M","R","?","R","T","?","$","M","?"],"character_chosen":"DEFECT","items_purchased":["Membership Card"],"campfire_rested":0,"item_purchase_floors":[11],"current_hp_per_floor":[42,42,52,52,55,55,41,41,41,20,20,20,20,0],"gold":28,"neow_bonus":"ONE_RARE_RELIC","is_prod":false,"is_daily":false,"chose_seed":false,"campfire_upgraded":2,"win_rate":0,"timestamp":1539176686,"path_taken":["M","?","M","M","?","R","?","R","T","?","$","M","?","E"],"build_version":"2018-10-04v2","purchased_purges":1,"victory":false,"max_hp_per_floor":[71,71,71,71,71,71,71,71,71,71,71,71,71,71],"card_choices":[{"not_picked":["Rebound","Double Energy"],"picked":"Loop","floor":1},{"not_picked":["Heatsinks","Auto Shields"],"picked":"Sweeping Beam","floor":3},{"not_picked":["Coolheaded","Meteor Strike"],"picked":"Self Repair","floor":4},{"not_picked":["Barrage","Self Repair"],"picked":"Beam Cell","floor":5},{"not_picked":["Auto Shields","Melter"],"picked":"Barrage","floor":10},{"not_picked":["Recycle","Loop","Undo"],"picked":"SKIP","floor":12}],"player_experience":269936,"relics_obtained":[{"floor":9,"key":"Regal Pillow"},{"floor":10,"key":"Bag of Preparation"}],"event_choices":[{"event_name":"Liars Game","player_choice":"disagreed","floor":2,"damage_taken":0},{"event_name":"Shining Light","player_choice":"Entered Light","floor":7,"damage_taken":0},{"event_name":"Dead Adventurer","player_choice":"Searched \u00272\u0027 times","floor":10,"damage_taken":0},{"event_name":"The Cleric","player_choice":"Leave","floor":13,"damage_taken":0}],"is_beta":false,"boss_relics":[],"items_purged_floors":[11],"is_endless":false,"potions_floor_spawned":[1,3,4],"killed_by":"Lagavulin","ascension_level":14}