{"gold_per_floor":[110,125,46,46,46,46,46,57,57,67,96,96,21,34,34,110,110,125,125,45,45,45,45,76,76,76,104,119,36,36,49,49,128,128,145,156,156,156,156,156,56,71,125,125,138,163,163,189,189,189,189,189,189,11,36,36],"floor_reached":57,"playtime":2256,"items_purged":["Strike_R","Strike_R","Strike_R"],"score":3338,"play_id":"adc2103a-0b5c-494f-8303-dbb5b440ec7b","local_time":"20190210135002","is_ascension_mode":true,"campfire_choices":[{"data":"Barricade","floor":6.0,"key":"SMITH"},{"data":"Power Through","floor":12.0,"key":"SMITH"},{"data":"Body Slam","floor":15.0,"key":"SMITH"},{"data":"Entrench","floor":23.0,"key":"SMITH"},{"data":"True Grit","floor":25.0,"key":"SMITH"},{"data":"Entrench","floor":32.0,"key":"SMITH"},{"data":"Impervious","floor":40,"key":"SMITH"},{"data":"Second Wind","floor":44,"key":"SMITH"},{"floor":47,"key":"RECALL"},{"data":"Dark Embrace","floor":49,"key":"SMITH"},{"data":"Evolve","floor":53,"key":"SMITH"}],"neow_cost":"NONE","seed_source_timestamp":16900090935216,"circlet_count":0,"master_deck":["AscendersBane","Strike_R","Defend_R","Defend_R","Defend_R","Defend_R","Bash","Flex","Barricade+1","Evolve+1","Power Through+1","Body Slam+1","Shrug It Off","Impervious+1","True Grit+1","Entrench+1","Second Wind+1","Entrench+1","Shrug It Off+1","Dark Embrace+1","Warcry","Battle Trance"],"special_seed":0,"relics":["Burning Blood","NeowsBlessing","Bottled Tornado","Art of War","Coffee Dripper","Du-Vu Doll","PreservedInsect","Juzu Bracelet","Runic Dome","Regal Pillow","Blood Vial","Dream Catcher","Gremlin Horn"],"potions_floor_usage":[51,51],"damage_taken":[{"damage":0.0,"enemies":"Cultist","floor":1.0,"turns":1.0},{"damage":0.0,"enemies":"Small Slimes","floor":2.0,"turns":1.0},{"damage":0.0,"enemies":"2 Louse","floor":8.0,"turns":2.0},{"damage":16.0,"enemies":"Exordium Wildlife","floor":10.0,"turns":6.0},{"damage":0.0,"enemies":"Lagavulin","floor":11.0,"turns":6.0},{"damage":0.0,"enemies":"Exordium Thugs","floor":14.0,"turns":5.0},{"damage":0.0,"enemies":"Slime Boss","floor":16.0,"turns":9.0},{"damage":0.0,"enemies":"Spheric Guardian","floor":18.0,"turns":8.0},{"damage":0.0,"enemies":"Book of Stabbing","floor":24.0,"turns":7.0},{"damage":0.0,"enemies":"Slavers","floor":27.0,"turns":7.0},{"damage":0.0,"enemies":"Chosen","floor":28.0,"turns":4.0},{"damage":0.0,"enemies":"Snecko","floor":31.0,"turns":5.0},{"damage":0.0,"enemies":"Collector","floor":33.0,"turns":5.0},{"damage":0.0,"enemies":"3 Shapes","floor":35.0,"turns":15.0},{"damage":15.0,"enemies":"3 Darklings","floor":36.0,"turns":15.0},{"damage":0,"enemies":"Transient","floor":42,"turns":6},{"damage":20,"enemies":"4 Shapes","floor":45,"turns":4},{"damage":0,"enemies":"Nemesis","floor":46,"turns":7},{"damage":0,"enemies":"Reptomancer","floor":48,"turns":3},{"damage":0,"enemies":"Donu and Deca","floor":50,"turns":6},{"damage":0,"enemies":"Awakened One","floor":51,"turns":7},{"damage":55,"enemies":"Shield and Spear","floor":55,"turns":7},{"damage":20,"enemies":"The Heart","floor":56,"turns":11}],"seed_played":"2220004247581234306","potions_obtained":[{"floor":2.0,"key":"AttackPotion"},{"floor":10.0,"key":"Block Potion"},{"floor":19.0,"key":"SkillPotion"},{"floor":24.0,"key":"FairyPotion"},{"floor":36.0,"key":"EssenceOfSteel"},{"floor":45,"key":"Energy Potion"},{"floor":46,"key":"Swift Potion"}],"is_trial":false,"path_per_floor":["M","M","$","?","$","R","?","M","T","M","E","R","$","M","R","B",null,"M","?","$","?","$","R","E","R","T","E","M","$","?","M","R","B",null,"M","M","?","?","?","R","$","M","T","R","M","E","R","E","R","B","B",null,"R","$","E","B",null],"character_chosen":"IRONCLAD","items_purchased":["Evolve","Entrench","Entrench","Energy Potion"],"campfire_rested":0,"item_purchase_floors":[3,20,29,54],"current_hp_per_floor":[74,75,75,75,75,75,80,80,80,70,76,76,76,80,80,80,80,80,80,80,80,80,80,80,80,80,80,80,80,57,63,63,69,81,85,76,76,76,76,76,76,81,81,81,67,73,73,81,81,81,81,81,81,81,32,20],"gold":36,"neow_bonus":"THREE_ENEMY_KILL","is_prod":false,"is_daily":false,"chose_seed":false,"campfire_upgraded":10,"win_rate":0,"timestamp":1549777802,"path_taken":["M","?","$","?","?","R","?","?","T","M","E","R","$","M","R","BOSS","M","?","?","?","$","R","E","R","T","E","M","$","?","M","R","BOSS","M","M","?","?","?","R","?","M","T","R","M","E","R","E","R","BOSS","BOSS","R","$","E","BOSS"],"build_version":"2019-01-23","purchased_purges":3,"victory":true,"max_hp_per_floor":[75,75,75,75,75,75,80,80,80,80,80,80,80,80,80,80,80,80,80,80,80,80,80,80,80,80,80,80,80,85,85,85,85,85,85,85,81,81,81,81,81,81,81,81,81,81,81,81,81,81,81,81,81,81,81,81],"card_choices":[{"not_picked":["Shrug It Off","Clothesline"],"picked":"Flex","floor":1.0},{"not_picked":["Burning Pact","Combust"],"picked":"Barricade","floor":2.0},{"not_picked":["Hemokinesis","Heavy Blade"],"picked":"Body Slam","floor":8.0},{"not_picked":["Perfected Strike","Clash","Havoc"],"picked":"SKIP","floor":10.0},{"not_picked":["Iron Wave","Wild Strike","Flex"],"picked":"SKIP","floor":11.0},{"not_picked":["Twin Strike","Heavy Blade"],"picked":"Shrug It Off","floor":14.0},{"not_picked":["Demon Form","Offering"],"picked":"Impervious","floor":16.0},{"not_picked":["Clothesline+1","Cleave"],"picked":"True Grit","floor":18.0},{"not_picked":["Iron Wave","Entrench"],"picked":"Second Wind","floor":24.0},{"not_picked":["Juggernaut","Cleave","Combust"],"picked":"SKIP","floor":27.0},{"not_picked":["Infernal Blade","Wild Strike","Anger"],"picked":"SKIP","floor":28.0},{"not_picked":["Cleave","Iron Wave","Metallicize"],"picked":"SKIP","floor":31.0},{"not_picked":["Bloodletting","Pommel Strike+1","Clothesline"],"picked":"SKIP","floor":35.0},{"not_picked":["Heavy Blade","Iron Wave"],"picked":"Shrug It Off+1","floor":36.0},{"not_picked":["Shockwave","Perfected Strike","Havoc"],"picked":"SKIP","floor":42},{"not_picked":["Body Slam","Clothesline"],"picked":"Warcry","floor":45},{"not_picked":["Heavy Blade","Headbutt","Twin Strike"],"picked":"SKIP","floor":46},{"not_picked":["Dual Wield","Cleave","Body Slam"],"picked":"SKIP","floor":48},{"not_picked":["Barricade","Pummel"],"picked":"Battle Trance","floor":55}],"player_experience":2570116,"relics_obtained":[{"floor":9.0,"key":"Bottled Tornado"},{"floor":11.0,"key":"Art of War"},{"floor":24.0,"key":"Du-Vu Doll"},{"floor":26.0,"key":"PreservedInsect"},{"floor":27.0,"key":"Juzu Bracelet"},{"floor":46,"key":"Blood Vial"},{"floor":48,"key":"Dream Catcher"},{"floor":55,"key":"Gremlin Horn"}],"event_choices":[{"damage_healed":0.0,"max_hp_gain":0.0,"max_hp_loss":0.0,"gold_gain":0.0,"cards_transformed":["Strike_R"],"event_name":"Transmorgrifier","player_choice":"Transformed","floor":4.0,"gold_loss":0.0,"damage_taken":0.0,"cards_obtained":["Power Through"]},{"damage_healed":0.0,"max_hp_gain":5.0,"max_hp_loss":0.0,"gold_gain":0.0,"event_name":"Big Fish","player_choice":"Donut","floor":7.0,"gold_loss":0.0,"damage_taken":0.0},{"damage_healed":0.0,"max_hp_gain":0.0,"max_hp_loss":0.0,"gold_gain":0.0,"event_name":"Lab","player_choice":"Got Potions","floor":19.0,"gold_loss":0.0,"damage_taken":0.0},{"damage_healed":0.0,"max_hp_gain":0.0,"max_hp_loss":0.0,"gold_gain":0.0,"event_name":"Beggar","player_choice":"Ignored","floor":21.0,"gold_loss":0.0,"damage_taken":0.0},{"damage_healed":0.0,"max_hp_gain":5.0,"max_hp_loss":0.0,"gold_gain":0.0,"event_name":"Forgotten Altar","player_choice":"Shed Blood","floor":30.0,"gold_loss":0.0,"damage_taken":28.0},{"damage_healed":0.0,"max_hp_gain":0.0,"max_hp_loss":4.0,"gold_gain":0.0,"event_name":"Winding Halls","player_choice":"Max HP","floor":37.0,"gold_loss":0.0,"damage_taken":0.0},{"damage_healed":0,"gold_gain":0,"player_choice":"1 cards matched","damage_taken":0,"max_hp_gain":0,"max_hp_loss":0,"event_name":"Match and Keep!","floor":38,"gold_loss":0,"cards_obtained":["Dark Embrace"]},{"damage_healed":0,"gold_gain":0,"player_choice":"Gave Potion","damage_taken":0,"relics_obtained":["Regal Pillow"],"max_hp_gain":0,"max_hp_loss":0,"event_name":"WeMeetAgain","floor":39,"gold_loss":0}],"is_beta":false,"boss_relics":[{"not_picked":["Mark of Pain","Fusion Hammer"],"picked":"Coffee Dripper"},{"not_picked":["Calling Bell","Astrolabe"],"picked":"Runic Dome"}],"items_purged_floors":[13,41,54],"is_endless":false,"potions_floor_spawned":[2,10,14,24,31,36,45,46],"ascension_level":20}