{"gold_per_floor":[113,113,113,128,53,53,64,98,177,177,177,208,208,221,221,292,292,302,202,202,218,93,93,121,121,121,146,146,161,181,194,194,269,269,284,134,134,534,544,544,577,577,622,622,634,405,435,445,445,445,445,445,445,35,66,66],"floor_reached":57,"playtime":2060,"items_purged":["Strike_R","Strike_R","Defend_R","Defend_R","Dropkick+1","Defend_R+1"],"score":3537,"play_id":"44f255a1-a340-4b95-829d-450ec12b60ab","local_time":"20190309205406","is_ascension_mode":true,"campfire_choices":[{"data":"Rampage","floor":6.0,"key":"SMITH"},{"data":"Bash","floor":10.0,"key":"SMITH"},{"data":"Battle Trance","floor":15.0,"key":"SMITH"},{"data":"Offering","floor":23.0,"key":"SMITH"},{"data":"Shrug It Off","floor":25.0,"key":"SMITH"},{"data":"Second Wind","floor":28.0,"key":"SMITH"},{"floor":32.0,"key":"RECALL"}],"neow_cost":"PERCENT_DAMAGE","seed_source_timestamp":29958286188501,"circlet_count":0,"master_deck":["AscendersBane","Defend_R+1","Bash+1","Rampage+1","Dropkick+1","Second Wind+1","Battle Trance+1","Shrug It Off+1","Offering+1","Pommel Strike+1"],"special_seed":0,"relics":["Burning Blood","Bag of Preparation","Sundial","Ancient Tea Set","Coffee Dripper","Whetstone","PreservedInsect","Runic Cube","Old Coin","Turnip","Blood Vial","Juzu Bracelet","ClockworkSouvenir","Blue Candle"],"potions_floor_usage":[50,56],"damage_taken":[{"damage":2.0,"enemies":"Cultist","floor":1.0,"turns":4.0},{"damage":7.0,"enemies":"Small Slimes","floor":4.0,"turns":3.0},{"damage":0.0,"enemies":"2 Louse","floor":7.0,"turns":2.0},{"damage":10.0,"enemies":"Lagavulin","floor":8.0,"turns":5.0},{"damage":4.0,"enemies":"Gremlin Nob","floor":12.0,"turns":3.0},{"damage":6.0,"enemies":"Lots of Slimes","floor":14.0,"turns":4.0},{"damage":3.0,"enemies":"Hexaghost","floor":16.0,"turns":5.0},{"damage":11.0,"enemies":"Spheric Guardian","floor":18.0,"turns":4.0},{"damage":3.0,"enemies":"2 Thieves","floor":21.0,"turns":3.0},{"damage":6.0,"enemies":"Slavers","floor":24.0,"turns":1.0},{"damage":6.0,"enemies":"Book of Stabbing","floor":27.0,"turns":1.0},{"damage":17.0,"enemies":"Sentry and Sphere","floor":29.0,"turns":3.0},{"damage":6.0,"enemies":"Snecko","floor":30.0,"turns":1.0},{"damage":6.0,"enemies":"Shelled Parasite and Fungi","floor":31.0,"turns":1.0},{"damage":6.0,"enemies":"Champ","floor":33.0,"turns":1.0},{"damage":6.0,"enemies":"Orb Walker","floor":35.0,"turns":1.0},{"damage":0.0,"enemies":"Mind Bloom Boss Battle","floor":38.0,"turns":5.0},{"damage":6.0,"enemies":"3 Shapes","floor":39.0,"turns":2.0},{"damage":6.0,"enemies":"Nemesis","floor":41.0,"turns":1.0},{"damage":0.0,"enemies":"3 Darklings","floor":45.0,"turns":2.0},{"damage":6.0,"enemies":"Reptomancer","floor":47.0,"turns":1.0},{"damage":6.0,"enemies":"4 Shapes","floor":48.0,"turns":1.0},{"damage":6,"enemies":"Donu and Deca","floor":50,"turns":3},{"damage":6,"enemies":"Awakened One","floor":51,"turns":2},{"damage":6,"enemies":"Shield and Spear","floor":55,"turns":1},{"damage":25,"enemies":"The Heart","floor":56,"turns":5}],"seed_played":"-424737861843924206","potions_obtained":[{"floor":1.0,"key":"Swift Potion"},{"floor":7.0,"key":"FearPotion"},{"floor":8.0,"key":"Poison Potion"},{"floor":14.0,"key":"Weak Potion"},{"floor":41.0,"key":"Fruit Juice"}],"is_trial":false,"path_per_floor":["M","?","$","M","$","R","M","E","T","R","?","E","?","M","R","B",null,"M","$","?","M","$","R","E","R","T","E","R","M","M","M","R","B",null,"M","$","?","?","M","R","E","?","T","?","M","$","E","M","R","B","B",null,"R","$","E","B",null],"character_chosen":"IRONCLAD","items_purchased":["Swift Potion","ClockworkSouvenir"],"campfire_rested":0,"item_purchase_floors":[46,54],"current_hp_per_floor":[54,31,31,30,30,30,36,32,32,32,37,39,39,39,39,42,71,66,66,66,69,69,69,69,69,69,69,69,58,58,58,58,58,75,75,75,75,80,80,80,85,81,81,81,81,81,81,81,81,81,81,81,81,81,81,62],"gold":66,"neow_bonus":"TRANSFORM_TWO_CARDS","is_prod":false,"is_daily":false,"chose_seed":false,"campfire_upgraded":6,"win_rate":0,"timestamp":1552136046,"path_taken":["M","?","$","M","$","R","M","E","T","R","?","E","?","M","R","BOSS","M","$","?","M","$","R","E","R","T","E","R","M","?","M","R","BOSS","M","$","?","?","M","R","E","?","T","?","?","$","E","M","R","BOSS","BOSS","R","$","E","BOSS"],"build_version":"2019-01-23","purchased_purges":6,"victory":true,"max_hp_per_floor":[75,75,75,75,75,75,75,75,75,75,80,80,80,80,80,80,80,80,80,80,80,80,80,80,80,80,80,80,80,80,80,80,80,80,80,80,80,80,80,80,85,81,81,81,81,81,81,81,81,81,81,81,81,81,81,81],"card_choices":[{"not_picked":["Pommel Strike","Body Slam"],"picked":"Dropkick","floor":1.0},{"not_picked":["Iron Wave","Feel No Pain"],"picked":"Second Wind","floor":4.0},{"not_picked":["Twin Strike","Infernal Blade","Havoc"],"picked":"SKIP","floor":7.0},{"not_picked":["Cleave","Armaments"],"picked":"Battle Trance","floor":8.0},{"not_picked":["Seeing Red","Brutality"],"picked":"Shrug It Off","floor":12.0},{"not_picked":["Perfected Strike","Rupture"],"picked":"Dropkick","floor":14.0},{"not_picked":["Double Tap","Fiend Fire"],"picked":"Offering","floor":16.0},{"not_picked":["Anger","Armaments","Sword Boomerang"],"picked":"SKIP","floor":18.0},{"not_picked":["Armaments","Wild Strike","Anger"],"picked":"SKIP","floor":21.0},{"not_picked":["Exhume","Clash","Iron Wave"],"picked":"SKIP","floor":24.0},{"not_picked":["Flex","Reckless Charge","Fire Breathing"],"picked":"SKIP","floor":27.0},{"not_picked":["Cleave","Clash","Battle Trance"],"picked":"SKIP","floor":29.0},{"not_picked":["Thunderclap","Sword Boomerang","Flame Barrier"],"picked":"SKIP","floor":30.0},{"not_picked":["Searing Blow+1","Sword Boomerang","Iron Wave"],"picked":"SKIP","floor":31.0},{"not_picked":["Corruption","Warcry","Wild Strike"],"picked":"SKIP","floor":35.0},{"not_picked":["Blood for Blood","Clash"],"picked":"Pommel Strike+1","floor":38.0},{"not_picked":["Clash+1","Body Slam","Dark Embrace"],"picked":"SKIP","floor":39.0},{"not_picked":["Armaments","Anger+1","True Grit+1"],"picked":"SKIP","floor":41.0},{"not_picked":["True Grit","Iron Wave","Second Wind"],"picked":"SKIP","floor":45.0},{"not_picked":["Flex","Inflame","Headbutt"],"picked":"SKIP","floor":47.0},{"not_picked":["Rupture","Flame Barrier","Cleave"],"picked":"SKIP","floor":48.0},{"not_picked":["Clothesline","Uppercut","Exhume"],"picked":"SKIP","floor":55}],"player_experience":3444212,"relics_obtained":[{"floor":8.0,"key":"Bag of Preparation"},{"floor":9.0,"key":"Sundial"},{"floor":12.0,"key":"Ancient Tea Set"},{"floor":24.0,"key":"Whetstone"},{"floor":27.0,"key":"PreservedInsect"},{"floor":38.0,"key":"Old Coin"},{"floor":41.0,"key":"Turnip"},{"floor":43.0,"key":"Blood Vial"},{"floor":47.0,"key":"Juzu Bracelet"},{"floor":55,"key":"Blue Candle"}],"event_choices":[{"damage_healed":0.0,"max_hp_gain":0.0,"max_hp_loss":0.0,"gold_gain":0.0,"event_name":"Shining Light","player_choice":"Entered Light","floor":2.0,"gold_loss":0.0,"damage_taken":23.0,"cards_upgraded":["Defend_R","Defend_R"]},{"damage_healed":0.0,"max_hp_gain":5.0,"max_hp_loss":0.0,"gold_gain":0.0,"event_name":"Big Fish","player_choice":"Donut","floor":11.0,"gold_loss":0.0,"damage_taken":0.0},{"cards_removed":["Strike_R"],"damage_healed":0.0,"max_hp_gain":0.0,"max_hp_loss":0.0,"gold_gain":0.0,"event_name":"Living Wall","player_choice":"Forget","floor":13.0,"gold_loss":0.0,"damage_taken":0.0},{"cards_removed":["Body Slam"],"damage_healed":0.0,"max_hp_gain":0.0,"max_hp_loss":0.0,"gold_gain":0.0,"event_name":"Wheel of Change","player_choice":"Card Removal","floor":20.0,"gold_loss":0.0,"damage_taken":0.0},{"damage_healed":0.0,"max_hp_gain":0.0,"max_hp_loss":0.0,"gold_gain":0.0,"event_name":"SensoryStone","player_choice":"Memory 1","floor":37.0,"gold_loss":0.0,"damage_taken":0.0},{"damage_healed":0.0,"max_hp_gain":0.0,"max_hp_loss":0.0,"gold_gain":0.0,"event_name":"MindBloom","player_choice":"Fight","floor":38.0,"gold_loss":0.0,"damage_taken":0.0},{"damage_healed":0.0,"max_hp_gain":0.0,"max_hp_loss":4.0,"gold_gain":0.0,"event_name":"Winding Halls","player_choice":"Max HP","floor":42.0,"gold_loss":0.0,"damage_taken":0.0},{"damage_healed":0.0,"max_hp_gain":0.0,"max_hp_loss":0.0,"gold_gain":0.0,"event_name":"Wheel of Change","player_choice":"Full Heal","floor":44.0,"gold_loss":0.0,"damage_taken":0.0}],"is_beta":false,"boss_relics":[{"not_picked":["Black Blood","Lizard Tail"],"picked":"Coffee Dripper"},{"not_picked":["Orrery","Snecko Eye"],"picked":"Runic Cube"}],"items_purged_floors":[5,19,22,36,46,54],"is_endless":false,"potions_floor_spawned":[1,7,8,14,24,29,33,38,41,48],"ascension_level":20}