{"gold_per_floor":[118,43,61,80,80,80,100,111,138,138,138,138,169,169,169,248,248,260,270,270],"floor_reached":20,"playtime":615,"items_purged":["Defend_G"],"score":348,"play_id":"6b16b8f3-be1a-42d3-8f59-9892ea30328d","local_time":"20190103222654","is_ascension_mode":true,"campfire_choices":[{"data":"Catalyst","floor":6.0,"key":"SMITH"},{"data":"Deadly Poison","floor":11.0,"key":"SMITH"},{"data":"Neutralize","floor":15.0,"key":"SMITH"}],"neow_cost":"NONE","seed_source_timestamp":37327180942040,"circlet_count":0,"master_deck":["AscendersBane","Defend_G","Defend_G","Defend_G","Defend_G+1","Strike_G","Strike_G","Strike_G","Strike_G+1","Strike_G","Survivor","Neutralize+1","Bullet Time","All Out Attack","Catalyst+1","Deadly Poison+1","Burst","Escape Plan","Leg Sweep"],"special_seed":0,"relics":["Ring of the Snake","Blood Vial","Anchor","Runic Dome"],"potions_floor_usage":[18],"damage_taken":[{"damage":0.0,"enemies":"2 Louse","floor":1.0,"turns":3.0},{"damage":4.0,"enemies":"Jaw Worm","floor":3.0,"turns":5.0},{"damage":3.0,"enemies":"Cultist","floor":4.0,"turns":4.0},{"damage":11.0,"enemies":"Red Slaver","floor":7.0,"turns":6.0},{"damage":2.0,"enemies":"2 Fungi Beasts","floor":8.0,"turns":4.0},{"damage":5.0,"enemies":"Lagavulin","floor":13.0,"turns":5.0},{"damage":1.0,"enemies":"Hexaghost","floor":16.0,"turns":8.0},{"damage":4,"enemies":"2 Thieves","floor":18,"turns":5},{"damage":42,"enemies":"Chosen","floor":19,"turns":6},{"damage":0,"enemies":"3 Cultists","floor":20,"turns":1}],"seed_played":"-6713183978521835041","potions_obtained":[{"floor":1.0,"key":"Block Potion"},{"floor":3.0,"key":"EssenceOfSteel"},{"floor":8.0,"key":"Fire Potion"},{"floor":16.0,"key":"Energy Potion"}],"is_trial":false,"path_per_floor":["M","$","M","M","$","R","M","M","T","?","R","?","E","?","R","B",null,"M","M","M"],"character_chosen":"THE_SILENT","items_purchased":[],"campfire_rested":0,"item_purchase_floors":[],"current_hp_per_floor":[59,59,55,52,52,52,41,39,39,28,28,8,5,10,10,11,56,54,14,16],"gold":270,"neow_bonus":"ONE_RANDOM_RARE_CARD","is_prod":false,"is_daily":false,"chose_seed":false,"campfire_upgraded":3,"win_rate":0,"timestamp":1546525614,"path_taken":["M","$","M","M","$","R","M","M","T","?","R","?","E","?","R","BOSS","M","M","M"],"build_version":"2018-12-20","purchased_purges":1,"victory":false,"max_hp_per_floor":[66,66,66,66,66,66,66,66,66,66,66,66,66,71,71,71,71,71,71,71],"card_choices":[{"not_picked":["Distraction","Riddle With Holes","Bane"],"picked":"SKIP","floor":1.0},{"not_picked":["Dodge and Roll","Crippling Poison"],"picked":"All Out Attack","floor":3.0},{"not_picked":["Distraction","All Out Attack"],"picked":"Catalyst","floor":4.0},{"not_picked":["Slice","Blade Dance","Bane"],"picked":"SKIP","floor":7.0},{"not_picked":["Prepared","Dodge and Roll"],"picked":"Deadly Poison","floor":8.0},{"not_picked":["Blade Dance","Acrobatics","Dagger Spray"],"picked":"SKIP","floor":13.0},{"not_picked":["Grand Finale","Malaise"],"picked":"Burst","floor":16.0},{"not_picked":["Acrobatics","Dagger Throw+1"],"picked":"Escape Plan","floor":18},{"not_picked":["PiercingWail","Dodge and Roll+1"],"picked":"Leg Sweep","floor":19}],"player_experience":1709158,"relics_obtained":[{"floor":13.0,"key":"Anchor"}],"event_choices":[{"damage_healed":0.0,"max_hp_gain":0.0,"max_hp_loss":0.0,"gold_gain":0.0,"event_name":"Scrap Ooze","player_choice":"Success","floor":10.0,"gold_loss":0.0,"damage_taken":11.0,"relics_obtained":["Blood Vial"]},{"damage_healed":0.0,"max_hp_gain":0.0,"max_hp_loss":0.0,"gold_gain":0.0,"event_name":"Shining Light","player_choice":"Entered Light","floor":12.0,"gold_loss":0.0,"damage_taken":20.0,"cards_upgraded":["Strike_G","Defend_G"]},{"damage_healed":0.0,"max_hp_gain":5.0,"max_hp_loss":0.0,"gold_gain":0.0,"event_name":"Big Fish","player_choice":"Donut","floor":14.0,"gold_loss":0.0,"damage_taken":0.0}],"is_beta":false,"boss_relics":[{"not_picked":["Ring of the Serpent","Tiny House"],"picked":"Runic Dome"}],"items_purged_floors":[2],"is_endless":false,"potions_floor_spawned":[1,3,8,16],"killed_by":"3 Cultists","ascension_level":20}