{"gold_per_floor":[118,138,149,149,167,167,187,187,214,230,230,265,265,277,277,376,376,350,207,220,400,400,400,410,429,429,464,464,475,475,488,488,593,593,606,620,620,374,386,406,343,353,353,353,372,372,372,372,372,372],"floor_reached":51,"playtime":1449,"items_purged":["Strike_G","Defend_G","Defend_G"],"score":723,"play_id":"d2d5c9e0-c9e8-4c26-bdcf-08f2662bd39b","local_time":"20181023125444","is_ascension_mode":false,"campfire_choices":[{"data":"Neutralize","floor":6,"key":"SMITH"},{"data":"Leg Sweep","floor":8,"key":"SMITH"},{"data":"Backflip","floor":11,"key":"SMITH"},{"data":"Night Terror","floor":13,"key":"SMITH"},{"data":"Survivor","floor":15,"key":"SMITH"},{"data":"Catalyst","floor":23,"key":"SMITH"},{"data":"Wraith Form v2","floor":28,"key":"SMITH"},{"data":"Noxious Fumes","floor":30,"key":"SMITH"},{"data":"Defend_G","floor":32,"key":"SMITH"},{"data":"Tactician","floor":44,"key":"SMITH"},{"data":"Reflex","floor":46,"key":"SMITH"},{"data":"Defend_G","floor":49,"key":"SMITH"}],"neow_cost":"NONE","seed_source_timestamp":11732817887003,"circlet_count":0,"master_deck":["Defend_G+1","Defend_G+1","Defend_G","Strike_G","Strike_G","Strike_G","Strike_G","Survivor+1","Neutralize+1","Dagger Throw","Bouncing Flask+1","Leg Sweep+1","Night Terror+1","Wraith Form v2+1","Noxious Fumes+1","Deadly Poison+1","Catalyst+1","Dodge and Roll+1","Blur+1","Deadly Poison+1","Tactician+1","Tactician+1","Reflex+1"],"relics":["Ring of the Snake","Bag of Marbles","Omamori","Centennial Puzzle","Sozu","Meat on the Bone","Strawberry","Runic Pyramid","Membership Card","Gremlin Horn"],"potions_floor_usage":[18],"damage_taken":[{"damage":0,"enemies":"Cultist","floor":1,"turns":4},{"damage":0,"enemies":"Jaw Worm","floor":2,"turns":3},{"damage":0,"enemies":"2 Louse","floor":3,"turns":2},{"damage":0,"enemies":"2 Fungi Beasts","floor":5,"turns":3},{"damage":3,"enemies":"3 Louse","floor":7,"turns":5},{"damage":4,"enemies":"Gremlin Gang","floor":10,"turns":6},{"damage":3,"enemies":"Lagavulin","floor":12,"turns":6},{"damage":4,"enemies":"Blue Slaver","floor":14,"turns":3},{"damage":19,"enemies":"Hexaghost","floor":16,"turns":11},{"damage":2,"enemies":"2 Thieves","floor":18,"turns":5},{"damage":2,"enemies":"Chosen","floor":20,"turns":5},{"damage":6,"enemies":"Snake Plant","floor":24,"turns":3},{"damage":6,"enemies":"Chosen and Byrds","floor":25,"turns":5},{"damage":0,"enemies":"Gremlin Leader","floor":27,"turns":2},{"damage":10,"enemies":"Shelled Parasite and Fungi","floor":29,"turns":4},{"damage":1,"enemies":"Sentry and Sphere","floor":31,"turns":6},{"damage":18,"enemies":"Automaton","floor":33,"turns":4},{"damage":0,"enemies":"3 Darklings","floor":35,"turns":5},{"damage":0,"enemies":"Orb Walker","floor":36,"turns":3},{"damage":0,"enemies":"Spire Growth","floor":39,"turns":4},{"damage":0,"enemies":"Writhing Mass","floor":40,"turns":6},{"damage":0,"enemies":"Maw","floor":42,"turns":2},{"damage":0,"enemies":"Jaw Worm Horde","floor":45,"turns":5},{"damage":3,"enemies":"Time Eater","floor":50,"turns":5}],"seed_played":"3150032427875793195","potions_obtained":[{"floor":3,"key":"Poison Potion"},{"floor":5,"key":"SpeedPotion"},{"floor":10,"key":"Energy Potion"}],"is_trial":false,"path_per_floor":["M","M","M","?","M","R","M","R","T","M","R","E","R","M","R","B",null,"M","$","M","?","?","R","M","M","T","E","R","M","R","M","R","B",null,"M","M","?","$","M","M","$","M","T","R","M","R","?","?","R","B"],"character_chosen":"THE_SILENT","items_purchased":["Noxious Fumes","Membership Card"],"campfire_rested":0,"item_purchase_floors":[19,38],"current_hp_per_floor":[70,70,70,70,70,70,67,67,67,63,63,60,60,56,56,37,70,68,68,66,45,45,45,39,33,33,52,52,42,42,41,41,35,77,77,77,77,77,77,77,77,77,77,77,77,77,77,73,73,70],"gold":372,"neow_bonus":"RANDOM_COMMON_RELIC","is_prod":false,"is_daily":false,"chose_seed":false,"campfire_upgraded":12,"win_rate":0,"timestamp":1540270484,"path_taken":["M","M","M","?","M","R","M","R","T","M","R","E","R","M","R","BOSS","M","$","M","?","?","R","M","M","T","E","R","?","R","M","R","BOSS","M","M","?","$","M","M","$","M","T","R","M","R","?","?","R","BOSS"],"build_version":"2018-10-18","purchased_purges":3,"victory":true,"max_hp_per_floor":[70,70,70,70,70,70,70,70,70,70,70,70,70,70,70,70,70,70,70,70,70,70,70,70,70,70,77,77,77,77,77,77,77,77,77,77,77,77,77,77,77,77,77,77,77,77,77,73,73,73],"card_choices":[{"not_picked":["Distraction","Deflect"],"picked":"Dagger Throw","floor":1},{"not_picked":["Concentrate","Dodge and Roll"],"picked":"Bouncing Flask","floor":2},{"not_picked":["Tactician","Flying Knee","Eviscerate"],"picked":"SKIP","floor":3},{"not_picked":["Finisher","Dodge and Roll"],"picked":"Backflip","floor":5},{"not_picked":["Backstab","Acrobatics"],"picked":"Leg Sweep","floor":7},{"not_picked":["Setup","PiercingWail","Poisoned Stab"],"picked":"SKIP","floor":10},{"not_picked":["Eviscerate","Storm of Steel"],"picked":"Night Terror","floor":12},{"not_picked":["PiercingWail","Quick Slash","Cloak And Dagger"],"picked":"SKIP","floor":14},{"not_picked":["Doppelganger","Night Terror"],"picked":"Wraith Form v2","floor":16},{"not_picked":["Slice","Concentrate+1","Deflect+1"],"picked":"SKIP","floor":18},{"not_picked":["Prepared+1","Eviscerate"],"picked":"Deadly Poison+1","floor":20},{"not_picked":["Riddle With Holes","Reflex","Dodge and Roll+1"],"picked":"SKIP","floor":24},{"not_picked":["Riddle With Holes","Reflex"],"picked":"Dodge and Roll+1","floor":24},{"not_picked":["Concentrate","Quick Slash","Dodge and Roll"],"picked":"SKIP","floor":25},{"not_picked":["Setup","Eviscerate"],"picked":"Blur+1","floor":27},{"not_picked":["Accuracy","Prepared","Dodge and Roll+1"],"picked":"SKIP","floor":29},{"not_picked":["Quick Slash","Endless Agony"],"picked":"Deadly Poison+1","floor":31},{"not_picked":["Outmaneuver","Heel Hook+1"],"picked":"Tactician+1","floor":35},{"not_picked":["Dagger Throw+1","Caltrops"],"picked":"Tactician","floor":36},{"not_picked":["Poisoned Stab+1","Reflex","Blade Dance"],"picked":"SKIP","floor":39},{"not_picked":["Poisoned Stab+1","Blade Dance"],"picked":"Reflex","floor":39},{"not_picked":["Bane","PiercingWail","Eviscerate+1"],"picked":"SKIP","floor":40},{"not_picked":["Blade Dance","Backflip","Leg Sweep"],"picked":"SKIP","floor":42},{"not_picked":["Acrobatics+1","Underhanded Strike+1","Dash+1"],"picked":"SKIP","floor":45}],"player_experience":552313,"relics_obtained":[{"floor":9,"key":"Omamori"},{"floor":12,"key":"Centennial Puzzle"},{"floor":26,"key":"Meat on the Bone"},{"floor":27,"key":"Strawberry"},{"floor":43,"key":"Gremlin Horn"}],"event_choices":[{"damage_healed":0,"gold_gain":0,"player_choice":"Upgraded","damage_taken":0,"max_hp_gain":0,"max_hp_loss":0,"event_name":"Upgrade Shrine","floor":4,"gold_loss":0,"cards_upgraded":["Bouncing Flask"]},{"damage_healed":0,"gold_gain":180,"player_choice":"GOLD GOLD ","damage_taken":21,"max_hp_gain":0,"max_hp_loss":0,"event_name":"Knowing Skull","floor":21,"potions_obtained":[],"gold_loss":0,"cards_obtained":[]},{"damage_healed":0,"gold_gain":0,"player_choice":"Read","damage_taken":0,"max_hp_gain":0,"max_hp_loss":0,"event_name":"The Library","floor":22,"gold_loss":0,"cards_obtained":["Catalyst"]},{"damage_healed":0,"gold_gain":0,"player_choice":"Ignored","damage_taken":0,"max_hp_gain":0,"max_hp_loss":0,"event_name":"Tomb of Lord Red Mask","floor":37,"gold_loss":0},{"cards_removed":["Backflip"],"damage_healed":0,"gold_gain":0,"player_choice":"Removed Skill","damage_taken":0,"max_hp_gain":0,"max_hp_loss":0,"event_name":"Falling","floor":47,"gold_loss":0},{"damage_healed":0,"gold_gain":0,"player_choice":"Max HP","damage_taken":0,"max_hp_gain":0,"max_hp_loss":4,"event_name":"Winding Halls","floor":48,"gold_loss":0}],"is_beta":false,"boss_relics":[{"not_picked":["Black Star","WristBlade"],"picked":"Sozu"},{"not_picked":["Tiny House","Ring of the Serpent"],"picked":"Runic Pyramid"}],"items_purged_floors":[19,38,41],"is_endless":false,"potions_floor_spawned":[3,5,10,12,16,18,24,42,45],"ascension_level":0}