{"path_per_floor":["M","$","?","?","M","?","M","M","T","M","M","$","?","M","R","B",null,"M","$","M","M"],"character_chosen":"IRONCLAD","items_purchased":["Molten Egg 2","Peace Pipe"],"gold_per_floor":[144,69,69,29,74,74,119,164,164,209,254,4,4,49,49,349,349,394,94,139,184],"floor_reached":22,"campfire_rested":1,"playtime":2236,"current_hp_per_floor":[77,77,77,77,80,73,78,80,80,74,78,78,62,60,75,19,75,64,64,55,13],"items_purged":["Strike_R"],"gold":184,"score":180,"play_id":"1ece1c9b-4962-4520-8084-e80b96fa423d","local_time":"20180310194742","daily_mods":["Allstar","Midas","Night Terrors"],"is_prod":false,"is_daily":true,"is_ascension_mode":false,"campfire_upgraded":0,"timestamp":1520682462,"path_taken":["M","$","?","?","M","?","M","M","T","M","?","?","?","M","R","BOSS","M","$","M","M","M"],"build_version":"2018-03-09","purchased_purges":1,"victory":false,"master_deck":["Strike_R","Strike_R","Strike_R","Defend_R","Defend_R","Defend_R","Defend_R","Bash","Purity+1","Thinking Ahead+1","Pommel Strike","Shrug It Off","Rampage","Pommel Strike+1","Barricade","Iron Wave+1"],"max_hp_per_floor":[80,80,80,80,80,80,80,80,80,80,80,80,80,80,75,75,75,75,75,75,75],"relics":["Burning Blood","Vajra","Molten Egg 2","Question Card","Peace Pipe"],"card_choices":[{"not_picked":["Headbutt","Armaments"],"picked":"Pommel Strike"},{"not_picked":["Inflame","Armaments"],"picked":"Shrug It Off"},{"not_picked":["Heavy Blade","Sword Boomerang"],"picked":"Rampage"},{"not_picked":["Twin Strike","Cleave"],"picked":"Pommel Strike"},{"not_picked":["Offering","Demon Form"],"picked":"Barricade"},{"not_picked":["Juggernaut","Clash","Dual Wield"],"picked":"Iron Wave"}],"player_experience":242540,"potions_floor_usage":[5,5,11,22,22],"damage_taken":[{"damage":9,"enemies":"Small Slimes","floor":1,"turns":4},{"damage":0,"enemies":"Jaw Worm","floor":5,"turns":1},{"damage":1,"enemies":"Cultist","floor":7,"turns":4},{"damage":0,"enemies":"Looter","floor":8,"turns":4},{"damage":12,"enemies":"2 Fungi Beasts","floor":10,"turns":4},{"damage":2,"enemies":"Large Slime","floor":11,"turns":5},{"damage":8,"enemies":"Red Slaver","floor":14,"turns":3},{"damage":62,"enemies":"The Guardian","floor":16,"turns":11},{"damage":17,"enemies":"Chosen","floor":18,"turns":9},{"damage":15,"enemies":"Shell Parasite","floor":20,"turns":9},{"damage":48,"enemies":"Cultist and Chosen","floor":21,"turns":8},{"damage":23,"enemies":"Centurion and Healer","floor":22,"turns":5}],"event_choices":[{"event_name":"Liars Game","player_choice":"disagreed","floor":3,"damage_taken":0},{"event_name":"The Woman in Blue","player_choice":"Bought 3 Potions","floor":4,"damage_taken":0},{"event_name":"Golden Wing","player_choice":"Card Removal","floor":6,"damage_taken":0},{"event_name":"Shining Light","player_choice":"Entered Light","floor":13,"damage_taken":0}],"boss_relics":[{"not_picked":["Calling Bell","Orrery"],"picked":"Question Card"}],"potions_floor_spawned":[8,10,11],"seed_played":"-2228362409843830943","killed_by":"Centurion and Healer","ascension_level":0,"is_trial":false}