{"gold_per_floor":[115,115,125,50,50,50,66,66,146,146,156,156,156,200,200,328,328,343,343,201,184,208,208,229,229,229,250,263,263,263,298,298,423,423,439,460,524,348,348,348,379,397,397,411,430,430,473,493,493,493],"floor_reached":51,"playtime":2146,"items_purged":["Strike_G","Pain"],"score":827,"play_id":"6cd67f2b-5cc9-45fb-93bb-b81be9e1fd5c","local_time":"20181017115632","is_ascension_mode":false,"campfire_choices":[{"data":"Noxious Fumes","floor":6.0,"key":"SMITH"},{"data":"Neutralize","floor":8.0,"key":"SMITH"},{"data":"Backflip","floor":10.0,"key":"SMITH"},{"data":"Blur","floor":15.0,"key":"SMITH"},{"data":"Catalyst","floor":23,"key":"SMITH"},{"data":"Dodge and Roll","floor":25,"key":"SMITH"},{"data":"Cloak And Dagger","floor":29,"key":"SMITH"},{"data":"Ghostly","floor":32,"key":"SMITH"},{"data":"Well Laid Plans","floor":40,"key":"SMITH"},{"data":"Accuracy","floor":46,"key":"SMITH"},{"data":"Night Terror","floor":49,"key":"SMITH"}],"neow_cost":"TEN_PERCENT_HP_LOSS","seed_source_timestamp":4731495909354,"circlet_count":0,"master_deck":["Defend_G+1","Defend_G+1","Defend_G","Defend_G","Strike_G","Strike_G","Strike_G","Survivor+1","Neutralize+1","Blur+1","Noxious Fumes+1","Backflip+1","Blade Dance+1","Die Die Die","Catalyst+1","Backflip","Dodge and Roll+1","Infinite Blades","Cloak And Dagger+1","Ghostly+1","Ghostly","Ghostly","Ghostly","Ghostly","Cloak And Dagger+1","Storm of Steel","Well Laid Plans+1","Accuracy+1","Writhe","Night Terror+1"],"special_seed":0,"relics":["Ring of the Snake","Kunai","War Paint","Golden Idol","Blue Candle","WristBlade","WarpedTongs","Singing Bowl","Pantograph","Cursed Key","Dead Branch","Bird Faced Urn","Pen Nib","Shovel"],"potions_floor_usage":[50,50,50],"damage_taken":[{"damage":0.0,"enemies":"Jaw Worm","floor":1.0,"turns":4.0},{"damage":0.0,"enemies":"Small Slimes","floor":3.0,"turns":5.0},{"damage":0.0,"enemies":"Cultist","floor":7.0,"turns":3.0},{"damage":1.0,"enemies":"Gremlin Gang","floor":11.0,"turns":5.0},{"damage":16.0,"enemies":"Gremlin Nob","floor":14.0,"turns":5.0},{"damage":12,"enemies":"The Guardian","floor":16,"turns":13},{"damage":1,"enemies":"Chosen","floor":18,"turns":6},{"damage":2,"enemies":"2 Thieves","floor":21,"turns":4},{"damage":4,"enemies":"Centurion and Healer","floor":22,"turns":7},{"damage":1,"enemies":"Snake Plant","floor":24,"turns":8},{"damage":1,"enemies":"3 Cultists","floor":27,"turns":5},{"damage":1,"enemies":"Centurion and Healer","floor":28,"turns":7},{"damage":5,"enemies":"Gremlin Leader","floor":31,"turns":8},{"damage":1,"enemies":"Automaton","floor":33,"turns":12},{"damage":1,"enemies":"3 Darklings","floor":35,"turns":6},{"damage":1,"enemies":"3 Shapes","floor":36,"turns":5},{"damage":2,"enemies":"Mysterious Sphere","floor":37,"turns":6},{"damage":2,"enemies":"2 Orb Walkers","floor":41,"turns":6},{"damage":2,"enemies":"Sphere and 2 Shapes","floor":42,"turns":4},{"damage":2,"enemies":"Maw","floor":44,"turns":6},{"damage":1,"enemies":"Spire Growth","floor":45,"turns":4},{"damage":1,"enemies":"Nemesis","floor":47,"turns":7},{"damage":4,"enemies":"Transient","floor":48,"turns":5},{"damage":41,"enemies":"Awakened One","floor":50,"turns":10}],"seed_played":"-3216466822975636036","potions_obtained":[{"floor":3.0,"key":"FearPotion"},{"floor":14.0,"key":"PowerPotion"},{"floor":24,"key":"PowerPotion"},{"floor":27,"key":"GhostInAJar"}],"is_trial":false,"path_per_floor":["M","$","M","$","?","R","M","R","T","R","M","?","?","E","R","B",null,"M","?","$","M","M","R","M","R","T","M","M","R","?","E","R","B",null,"M","M","?","$","?","R","E","M","T","M","M","R","E","M","R","B"],"character_chosen":"THE_SILENT","items_purchased":["Noxious Fumes","Catalyst","Accuracy"],"campfire_rested":0,"item_purchase_floors":[4,20,38],"current_hp_per_floor":[63,63,63,63,50,50,50,50,50,50,49,49,34,18,18,6,63,62,62,62,60,56,56,55,55,55,56,55,55,32,27,27,31,32,33,32,32,32,32,32,32,40,40,42,42,42,44,46,46,12],"gold":493,"neow_bonus":"REMOVE_TWO","is_prod":false,"is_daily":false,"chose_seed":false,"campfire_upgraded":11,"win_rate":0,"timestamp":1539748592,"path_taken":["M","$","M","$","?","R","?","R","T","R","M","?","?","E","R","BOSS","M","?","$","M","M","R","M","R","T","M","M","R","?","E","R","BOSS","M","M","?","$","?","R","E","M","T","M","?","R","E","M","R","BOSS"],"build_version":"2018-10-11","purchased_purges":2,"victory":true,"max_hp_per_floor":[63,63,63,63,63,63,63,63,63,63,63,63,63,63,63,63,63,63,63,63,63,63,63,63,63,63,65,65,65,32,32,32,32,32,34,34,36,36,36,36,38,40,40,42,42,42,44,46,46,46],"card_choices":[{"not_picked":["Quick Slash","Outmaneuver"],"picked":"Blur","floor":1.0},{"not_picked":["Heel Hook","Masterful Stab","Quick Slash"],"picked":"SKIP","floor":3.0},{"not_picked":["Acrobatics","Flying Knee"],"picked":"Backflip","floor":7.0},{"not_picked":["Poisoned Stab","Heel Hook"],"picked":"Blade Dance","floor":11.0},{"not_picked":["Choke","Dagger Spray","Phantasmal Killer"],"picked":"SKIP","floor":14.0},{"not_picked":["Grand Finale","Phantasmal Killer"],"picked":"Die Die Die","floor":16},{"not_picked":["Sucker Punch+1","Dash","Bane"],"picked":"SKIP","floor":18},{"not_picked":["Concentrate","Masterful Stab+1"],"picked":"Backflip","floor":21},{"not_picked":["Underhanded Strike","Acrobatics"],"picked":"Dodge and Roll","floor":22},{"not_picked":["Flying Knee","Deflect"],"picked":"Infinite Blades","floor":24},{"not_picked":["Riddle With Holes+1","Deadly Poison","Dagger Throw"],"picked":"Singing Bowl","floor":27},{"not_picked":["Terror+1","Deflect"],"picked":"Cloak And Dagger","floor":28},{"not_picked":["Distraction","Poisoned Stab"],"picked":"Cloak And Dagger+1","floor":31},{"not_picked":["Die Die Die","Wraith Form v2"],"picked":"Storm of Steel","floor":33},{"not_picked":["Deflect","Outmaneuver","Poisoned Stab"],"picked":"Singing Bowl","floor":35},{"not_picked":["Cloak And Dagger","Blade Dance"],"picked":"Well Laid Plans","floor":36},{"not_picked":["Poisoned Stab+1","All Out Attack+1","Masterful Stab+1"],"picked":"Singing Bowl","floor":37},{"not_picked":["Deflect+1","Slice","Prepared+1"],"picked":"Singing Bowl","floor":41},{"not_picked":["Flechettes","Slice+1","Acrobatics"],"picked":"Singing Bowl","floor":42},{"not_picked":["Flying Knee","Outmaneuver","Quick Slash+1"],"picked":"Singing Bowl","floor":44},{"not_picked":["Poisoned Stab+1","Slice"],"picked":"Night Terror","floor":45},{"not_picked":["Deflect+1","Skewer","Choke"],"picked":"Singing Bowl","floor":47},{"not_picked":["Finisher+1","Backflip","Dagger Spray+1"],"picked":"Singing Bowl","floor":48}],"player_experience":278702,"relics_obtained":[{"floor":9.0,"key":"Kunai"},{"floor":14.0,"key":"Blue Candle"},{"floor":26,"key":"Singing Bowl"},{"floor":31,"key":"Pantograph"},{"floor":37,"key":"Dead Branch"},{"floor":41,"key":"Bird Faced Urn"},{"floor":43,"key":"Pen Nib"},{"floor":47,"key":"Shovel"}],"event_choices":[{"event_name":"Shining Light","player_choice":"Entered Light","floor":5.0,"damage_taken":0.0},{"event_name":"Dead Adventurer","player_choice":"Searched \u00272\u0027 times","floor":12.0,"damage_taken":0.0},{"event_name":"Golden Idol","player_choice":"Take Damage","floor":13.0,"damage_taken":0.0},{"event_name":"Accursed Blacksmith","player_choice":"Rummage","floor":19,"damage_taken":0},{"event_name":"Ghosts","player_choice":"Became a Ghost","floor":30,"damage_taken":0},{"event_name":"Mysterious Sphere","player_choice":"Fight","floor":37,"damage_taken":0},{"event_name":"SecretPortal","player_choice":"Rejected Portal.","floor":39,"damage_taken":0}],"is_beta":false,"boss_relics":[{"not_picked":["Lizard Tail","White Beast Statue"],"picked":"WristBlade"},{"not_picked":["Runic Dome","Eternal Feather"],"picked":"Cursed Key"}],"items_purged_floors":[20,38],"is_endless":false,"potions_floor_spawned":[3,14,24,27,33,36,41,44,48],"ascension_level":0}