{"gold_per_floor":[111,111,128,128,203,203,215,215,241,241,267,192,210,244,244,341,341,351,251,176,51,61,61,79,99,99,118,118,33,46,65,65,167,167,181,181,181,181,201,233,252,265,265,265,45,45,65,78,78,78,78,78,30,59,59],"floor_reached":56,"playtime":1758,"items_purged":["Strike_R","Strike_R","Strike_R+1","Bash"],"score":1289,"play_id":"0695e1b9-7003-42ae-a4ea-3f370b08c7d2","local_time":"20190723123817","is_ascension_mode":false,"campfire_choices":[{"data":"Armaments","floor":6.0,"key":"SMITH"},{"data":"Dark Embrace","floor":10.0,"key":"SMITH"},{"data":"Inflame","floor":15.0,"key":"SMITH"},{"data":"Barricade","floor":32.0,"key":"SMITH"},{"data":"Body Slam","floor":44.0,"key":"SMITH"},{"floor":49.0,"key":"RECALL"},{"floor":52.0,"key":"DIG"}],"neow_cost":"NONE","seed_source_timestamp":381957648944900,"circlet_count":0,"master_deck":["Defend_R","Defend_R","Defend_R","Defend_R","Armaments+1","Dark Embrace+1","Pommel Strike","Battle Trance","Inflame+1","Barricade+1","Warcry+1","Second Wind+1","Body Slam+1","Shrug It Off","Shrug It Off+1","Flash of Steel+1","Berserk"],"special_seed":0,"relics":["Burning Blood","NeowsBlessing","Lantern","Art of War","Potion Belt","Whetstone","Coffee Dripper","Happy Flower","Molten Egg 2","Philosopher\u0027s Stone","Vajra","Shovel","Bottled Tornado","Strawberry"],"potions_floor_usage":[55,55,55,55,55],"damage_taken":[{"damage":0.0,"enemies":"2 Louse","floor":1.0,"turns":1.0},{"damage":0.0,"enemies":"Small Slimes","floor":3.0,"turns":1.0},{"damage":0.0,"enemies":"Jaw Worm","floor":7.0,"turns":1.0},{"damage":12.0,"enemies":"Lagavulin","floor":11.0,"turns":8.0},{"damage":7.0,"enemies":"Blue Slaver","floor":13.0,"turns":4.0},{"damage":16.0,"enemies":"Gremlin Nob","floor":14.0,"turns":3.0},{"damage":21.0,"enemies":"Slime Boss","floor":16.0,"turns":9.0},{"damage":5.0,"enemies":"Chosen","floor":18.0,"turns":4.0},{"damage":8.0,"enemies":"Spheric Guardian","floor":22.0,"turns":6.0},{"damage":23.0,"enemies":"Chosen and Byrds","floor":24.0,"turns":9.0},{"damage":13.0,"enemies":"Snake Plant","floor":25.0,"turns":5.0},{"damage":0.0,"enemies":"Snecko","floor":27.0,"turns":5.0},{"damage":14.0,"enemies":"3 Cultists","floor":30.0,"turns":5.0},{"damage":0.0,"enemies":"Snake Plant","floor":31.0,"turns":3.0},{"damage":0.0,"enemies":"Automaton","floor":33.0,"turns":5.0},{"damage":5.0,"enemies":"3 Darklings","floor":35.0,"turns":5.0},{"damage":0.0,"enemies":"3 Shapes","floor":39.0,"turns":4.0},{"damage":0.0,"enemies":"Giant Head","floor":40.0,"turns":5.0},{"damage":0.0,"enemies":"Maw","floor":41.0,"turns":4.0},{"damage":0.0,"enemies":"Writhing Mass","floor":42.0,"turns":5.0},{"damage":0.0,"enemies":"3 Darklings","floor":47.0,"turns":4.0},{"damage":9.0,"enemies":"4 Shapes","floor":48.0,"turns":5.0},{"damage":18.0,"enemies":"Donu and Deca","floor":50.0,"turns":5.0},{"damage":0.0,"enemies":"Shield and Spear","floor":54.0,"turns":4.0},{"damage":9,"enemies":"The Heart","floor":55,"turns":6}],"seed_played":"-2386812376284160075","potions_obtained":[{"floor":7.0,"key":"SteroidPotion"},{"floor":11.0,"key":"FearPotion"},{"floor":25.0,"key":"Weak Potion"},{"floor":33.0,"key":"Fire Potion"},{"floor":35.0,"key":"FearPotion"},{"floor":41.0,"key":"Swift Potion"},{"floor":54.0,"key":"Swift Potion"}],"is_trial":false,"path_per_floor":["M","?","M","?","?","R","M","?","T","R","E","$","M","E","R","B",null,"M","$","?","$","M","?","M","M","T","M","T","?","M","M","R","B",null,"M","?","?","?","M","E","M","M","T","R","$","$","M","M","R","B",null,"R","$","E","B",null],"character_chosen":"IRONCLAD","items_purchased":["Berserk","PowerPotion"],"campfire_rested":0,"item_purchase_floors":[45,53],"current_hp_per_floor":[80,80,80,80,69,69,75,63,63,63,57,57,56,46,46,31,80,80,80,80,80,78,78,61,54,54,60,60,60,52,58,58,64,80,80,70,70,70,76,80,80,80,80,80,80,80,80,77,77,65,80,80,80,87,84],"gold":59,"neow_bonus":"THREE_ENEMY_KILL","is_prod":false,"is_daily":false,"chose_seed":false,"campfire_upgraded":5,"win_rate":0,"timestamp":1563856697,"path_taken":["M","?","M","?","?","R","?","?","T","R","E","$","M","E","R","BOSS","M","$","?","$","M","?","M","M","T","M","?","?","?","M","R","BOSS","M","?","?","?","M","E","M","M","T","R","?","$","M","M","R","BOSS","R","$","E","BOSS"],"build_version":"2019-07-17","purchased_purges":4,"victory":true,"max_hp_per_floor":[80,80,80,80,80,80,80,80,80,80,80,80,80,80,80,80,80,80,80,80,80,80,80,80,80,80,80,80,80,80,80,80,80,80,80,80,80,80,80,80,80,80,80,80,80,80,80,80,80,80,80,80,80,87,87],"card_choices":[{"not_picked":["Thunderclap","True Grit"],"picked":"Armaments","floor":1.0},{"not_picked":["Dual Wield","Rage"],"picked":"Pommel Strike","floor":3.0},{"not_picked":["Pommel Strike","Fire Breathing","Heavy Blade"],"picked":"SKIP","floor":7.0},{"not_picked":["Thunderclap","Double Tap"],"picked":"Battle Trance","floor":11.0},{"not_picked":["Reckless Charge","Heavy Blade"],"picked":"Flex","floor":13.0},{"not_picked":["Seeing Red","Infernal Blade"],"picked":"Inflame","floor":14.0},{"not_picked":["Demon Form","Brutality"],"picked":"Barricade","floor":16.0},{"not_picked":["Warcry","Cleave","Iron Wave"],"picked":"SKIP","floor":18.0},{"not_picked":["Infernal Blade","Warcry+1","Perfected Strike"],"picked":"SKIP","floor":22.0},{"not_picked":["Infernal Blade","Perfected Strike"],"picked":"Warcry+1","floor":22.0},{"not_picked":["Twin Strike+1","Heavy Blade"],"picked":"Second Wind+1","floor":24.0},{"not_picked":["Clothesline","Iron Wave+1"],"picked":"Body Slam","floor":25.0},{"not_picked":["Ghostly Armor","Blood for Blood"],"picked":"Shrug It Off","floor":27.0},{"not_picked":["Armaments+1","Flex+1","Heavy Blade+1"],"picked":"SKIP","floor":30.0},{"not_picked":["Inflame","Reckless Charge+1","Flame Barrier"],"picked":"SKIP","floor":31.0},{"not_picked":["Warcry","Heavy Blade+1"],"picked":"Shrug It Off+1","floor":35.0},{"not_picked":["Panacea","Mind Blast+1"],"picked":"Flash of Steel+1","floor":36.0},{"not_picked":["Shrug It Off+1","Heavy Blade+1","Headbutt+1"],"picked":"SKIP","floor":39.0},{"not_picked":["Limit Break","Blood for Blood+1","Thunderclap+1"],"picked":"SKIP","floor":40.0},{"not_picked":["Twin Strike+1","Whirlwind+1","Inflame+1"],"picked":"SKIP","floor":41.0},{"not_picked":["Shrug It Off","Clash+1","Hemokinesis+1"],"picked":"SKIP","floor":42.0},{"not_picked":["Dropkick+1","Wild Strike+1","Armaments"],"picked":"SKIP","floor":47.0},{"not_picked":["Body Slam+1","Clothesline+1","Metallicize+1"],"picked":"SKIP","floor":48.0},{"not_picked":["Shrug It Off","Reaper+1","Clash+1"],"picked":"SKIP","floor":54.0}],"player_experience":670065,"relics_obtained":[{"floor":9.0,"key":"Art of War"},{"floor":11.0,"key":"Potion Belt"},{"floor":14.0,"key":"Whetstone"},{"floor":26.0,"key":"Happy Flower"},{"floor":40.0,"key":"Vajra"},{"floor":43.0,"key":"Shovel"},{"floor":52.0,"key":"Bottled Tornado"},{"floor":54.0,"key":"Strawberry"}],"event_choices":[{"damage_healed":0.0,"max_hp_gain":0.0,"max_hp_loss":0.0,"gold_gain":0.0,"cards_transformed":["Strike_R"],"event_name":"Living Wall","player_choice":"Change","floor":2.0,"gold_loss":0.0,"damage_taken":0.0,"cards_obtained":["Dark Embrace"]},{"damage_healed":0.0,"max_hp_gain":0.0,"max_hp_loss":0.0,"gold_gain":0.0,"event_name":"Liars Game","player_choice":"Ignored","floor":4.0,"gold_loss":0.0,"damage_taken":0.0},{"damage_healed":0.0,"max_hp_gain":0.0,"max_hp_loss":0.0,"gold_gain":75.0,"event_name":"World of Goop","player_choice":"Gather Gold","floor":5.0,"gold_loss":0.0,"damage_taken":11.0},{"damage_healed":0.0,"max_hp_gain":0.0,"max_hp_loss":0.0,"gold_gain":0.0,"event_name":"Scrap Ooze","player_choice":"Success","floor":8.0,"gold_loss":0.0,"damage_taken":12.0,"relics_obtained":["Lantern"]},{"cards_removed":["Strike_R"],"damage_healed":0.0,"max_hp_gain":0.0,"max_hp_loss":0.0,"gold_gain":0.0,"event_name":"Beggar","player_choice":"Gave Gold","floor":20.0,"gold_loss":75.0,"damage_taken":0.0},{"damage_healed":0.0,"max_hp_gain":0.0,"max_hp_loss":0.0,"gold_gain":0.0,"event_name":"The Mausoleum","player_choice":"Ignored","floor":23.0,"gold_loss":0.0,"damage_taken":0.0},{"damage_healed":0.0,"max_hp_gain":0.0,"max_hp_loss":0.0,"gold_gain":0.0,"event_name":"Addict","player_choice":"Obtained Relic","floor":29.0,"gold_loss":85.0,"damage_taken":0.0,"relics_obtained":["Molten Egg 2"]},{"damage_healed":0.0,"max_hp_gain":0.0,"max_hp_loss":0.0,"gold_gain":0.0,"event_name":"SensoryStone","player_choice":"Memory 3","floor":36.0,"gold_loss":0.0,"damage_taken":10.0},{"cards_removed":["Flex"],"damage_healed":0.0,"max_hp_gain":0.0,"max_hp_loss":0.0,"gold_gain":0.0,"event_name":"Falling","player_choice":"Removed Skill","floor":37.0,"gold_loss":0.0,"damage_taken":0.0},{"damage_healed":0.0,"max_hp_gain":0.0,"max_hp_loss":0.0,"gold_gain":0.0,"event_name":"Tomb of Lord Red Mask","player_choice":"Ignored","floor":38.0,"gold_loss":0.0,"damage_taken":0.0}],"is_beta":false,"boss_relics":[{"not_picked":["Runic Dome","Velvet Choker"],"picked":"Coffee Dripper"},{"not_picked":["Mark of Pain","Fusion Hammer"],"picked":"Philosopher\u0027s Stone"}],"items_purged_floors":[12,19,21,45],"is_endless":false,"potions_floor_spawned":[7,11,25,33,35,41,42,54],"ascension_level":0}