{"gold_per_floor":[116,41,41,41,54,86,86,98,98,98,122,141,33,44,44,116,116,128,128,128,128,28,28,42,42,87,87],"floor_reached":27,"playtime":1101,"items_purged":["Strike_G","Strike_G"],"score":468,"play_id":"a89d775a-85ed-4c91-b371-4e65fb78b3b7","local_time":"20190318200511","is_ascension_mode":true,"campfire_choices":[{"data":"Well Laid Plans","floor":7.0,"key":"SMITH"},{"data":"Neutralize","floor":10.0,"key":"SMITH"},{"data":"Acrobatics","floor":15.0,"key":"SMITH"},{"data":"Calculated Gamble","floor":23.0,"key":"SMITH"},{"data":"Tactician","floor":25.0,"key":"SMITH"}],"neow_cost":"NONE","seed_source_timestamp":31855919916808,"circlet_count":0,"master_deck":["AscendersBane","Defend_G","Defend_G","Defend_G","Defend_G","Defend_G","Strike_G","Survivor","Neutralize+1","After Image","Burst","Well Laid Plans+1","Tactician+1","Envenom","Dagger Spray","Acrobatics+1","Calculated Gamble+1","Adrenaline","Noxious Fumes+1","Clumsy"],"special_seed":0,"relics":["Ring of the Snake","NeowsBlessing","Meat on the Bone","Frozen Egg 2","Odd Mushroom","Cursed Key","Snake Skull"],"potions_floor_usage":[27],"damage_taken":[{"damage":0.0,"enemies":"2 Louse","floor":1.0,"turns":1.0},{"damage":0.0,"enemies":"Small Slimes","floor":5.0,"turns":2.0},{"damage":0.0,"enemies":"Lagavulin","floor":6.0,"turns":1.0},{"damage":0.0,"enemies":"Cultist","floor":8.0,"turns":5.0},{"damage":18.0,"enemies":"The Mushroom Lair","floor":11.0,"turns":9.0},{"damage":1.0,"enemies":"2 Fungi Beasts","floor":12.0,"turns":5.0},{"damage":8.0,"enemies":"Looter","floor":14.0,"turns":4.0},{"damage":35.0,"enemies":"Slime Boss","floor":16.0,"turns":14.0},{"damage":10.0,"enemies":"Spheric Guardian","floor":18.0,"turns":12.0},{"damage":2.0,"enemies":"3 Byrds","floor":24.0,"turns":4.0},{"damage":29,"enemies":"Slavers","floor":27,"turns":3}],"seed_played":"-1768754412371806639","potions_obtained":[{"floor":1.0,"key":"EssenceOfSteel"},{"floor":5.0,"key":"Poison Potion"},{"floor":12.0,"key":"LiquidBronze"},{"floor":14.0,"key":"FearPotion"},{"floor":24.0,"key":"GamblersBrew"}],"is_trial":false,"path_per_floor":["M","$","?","?","M","E","R","M","T","R","?","M","$","M","R","B",null,"M","?","?","?","$","R","M","R","T","E"],"character_chosen":"THE_SILENT","items_purchased":["Acrobatics","Fire Potion"],"campfire_rested":0,"item_purchase_floors":[13,13],"current_hp_per_floor":[59,59,59,59,59,59,59,59,59,59,41,40,40,44,44,21,55,45,45,45,45,45,45,43,43,43,14],"gold":87,"neow_bonus":"THREE_ENEMY_KILL","is_prod":false,"is_daily":false,"chose_seed":false,"campfire_upgraded":5,"win_rate":0,"timestamp":1552910711,"path_taken":["M","$","?","?","M","E","R","?","T","R","?","M","$","M","R","BOSS","M","?","?","?","$","R","?","R","T","E"],"build_version":"2019-01-23","purchased_purges":2,"victory":false,"max_hp_per_floor":[66,66,66,66,66,66,66,66,66,66,66,66,66,66,66,66,66,66,66,66,66,66,66,66,66,66,66],"card_choices":[{"not_picked":["Blade Dance","Bane"],"picked":"Tactician","floor":1.0},{"not_picked":["Leg Sweep","Prepared"],"picked":"Well Laid Plans","floor":5.0},{"not_picked":["Calculated Gamble","Backflip"],"picked":"Tactician","floor":6.0},{"not_picked":["Dash","Quick Slash"],"picked":"Envenom","floor":8.0},{"not_picked":["Skewer","Flying Knee"],"picked":"Dagger Spray","floor":11.0},{"not_picked":["Flying Knee","Underhanded Strike","Sucker Punch"],"picked":"SKIP","floor":12.0},{"not_picked":["Cloak And Dagger","Underhanded Strike"],"picked":"Calculated Gamble","floor":14.0},{"not_picked":["Night Terror","Wraith Form v2+1"],"picked":"Adrenaline","floor":16.0},{"not_picked":["Well Laid Plans+1","All Out Attack+1","Underhanded Strike+1"],"picked":"SKIP","floor":18.0},{"not_picked":["Acrobatics","Backflip"],"picked":"Noxious Fumes+1","floor":24.0}],"player_experience":3694093,"relics_obtained":[{"floor":6.0,"key":"Meat on the Bone"},{"floor":9.0,"key":"Frozen Egg 2"},{"floor":11.0,"key":"Odd Mushroom"},{"floor":26.0,"key":"Snake Skull"}],"event_choices":[{"damage_healed":0.0,"max_hp_gain":0.0,"max_hp_loss":0.0,"gold_gain":0.0,"cards_transformed":["Tactician"],"event_name":"Living Wall","player_choice":"Change","floor":3.0,"gold_loss":0.0,"damage_taken":0.0,"cards_obtained":["After Image"]},{"damage_healed":0.0,"max_hp_gain":0.0,"max_hp_loss":0.0,"gold_gain":0.0,"cards_transformed":["Strike_G"],"event_name":"Transmorgrifier","player_choice":"Transformed","floor":4.0,"gold_loss":0.0,"damage_taken":0.0,"cards_obtained":["Burst"]},{"damage_healed":0.0,"max_hp_gain":0.0,"max_hp_loss":0.0,"gold_gain":0.0,"event_name":"Mushrooms","player_choice":"Fought Mushrooms","floor":11.0,"gold_loss":0.0,"damage_taken":0.0},{"cards_removed":["Strike_G"],"damage_healed":0.0,"max_hp_gain":0.0,"max_hp_loss":0.0,"gold_gain":0.0,"event_name":"Back to Basics","player_choice":"Elegance","floor":19.0,"gold_loss":0.0,"damage_taken":0.0},{"damage_healed":0.0,"max_hp_gain":0.0,"max_hp_loss":0.0,"gold_gain":0.0,"event_name":"Ghosts","player_choice":"Ignored","floor":20.0,"gold_loss":0.0,"damage_taken":0.0},{"damage_healed":0.0,"max_hp_gain":0.0,"max_hp_loss":0.0,"gold_gain":0.0,"event_name":"N\u0027loth","player_choice":"Ignored","floor":21.0,"gold_loss":0.0,"damage_taken":0.0}],"is_beta":false,"boss_relics":[{"not_picked":["Lizard Tail","HoveringKite"],"picked":"Cursed Key"}],"items_purged_floors":[2,22],"is_endless":false,"potions_floor_spawned":[1,5,12,14,24],"killed_by":"Slavers","ascension_level":20}