{"gold_per_floor":[116,35,46,56,56,85,85,118,118,151,76,110,110,139,151,234,246,269,281,303,315,327,366,404,442,528,567,608,520,520,549,549,623,623,640,104,114,4,4,32,32,61,84,117,117,152,198,229,229,229,229,229,229,13,38,38],"floor_reached":57,"playtime":2648,"items_purged":["Strike_R","Bash","Clumsy"],"score":4513,"play_id":"0bdeec9e-0a0c-4d78-90b3-7be2dbb9ec3c","local_time":"20190327191221","is_ascension_mode":true,"campfire_choices":[{"data":"Corruption","floor":7.0,"key":"SMITH"},{"data":"Second Wind","floor":13.0,"key":"SMITH"},{"floor":15.0,"key":"RECALL"},{"data":"Barricade","floor":30.0,"key":"SMITH"},{"data":"Fiend Fire","floor":32.0,"key":"SMITH"},{"data":"Power Through","floor":49.0,"key":"SMITH"},{"data":"Double Tap","floor":53.0,"key":"SMITH"}],"neow_cost":"PERCENT_DAMAGE","seed_source_timestamp":21300786178548,"circlet_count":0,"master_deck":["AscendersBane","Defend_R","Defend_R","Double Tap+1","Power Through+1","Corruption+1","Warcry+1","Second Wind+1","True Grit+1","Bloodletting+1","Entrench+1","Fiend Fire+1","Havoc+1","Sentinel+1","Barricade+1","Clumsy","Shockwave+1","Rage+1","Shame","Transmutation+1","Chrysalis+1","Panacea+1","Impervious+1"],"special_seed":0,"relics":["Burning Blood","Dead Branch","Kunai","Toxic Egg 2","WingedGreaves","Pen Nib","MawBank","Cursed Key","Enchiridion","Matryoshka","Du-Vu Doll","PreservedInsect","Self Forming Clay","Dream Catcher","Turnip","Bag of Marbles","Empty Cage","FossilizedHelix","ClockworkSouvenir","Oddly Smooth Stone","Whetstone","Gremlin Horn","Art of War","Juzu Bracelet","Bronze Scales","Smiling Mask","Unceasing Top","Paper Frog","Orichalcum","Mercury Hourglass"],"potions_floor_usage":[55,56],"damage_taken":[{"damage":3.0,"enemies":"Small Slimes","floor":1.0,"turns":3.0},{"damage":8.0,"enemies":"2 Louse","floor":3.0,"turns":4.0},{"damage":7.0,"enemies":"Jaw Worm","floor":4.0,"turns":4.0},{"damage":24.0,"enemies":"3 Sentries","floor":6.0,"turns":10.0},{"damage":0.0,"enemies":"Lagavulin","floor":8.0,"turns":4.0},{"damage":3.0,"enemies":"3 Sentries","floor":10.0,"turns":4.0},{"damage":0.0,"enemies":"Lagavulin","floor":12.0,"turns":6.0},{"damage":3.0,"enemies":"3 Sentries","floor":14.0,"turns":4.0},{"damage":1.0,"enemies":"Slime Boss","floor":16.0,"turns":4.0},{"damage":0.0,"enemies":"3 Byrds","floor":18.0,"turns":4.0},{"damage":0.0,"enemies":"Chosen","floor":20.0,"turns":3.0},{"damage":3.0,"enemies":"Book of Stabbing","floor":23.0,"turns":1.0},{"damage":9.0,"enemies":"Gremlin Leader","floor":24.0,"turns":3.0},{"damage":9.0,"enemies":"Book of Stabbing","floor":25.0,"turns":3.0},{"damage":3.0,"enemies":"Gremlin Leader","floor":27.0,"turns":3.0},{"damage":1.0,"enemies":"Slavers","floor":28.0,"turns":2.0},{"damage":7.0,"enemies":"Book of Stabbing","floor":31.0,"turns":2.0},{"damage":6.0,"enemies":"Champ","floor":33.0,"turns":3.0},{"damage":6.0,"enemies":"3 Shapes","floor":35.0,"turns":2.0},{"damage":0.0,"enemies":"Orb Walker","floor":37.0,"turns":1.0},{"damage":7.0,"enemies":"Nemesis","floor":40.0,"turns":7.0},{"damage":0.0,"enemies":"Giant Head","floor":42.0,"turns":3.0},{"damage":0.0,"enemies":"Nemesis","floor":44.0,"turns":1.0},{"damage":1.0,"enemies":"Reptomancer","floor":46.0,"turns":2.0},{"damage":0.0,"enemies":"2 Orb Walkers","floor":47.0,"turns":1.0},{"damage":6.0,"enemies":"Giant Head","floor":48.0,"turns":1.0},{"damage":0.0,"enemies":"Time Eater","floor":50.0,"turns":10.0},{"damage":3.0,"enemies":"Awakened One","floor":51.0,"turns":2.0},{"damage":6,"enemies":"Shield and Spear","floor":55,"turns":2},{"damage":16,"enemies":"The Heart","floor":56,"turns":6}],"seed_played":"777654418","potions_obtained":[{"floor":1.0,"key":"Ancient Potion"},{"floor":3.0,"key":"Swift Potion"},{"floor":8.0,"key":"FairyPotion"},{"floor":20.0,"key":"Explosive Potion"},{"floor":33.0,"key":"Energy Potion"},{"floor":35.0,"key":"SkillPotion"},{"floor":42.0,"key":"Block Potion"},{"floor":44.0,"key":"Swift Potion"}],"is_trial":false,"path_per_floor":["M","$","M","M","?","E","R","E","T","E","$","E","R","E","R","B",null,"M","?","M","?","?","E","E","E","T","E","E","$","R","E","R","B",null,"M","$","M","?","$","E","T","E","T","E","?","E","?","E","R","B","B",null,"R","$","E","B",null],"character_chosen":"IRONCLAD","items_purchased":["Corruption","FossilizedHelix","ClockworkSouvenir","Orichalcum"],"campfire_rested":0,"item_purchase_floors":[2,36,36,54],"current_hp_per_floor":[53,53,51,50,43,25,25,31,31,34,34,40,40,43,43,48,68,74,74,75,54,54,57,54,51,51,54,59,59,59,58,58,58,71,71,71,75,75,75,74,74,75,75,75,65,70,75,75,75,75,75,75,75,75,75,65],"gold":38,"neow_bonus":"TRANSFORM_TWO_CARDS","is_prod":false,"is_daily":false,"chose_seed":true,"campfire_upgraded":6,"win_rate":0,"timestamp":1553685141,"path_taken":["M","$","M","M","?","E","R","E","T","E","$","E","R","E","R","BOSS","M","?","M","?","?","E","E","E","T","E","E","$","R","E","R","BOSS","M","$","M","?","?","E","?","E","T","E","?","E","?","E","R","BOSS","BOSS","R","$","E","BOSS"],"build_version":"2019-01-23","purchased_purges":3,"victory":true,"max_hp_per_floor":[75,75,75,75,75,75,75,75,75,75,75,75,75,75,75,75,75,75,75,75,75,75,75,75,75,75,75,75,75,75,75,75,75,75,75,75,75,75,75,75,75,75,75,75,75,75,75,75,75,75,75,75,75,75,75,75],"card_choices":[{"not_picked":["Infernal Blade","Flame Barrier"],"picked":"Power Through","floor":1.0},{"not_picked":["Bloodletting","Twin Strike"],"picked":"Warcry","floor":3.0},{"not_picked":["Heavy Blade","Sever Soul"],"picked":"Second Wind","floor":4.0},{"not_picked":["Perfected Strike","Iron Wave","Uppercut"],"picked":"SKIP","floor":6.0},{"not_picked":["Headbutt","Carnage","Whirlwind"],"picked":"SKIP","floor":8.0},{"not_picked":["Flex+1","Shockwave+1"],"picked":"True Grit+1","floor":10.0},{"not_picked":["Searing Blow","Ghostly Armor+1"],"picked":"Bloodletting+1","floor":12.0},{"not_picked":["Shrug It Off+1","Anger"],"picked":"Entrench+1","floor":14.0},{"not_picked":["Brutality","Dark Embrace"],"picked":"Fiend Fire","floor":16.0},{"not_picked":["Pummel+1","Headbutt"],"picked":"Havoc+1","floor":18.0},{"not_picked":["Combust","Warcry+1","Armaments+1"],"picked":"SKIP","floor":20.0},{"not_picked":["Rage+1","Rampage","Clothesline"],"picked":"SKIP","floor":23.0},{"not_picked":["Combust","Corruption+1","Pummel"],"picked":"SKIP","floor":24.0},{"not_picked":["Armaments+1","Flame Barrier+1"],"picked":"Barricade","floor":25.0},{"not_picked":["Heavy Blade","Pommel Strike","Clash"],"picked":"SKIP","floor":27.0},{"not_picked":["Heavy Blade+1","Anger","Dropkick"],"picked":"SKIP","floor":28.0},{"not_picked":["Warcry+1","Power Through+1"],"picked":"Shockwave+1","floor":31.0},{"not_picked":["True Grit+1","Clash","Twin Strike"],"picked":"SKIP","floor":35.0},{"not_picked":["Entrench+1","Rage+1","Sentinel+1"],"picked":"SKIP","floor":37.0},{"not_picked":["Fiend Fire","Warcry+1","Wild Strike"],"picked":"SKIP","floor":40.0},{"not_picked":["Thunderclap","Pommel Strike"],"picked":"Rage+1","floor":42.0},{"not_picked":["Uppercut+1","Rage+1","Twin Strike+1"],"picked":"SKIP","floor":44.0},{"not_picked":["Discovery+1","Dark Shackles+1"],"picked":"Transmutation+1","floor":45.0},{"not_picked":["Panache","Secret Weapon+1"],"picked":"Chrysalis+1","floor":45.0},{"not_picked":["Discovery+1","Enlightenment+1"],"picked":"Panacea+1","floor":45.0},{"not_picked":["Evolve","Flex+1"],"picked":"Impervious+1","floor":46.0},{"not_picked":["Juggernaut","Anger+1","Headbutt"],"picked":"SKIP","floor":48.0},{"not_picked":["Sword Boomerang","Twin Strike","Bloodletting+1"],"picked":"SKIP","floor":55}],"player_experience":3904502,"relics_obtained":[{"floor":6.0,"key":"Dead Branch"},{"floor":8.0,"key":"Kunai"},{"floor":9.0,"key":"Toxic Egg 2"},{"floor":10.0,"key":"WingedGreaves"},{"floor":12.0,"key":"Pen Nib"},{"floor":14.0,"key":"MawBank"},{"floor":21.0,"key":"Enchiridion"},{"floor":23.0,"key":"Matryoshka"},{"floor":24.0,"key":"Du-Vu Doll"},{"floor":25.0,"key":"PreservedInsect"},{"floor":26.0,"key":"Self Forming Clay"},{"floor":27.0,"key":"Dream Catcher"},{"floor":28.0,"key":"Turnip"},{"floor":31.0,"key":"Bag of Marbles"},{"floor":40.0,"key":"Oddly Smooth Stone"},{"floor":41.0,"key":"Whetstone"},{"floor":41.0,"key":"Gremlin Horn"},{"floor":42.0,"key":"Art of War"},{"floor":43.0,"key":"Juzu Bracelet"},{"floor":44.0,"key":"Bronze Scales"},{"floor":46.0,"key":"Smiling Mask"},{"floor":47.0,"key":"Unceasing Top"},{"floor":48.0,"key":"Paper Frog"},{"floor":55,"key":"Mercury Hourglass"}],"event_choices":[{"cards_removed":["Strike_R"],"damage_healed":0.0,"max_hp_gain":0.0,"max_hp_loss":0.0,"gold_gain":0.0,"event_name":"Golden Wing","player_choice":"Card Removal","floor":5.0,"gold_loss":0.0,"damage_taken":7.0},{"cards_removed":["Strike_R"],"damage_healed":0.0,"max_hp_gain":0.0,"max_hp_loss":0.0,"gold_gain":0.0,"event_name":"Back to Basics","player_choice":"Elegance","floor":19.0,"gold_loss":0.0,"damage_taken":0.0},{"damage_healed":0.0,"max_hp_gain":0.0,"max_hp_loss":0.0,"gold_gain":0.0,"event_name":"Cursed Tome","player_choice":"Obtained Book","floor":21.0,"gold_loss":0.0,"damage_taken":21.0},{"damage_healed":0.0,"max_hp_gain":0.0,"max_hp_loss":0.0,"gold_gain":0.0,"event_name":"The Library","player_choice":"Read","floor":22.0,"gold_loss":0.0,"damage_taken":0.0,"cards_obtained":["Sentinel"]},{"cards_removed":["Defend_R"],"damage_healed":0.0,"max_hp_gain":0.0,"max_hp_loss":0.0,"gold_gain":0.0,"event_name":"Designer","player_choice":"Upgrade and Remove","floor":38.0,"gold_loss":110.0,"damage_taken":0.0,"cards_upgraded":["Warcry"]},{"damage_healed":0.0,"max_hp_gain":0.0,"max_hp_loss":0.0,"gold_gain":0.0,"event_name":"SensoryStone","player_choice":"Memory 3","floor":45.0,"gold_loss":0.0,"damage_taken":10.0},{"damage_healed":0.0,"max_hp_gain":0.0,"max_hp_loss":0.0,"gold_gain":0.0,"event_name":"Mysterious Sphere","player_choice":"Fight","floor":47.0,"gold_loss":0.0,"damage_taken":0.0}],"is_beta":false,"boss_relics":[{"not_picked":["Runic Dome","Astrolabe"],"picked":"Cursed Key"},{"not_picked":["Velvet Choker","Black Blood"],"picked":"Empty Cage"}],"items_purged_floors":[11,29,54],"is_endless":false,"potions_floor_spawned":[1,3,8,16,20,23,31,33,35,37,42,44,46],"ascension_level":20}