{"gold_per_floor":[118,118,133,58,74,74,93,109,109,109,109,109,109,143,143,218,218,218,118,118,118],"floor_reached":21,"playtime":686,"items_purged":["Strike_G","Pain"],"score":479,"play_id":"8b3d2cb3-1884-4f80-9b2d-703fa2714bab","local_time":"20181228124332","is_ascension_mode":true,"campfire_choices":[{"data":"Deadly Poison","floor":6.0,"key":"SMITH"},{"data":"Neutralize","floor":10.0,"key":"SMITH"},{"data":"Calculated Gamble","floor":12.0,"key":"SMITH"},{"data":"Noxious Fumes","floor":15.0,"key":"SMITH"}],"neow_cost":"NONE","seed_source_timestamp":4345894018330,"circlet_count":0,"master_deck":["AscendersBane","Defend_G","Defend_G","Defend_G","Defend_G","Defend_G","Strike_G","Strike_G","Strike_G","Survivor","Neutralize+1","Deadly Poison+1","Leg Sweep","Backflip","Calculated Gamble+1","Decay","Injury","Noxious Fumes+1","Burst","Shame","Injury"],"special_seed":0,"relics":["Cursed Key","Incense Burner","Prayer Wheel","Pear","Mango","Calling Bell","Juzu Bracelet","Frozen Egg 2","FossilizedHelix"],"potions_floor_usage":[],"damage_taken":[{"damage":2.0,"enemies":"Jaw Worm","floor":1.0,"turns":5.0},{"damage":1.0,"enemies":"Cultist","floor":3.0,"turns":5.0},{"damage":4.0,"enemies":"Small Slimes","floor":5.0,"turns":5.0},{"damage":0.0,"enemies":"Looter","floor":7.0,"turns":4.0},{"damage":3.0,"enemies":"3 Louse","floor":8.0,"turns":4.0},{"damage":12.0,"enemies":"Lagavulin","floor":14.0,"turns":8.0},{"damage":39.0,"enemies":"Slime Boss","floor":16.0,"turns":15.0},{"damage":0.0,"enemies":"Shell Parasite","floor":18.0,"turns":2.0},{"damage":69,"enemies":"3 Byrds","floor":21,"turns":6}],"seed_played":"-7197130447651007859","potions_obtained":[{"floor":7.0,"key":"SmokeBomb"},{"floor":8.0,"key":"Poison Potion"},{"floor":14.0,"key":"SpeedPotion"}],"is_trial":false,"path_per_floor":["M","?","M","$","M","R","M","M","T","R","T","R","?","E","R","B",null,"M","$","?","M"],"character_chosen":"THE_SILENT","items_purchased":[],"campfire_rested":0,"item_purchase_floors":[],"current_hp_per_floor":[57,57,56,56,52,52,52,49,49,49,49,49,41,43,43,4,69,69,69,69,0],"gold":118,"neow_bonus":"BOSS_RELIC","is_prod":false,"is_daily":false,"chose_seed":false,"campfire_upgraded":4,"win_rate":0,"timestamp":1545972212,"path_taken":["M","?","?","$","M","R","M","M","T","R","?","R","?","E","R","BOSS","M","$","?","M"],"build_version":"2018-12-20","purchased_purges":2,"victory":false,"max_hp_per_floor":[66,66,66,66,66,66,66,66,66,66,66,66,76,90,90,90,90,90,90,90,90],"card_choices":[{"not_picked":["Dodge and Roll","Slice"],"picked":"Deadly Poison","floor":1.0},{"not_picked":["Poisoned Stab","Backflip"],"picked":"Leg Sweep","floor":3.0},{"not_picked":["Prepared","Infinite Blades","Dodge and Roll"],"picked":"SKIP","floor":5.0},{"not_picked":["Concentrate","Underhanded Strike"],"picked":"Backflip","floor":7.0},{"not_picked":["Acrobatics","Underhanded Strike"],"picked":"Calculated Gamble","floor":8.0},{"not_picked":["Heel Hook","Finisher"],"picked":"Noxious Fumes","floor":14.0},{"not_picked":["Phantasmal Killer","Envenom"],"picked":"Burst","floor":16.0}],"player_experience":1544838,"relics_obtained":[{"floor":9.0,"key":"Incense Burner"},{"floor":11.0,"key":"Prayer Wheel"},{"floor":14.0,"key":"Mango"},{"floor":17.0,"key":"Juzu Bracelet"},{"floor":17.0,"key":"Frozen Egg 2"},{"floor":17.0,"key":"FossilizedHelix"}],"event_choices":[{"cards_removed":["Strike_G"],"damage_healed":0.0,"max_hp_gain":0.0,"max_hp_loss":0.0,"gold_gain":0.0,"event_name":"Wheel of Change","player_choice":"Card Removal","floor":2.0,"gold_loss":0.0,"damage_taken":0.0},{"damage_healed":0.0,"max_hp_gain":0.0,"max_hp_loss":0.0,"gold_gain":0.0,"event_name":"Scrap Ooze","player_choice":"Success","floor":13.0,"gold_loss":0.0,"damage_taken":18.0,"relics_obtained":["Pear"]},{"damage_healed":0,"gold_gain":0,"player_choice":"Ignored","damage_taken":0,"max_hp_gain":0,"max_hp_loss":0,"event_name":"Cursed Tome","floor":20,"gold_loss":0}],"is_beta":false,"boss_relics":[{"not_picked":["Snecko Eye","Sozu"],"picked":"Calling Bell"}],"items_purged_floors":[4,19],"is_endless":false,"potions_floor_spawned":[7,8,14],"killed_by":"3 Byrds","ascension_level":20}