{"gold_per_floor":[368,368,368,368,381,381,404,404,486,27,27,45,86,11,11,107,107,127,127,148,148,167,167,183,183,230,265,265,93,108,8,8,104,104,124,147,22,0,25,25],"floor_reached":40,"playtime":1610,"items_purged":["Strike_R","Strike_R","Strike_R"],"score":858,"play_id":"ced2c88d-aa57-4d40-86ed-71664359c664","local_time":"20190310115338","is_ascension_mode":true,"campfire_choices":[{"data":"Flex","floor":6.0,"key":"SMITH"},{"data":"Bash","floor":8.0,"key":"SMITH"},{"data":"Limit Break","floor":11.0,"key":"SMITH"},{"floor":15.0,"key":"REST"},{"data":"True Grit","floor":23.0,"key":"SMITH"},{"floor":25.0,"key":"REST"},{"data":"Heavy Blade","floor":32.0,"key":"SMITH"}],"neow_cost":"CURSE","seed_source_timestamp":2248638509078,"circlet_count":0,"master_deck":["AscendersBane","Strike_R+1","Defend_R+1","Defend_R","Defend_R","Defend_R","Bash+1","Clumsy","Flex+1","Evolve","Limit Break+1","Reaper","True Grit+1","Bloodletting","Heavy Blade+1","Offering","Limit Break","Burning Pact"],"special_seed":0,"relics":["Burning Blood","Golden Idol","Matryoshka","Vajra","Shuriken","ClockworkSouvenir","Blood Vial","Black Star","Bag of Marbles","Regal Pillow","Happy Flower","Pantograph","Sozu","Red Mask"],"potions_floor_usage":[],"damage_taken":[{"damage":14.0,"enemies":"Jaw Worm","floor":1.0,"turns":5.0},{"damage":8.0,"enemies":"2 Louse","floor":5.0,"turns":3.0},{"damage":4.0,"enemies":"Small Slimes","floor":7.0,"turns":3.0},{"damage":21.0,"enemies":"Exordium Wildlife","floor":12.0,"turns":5.0},{"damage":18.0,"enemies":"Lagavulin","floor":13.0,"turns":6.0},{"damage":19.0,"enemies":"Slime Boss","floor":16.0,"turns":7.0},{"damage":38.0,"enemies":"Chosen","floor":18.0,"turns":6.0},{"damage":33.0,"enemies":"2 Thieves","floor":20.0,"turns":5.0},{"damage":48.0,"enemies":"Cultist and Chosen","floor":22.0,"turns":5.0},{"damage":45.0,"enemies":"Snecko","floor":24.0,"turns":6.0},{"damage":58.0,"enemies":"Gremlin Leader","floor":27.0,"turns":5.0},{"damage":33.0,"enemies":"Snake Plant","floor":30.0,"turns":3.0},{"damage":89.0,"enemies":"Automaton","floor":33.0,"turns":8.0},{"damage":32.0,"enemies":"Orb Walker","floor":35.0,"turns":3.0},{"damage":27.0,"enemies":"3 Shapes","floor":36.0,"turns":7.0},{"damage":38,"enemies":"3 Darklings","floor":39,"turns":6},{"damage":73,"enemies":"Reptomancer","floor":40,"turns":2}],"seed_played":"222237453547001837","potions_obtained":[{"floor":5.0,"key":"SteroidPotion"},{"floor":12.0,"key":"Dexterity Potion"},{"floor":16.0,"key":"Regen Potion"},{"floor":18.0,"key":"Energy Potion"},{"floor":27.0,"key":"Ancient Potion"},{"floor":30.0,"key":"FearPotion"}],"is_trial":false,"path_per_floor":["M","?","?","?","M","R","M","R","T","$","R","M","E","?","R","B",null,"M","?","M","?","M","R","M","R","T","E","$","$","M","$","R","B",null,"M","M","$","?","M","E"],"character_chosen":"IRONCLAD","items_purchased":["ClockworkSouvenir","Limit Break","Offering"],"campfire_rested":2,"item_purchase_floors":[10,10,29],"current_hp_per_floor":[60,60,40,35,33,33,35,35,35,35,35,20,8,8,28,17,55,40,54,51,51,32,32,9,29,29,34,34,34,24,24,24,20,56,42,68,68,68,68,0],"gold":25,"neow_bonus":"TWO_FIFTY_GOLD","is_prod":false,"is_daily":false,"chose_seed":false,"campfire_upgraded":5,"win_rate":0,"timestamp":1552190018,"path_taken":["M","?","?","?","M","R","M","R","T","$","R","M","E","?","R","BOSS","M","?","M","?","M","R","M","R","T","E","?","$","M","$","R","BOSS","M","M","$","?","M","E"],"build_version":"2019-01-23","purchased_purges":3,"victory":false,"max_hp_per_floor":[75,68,68,68,68,68,68,68,68,68,68,68,68,68,68,68,68,68,68,68,68,68,68,68,68,68,68,68,68,68,68,68,68,68,68,68,68,68,68,68],"card_choices":[{"not_picked":["Havoc","Clash","Twin Strike"],"picked":"SKIP","floor":1.0},{"not_picked":["Body Slam","Intimidate"],"picked":"Flex","floor":5.0},{"not_picked":["Hemokinesis","True Grit"],"picked":"Evolve","floor":7.0},{"not_picked":["Thunderclap","Rupture","Headbutt"],"picked":"SKIP","floor":12.0},{"not_picked":["Thunderclap","Rupture","Headbutt"],"picked":"SKIP","floor":12.0},{"not_picked":["Dual Wield","Perfected Strike","Heavy Blade"],"picked":"SKIP","floor":13.0},{"not_picked":["Brutality","Bludgeon"],"picked":"Reaper","floor":16.0},{"not_picked":["Metallicize","Body Slam"],"picked":"True Grit","floor":18.0},{"not_picked":["Uppercut+1","Anger"],"picked":"Bloodletting","floor":20.0},{"not_picked":["Wild Strike","Flame Barrier+1","Rupture"],"picked":"SKIP","floor":22.0},{"not_picked":["Wild Strike","Flame Barrier+1","Rupture"],"picked":"SKIP","floor":22.0},{"not_picked":["Perfected Strike","Armaments"],"picked":"Heavy Blade","floor":24.0},{"not_picked":["Rampage","Bludgeon","Uppercut"],"picked":"SKIP","floor":27.0},{"not_picked":["Rage","Entrench","Fire Breathing"],"picked":"SKIP","floor":30.0},{"not_picked":["Bludgeon","Demon Form"],"picked":"Limit Break","floor":33.0},{"not_picked":["Cleave","Rampage","Clash+1"],"picked":"SKIP","floor":35.0},{"not_picked":["Thunderclap+1","Shrug It Off+1"],"picked":"Burning Pact","floor":36.0},{"not_picked":["True Grit","Headbutt","Reckless Charge+1"],"picked":"SKIP","floor":39}],"player_experience":3457935,"relics_obtained":[{"floor":9.0,"key":"Vajra"},{"floor":9.0,"key":"Shuriken"},{"floor":13.0,"key":"Blood Vial"},{"floor":26.0,"key":"Bag of Marbles"},{"floor":26.0,"key":"Regal Pillow"},{"floor":27.0,"key":"Happy Flower"},{"floor":27.0,"key":"Pantograph"}],"event_choices":[{"damage_healed":0.0,"max_hp_gain":0.0,"max_hp_loss":7.0,"gold_gain":0.0,"event_name":"Golden Idol","player_choice":"Lose Max HP","floor":2.0,"gold_loss":0.0,"damage_taken":0.0,"relics_obtained":["Golden Idol"]},{"damage_healed":0.0,"max_hp_gain":0.0,"max_hp_loss":0.0,"gold_gain":0.0,"event_name":"Shining Light","player_choice":"Entered Light","floor":3.0,"gold_loss":0.0,"damage_taken":20.0,"cards_upgraded":["Defend_R","Strike_R"]},{"damage_healed":0.0,"max_hp_gain":0.0,"max_hp_loss":0.0,"gold_gain":0.0,"event_name":"Scrap Ooze","player_choice":"Success","floor":4.0,"gold_loss":0.0,"damage_taken":5.0,"relics_obtained":["Matryoshka"]},{"cards_removed":["Strike_R"],"damage_healed":0.0,"max_hp_gain":0.0,"max_hp_loss":0.0,"gold_gain":0.0,"event_name":"The Cleric","player_choice":"Card Removal","floor":14.0,"gold_loss":75.0,"damage_taken":0.0},{"damage_healed":14.0,"max_hp_gain":0.0,"max_hp_loss":0.0,"gold_gain":0.0,"event_name":"The Library","player_choice":"Heal","floor":19.0,"gold_loss":0.0,"damage_taken":0.0},{"damage_healed":0.0,"max_hp_gain":0.0,"max_hp_loss":0.0,"gold_gain":0.0,"event_name":"The Mausoleum","player_choice":"Ignored","floor":21.0,"gold_loss":0.0,"damage_taken":0.0},{"damage_healed":0.0,"max_hp_gain":0.0,"max_hp_loss":0.0,"gold_gain":0.0,"event_name":"Tomb of Lord Red Mask","player_choice":"Paid","floor":38.0,"gold_loss":22.0,"damage_taken":0.0,"relics_obtained":["Red Mask"]}],"is_beta":false,"boss_relics":[{"not_picked":["Pandora\u0027s Box","White Beast Statue"],"picked":"Black Star"},{"not_picked":["Eternal Feather","Runic Cube"],"picked":"Sozu"}],"items_purged_floors":[10,31,37],"is_endless":false,"potions_floor_spawned":[5,12,16,18,27,30,35],"killed_by":"Reptomancer","ascension_level":20}