{"gold_per_floor":[114,114,128,74,74,74,104,104,129,129,139,174,189,204,204,282,282,300,312,338,211,211],"floor_reached":22,"playtime":626,"items_purged":["Strike_G"],"score":438,"play_id":"34dff486-d5f1-49e1-9138-d77d17811cc3","local_time":"20181127211131","is_ascension_mode":true,"campfire_choices":[{"data":"Neutralize","floor":6,"key":"SMITH"},{"data":"Acrobatics","floor":10,"key":"SMITH"},{"data":"Well Laid Plans","floor":15,"key":"SMITH"}],"neow_cost":"NONE","seed_source_timestamp":39889571741677,"circlet_count":0,"master_deck":["AscendersBane","Defend_G","Defend_G","Defend_G","Defend_G","Defend_G","Strike_G","Strike_G","Strike_G","Strike_G","Survivor","Neutralize+1","Masterful Stab","Acrobatics+1","Noxious Fumes+1","Reflex","Acrobatics","Well Laid Plans+1","Bouncing Flask","Backflip","Prepared"],"relics":["Ring of the Snake","NeowsBlessing","Letter Opener","Art of War","Snake Skull","Lantern","Philosopher\u0027s Stone","Regal Pillow"],"potions_floor_usage":[12,12,19],"damage_taken":[{"damage":0,"enemies":"Cultist","floor":1,"turns":1},{"damage":0,"enemies":"Small Slimes","floor":3,"turns":1},{"damage":0,"enemies":"Lagavulin","floor":7,"turns":1},{"damage":0,"enemies":"Jaw Worm","floor":11,"turns":3},{"damage":2,"enemies":"3 Sentries","floor":12,"turns":6},{"damage":0,"enemies":"Lots of Slimes","floor":13,"turns":2},{"damage":0,"enemies":"Red Slaver","floor":14,"turns":3},{"damage":13,"enemies":"The Guardian","floor":16,"turns":12},{"damage":18,"enemies":"Spheric Guardian","floor":18,"turns":6},{"damage":26,"enemies":"2 Thieves","floor":19,"turns":4},{"damage":17,"enemies":"3 Cultists","floor":22,"turns":3}],"seed_played":"5102228394322302407","potions_obtained":[{"floor":1,"key":"Dexterity Potion"},{"floor":7,"key":"Dexterity Potion"},{"floor":12,"key":"AttackPotion"}],"is_trial":false,"path_per_floor":["M","T","M","$","?","R","E","?","T","R","M","E","M","M","R","B",null,"M","M","T","$","M"],"character_chosen":"THE_SILENT","items_purchased":["Acrobatics","Prepared"],"campfire_rested":0,"item_purchase_floors":[4,21],"current_hp_per_floor":[59,59,59,59,59,59,59,59,59,59,59,57,57,57,57,44,61,43,17,17,17,0],"gold":211,"neow_bonus":"THREE_ENEMY_KILL","is_prod":false,"is_daily":false,"chose_seed":false,"campfire_upgraded":3,"win_rate":0,"timestamp":1543324291,"path_taken":["M","?","?","$","?","R","E","?","T","R","?","E","M","M","R","BOSS","M","M","?","$","M"],"build_version":"2018-11-15","purchased_purges":1,"victory":false,"max_hp_per_floor":[66,66,66,66,66,66,66,66,66,66,66,66,66,66,66,66,66,66,66,66,66,66],"card_choices":[{"not_picked":["Distraction","Slice","Sucker Punch"],"picked":"SKIP","floor":1},{"not_picked":["Cloak And Dagger","Backstab"],"picked":"Masterful Stab","floor":3},{"not_picked":["Deadly Poison","Blade Dance"],"picked":"Noxious Fumes","floor":7},{"not_picked":["Eviscerate","Dodge and Roll"],"picked":"Reflex","floor":11},{"not_picked":["Dagger Throw","Doppelganger"],"picked":"Acrobatics","floor":12},{"not_picked":["Choke","Cloak And Dagger","Deadly Poison"],"picked":"SKIP","floor":13},{"not_picked":["Choke","Cloak And Dagger","Deadly Poison"],"picked":"SKIP","floor":13},{"not_picked":["Infinite Blades","Prepared"],"picked":"Well Laid Plans","floor":14},{"not_picked":["Caltrops+1","Predator"],"picked":"Bouncing Flask","floor":18},{"not_picked":["Bouncing Flask","Dash"],"picked":"Backflip","floor":19}],"player_experience":1169621,"relics_obtained":[{"floor":2,"key":"Letter Opener"},{"floor":7,"key":"Art of War"},{"floor":9,"key":"Snake Skull"},{"floor":12,"key":"Lantern"},{"floor":20,"key":"Regal Pillow"}],"event_choices":[{"damage_healed":0,"gold_gain":0,"player_choice":"Ignored","damage_taken":0,"max_hp_gain":0,"max_hp_loss":0,"event_name":"Liars Game","floor":5,"gold_loss":0},{"damage_healed":0,"gold_gain":0,"player_choice":"Upgraded","damage_taken":0,"max_hp_gain":0,"max_hp_loss":0,"event_name":"Upgrade Shrine","floor":8,"gold_loss":0,"cards_upgraded":["Noxious Fumes"]}],"is_beta":true,"boss_relics":[{"not_picked":["Velvet Choker","Fusion Hammer"],"picked":"Philosopher\u0027s Stone"}],"items_purged_floors":[21],"is_endless":false,"potions_floor_spawned":[1,7,11,12],"killed_by":"3 Cultists","ascension_level":20}