{"gold_per_floor":[114,31,44,44,44,44,69,77,97,97,97,125,25,40,40,120,120,133,133],"floor_reached":19,"playtime":721,"items_purged":["Strike_G"],"score":428,"play_id":"90fe91a0-1710-49ae-864f-73eab7a2a5bb","local_time":"20190130154731","is_ascension_mode":true,"campfire_choices":[{"data":"Acrobatics","floor":6.0,"key":"SMITH"},{"data":"Acrobatics","floor":10.0,"key":"SMITH"},{"data":"Grand Finale","floor":15.0,"key":"SMITH"}],"neow_cost":"NONE","seed_source_timestamp":13529023660797,"circlet_count":0,"master_deck":["AscendersBane","Defend_G","Defend_G","Defend_G+1","Defend_G","Defend_G+1","Strike_G","Strike_G","Strike_G","Survivor","Neutralize","Acrobatics+1","Tactician","Acrobatics+1","Catalyst","Grand Finale+1","Wraith Form v2","Backflip"],"special_seed":0,"relics":["Ring of the Snake","AscMod:CursedFlame","AscMod:MegaStarOfAscension","AscMod:CursedBank","NeowsBlessing","War Paint","Centennial Puzzle","Golden Idol","Odd Mushroom"],"potions_floor_usage":[19],"damage_taken":[{"damage":0.0,"enemies":"Cultist","floor":1.0,"turns":1.0},{"damage":0.0,"enemies":"Jaw Worm","floor":3.0,"turns":1.0},{"damage":0.0,"enemies":"Lagavulin","floor":7.0,"turns":1.0},{"damage":1.0,"enemies":"2 Louse","floor":8.0,"turns":4.0},{"damage":12.0,"enemies":"The Mushroom Lair","floor":12.0,"turns":4.0},{"damage":0.0,"enemies":"2 Fungi Beasts","floor":14.0,"turns":2.0},{"damage":46.0,"enemies":"Slime Boss","floor":16.0,"turns":6.0},{"damage":25,"enemies":"theJungle:5_Spyders","floor":18,"turns":15},{"damage":2,"enemies":"theJungle:GiantWrat","floor":19,"turns":5}],"seed_played":"-1176550937031282552","potions_obtained":[{"floor":3.0,"key":"Swift Potion"},{"floor":8.0,"key":"Regen Potion"},{"floor":12.0,"key":"Energy Potion"},{"floor":16.0,"key":"Dexterity Potion"}],"is_trial":false,"path_per_floor":["M","$","M","$","?","R","E","M","T","R","?","?","$","M","R","B",null,"M","M"],"character_chosen":"THE_SILENT","items_purchased":["Tactician"],"campfire_rested":0,"item_purchase_floors":[2],"current_hp_per_floor":[59,59,59,59,59,59,59,58,58,58,58,51,51,51,51,5,38,13,11],"gold":133,"neow_bonus":"THREE_ENEMY_KILL","is_prod":false,"is_daily":false,"chose_seed":false,"campfire_upgraded":3,"win_rate":0,"timestamp":1548834451,"path_taken":["M","$","M","?","?","R","E","M","T","R","?","?","$","M","R","BOSS","M","M"],"build_version":"2019-01-23","purchased_purges":1,"victory":false,"max_hp_per_floor":[66,66,66,66,66,66,66,66,66,66,60,60,60,60,60,60,60,60,60],"card_choices":[{"not_picked":["Crippling Poison","Dagger Throw"],"picked":"Acrobatics","floor":1.0},{"not_picked":["Deadly Poison","Blade Dance"],"picked":"Acrobatics","floor":3.0},{"not_picked":["Backstab","Dagger Spray"],"picked":"Grand Finale","floor":7.0},{"not_picked":["Dagger Spray","Flying Knee","Crippling Poison"],"picked":"SKIP","floor":8.0},{"not_picked":["Noxious Fumes","Endless Agony","Flying Knee"],"picked":"SKIP","floor":14.0},{"not_picked":["A Thousand Cuts","Malaise"],"picked":"Wraith Form v2","floor":16.0},{"not_picked":["Eviscerate","Infinite Blades"],"picked":"Backflip","floor":18}],"player_experience":2405907,"relics_obtained":[{"floor":7.0,"key":"War Paint"},{"floor":9.0,"key":"Centennial Puzzle"},{"floor":12.0,"key":"Odd Mushroom"}],"event_choices":[{"damage_healed":0.0,"max_hp_gain":0.0,"max_hp_loss":0.0,"gold_gain":0.0,"cards_transformed":["Strike_G"],"event_name":"Living Wall","player_choice":"Change","floor":5.0,"gold_loss":0.0,"damage_taken":0.0,"cards_obtained":["Catalyst"]},{"damage_healed":0.0,"max_hp_gain":0.0,"max_hp_loss":6.0,"gold_gain":0.0,"event_name":"Golden Idol","player_choice":"Lose Max HP","floor":11.0,"gold_loss":0.0,"damage_taken":0.0,"relics_obtained":["Golden Idol"]},{"damage_healed":0.0,"max_hp_gain":0.0,"max_hp_loss":0.0,"gold_gain":0.0,"event_name":"Mushrooms","player_choice":"Fought Mushrooms","floor":12.0,"gold_loss":0.0,"damage_taken":0.0}],"is_beta":false,"boss_relics":[{"not_picked":["Philosopher\u0027s Stone","Runic Dome","Eternal Feather"]}],"items_purged_floors":[13],"is_endless":false,"potions_floor_spawned":[3,8,12,16],"killed_by":"theJungle:GiantWrat","ascension_level":25}