{"gold_per_floor":[109,109,109,177,198,233,233,257,281,306,306,23,46,65,65,160,160,176,121,145,191,35,35,160,204,229,243,58,78,78,78,78,78],"floor_reached":33,"playtime":1050,"items_purged":["Strike_G","Strike_G"],"score":580,"play_id":"5f6299f7-9887-4525-8f45-d2389516d13d","local_time":"20190130214255","is_ascension_mode":true,"campfire_choices":[{"data":"Neutralize","floor":7.0,"key":"SMITH"},{"data":"Cloak And Dagger","floor":11.0,"key":"SMITH"},{"data":"Calculated Gamble","floor":15.0,"key":"SMITH"},{"data":"Acrobatics","floor":23.0,"key":"SMITH"},{"data":"1","floor":30.0,"key":"LIFT"},{"data":"2","floor":32,"key":"LIFT"}],"neow_cost":"NONE","seed_source_timestamp":43690673631283,"circlet_count":0,"master_deck":["AscendersBane","Defend_G","Defend_G","Defend_G","Defend_G","Defend_G","Strike_G","Strike_G","Survivor","Neutralize+1","Outmaneuver","Escape Plan","Cloak And Dagger+1","Acrobatics+1","Calculated Gamble+1","Heel Hook","Endless Agony","Well Laid Plans"],"special_seed":0,"relics":["Ring of the Snake","NeowsBlessing","Golden Idol","Mercury Hourglass","Calipers","Vajra","Shuriken","Coffee Dripper","Tiny Chest","Lantern","Girya","Blue Candle","Orichalcum","Bronze Scales"],"potions_floor_usage":[33],"damage_taken":[{"damage":0.0,"enemies":"2 Louse","floor":1.0,"turns":1.0},{"damage":0.0,"enemies":"Jaw Worm","floor":5.0,"turns":1.0},{"damage":0.0,"enemies":"3 Sentries","floor":6.0,"turns":1.0},{"damage":0.0,"enemies":"Cultist","floor":8.0,"turns":4.0},{"damage":0.0,"enemies":"2 Fungi Beasts","floor":10.0,"turns":4.0},{"damage":8.0,"enemies":"Exordium Wildlife","floor":13.0,"turns":5.0},{"damage":2.0,"enemies":"Large Slime","floor":14.0,"turns":5.0},{"damage":15.0,"enemies":"Slime Boss","floor":16.0,"turns":8.0},{"damage":14.0,"enemies":"Spheric Guardian","floor":18.0,"turns":5.0},{"damage":6.0,"enemies":"3 Byrds","floor":20.0,"turns":5.0},{"damage":5.0,"enemies":"Colosseum Slavers","floor":24.0,"turns":4.0},{"damage":2.0,"enemies":"Colosseum Nobs","floor":24.0,"turns":5.0},{"damage":18.0,"enemies":"Book of Stabbing","floor":25.0,"turns":5.0},{"damage":5.0,"enemies":"Cultist and Chosen","floor":27.0,"turns":4.0},{"damage":0.0,"enemies":"3 Cultists","floor":29.0,"turns":5.0},{"damage":19,"enemies":"Automaton","floor":33,"turns":10}],"seed_played":"-113404311337699383","potions_obtained":[{"floor":6.0,"key":"Fire Potion"},{"floor":10.0,"key":"Poison Potion"},{"floor":16.0,"key":"LiquidBronze"},{"floor":25.0,"key":"AttackPotion"},{"floor":27.0,"key":"Regen Potion"},{"floor":29.0,"key":"SpeedPotion"}],"is_trial":false,"path_per_floor":["M","?","?","T","M","E","R","M","T","M","R","$","M","M","R","B",null,"M","?","M","T","$","R","?","E","T","M","$","M","R","?","R","B"],"character_chosen":"THE_SILENT","items_purchased":["Shuriken","Heel Hook","Well Laid Plans"],"campfire_rested":0,"item_purchase_floors":[12,22,28],"current_hp_per_floor":[59,52,52,52,52,52,52,52,52,52,52,52,44,42,42,27,52,38,38,32,32,32,32,25,7,7,2,2,16,16,28,28,9],"gold":78,"neow_bonus":"THREE_ENEMY_KILL","is_prod":false,"is_daily":false,"chose_seed":false,"campfire_upgraded":4,"win_rate":0,"timestamp":1548855775,"path_taken":["M","?","?","?","M","E","R","M","T","M","R","$","M","?","R","BOSS","M","?","M","?","$","R","?","E","T","M","$","M","R","?","R","BOSS"],"build_version":"2019-01-23","purchased_purges":2,"victory":false,"max_hp_per_floor":[66,66,60,60,60,60,60,60,60,60,60,60,60,60,60,60,60,60,60,60,60,60,60,60,60,60,60,60,60,60,60,60,60],"card_choices":[{"not_picked":["Slice","Noxious Fumes","Blade Dance"],"picked":"SKIP","floor":1.0},{"not_picked":["Eviscerate","Dagger Throw"],"picked":"Outmaneuver","floor":5.0},{"not_picked":["Setup","Outmaneuver"],"picked":"Escape Plan","floor":6.0},{"not_picked":["Flying Knee","Acrobatics"],"picked":"Cloak And Dagger","floor":8.0},{"not_picked":["Slice","Deflect"],"picked":"Acrobatics","floor":10.0},{"not_picked":["Flechettes","Deflect"],"picked":"Calculated Gamble","floor":13.0},{"not_picked":["Deflect","Slice","Choke"],"picked":"SKIP","floor":14.0},{"not_picked":["Dagger Spray","All Out Attack","Quick Slash"],"picked":"SKIP","floor":18.0},{"not_picked":["Noxious Fumes","Setup","Quick Slash"],"picked":"SKIP","floor":20.0},{"not_picked":["Poisoned Stab","Accuracy+1"],"picked":"Endless Agony","floor":25.0},{"not_picked":["Deflect","Poisoned Stab","Deadly Poison"],"picked":"SKIP","floor":27.0},{"not_picked":["Footwork","Flying Knee","Skewer"],"picked":"SKIP","floor":29.0}],"player_experience":1394252,"relics_obtained":[{"floor":4.0,"key":"Mercury Hourglass"},{"floor":6.0,"key":"Calipers"},{"floor":9.0,"key":"Vajra"},{"floor":21.0,"key":"Lantern"},{"floor":24.0,"key":"Girya"},{"floor":24.0,"key":"Blue Candle"},{"floor":25.0,"key":"Orichalcum"},{"floor":26.0,"key":"Bronze Scales"}],"event_choices":[{"cards_removed":["Strike_G"],"damage_healed":0.0,"max_hp_gain":0.0,"max_hp_loss":0.0,"gold_gain":0.0,"event_name":"Golden Wing","player_choice":"Card Removal","floor":2.0,"gold_loss":0.0,"damage_taken":7.0},{"damage_healed":0.0,"max_hp_gain":0.0,"max_hp_loss":6.0,"gold_gain":0.0,"event_name":"Golden Idol","player_choice":"Lose Max HP","floor":3.0,"gold_loss":0.0,"damage_taken":0.0,"relics_obtained":["Golden Idol"]},{"damage_healed":0.0,"max_hp_gain":0.0,"max_hp_loss":0.0,"gold_gain":0.0,"event_name":"Addict","player_choice":"Obtained Relic","floor":19.0,"gold_loss":85.0,"damage_taken":0.0,"relics_obtained":["Tiny Chest"]},{"damage_healed":0.0,"max_hp_gain":0.0,"max_hp_loss":0.0,"gold_gain":0.0,"event_name":"Colosseum","player_choice":"Fight","floor":24.0,"gold_loss":0.0,"damage_taken":0.0},{"damage_healed":0.0,"max_hp_gain":0.0,"max_hp_loss":0.0,"gold_gain":0.0,"event_name":"Colosseum","player_choice":"Fought Nobs","floor":24.0,"gold_loss":0.0,"damage_taken":0.0},{"damage_healed":12,"gold_gain":0,"player_choice":"Heal","damage_taken":0,"max_hp_gain":0,"max_hp_loss":0,"event_name":"The Library","floor":31,"gold_loss":0}],"is_beta":true,"boss_relics":[{"not_picked":["Ring of the Serpent","Fusion Hammer"],"picked":"Coffee Dripper"}],"items_purged_floors":[22,28],"is_endless":false,"potions_floor_spawned":[6,10,13,16,25,27,29],"killed_by":"Automaton","ascension_level":20}