{"gold_per_floor":[18,34,49,66,86,86,161,161,161,161,191,204,221,235,235,308,308,324,524,164,64,339,365,365,382,408,426,426,436,436,436,436,436],"floor_reached":33,"playtime":1690,"items_purged":["Strike_R","Defend_R"],"score":453,"play_id":"4f97bea5-714e-4fc9-9297-982e1baeba4a","local_time":"20181216125029","is_ascension_mode":true,"campfire_choices":[{"data":"Uppercut","floor":6.0,"key":"SMITH"},{"data":"True Grit","floor":8.0,"key":"SMITH"},{"data":"Disarm","floor":10.0,"key":"SMITH"},{"data":"Flex","floor":15.0,"key":"SMITH"},{"data":"Panacea","floor":24.0,"key":"SMITH"},{"data":"Rampage","floor":28.0,"key":"SMITH"},{"data":"Double Tap","floor":30.0,"key":"SMITH"},{"floor":32.0,"key":"REST"}],"neow_cost":"NO_GOLD","seed_source_timestamp":2984534821365,"circlet_count":0,"master_deck":["AscendersBane","Strike_R","Strike_R","Defend_R","Defend_R","Defend_R","Bash","Flex+1","Uppercut+1","True Grit+1","Disarm+1","Double Tap+1","Rampage+1","Panacea+1","Regret","Evolve","Heavy Blade+1"],"special_seed":0,"relics":["Burning Blood","Singing Bowl","Velvet Choker","Medical Kit","Meat on the Bone","Bronze Scales"],"potions_floor_usage":[33,33],"damage_taken":[{"damage":6.0,"enemies":"2 Louse","floor":1.0,"turns":4.0},{"damage":1.0,"enemies":"Cultist","floor":2.0,"turns":3.0},{"damage":4.0,"enemies":"Small Slimes","floor":3.0,"turns":3.0},{"damage":50.0,"enemies":"Gremlin Gang","floor":4.0,"turns":5.0},{"damage":7.0,"enemies":"Blue Slaver","floor":5.0,"turns":4.0},{"damage":2.0,"enemies":"Exordium Wildlife","floor":12.0,"turns":5.0},{"damage":1.0,"enemies":"2 Fungi Beasts","floor":13.0,"turns":4.0},{"damage":3.0,"enemies":"Exordium Thugs","floor":14.0,"turns":5.0},{"damage":5.0,"enemies":"The Guardian","floor":16.0,"turns":14.0},{"damage":14.0,"enemies":"Shell Parasite","floor":18.0,"turns":6.0},{"damage":40.0,"enemies":"Slavers","floor":23.0,"turns":6.0},{"damage":4.0,"enemies":"3 Byrds","floor":25.0,"turns":6.0},{"damage":12.0,"enemies":"Snecko","floor":27.0,"turns":6.0},{"damage":34.0,"enemies":"3 Cultists","floor":29.0,"turns":6.0},{"damage":85,"enemies":"Automaton","floor":33,"turns":8}],"seed_played":"-5168421294459068482","potions_obtained":[{"floor":2.0,"key":"SpeedPotion"},{"floor":5.0,"key":"Swift Potion"},{"floor":12.0,"key":"Swift Potion"},{"floor":16.0,"key":"PowerPotion"},{"floor":18.0,"key":"Poison Potion"},{"floor":25.0,"key":"GamblersBrew"},{"floor":27.0,"key":"Regen Potion"}],"is_trial":false,"path_per_floor":["M","M","M","M","M","R","?","R","T","R","?","M","M","M","R","B",null,"M","?","$","$","?","E","R","M","T","M","R","M","R","?","R","B"],"character_chosen":"IRONCLAD","items_purchased":["Medical Kit","Panacea"],"campfire_rested":1,"item_purchase_floors":[20,20],"current_hp_per_floor":[68,73,75,31,30,30,19,19,19,19,19,25,32,37,37,38,70,62,62,62,62,62,28,28,42,42,50,50,36,36,36,61,0],"gold":436,"neow_bonus":"REMOVE_TWO","is_prod":false,"is_daily":false,"chose_seed":false,"campfire_upgraded":7,"win_rate":0,"timestamp":1544935829,"path_taken":["M","M","M","M","M","R","?","R","T","R","?","M","M","M","R","BOSS","M","?","?","$","?","E","R","M","T","?","R","M","R","?","R","BOSS"],"build_version":"2018-12-13","purchased_purges":2,"victory":false,"max_hp_per_floor":[75,75,75,75,75,75,75,75,75,75,75,77,79,81,81,81,81,81,81,81,81,81,81,81,81,81,83,83,85,85,85,85,85],"card_choices":[{"not_picked":["Clothesline","Armaments"],"picked":"Flex","floor":1.0},{"not_picked":["Cleave","Metallicize"],"picked":"Uppercut","floor":2.0},{"not_picked":["Iron Wave","Havoc","Infernal Blade"],"picked":"SKIP","floor":3.0},{"not_picked":["Clash","Anger"],"picked":"True Grit","floor":4.0},{"not_picked":["Thunderclap","Sentinel"],"picked":"Disarm","floor":5.0},{"not_picked":["Sever Soul","Sword Boomerang","Headbutt"],"picked":"Singing Bowl","floor":12.0},{"not_picked":["Sentinel","Headbutt","Body Slam"],"picked":"Singing Bowl","floor":13.0},{"not_picked":["Wild Strike","Perfected Strike","Thunderclap"],"picked":"Singing Bowl","floor":14.0},{"not_picked":["Immolate","Berserk"],"picked":"Double Tap","floor":16.0},{"not_picked":["Clothesline","Clash"],"picked":"Rampage","floor":18.0},{"not_picked":["Bludgeon","Warcry"],"picked":"Evolve","floor":23.0},{"not_picked":["Havoc","Anger+1"],"picked":"Heavy Blade+1","floor":25.0},{"not_picked":["Clash","Clothesline","Cleave"],"picked":"Singing Bowl","floor":27.0},{"not_picked":["Anger+1","Dropkick","Thunderclap"],"picked":"Singing Bowl","floor":29.0}],"player_experience":1276194,"relics_obtained":[{"floor":9.0,"key":"Singing Bowl"},{"floor":23.0,"key":"Meat on the Bone"},{"floor":26.0,"key":"Bronze Scales"}],"event_choices":[{"damage_healed":0.0,"max_hp_gain":0.0,"max_hp_loss":0.0,"gold_gain":75.0,"event_name":"World of Goop","player_choice":"Gather Gold","floor":7.0,"gold_loss":0.0,"damage_taken":11.0},{"damage_healed":0.0,"max_hp_gain":0.0,"max_hp_loss":0.0,"gold_gain":30.0,"event_name":"Dead Adventurer","player_choice":"Searched \u00272\u0027 times","floor":11.0,"gold_loss":0.0,"damage_taken":0.0},{"damage_healed":0.0,"max_hp_gain":0.0,"max_hp_loss":0.0,"gold_gain":250.0,"event_name":"The Joust","player_choice":"Bet on Owner","floor":19.0,"gold_loss":50.0,"damage_taken":0.0},{"damage_healed":0.0,"max_hp_gain":0.0,"max_hp_loss":0.0,"gold_gain":275.0,"event_name":"Golden Shrine","player_choice":"Desecrate","floor":22.0,"gold_loss":0.0,"damage_taken":0.0,"cards_obtained":["Regret"]},{"damage_healed":0.0,"max_hp_gain":0.0,"max_hp_loss":0.0,"gold_gain":0.0,"event_name":"Vampires","player_choice":"Ignored","floor":31.0,"gold_loss":0.0,"damage_taken":0.0}],"is_beta":false,"boss_relics":[{"not_picked":["White Beast Statue","Snecko Eye"],"picked":"Velvet Choker"}],"items_purged_floors":[20,21],"is_endless":false,"potions_floor_spawned":[2,5,12,14,16,18,25,27],"killed_by":"Automaton","ascension_level":15}