{"gold_per_floor":[116,131,231,247,263,295,295,308,334,107,107,178,178,196,196,299,299,317,217,132,132,159,159,174,174,200,200,299,299,299,309,309,409,409,425,335,0,0,0,0,20,20,20,31,31,49,102,122,122,122],"floor_reached":51,"playtime":2021,"items_purged":["Strike_G","Strike_G","Strike_G"],"score":918,"play_id":"e2ac27a8-a5e7-4873-a56c-751f7dfe2cdf","local_time":"20190724234844","is_ascension_mode":false,"campfire_choices":[{"data":"Deadly Poison","floor":7.0,"key":"SMITH"},{"data":"Caltrops","floor":11.0,"key":"SMITH"},{"floor":13.0,"key":"REST"},{"data":"Neutralize","floor":15.0,"key":"SMITH"},{"data":"Night Terror","floor":23,"key":"SMITH"},{"data":"Ghostly","floor":27,"key":"SMITH"},{"data":"Ghostly","floor":29,"key":"SMITH"},{"data":"Noxious Fumes","floor":32,"key":"SMITH"},{"floor":40,"key":"REST"},{"floor":42,"key":"REST"},{"floor":45,"key":"REST"},{"data":"Adrenaline","floor":49,"key":"SMITH"}],"neow_cost":"PERCENT_DAMAGE","seed_source_timestamp":18305121456560,"circlet_count":0,"master_deck":["Defend_G+1","Defend_G+1","Defend_G+1","Defend_G+1","Defend_G+1","Survivor+1","Neutralize+1","Venomology+1","Caltrops+1","Backflip+1","Deadly Poison+1","Night Terror+1","Ghostly+1","Ghostly+1","Ghostly+1","Ghostly+1","Ghostly+1","Noxious Fumes+1","After Image+1","Adrenaline+1"],"special_seed":0,"relics":["Ring of the Snake","Thread and Needle","Bronze Scales","Art of War","Runic Pyramid","Pen Nib","Centennial Puzzle","Anchor","Velvet Choker","Strange Spoon","Red Mask","Mark of the Bloom","Question Card","Gambling Chip"],"potions_floor_usage":[18,24,31,33,35,41,44,44,47,47,48,50,50,50,50,50],"damage_taken":[{"damage":0.0,"enemies":"2 Louse","floor":1.0,"turns":4.0},{"damage":1.0,"enemies":"Cultist","floor":2.0,"turns":4.0},{"damage":1.0,"enemies":"Jaw Worm","floor":4.0,"turns":5.0},{"damage":0.0,"enemies":"2 Fungi Beasts","floor":5.0,"turns":4.0},{"damage":29.0,"enemies":"Lagavulin","floor":6.0,"turns":9.0},{"damage":0.0,"enemies":"Blue Slaver","floor":8.0,"turns":4.0},{"damage":0.0,"enemies":"Exordium Thugs","floor":14.0,"turns":4.0},{"damage":0.0,"enemies":"The Guardian","floor":16.0,"turns":8.0},{"damage":1,"enemies":"Spheric Guardian","floor":18,"turns":7},{"damage":0,"enemies":"Shell Parasite","floor":24,"turns":4},{"damage":0,"enemies":"Snecko","floor":31,"turns":9},{"damage":0,"enemies":"Automaton","floor":33,"turns":9},{"damage":0,"enemies":"Orb Walker","floor":35,"turns":4},{"damage":0,"enemies":"3 Darklings","floor":41,"turns":7},{"damage":0,"enemies":"Maw","floor":44,"turns":11},{"damage":0,"enemies":"Writhing Mass","floor":46,"turns":6},{"damage":0,"enemies":"2 Orb Walkers","floor":47,"turns":6},{"damage":0,"enemies":"3 Darklings","floor":48,"turns":4},{"damage":0,"enemies":"Awakened One","floor":50,"turns":12}],"seed_played":"2142678228261388623","potions_obtained":[{"floor":2.0,"key":"Explosive Potion"},{"floor":8.0,"key":"LiquidBronze"},{"floor":14.0,"key":"Swift Potion"},{"floor":16.0,"key":"GhostInAJar"},{"floor":31,"key":"PowerPotion"}],"is_trial":false,"path_per_floor":["M","M","?","M","M","E","R","M","T","$","R","T","R","M","R","B",null,"M","$","?","?","T","R","M","?","T","R","?","R","?","M","R","B",null,"M","?","$","?","?","R","M","R","T","M","R","M","?","M","R","B",null],"character_chosen":"THE_SILENT","items_purchased":["Art of War","Strange Spoon"],"campfire_rested":4,"item_purchase_floors":[10,37],"current_hp_per_floor":[49,48,48,47,47,18,18,18,18,18,18,18,39,39,39,39,70,69,69,69,35,35,35,35,35,35,35,35,35,35,35,35,35,35,35,35,35,35,35,35,35,35,35,35,35,35,35,35,35,35],"gold":122,"neow_bonus":"THREE_RARE_CARDS","is_prod":false,"is_daily":false,"chose_seed":false,"campfire_upgraded":8,"win_rate":0,"timestamp":1563983324,"path_taken":["M","M","?","M","?","E","R","M","T","$","R","?","R","M","R","BOSS","M","$","?","?","?","R","?","?","T","R","?","R","?","M","R","BOSS","M","?","?","?","?","R","M","R","T","M","R","?","?","M","R","BOSS"],"build_version":"2019-07-17","purchased_purges":3,"victory":true,"max_hp_per_floor":[70,70,70,70,70,70,70,70,70,70,70,70,70,70,70,70,70,70,70,70,35,35,35,35,35,35,35,35,35,35,35,35,35,35,35,35,35,35,35,35,35,35,35,35,35,35,35,35,35,35],"card_choices":[{"not_picked":["Envenom","Bullet Time"],"picked":"Venomology","floor":0.0},{"not_picked":["Choke","Prepared"],"picked":"Caltrops","floor":1.0},{"not_picked":["PiercingWail","Concentrate"],"picked":"Backflip","floor":2.0},{"not_picked":["Dash","Poisoned Stab"],"picked":"Deadly Poison","floor":4.0},{"not_picked":["Predator","Slice","Outmaneuver"],"picked":"SKIP","floor":5.0},{"not_picked":["Flechettes","Riddle With Holes","Doppelganger"],"picked":"SKIP","floor":6.0},{"not_picked":["Prepared","Blade Dance","Quick Slash"],"picked":"SKIP","floor":8.0},{"not_picked":["Flying Knee","Acrobatics","Underhanded Strike"],"picked":"SKIP","floor":14.0},{"not_picked":["Glass Knife","Bullet Time"],"picked":"Night Terror","floor":16.0},{"not_picked":["Dagger Spray","Underhanded Strike+1","Dodge and Roll+1"],"picked":"SKIP","floor":18},{"not_picked":["Dagger Spray","Storm of Steel","Prepared"],"picked":"SKIP","floor":24},{"not_picked":["Blur+1","Flying Knee+1"],"picked":"Noxious Fumes","floor":31},{"not_picked":["Night Terror","Burst"],"picked":"After Image","floor":33},{"not_picked":["Cloak And Dagger+1","Choke","Outmaneuver"],"picked":"SKIP","floor":35},{"not_picked":["Dagger Throw","Expertise","Bane+1"],"picked":"SKIP","floor":41},{"not_picked":["Bane","Flying Knee","Tactician","Predator"],"picked":"SKIP","floor":44},{"not_picked":["Finisher+1","Deflect+1","Caltrops+1","Dagger Spray"],"picked":"SKIP","floor":46},{"not_picked":["Crippling Poison","Deflect+1","Masterful Stab+1"],"picked":"Adrenaline","floor":47},{"not_picked":["Poisoned Stab","Backflip+1","Choke+1","Flechettes"],"picked":"SKIP","floor":48}],"player_experience":5859478,"relics_obtained":[{"floor":6.0,"key":"Thread and Needle"},{"floor":9.0,"key":"Bronze Scales"},{"floor":22,"key":"Centennial Puzzle"},{"floor":26,"key":"Anchor"},{"floor":43,"key":"Question Card"},{"floor":47,"key":"Gambling Chip"}],"event_choices":[{"damage_healed":0.0,"max_hp_gain":0.0,"max_hp_loss":0.0,"gold_gain":100.0,"event_name":"Golden Shrine","player_choice":"Pray","floor":3.0,"gold_loss":0.0,"damage_taken":0.0},{"damage_healed":0,"gold_gain":0,"player_choice":"Obtained Relic","damage_taken":0,"relics_obtained":["Pen Nib"],"max_hp_gain":0,"max_hp_loss":0,"event_name":"Addict","floor":20,"gold_loss":85},{"damage_healed":0,"gold_gain":0,"player_choice":"Became a Ghost","damage_taken":0,"max_hp_gain":0,"max_hp_loss":35,"event_name":"Ghosts","floor":21,"gold_loss":0,"cards_obtained":["Ghostly","Ghostly","Ghostly","Ghostly","Ghostly"]},{"damage_healed":0,"gold_gain":0,"player_choice":"Ignored","damage_taken":0,"max_hp_gain":0,"max_hp_loss":0,"event_name":"Cursed Tome","floor":25,"gold_loss":0},{"damage_healed":0,"gold_gain":99,"player_choice":"Stole From Cult","damage_taken":0,"max_hp_gain":0,"max_hp_loss":0,"event_name":"Nest","floor":28,"gold_loss":0},{"cards_removed":["Strike_G"],"damage_healed":0,"gold_gain":0,"player_choice":"Elegance","damage_taken":0,"max_hp_gain":0,"max_hp_loss":0,"event_name":"Back to Basics","floor":30,"gold_loss":0},{"cards_removed":["Strike_G"],"damage_healed":0,"gold_gain":0,"player_choice":"Upgrade and Remove","damage_taken":0,"max_hp_gain":0,"max_hp_loss":0,"event_name":"Designer","floor":36,"gold_loss":90,"cards_upgraded":["Defend_G"]},{"damage_healed":0,"gold_gain":0,"player_choice":"Paid","damage_taken":0,"relics_obtained":["Red Mask"],"max_hp_gain":0,"max_hp_loss":0,"event_name":"Tomb of Lord Red Mask","floor":38,"gold_loss":0},{"damage_healed":0,"gold_gain":0,"player_choice":"Upgrade","damage_taken":0,"relics_obtained":["Mark of the Bloom"],"max_hp_gain":0,"max_hp_loss":0,"event_name":"MindBloom","floor":39,"gold_loss":0,"cards_upgraded":["Defend_G","Defend_G","Defend_G","Defend_G","Survivor","Venomology","Backflip","Ghostly","Ghostly","Ghostly","After Image"]},{"damage_healed":0,"gold_gain":0,"player_choice":"Fight","damage_taken":0,"max_hp_gain":0,"max_hp_loss":0,"event_name":"Mysterious Sphere","floor":47,"gold_loss":0}],"is_beta":false,"boss_relics":[{"not_picked":["Empty Cage","Astrolabe"],"picked":"Runic Pyramid"},{"not_picked":["Philosopher\u0027s Stone","Sozu"],"picked":"Velvet Choker"}],"items_purged_floors":[10,19,37],"is_endless":false,"potions_floor_spawned":[2,4,8,14,16,31,35,41,47],"ascension_level":0}