{"gold_per_floor":[13,13,25,36,50,50,15,15,69,104,104,123,123,151,151,230,280,298,298,298,298,3,3,14,14,14,14,24,42,42,22,22,94,94,106,106,68,68,85,117,134,134,134,134,151,151,164,175,175,175],"floor_reached":50,"playtime":1582,"items_purged":["Defend_B"],"score":1035,"play_id":"eccc2fa4-4e83-4d80-a711-e4cf764c1c13","local_time":"20190325193812","is_ascension_mode":true,"campfire_choices":[{"data":"Metamorphosis","floor":6.0,"key":"SMITH"},{"data":"Streamline","floor":8.0,"key":"SMITH"},{"data":"Hologram","floor":15.0,"key":"SMITH"},{"data":"Recycle","floor":23.0,"key":"SMITH"},{"data":"Skim","floor":25.0,"key":"SMITH"},{"data":"Impatience","floor":30.0,"key":"SMITH"},{"data":"Zap","floor":32.0,"key":"SMITH"},{"floor":42,"key":"REST"},{"floor":49,"key":"RECALL"}],"neow_cost":"NO_GOLD","seed_source_timestamp":29391419147109,"circlet_count":0,"master_deck":["AscendersBane","Defend_B","Defend_B","Zap+1","Dualcast+1","Metamorphosis+1","Impatience+1","Hologram+1","Streamline+1","Meteor Strike","Cold Snap","All For One","Recycle+1","Skim+1","Seek","Conserve Battery","FTL","Self Repair","Metamorphosis+1","Beam Cell+1"],"special_seed":0,"relics":["Cracked Core","Bag of Marbles","Pen Nib","Blood Vial","Letter Opener","Tiny House","Membership Card","Lantern","Busted Crown","Kunai","Blue Candle","PreservedInsect"],"potions_floor_usage":[45],"damage_taken":[{"damage":1.0,"enemies":"Cultist","floor":1.0,"turns":3.0},{"damage":3.0,"enemies":"2 Louse","floor":3.0,"turns":2.0},{"damage":1.0,"enemies":"Small Slimes","floor":4.0,"turns":4.0},{"damage":5.0,"enemies":"3 Louse","floor":5.0,"turns":4.0},{"damage":9.0,"enemies":"3 Sentries","floor":10.0,"turns":5.0},{"damage":8.0,"enemies":"Large Slime","floor":12.0,"turns":4.0},{"damage":11.0,"enemies":"Gremlin Nob","floor":14.0,"turns":3.0},{"damage":34.0,"enemies":"Slime Boss","floor":16.0,"turns":6.0},{"damage":13.0,"enemies":"Chosen","floor":18.0,"turns":5.0},{"damage":7.0,"enemies":"2 Thieves","floor":24.0,"turns":4.0},{"damage":0.0,"enemies":"Snake Plant","floor":28.0,"turns":2.0},{"damage":0.0,"enemies":"Snecko","floor":29.0,"turns":3.0},{"damage":18.0,"enemies":"Collector","floor":33.0,"turns":4.0},{"damage":0.0,"enemies":"Orb Walker","floor":35.0,"turns":2.0},{"damage":11.0,"enemies":"3 Shapes","floor":39.0,"turns":3.0},{"damage":44,"enemies":"Nemesis","floor":40,"turns":3},{"damage":10,"enemies":"3 Darklings","floor":41,"turns":2},{"damage":4,"enemies":"Writhing Mass","floor":45,"turns":3},{"damage":0,"enemies":"Maw","floor":47,"turns":3},{"damage":0,"enemies":"4 Shapes","floor":48,"turns":4},{"damage":77,"enemies":"Time Eater","floor":50,"turns":3}],"seed_played":"4200789148135656897","potions_obtained":[{"floor":1.0,"key":"FocusPotion"},{"floor":3.0,"key":"SkillPotion"},{"floor":5.0,"key":"AttackPotion"},{"floor":17.0,"key":"SteroidPotion"},{"floor":18.0,"key":"AttackPotion"},{"floor":47,"key":"EssenceOfSteel"}],"is_trial":false,"path_per_floor":["M","?","M","M","M","R","?","R","T","E","?","M","?","E","R","B",null,"M","?","?","?","$","R","M","R","T","?","M","M","R","$","R","B",null,"M","?","$","?","M","E","M","R","T","?","M","?","M","M","R","B"],"character_chosen":"DEFECT","items_purchased":["Membership Card","Lantern","Self Repair"],"campfire_rested":1,"item_purchase_floors":[22,22,31],"current_hp_per_floor":[63,63,60,59,54,54,71,71,71,62,62,56,49,40,40,8,60,49,49,49,49,49,49,44,44,44,44,46,48,48,48,48,32,65,74,74,74,74,65,23,22,44,44,44,49,49,51,60,60,0],"gold":175,"neow_bonus":"RANDOM_COLORLESS_2","is_prod":false,"is_daily":false,"chose_seed":false,"campfire_upgraded":7,"win_rate":0,"timestamp":1553513892,"path_taken":["M","?","M","M","M","R","?","R","T","E","?","M","?","E","R","BOSS","M","?","?","?","$","R","M","R","T","?","M","?","R","$","R","BOSS","M","?","?","?","?","E","M","R","T","?","?","?","M","M","R","BOSS"],"build_version":"2019-01-23","purchased_purges":1,"victory":false,"max_hp_per_floor":[71,71,71,71,71,71,71,71,71,71,71,71,71,71,71,71,76,76,76,76,76,76,76,76,76,76,76,76,76,76,76,76,76,76,76,76,76,76,76,76,76,76,76,76,76,76,76,76,76,76],"card_choices":[{"not_picked":["Conserve Battery","Loop"],"picked":"Hologram","floor":1.0},{"not_picked":["Leap","Hologram"],"picked":"Streamline","floor":3.0},{"not_picked":["Beam Cell","Steam","Leap"],"picked":"SKIP","floor":4.0},{"not_picked":["Hologram","Stack"],"picked":"Meteor Strike","floor":5.0},{"not_picked":["Streamline","Static Discharge","Steam Power"],"picked":"SKIP","floor":10.0},{"not_picked":["Steam","Gash","Lockon"],"picked":"SKIP","floor":12.0},{"not_picked":["Multi-Cast","Static Discharge"],"picked":"Cold Snap","floor":14.0},{"not_picked":["Electrodynamics","Amplify"],"picked":"All For One","floor":16.0},{"not_picked":["Sunder","FTL"],"picked":"Recycle","floor":18.0},{"not_picked":["Turbo","Beam Cell"],"picked":"Seek","floor":24.0},{"not_picked":["Conserve Battery","Go for the Eyes","Sunder+1"],"picked":"SKIP","floor":28.0},{"not_picked":["Sweeping Beam","Beam Cell"],"picked":"FTL","floor":29.0},{"not_picked":["Streamline"],"picked":"SKIP","floor":35.0},{"not_picked":["Genetic Algorithm"],"picked":"SKIP","floor":39.0},{"not_picked":["Self Repair"],"picked":"SKIP","floor":40},{"not_picked":["Doom and Gloom"],"picked":"SKIP","floor":41},{"not_picked":["Conserve Battery"],"picked":"SKIP","floor":45},{"not_picked":["Beam Cell+1"],"picked":"SKIP","floor":47},{"not_picked":[],"picked":"Beam Cell+1","floor":47},{"not_picked":["Heatsinks"],"picked":"SKIP","floor":48}],"player_experience":3867829,"relics_obtained":[{"floor":9.0,"key":"Bag of Marbles"},{"floor":10.0,"key":"Pen Nib"},{"floor":14.0,"key":"Letter Opener"},{"floor":40,"key":"Kunai"},{"floor":43,"key":"Blue Candle"}],"event_choices":[{"damage_healed":0.0,"max_hp_gain":0.0,"max_hp_loss":0.0,"gold_gain":0.0,"cards_transformed":["Strike_B"],"event_name":"Living Wall","player_choice":"Change","floor":2.0,"gold_loss":0.0,"damage_taken":0.0,"cards_obtained":["Chill"]},{"damage_healed":17.0,"max_hp_gain":0.0,"max_hp_loss":0.0,"gold_gain":0.0,"event_name":"The Cleric","player_choice":"Healed","floor":7.0,"gold_loss":35.0,"damage_taken":0.0},{"damage_healed":0.0,"max_hp_gain":0.0,"max_hp_loss":0.0,"gold_gain":0.0,"event_name":"Dead Adventurer","player_choice":"Searched \u00272\u0027 times","floor":11.0,"gold_loss":0.0,"damage_taken":0.0,"relics_obtained":["Blood Vial"]},{"cards_removed":["Strike_B"],"damage_healed":0.0,"max_hp_gain":0.0,"max_hp_loss":0.0,"gold_gain":0.0,"event_name":"Golden Wing","player_choice":"Card Removal","floor":13.0,"gold_loss":0.0,"damage_taken":7.0},{"damage_healed":0.0,"max_hp_gain":0.0,"max_hp_loss":0.0,"gold_gain":0.0,"event_name":"The Mausoleum","player_choice":"Ignored","floor":19.0,"gold_loss":0.0,"damage_taken":0.0},{"cards_removed":["Strike_B"],"damage_healed":0.0,"max_hp_gain":0.0,"max_hp_loss":0.0,"gold_gain":0.0,"event_name":"Back to Basics","player_choice":"Elegance","floor":20.0,"gold_loss":0.0,"damage_taken":0.0},{"damage_healed":0.0,"max_hp_gain":0.0,"max_hp_loss":0.0,"gold_gain":0.0,"event_name":"The Library","player_choice":"Read","floor":21.0,"gold_loss":0.0,"damage_taken":0.0,"cards_obtained":["Skim"]},{"damage_healed":0.0,"max_hp_gain":0.0,"max_hp_loss":0.0,"gold_gain":0.0,"cards_transformed":["Strike_B"],"event_name":"Transmorgrifier","player_choice":"Transformed","floor":27.0,"gold_loss":0.0,"damage_taken":0.0,"cards_obtained":["Conserve Battery"]},{"cards_removed":["Defend_B"],"damage_healed":0.0,"max_hp_gain":0.0,"max_hp_loss":0.0,"gold_gain":0.0,"event_name":"Purifier","player_choice":"Purged","floor":36.0,"gold_loss":0.0,"damage_taken":0.0},{"damage_healed":0.0,"max_hp_gain":0.0,"max_hp_loss":0.0,"gold_gain":0.0,"event_name":"Duplicator","player_choice":"Copied","floor":38.0,"gold_loss":0.0,"damage_taken":0.0,"cards_obtained":["Metamorphosis"]},{"damage_healed":0,"gold_gain":0,"player_choice":"0 cards matched","damage_taken":0,"max_hp_gain":0,"max_hp_loss":0,"event_name":"Match and Keep!","floor":44,"gold_loss":0,"cards_obtained":[]},{"cards_removed":["Chill"],"damage_healed":0,"gold_gain":0,"player_choice":"Gave Card","damage_taken":0,"relics_obtained":["PreservedInsect"],"max_hp_gain":0,"max_hp_loss":0,"event_name":"WeMeetAgain","floor":46,"gold_loss":0}],"is_beta":false,"boss_relics":[{"not_picked":["White Beast Statue","FrozenCore"],"picked":"Tiny House"},{"not_picked":["Black Star","Empty Cage"],"picked":"Busted Crown"}],"items_purged_floors":[37],"is_endless":false,"potions_floor_spawned":[1,3,5,12,18,28,29,33,40,47],"killed_by":"Time Eater","ascension_level":20}