{"gold_per_floor":[111,111,125,125,12,12,12,12],"floor_reached":8,"playtime":265,"items_purged":[],"score":88,"play_id":"c8c35fc3-2cd9-4d79-a582-4a5aff58a6e9","local_time":"20190323164346","is_ascension_mode":true,"campfire_choices":[{"data":"Poisoned Stab","floor":6,"key":"SMITH"}],"neow_cost":"CURSE","seed_source_timestamp":18824475887117,"circlet_count":0,"master_deck":["AscendersBane","Defend_G","Defend_G","Defend_G","Defend_G","Defend_G+1","Strike_G","Strike_G","Strike_G+1","Strike_G","Strike_G","Survivor","Neutralize","Doubt","After Image","Dash","Catalyst","Poisoned Stab+1"],"relics":["Ring of the Snake","Blood Vial"],"potions_floor_usage":[8,8],"damage_taken":[{"damage":10,"enemies":"Jaw Worm","floor":1,"turns":9},{"damage":4,"enemies":"Small Slimes","floor":3,"turns":4},{"damage":40,"enemies":"Gremlin Nob","floor":8,"turns":4}],"seed_played":"6794968113219668316","potions_obtained":[{"floor":1,"key":"Regen Potion"}],"is_trial":false,"path_per_floor":["M","?","M","?","$","R","?","E"],"character_chosen":"THE_SILENT","items_purchased":["Poisoned Stab","Swift Potion"],"campfire_rested":0,"item_purchase_floors":[5,5],"current_hp_per_floor":[49,23,21,1,1,1,1,0],"gold":12,"neow_bonus":"THREE_RARE_CARDS","is_prod":false,"is_daily":false,"chose_seed":false,"campfire_upgraded":1,"win_rate":0,"timestamp":1553330626,"path_taken":["M","?","M","?","$","R","?","E"],"build_version":"2019-01-23","purchased_purges":0,"victory":false,"max_hp_per_floor":[66,66,66,66,66,66,66,66],"card_choices":[{"not_picked":["Storm of Steel","Unload"],"picked":"After Image","floor":0},{"not_picked":["Deflect","Leg Sweep"],"picked":"Dash","floor":1},{"not_picked":["Slice","Dagger Throw"],"picked":"Catalyst","floor":3}],"player_experience":3815036,"relics_obtained":[],"event_choices":[{"damage_healed":0,"gold_gain":0,"player_choice":"Success","damage_taken":26,"relics_obtained":["Blood Vial"],"max_hp_gain":0,"max_hp_loss":0,"event_name":"Scrap Ooze","floor":2,"gold_loss":0},{"damage_healed":0,"gold_gain":0,"player_choice":"Entered Light","damage_taken":20,"max_hp_gain":0,"max_hp_loss":0,"event_name":"Shining Light","floor":4,"gold_loss":0,"cards_upgraded":["Defend_G","Strike_G"]},{"damage_healed":0,"gold_gain":0,"player_choice":"Leave","damage_taken":0,"max_hp_gain":0,"max_hp_loss":0,"event_name":"The Cleric","floor":7,"gold_loss":0}],"is_beta":false,"boss_relics":[],"items_purged_floors":[],"is_endless":false,"potions_floor_spawned":[1],"killed_by":"Gremlin Nob","ascension_level":20}