{"gold_per_floor":[111,111,111,36,50,50,81,6,31,57,57,77,91,91,91,91],"floor_reached":16,"playtime":158,"items_purged":["Strike_G"],"score":246,"play_id":"dfbaa0c3-7fdd-49a9-9339-1c194f742c50","local_time":"20190116123431","is_ascension_mode":true,"campfire_choices":[{"data":"Neutralize","floor":6,"key":"SMITH"},{"data":"Catalyst","floor":11,"key":"SMITH"},{"data":"Survivor","floor":15,"key":"SMITH"}],"neow_cost":"NONE","seed_source_timestamp":6014060056486,"circlet_count":0,"master_deck":["AscendersBane","Defend_G","Defend_G","Defend_G","Defend_G","Defend_G","Strike_G","Strike_G","Strike_G","Survivor+1","Neutralize+1","Catalyst+1"],"relics":["Ring of the Snake","NeowsBlessing","Ninja Scroll","Vajra","Strawberry"],"potions_floor_usage":[],"damage_taken":[{"damage":0,"enemies":"Jaw Worm","floor":1,"turns":1},{"damage":0,"enemies":"Cultist","floor":5,"turns":1},{"damage":0,"enemies":"Lagavulin","floor":7,"turns":1},{"damage":1,"enemies":"Small Slimes","floor":12,"turns":5},{"damage":1,"enemies":"Blue Slaver","floor":13,"turns":3},{"damage":0,"enemies":"Hexaghost","floor":16,"turns":1}],"seed_played":"6015914562784169387","potions_obtained":[{"floor":5,"key":"SpeedPotion"},{"floor":13,"key":"Block Potion"}],"is_trial":false,"path_per_floor":["M","?","?","$","M","R","E","?","T","T","R","M","M","$","R","B"],"character_chosen":"THE_SILENT","items_purchased":[],"campfire_rested":0,"item_purchase_floors":[],"current_hp_per_floor":[59,48,39,39,39,39,39,39,39,46,46,45,44,44,44,44],"gold":91,"neow_bonus":"THREE_ENEMY_KILL","is_prod":false,"is_daily":false,"chose_seed":false,"campfire_upgraded":3,"win_rate":0,"timestamp":1547613271,"path_taken":["M","?","?","$","?","R","E","?","T","?","R","M","M","$","R","BOSS"],"build_version":"2019-01-10","purchased_purges":1,"victory":false,"max_hp_per_floor":[66,66,66,66,66,66,66,66,66,73,73,73,73,73,73,73],"card_choices":[{"not_picked":["Outmaneuver","PiercingWail","Accuracy"],"picked":"SKIP","floor":1},{"not_picked":["Blur","Bane","Underhanded Strike"],"picked":"SKIP","floor":5},{"not_picked":["Riddle With Holes","Venomology"],"picked":"Catalyst","floor":7},{"not_picked":["Dagger Spray","Slice","Riddle With Holes"],"picked":"SKIP","floor":12},{"not_picked":["Heel Hook","Sucker Punch","Acrobatics"],"picked":"SKIP","floor":13}],"player_experience":1944814,"relics_obtained":[{"floor":7,"key":"Vajra"},{"floor":10,"key":"Strawberry"}],"event_choices":[{"damage_healed":0,"gold_gain":0,"player_choice":"Success","damage_taken":11,"relics_obtained":["Ninja Scroll"],"max_hp_gain":0,"max_hp_loss":0,"event_name":"Scrap Ooze","floor":2,"gold_loss":0},{"damage_healed":0,"gold_gain":0,"player_choice":"Damaged","damage_taken":9,"max_hp_gain":0,"max_hp_loss":0,"event_name":"Wheel of Change","floor":3,"gold_loss":0},{"cards_removed":["Strike_G"],"damage_healed":0,"gold_gain":0,"player_choice":"Card Removal","damage_taken":0,"max_hp_gain":0,"max_hp_loss":0,"event_name":"The Cleric","floor":8,"gold_loss":75}],"is_beta":false,"boss_relics":[],"items_purged_floors":[4],"is_endless":false,"potions_floor_spawned":[5,13],"killed_by":"Hexaghost","ascension_level":20}