{"gold_per_floor":[118,43,56,68,68,68,83,102,102,102,102,117,137,137],"floor_reached":14,"playtime":310,"items_purged":["Strike_G"],"score":168,"play_id":"243fcec4-2cff-451b-a1f5-46788fbd9680","local_time":"20190103120353","is_ascension_mode":true,"campfire_choices":[{"data":"Neutralize","floor":6.0,"key":"SMITH"},{"data":"Tactician","floor":11.0,"key":"SMITH"}],"neow_cost":"TEN_PERCENT_HP_LOSS","seed_source_timestamp":249411847473,"circlet_count":0,"master_deck":["AscendersBane","Defend_G","Defend_G","Defend_G","Defend_G","Strike_G","Strike_G","Strike_G","Survivor","Neutralize+1","Tactician+1","Tactician","Masterful Stab","Escape Plan","Heel Hook"],"special_seed":0,"relics":["Ring of the Snake","Letter Opener","PreservedInsect"],"potions_floor_usage":[],"damage_taken":[{"damage":17.0,"enemies":"Cultist","floor":1.0,"turns":6.0},{"damage":4.0,"enemies":"Jaw Worm","floor":3.0,"turns":8.0},{"damage":4.0,"enemies":"2 Louse","floor":4.0,"turns":4.0},{"damage":8.0,"enemies":"Blue Slaver","floor":7.0,"turns":5.0},{"damage":0.0,"enemies":"Lots of Slimes","floor":8.0,"turns":2.0},{"damage":0.0,"enemies":"2 Fungi Beasts","floor":12.0,"turns":3.0},{"damage":1.0,"enemies":"3 Louse","floor":13.0,"turns":3.0},{"damage":4,"enemies":"Large Slime","floor":14,"turns":4}],"seed_played":"1284212437636862356","potions_obtained":[{"floor":1.0,"key":"Explosive Potion"},{"floor":3.0,"key":"Explosive Potion"},{"floor":13.0,"key":"Weak Potion"}],"is_trial":false,"path_per_floor":["M","$","M","M","$","R","M","M","T","?","R","M","M","M"],"character_chosen":"THE_SILENT","items_purchased":[],"campfire_rested":0,"item_purchase_floors":[],"current_hp_per_floor":[42,42,38,34,34,34,26,26,26,15,15,15,14,10],"gold":137,"neow_bonus":"REMOVE_TWO","is_prod":false,"is_daily":false,"chose_seed":false,"campfire_upgraded":2,"win_rate":0,"timestamp":1546488233,"path_taken":["M","$","?","M","$","R","M","?","T","?","R","M","M","M"],"build_version":"2018-12-20","purchased_purges":1,"victory":false,"max_hp_per_floor":[60,60,60,60,60,60,60,60,60,60,60,60,60,60],"card_choices":[{"not_picked":["Slice","Quick Slash"],"picked":"Tactician","floor":1.0},{"not_picked":["Deflect","Caltrops"],"picked":"Tactician","floor":3.0},{"not_picked":["All Out Attack","Predator"],"picked":"Masterful Stab","floor":4.0},{"not_picked":["Backflip","Prepared"],"picked":"Escape Plan","floor":7.0},{"not_picked":["Dagger Spray","Blade Dance","Bane"],"picked":"SKIP","floor":8.0},{"not_picked":["Flying Knee","Doppelganger","Backstab"],"picked":"SKIP","floor":12.0},{"not_picked":["Dodge and Roll","Quick Slash"],"picked":"Heel Hook","floor":13.0}],"player_experience":1683042,"relics_obtained":[{"floor":9.0,"key":"Letter Opener"}],"event_choices":[{"damage_healed":0.0,"max_hp_gain":0.0,"max_hp_loss":0.0,"gold_gain":0.0,"event_name":"Scrap Ooze","player_choice":"Success","floor":10.0,"gold_loss":0.0,"damage_taken":11.0,"relics_obtained":["PreservedInsect"]}],"is_beta":false,"boss_relics":[],"items_purged_floors":[2],"is_endless":false,"potions_floor_spawned":[1,3,7,13],"killed_by":"Large Slime","ascension_level":20}