{"gold_per_floor":[109,126,51,51,201,1,1,17,17,36,71,71,71],"floor_reached":13,"playtime":215,"items_purged":["Strike_B"],"score":166,"play_id":"d77ad559-de08-4292-ac7a-02e9fa28e7aa","local_time":"20190425050656","is_ascension_mode":true,"campfire_choices":[{"data":"Darkness","floor":7,"key":"SMITH"}],"neow_cost":"NONE","seed_source_timestamp":219500086741230,"circlet_count":0,"master_deck":["AscendersBane","Strike_B","Strike_B","Strike_B","Defend_B","Defend_B","Defend_B","Defend_B","Zap","Dualcast","Sunder","Self Repair","Darkness+1","Hologram","Loop"],"relics":["Cracked Core","NeowsBlessing","The Courier","ClockworkSouvenir","Emotion Chip","Mummified Hand"],"potions_floor_usage":[10,13],"damage_taken":[{"damage":0,"enemies":"Small Slimes","floor":1,"turns":1},{"damage":0,"enemies":"Jaw Worm","floor":2,"turns":1},{"damage":0,"enemies":"Cultist","floor":8,"turns":1},{"damage":30,"enemies":"Large Slime","floor":10,"turns":8},{"damage":11,"enemies":"Gremlin Nob","floor":11,"turns":3},{"damage":0,"enemies":"3 Sentries","floor":13,"turns":2}],"seed_played":"-5987404285664805712","potions_obtained":[{"floor":1,"key":"SpeedPotion"},{"floor":11,"key":"Fire Potion"}],"is_trial":false,"path_per_floor":["M","M","$","?","?","$","R","M","T","M","E","?","E"],"character_chosen":"DEFECT","items_purchased":["Darkness","ClockworkSouvenir"],"campfire_rested":0,"item_purchase_floors":[6,6],"current_hp_per_floor":[64,64,64,38,38,38,38,38,38,15,11,4,4],"gold":71,"neow_bonus":"THREE_ENEMY_KILL","is_prod":false,"is_daily":false,"chose_seed":false,"campfire_upgraded":1,"win_rate":0,"timestamp":1556140016,"path_taken":["M","M","$","?","?","$","R","M","T","M","E","?","E"],"build_version":"2019-01-23","purchased_purges":1,"victory":false,"max_hp_per_floor":[71,71,71,71,71,71,71,71,71,71,71,71,71],"card_choices":[{"not_picked":["Reinforced Body","Compile Driver"],"picked":"Sunder","floor":1},{"not_picked":["Redo","Steam"],"picked":"Self Repair","floor":2},{"not_picked":["Aggregate","Fusion","Rip and Tear"],"picked":"SKIP","floor":8},{"not_picked":["Gash","Compile Driver"],"picked":"Hologram","floor":10},{"not_picked":["Stack","Storm"],"picked":"Loop","floor":11}],"player_experience":4510802,"relics_obtained":[{"floor":9,"key":"Emotion Chip"},{"floor":11,"key":"Mummified Hand"}],"event_choices":[{"damage_healed":0,"gold_gain":0,"player_choice":"Success","damage_taken":26,"relics_obtained":["The Courier"],"max_hp_gain":0,"max_hp_loss":0,"event_name":"Scrap Ooze","floor":4,"gold_loss":0},{"damage_healed":0,"gold_gain":150,"player_choice":"AGREE","damage_taken":0,"max_hp_gain":0,"max_hp_loss":0,"event_name":"Liars Game","floor":5,"gold_loss":0,"cards_obtained":["Doubt"]},{"cards_removed":["Doubt"],"damage_healed":0,"gold_gain":0,"player_choice":"Card Removal","damage_taken":7,"max_hp_gain":0,"max_hp_loss":0,"event_name":"Golden Wing","floor":12,"gold_loss":0}],"is_beta":false,"boss_relics":[],"items_purged_floors":[3],"is_endless":false,"potions_floor_spawned":[1,11],"killed_by":"3 Sentries","ascension_level":20}