{"gold_per_floor":[109,124,142,142,154,154,186,186,186,205,205,222,251,264,264,366,366,380,191,205,222,42,42,69,69],"floor_reached":25,"playtime":1040,"items_purged":["Strike_B","Strike_B"],"score":317,"play_id":"5ece4229-499f-4ca0-99f3-f6a3ba61acc1","local_time":"20181009185105","is_ascension_mode":true,"campfire_choices":[{"data":"Zap","floor":6,"key":"SMITH"},{"data":"Dualcast","floor":8,"key":"SMITH"},{"data":"Streamline","floor":11,"key":"SMITH"},{"data":"White Noise","floor":15,"key":"SMITH"},{"floor":23,"key":"REST"}],"neow_cost":"NONE","seed_source_timestamp":28912732741302,"circlet_count":0,"master_deck":["Strike_B","Strike_B","Defend_B","Defend_B","Defend_B","Defend_B","Zap+1","Dualcast+1","Streamline+1","Rip and Tear","White Noise+1","Undo","Coolheaded","Echo Form","Glacier","Creative AI","Turbo","Recycle","Sunder","Consume+1","Coolheaded","Capacitor","Turbo"],"relics":["Cracked Core","Gremlin Horn","Pear","Blue Candle","PreservedInsect","Nuclear Battery","Unceasing Top"],"potions_floor_usage":[13,16,21,24],"damage_taken":[{"damage":2,"enemies":"Jaw Worm","floor":1,"turns":3},{"damage":0,"enemies":"Cultist","floor":2,"turns":2},{"damage":12,"enemies":"Small Slimes","floor":3,"turns":2},{"damage":5,"enemies":"Gremlin Gang","floor":5,"turns":4},{"damage":20,"enemies":"3 Sentries","floor":7,"turns":4},{"damage":6,"enemies":"Exordium Thugs","floor":10,"turns":4},{"damage":6,"enemies":"3 Louse","floor":12,"turns":2},{"damage":3,"enemies":"Lagavulin","floor":13,"turns":5},{"damage":5,"enemies":"Lots of Slimes","floor":14,"turns":4},{"damage":9,"enemies":"Slime Boss","floor":16,"turns":10},{"damage":26,"enemies":"3 Byrds","floor":18,"turns":8},{"damage":5,"enemies":"Shell Parasite","floor":20,"turns":6},{"damage":9,"enemies":"Sentry and Sphere","floor":21,"turns":10},{"damage":36,"enemies":"Slavers","floor":24,"turns":4},{"damage":16,"enemies":"Snake Plant","floor":25,"turns":1}],"seed_played":"-8950040531237889800","potions_obtained":[{"floor":1,"key":"FearPotion"},{"floor":2,"key":"Swift Potion"},{"floor":5,"key":"Weak Potion"},{"floor":13,"key":"Strength Potion"},{"floor":18,"key":"Dexterity Potion"},{"floor":20,"key":"Block Potion"}],"is_trial":false,"path_per_floor":["M","M","M","?","M","R","E","R","T","M","R","M","E","M","R","B",null,"M","$","M","M","$","R","E"],"character_chosen":"DEFECT","items_purchased":["Recycle","Sunder","Capacitor"],"campfire_rested":1,"item_purchase_floors":[19,19,22],"current_hp_per_floor":[66,66,54,54,49,49,39,39,39,33,33,27,24,19,19,10,66,40,40,35,26,26,51,15,0],"gold":69,"neow_bonus":"THREE_CARDS","is_prod":false,"is_daily":false,"chose_seed":false,"campfire_upgraded":4,"win_rate":0,"timestamp":1539082265,"path_taken":["M","M","M","?","?","R","E","R","T","M","R","M","E","M","R","BOSS","M","$","M","M","$","R","E","M"],"build_version":"2018-10-04v2","purchased_purges":2,"victory":false,"max_hp_per_floor":[75,75,75,75,75,75,85,85,85,85,85,85,85,85,85,85,85,85,85,85,85,85,85,85,85],"card_choices":[{"not_picked":["Aggregate","Rip and Tear"],"picked":"Gash","floor":0},{"not_picked":["Lockon","Sweeping Beam"],"picked":"Streamline","floor":1},{"not_picked":["Turbo","Skim"],"picked":"Rip and Tear","floor":2},{"not_picked":["Streamline","Reprogram"],"picked":"White Noise","floor":3},{"not_picked":["Compile Driver","Steam","Storm"],"picked":"SKIP","floor":5},{"not_picked":["Amplify","Sweeping Beam"],"picked":"Undo","floor":7},{"not_picked":["Go for the Eyes","Steam"],"picked":"Coolheaded","floor":10},{"not_picked":["Go for the Eyes","Aggregate"],"picked":"Echo Form","floor":12},{"not_picked":["Hologram","Streamline","FTL"],"picked":"SKIP","floor":13},{"not_picked":["Turbo","Cold Snap"],"picked":"Glacier","floor":14},{"not_picked":["Meteor Strike","Seek"],"picked":"Creative AI","floor":16},{"not_picked":["Static Discharge","Undo"],"picked":"Turbo","floor":18},{"not_picked":["Sweeping Beam","Beam Cell"],"picked":"Consume+1","floor":20},{"not_picked":["Leap","Hologram"],"picked":"Coolheaded","floor":21},{"not_picked":["Compile Driver+1","Sweeping Beam+1"],"picked":"Turbo","floor":24}],"player_experience":51077,"relics_obtained":[{"floor":7,"key":"Pear"},{"floor":9,"key":"Blue Candle"},{"floor":13,"key":"PreservedInsect"},{"floor":24,"key":"Unceasing Top"}],"event_choices":[{"event_name":"WeMeetAgain","player_choice":"Card","floor":4,"damage_taken":0}],"is_beta":false,"boss_relics":[{"not_picked":["Tiny House","Astrolabe"],"picked":"Nuclear Battery"}],"items_purged_floors":[19,22],"is_endless":false,"potions_floor_spawned":[1,2,5,13,14,18,20],"killed_by":"Snake Plant","ascension_level":7}