{"gold_per_floor":[16,36,47,12,12,43,43,73,97,120,120,120,120,135,135,213,213,229,245,7,7,34,61,61,88,88,88,88,113,113,128,128,128],"floor_reached":33,"playtime":1553,"items_purged":["Strike_R"],"score":718,"play_id":"c10cfc41-6e83-46ba-b40d-e8d7849a2e3e","local_time":"20190709003852","is_ascension_mode":true,"campfire_choices":[{"floor":7,"key":"REST"},{"data":"Armaments","floor":11,"key":"SMITH"},{"floor":13,"key":"REST"},{"data":"Fiend Fire","floor":15,"key":"SMITH"},{"data":"Offering","floor":24,"key":"SMITH"},{"floor":27,"key":"REST"},{"floor":30,"key":"REST"},{"data":"Offering","floor":32,"key":"SMITH"}],"neow_cost":"NO_GOLD","seed_source_timestamp":127462084994079,"circlet_count":0,"master_deck":["AscendersBane","Strike_R+1","Strike_R+1","Defend_R+1","Defend_R","Defend_R","Defend_R+1","Bash","Disarm","Cleave","Rampage+1","Armaments+1","Iron Wave","Fiend Fire+1","Offering+1","Offering+1","Dark Embrace","Evolve","Inflame","Feed"],"relics":["Burning Blood","Turnip","War Paint","Whetstone","Pen Nib","Regal Pillow","Sozu","Bronze Scales","Vajra","PreservedInsect","Self Forming Clay","Oddly Smooth Stone"],"potions_floor_usage":[8,16,23,29],"damage_taken":[{"damage":12,"enemies":"Cultist","floor":1,"turns":4},{"damage":0,"enemies":"Jaw Worm","floor":2,"turns":7},{"damage":8,"enemies":"Small Slimes","floor":3,"turns":4},{"damage":50,"enemies":"3 Sentries","floor":6,"turns":7},{"damage":23,"enemies":"Lagavulin","floor":8,"turns":7},{"damage":12,"enemies":"Blue Slaver","floor":14,"turns":4},{"damage":69,"enemies":"Slime Boss","floor":16,"turns":11},{"damage":12,"enemies":"Spheric Guardian","floor":18,"turns":4},{"damage":8,"enemies":"3 Byrds","floor":19,"turns":6},{"damage":12,"enemies":"Book of Stabbing","floor":23,"turns":4},{"damage":45,"enemies":"Slavers","floor":25,"turns":5},{"damage":12,"enemies":"Gremlin Leader","floor":29,"turns":1},{"damage":15,"enemies":"Centurion and Healer","floor":31,"turns":5},{"damage":62,"enemies":"Champ","floor":33,"turns":8}],"seed_played":"-6958581001756038526","potions_obtained":[{"floor":3,"key":"GamblersBrew"},{"floor":6,"key":"GamblersBrew"},{"floor":8,"key":"AttackPotion"},{"floor":16,"key":"EssenceOfSteel"}],"is_trial":false,"path_per_floor":["M","M","M","?","?","E","R","E","T","T","R","?","R","M","R","B",null,"M","M","$","?","T","E","R","E","T","R","?","E","R","M","R","B"],"character_chosen":"IRONCLAD","items_purchased":["Offering"],"campfire_rested":4,"item_purchase_floors":[20],"current_hp_per_floor":[62,68,66,75,75,31,53,36,36,36,36,41,80,74,74,11,63,57,55,55,55,55,49,49,10,10,49,26,20,60,54,54,0],"gold":128,"neow_bonus":"ONE_RARE_RELIC","is_prod":false,"is_daily":false,"chose_seed":false,"campfire_upgraded":4,"win_rate":0,"timestamp":1562625532,"path_taken":["M","M","?","?","?","E","R","E","T","?","R","?","R","?","R","BOSS","M","M","$","?","?","E","R","E","T","R","?","E","R","M","R","BOSS"],"build_version":"2019-07-05","purchased_purges":1,"victory":false,"max_hp_per_floor":[75,75,75,75,75,75,75,75,75,75,75,80,80,80,80,80,80,80,80,80,80,80,80,80,80,80,80,85,85,85,88,88,88],"card_choices":[{"not_picked":["Headbutt","Burning Pact"],"picked":"Disarm","floor":1},{"not_picked":["Reckless Charge","Pommel Strike"],"picked":"Cleave","floor":2},{"not_picked":["Twin Strike","Sword Boomerang"],"picked":"Rampage","floor":3},{"not_picked":["Warcry","Brutality"],"picked":"Armaments","floor":6},{"not_picked":["Entrench","Combust"],"picked":"Iron Wave","floor":8},{"not_picked":["Pommel Strike","Iron Wave"],"picked":"Fiend Fire","floor":14},{"not_picked":["Brutality","Impervious"],"picked":"Offering","floor":16},{"not_picked":["True Grit","Heavy Blade","Clash"],"picked":"SKIP","floor":18},{"not_picked":["Cleave","Intimidate","Sever Soul"],"picked":"SKIP","floor":19},{"not_picked":["Pommel Strike","Headbutt"],"picked":"Inflame","floor":23},{"not_picked":["Metallicize+1","Iron Wave"],"picked":"Feed","floor":25},{"not_picked":["Armaments","Headbutt","Havoc"],"picked":"SKIP","floor":29},{"not_picked":["Rage","Sever Soul","Entrench"],"picked":"SKIP","floor":31}],"player_experience":680706,"relics_obtained":[{"floor":6,"key":"War Paint"},{"floor":8,"key":"Whetstone"},{"floor":9,"key":"Pen Nib"},{"floor":10,"key":"Regal Pillow"},{"floor":22,"key":"Bronze Scales"},{"floor":23,"key":"Vajra"},{"floor":25,"key":"PreservedInsect"},{"floor":26,"key":"Self Forming Clay"},{"floor":29,"key":"Oddly Smooth Stone"}],"event_choices":[{"damage_healed":18,"gold_gain":0,"player_choice":"Healed","damage_taken":0,"max_hp_gain":0,"max_hp_loss":0,"event_name":"The Cleric","floor":4,"gold_loss":35},{"damage_healed":0,"gold_gain":0,"player_choice":"Grow","damage_taken":0,"max_hp_gain":0,"max_hp_loss":0,"event_name":"Living Wall","floor":5,"gold_loss":0,"cards_upgraded":["Rampage"]},{"damage_healed":0,"gold_gain":0,"player_choice":"Donut","damage_taken":0,"max_hp_gain":5,"max_hp_loss":0,"event_name":"Big Fish","floor":12,"gold_loss":0},{"damage_healed":0,"gold_gain":0,"cards_transformed":["Strike_R","Strike_R"],"player_choice":"Became Test Subject","damage_taken":0,"max_hp_gain":0,"max_hp_loss":0,"event_name":"Drug Dealer","floor":21,"gold_loss":0,"cards_obtained":["Dark Embrace","Evolve"]},{"damage_healed":0,"gold_gain":0,"player_choice":"Shed Blood","damage_taken":28,"max_hp_gain":5,"max_hp_loss":0,"event_name":"Forgotten Altar","floor":28,"gold_loss":0}],"is_beta":false,"boss_relics":[{"not_picked":["Runic Cube","Runic Dome"],"picked":"Sozu"}],"items_purged_floors":[20],"is_endless":false,"potions_floor_spawned":[3,6,8,16,23,25],"killed_by":"Champ","ascension_level":20}