{"gold_per_floor":[113,113,29,29,79,79,99,124,203,203,52,73,73,89,89,185,185,185],"floor_reached":18,"playtime":827,"items_purged":["Strike_G"],"score":300,"play_id":"daa99a7f-9d39-4999-bdbc-5b9360102c0f","local_time":"20190707094449","is_ascension_mode":true,"campfire_choices":[{"data":"Neutralize","floor":6,"key":"SMITH"},{"data":"Deadly Poison","floor":10,"key":"SMITH"},{"data":"Well Laid Plans","floor":15,"key":"SMITH"}],"neow_cost":"PERCENT_DAMAGE","seed_source_timestamp":2657382177245,"circlet_count":0,"master_deck":["AscendersBane","Strike_G","Strike_G","Strike_G","Strike_G","Defend_G","Defend_G","Defend_G","Defend_G","Defend_G","Survivor","Neutralize+1","Infinite Blades","Tactician","Deadly Poison+1","Well Laid Plans+1","Bane","Glass Knife","Grand Finale","Acrobatics","Footwork"],"special_seed":0,"relics":["Ring of the Snake","Golden Idol","Mummified Hand","Orrery"],"potions_floor_usage":[16,16,16],"damage_taken":[{"damage":0.0,"enemies":"Cultist","floor":1.0,"turns":4.0},{"damage":4,"enemies":"2 Louse","floor":7,"turns":4},{"damage":4,"enemies":"Jaw Worm","floor":8,"turns":4},{"damage":2,"enemies":"Red Slaver","floor":12,"turns":4},{"damage":9,"enemies":"Large Slime","floor":14,"turns":6},{"damage":2,"enemies":"Hexaghost","floor":16,"turns":8},{"damage":0,"enemies":"Spheric Guardian","floor":18,"turns":2}],"seed_played":"-8295261135910714988","potions_obtained":[{"floor":7,"key":"EntropicBrew"},{"floor":12,"key":"FearPotion"}],"is_trial":false,"path_per_floor":["M","$","$","?","?","R","M","M","T","R","$","M","?","M","R","B",null,"M"],"character_chosen":"THE_SILENT","items_purchased":["Tactician","Well Laid Plans"],"campfire_rested":0,"item_purchase_floors":[3,11],"current_hp_per_floor":[56,56,56,29,22,22,18,14,14,14,14,12,12,3,3,1,59,59],"gold":185,"neow_bonus":"TWENTY_PERCENT_HP_BONUS","is_prod":false,"is_daily":false,"chose_seed":false,"campfire_upgraded":3,"win_rate":0,"timestamp":1562463889,"path_taken":["M","?","$","?","?","R","M","?","T","R","$","M","?","M","R","BOSS","M"],"build_version":"2019-07-05","purchased_purges":1,"victory":false,"max_hp_per_floor":[78,78,78,78,78,78,78,78,78,78,78,78,78,78,78,78,78,78],"card_choices":[{"not_picked":["Sucker Punch","Prepared"],"picked":"Infinite Blades","floor":1.0},{"not_picked":["Quick Slash","Dagger Spray"],"picked":"Deadly Poison","floor":7},{"not_picked":["Sucker Punch","Slice","Accuracy"],"picked":"SKIP","floor":8},{"not_picked":["Eviscerate","Quick Slash"],"picked":"Bane","floor":12},{"not_picked":["Deadly Poison","Dagger Throw"],"picked":"Glass Knife","floor":14},{"not_picked":["A Thousand Cuts","Corpse Explosion"],"picked":"Grand Finale","floor":16},{"not_picked":["PiercingWail","Footwork"],"picked":"Acrobatics","floor":17},{"not_picked":["Outmaneuver","Dagger Spray"],"picked":"Footwork","floor":17}],"player_experience":5700598,"relics_obtained":[{"floor":9,"key":"Mummified Hand"}],"event_choices":[{"damage_healed":0.0,"max_hp_gain":0.0,"max_hp_loss":0.0,"gold_gain":0.0,"event_name":"Golden Idol","player_choice":"Take Damage","floor":4.0,"gold_loss":0.0,"damage_taken":27.0,"relics_obtained":["Golden Idol"]},{"damage_healed":0,"gold_gain":50,"player_choice":"Touch","damage_taken":7,"max_hp_gain":0,"max_hp_loss":0,"event_name":"FaceTrader","floor":5,"gold_loss":0},{"damage_healed":0,"gold_gain":0,"player_choice":"Ignored","damage_taken":0,"max_hp_gain":0,"max_hp_loss":0,"event_name":"Liars Game","floor":13,"gold_loss":0}],"is_beta":false,"boss_relics":[{"not_picked":["Philosopher\u0027s Stone","Black Star"],"picked":"Orrery"}],"items_purged_floors":[11],"is_endless":false,"potions_floor_spawned":[7,12],"killed_by":"Spheric Guardian","ascension_level":20}