{"gold_per_floor":[115,265,6,56,67,67,95,106,131,141,160,191,191,91,91,91],"floor_reached":16,"playtime":387,"items_purged":["Doubt","Strike_G"],"score":236,"play_id":"29e737a9-bda6-42b6-a108-c641e86b56f2","local_time":"20190216132132","is_ascension_mode":true,"campfire_choices":[{"data":"Cloak And Dagger","floor":6,"key":"SMITH"},{"data":"Accuracy","floor":13,"key":"SMITH"},{"data":"Neutralize","floor":15,"key":"SMITH"}],"neow_cost":"NONE","seed_source_timestamp":324883607464474,"circlet_count":0,"master_deck":["AscendersBane","Defend_G","Defend_G","Defend_G","Defend_G","Defend_G","Strike_G","Strike_G","Strike_G","Strike_G","Survivor","Neutralize+1","After Image","Cloak And Dagger+1","Finisher","Accuracy+1","Well Laid Plans"],"relics":["Ring of the Snake","NeowsBlessing","Vajra","Bag of Marbles","Pear"],"potions_floor_usage":[16],"damage_taken":[{"damage":0,"enemies":"2 Louse","floor":1,"turns":1},{"damage":0,"enemies":"Small Slimes","floor":5,"turns":1},{"damage":0,"enemies":"Gremlin Nob","floor":7,"turns":1},{"damage":0,"enemies":"Cultist","floor":8,"turns":4},{"damage":11,"enemies":"Looter","floor":10,"turns":2},{"damage":0,"enemies":"Red Slaver","floor":11,"turns":1},{"damage":9,"enemies":"3 Sentries","floor":12,"turns":9},{"damage":50,"enemies":"Hexaghost","floor":16,"turns":15}],"seed_played":"5548379328351808177","potions_obtained":[{"floor":7,"key":"Weak Potion"},{"floor":8,"key":"LiquidBronze"}],"is_trial":false,"path_per_floor":["M","?","$","?","M","R","E","M","T","M","M","E","R","$","R","B"],"character_chosen":"THE_SILENT","items_purchased":["After Image","Cloak And Dagger"],"campfire_rested":0,"item_purchase_floors":[3,3],"current_hp_per_floor":[59,59,59,59,59,59,59,59,59,48,48,49,49,49,49,0],"gold":91,"neow_bonus":"THREE_ENEMY_KILL","is_prod":false,"is_daily":false,"chose_seed":false,"campfire_upgraded":3,"win_rate":0,"timestamp":1550294492,"path_taken":["M","?","$","?","M","R","E","M","T","M","M","E","R","$","R","BOSS"],"build_version":"2019-01-23","purchased_purges":2,"victory":false,"max_hp_per_floor":[66,66,66,66,66,66,66,66,66,66,66,76,76,76,76,76],"card_choices":[{"not_picked":["Slice","Deflect","Dodge and Roll"],"picked":"SKIP","floor":1},{"not_picked":["Dagger Spray","Underhanded Strike","Blur"],"picked":"SKIP","floor":5},{"not_picked":["Expertise","Quick Slash","Bane"],"picked":"SKIP","floor":7},{"not_picked":["Distraction","Poisoned Stab"],"picked":"Finisher","floor":8},{"not_picked":["Noxious Fumes","Bane","Flying Knee"],"picked":"SKIP","floor":10},{"not_picked":["Well Laid Plans","Prepared"],"picked":"Accuracy","floor":11},{"not_picked":["Catalyst","All Out Attack"],"picked":"Well Laid Plans","floor":12}],"player_experience":780275,"relics_obtained":[{"floor":7,"key":"Vajra"},{"floor":9,"key":"Bag of Marbles"},{"floor":12,"key":"Pear"}],"event_choices":[{"damage_healed":0,"gold_gain":150,"player_choice":"AGREE","damage_taken":0,"max_hp_gain":0,"max_hp_loss":0,"event_name":"Liars Game","floor":2,"gold_loss":0,"cards_obtained":["Doubt"]},{"damage_healed":0,"gold_gain":50,"player_choice":"Pray","damage_taken":0,"max_hp_gain":0,"max_hp_loss":0,"event_name":"Golden Shrine","floor":4,"gold_loss":0}],"is_beta":false,"boss_relics":[],"items_purged_floors":[3,14],"is_endless":false,"potions_floor_spawned":[7,8,10],"killed_by":"Hexaghost","ascension_level":15}