{"gold_per_floor":[39,77,77,107,26,51,51,51,51,51,121,121,166,166],"floor_reached":14,"playtime":492,"items_purged":[],"score":212,"play_id":"74689cf3-b6af-4bc0-8228-3c2c3a69d4cd","local_time":"20190314123220","is_ascension_mode":true,"campfire_choices":[{"data":"Hologram","floor":7,"key":"SMITH"},{"data":"Consume","floor":12,"key":"SMITH"}],"neow_cost":"NO_GOLD","seed_source_timestamp":16409858295046,"circlet_count":0,"master_deck":["AscendersBane","Strike_B","Strike_B","Strike_B","Strike_B","Defend_B","Defend_B","Defend_B","Defend_B","Zap","Dualcast","HandOfGreed","Metamorphosis","Hologram+1","Coolheaded","Consume+1","Reboot","Turbo","Capacitor","Fusion"],"special_seed":0,"relics":["Cracked Core","Mummified Hand","Gremlin Horn","Kunai","Ice Cream"],"potions_floor_usage":[6],"damage_taken":[{"damage":1.0,"enemies":"Cultist","floor":1.0,"turns":3.0},{"damage":3.0,"enemies":"Small Slimes","floor":2.0,"turns":3.0},{"damage":3.0,"enemies":"2 Louse","floor":4.0,"turns":2.0},{"damage":11,"enemies":"Gremlin Nob","floor":6,"turns":3},{"damage":22,"enemies":"3 Sentries","floor":11,"turns":7},{"damage":20,"enemies":"Lagavulin","floor":13,"turns":9},{"damage":7,"enemies":"Exordium Thugs","floor":14,"turns":1}],"seed_played":"2004087440683127855","potions_obtained":[{"floor":1.0,"key":"Swift Potion"},{"floor":4.0,"key":"Ancient Potion"}],"is_trial":false,"path_per_floor":["M","M","$","M","$","E","R","$","T","$","E","R","E","M"],"character_chosen":"DEFECT","items_purchased":["Reboot"],"campfire_rested":0,"item_purchase_floors":[5],"current_hp_per_floor":[63,60,60,57,57,46,46,46,46,46,24,24,4,0],"gold":166,"neow_bonus":"RANDOM_COLORLESS_2","is_prod":false,"is_daily":false,"chose_seed":false,"campfire_upgraded":2,"win_rate":0,"timestamp":1552537940,"path_taken":["M","?","?","M","$","E","R","$","T","$","E","R","E","?"],"build_version":"2019-01-23","purchased_purges":0,"victory":false,"max_hp_per_floor":[71,71,71,71,71,71,71,71,71,71,71,71,71,71],"card_choices":[{"not_picked":["Consume","Turbo"],"picked":"Hologram","floor":1.0},{"not_picked":["Steam","Redo"],"picked":"Coolheaded","floor":2.0},{"not_picked":["Redo","Fusion"],"picked":"Consume","floor":4.0},{"not_picked":["Fusion","Meteor Strike"],"picked":"Turbo","floor":6},{"not_picked":["Streamline","Force Field"],"picked":"Capacitor","floor":11},{"not_picked":["Sweeping Beam","Lockon"],"picked":"Fusion","floor":13}],"player_experience":3579019,"relics_obtained":[{"floor":6,"key":"Mummified Hand"},{"floor":9,"key":"Gremlin Horn"},{"floor":11,"key":"Kunai"},{"floor":13,"key":"Ice Cream"}],"event_choices":[],"is_beta":false,"boss_relics":[],"items_purged_floors":[],"is_endless":false,"potions_floor_spawned":[1,4],"killed_by":"Exordium Thugs","ascension_level":20}