{"gold_per_floor":[118,132,3,15,15,15,25,25,25,25,50,50,50,80,80,154,154,167,177,177,194,94,125,125,157,157,186,186,220,10,43,43,121,121,134,55,155,5,227,227,258,258,307,335,361,416,449,449,449,449,449,449,449,13,47,47],"floor_reached":57,"playtime":2896,"items_purged":["Strike_R","Strike_R","Strike_R","Bash"],"score":3442,"play_id":"2ca6d856-64a2-4d92-8280-d92f40ab646a","local_time":"20190527155154","is_ascension_mode":true,"campfire_choices":[{"data":"Rampage","floor":6.0,"key":"SMITH"},{"data":"Battle Trance","floor":8.0,"key":"SMITH"},{"data":"Flex","floor":10.0,"key":"SMITH"},{"data":"Fiend Fire","floor":13.0,"key":"SMITH"},{"data":"Shrug It Off","floor":15.0,"key":"SMITH"},{"data":"Second Wind","floor":24.0,"key":"SMITH"},{"data":"Entrench","floor":32.0,"key":"SMITH"},{"data":"Dark Embrace","floor":40.0,"key":"SMITH"},{"data":"Burning Pact","floor":42.0,"key":"SMITH"},{"floor":49.0,"key":"RECALL"},{"data":"Offering","floor":53.0,"key":"SMITH"}],"neow_cost":"NONE","seed_source_timestamp":92117258918763,"circlet_count":0,"master_deck":["AscendersBane","Defend_R","Defend_R","Defend_R","Defend_R","Cleave+1","Battle Trance+1","Flex+1","Rampage+1","Shrug It Off+1","Fiend Fire+1","Second Wind+1","Evolve","Dark Embrace+1","Offering+1","Entrench+1","Exhume","Burning Pact+1","Clash"],"special_seed":0,"relics":["Burning Blood","Self Forming Clay","Pocketwatch","Ginger","Black Star","Mango","Strawberry","Red Mask","Nunchaku","Vajra","Calipers","Art of War","Mummified Hand","Magic Flower","Pen Nib","Cursed Key","WingedGreaves","Omamori","The Courier","Bottled Tornado","Whetstone","Singing Bowl","Bag of Marbles","Gambling Chip","Blood Vial","Prayer Wheel","Bottled Flame","Frozen Eye","Kunai","Torii","Boot"],"potions_floor_usage":[56,56],"damage_taken":[{"damage":4.0,"enemies":"Jaw Worm","floor":1.0,"turns":4.0},{"damage":4.0,"enemies":"Small Slimes","floor":2.0,"turns":3.0},{"damage":1.0,"enemies":"Cultist","floor":4.0,"turns":3.0},{"damage":1.0,"enemies":"2 Fungi Beasts","floor":7.0,"turns":3.0},{"damage":11.0,"enemies":"Gremlin Nob","floor":11.0,"turns":3.0},{"damage":5.0,"enemies":"3 Sentries","floor":14.0,"turns":4.0},{"damage":13.0,"enemies":"The Guardian","floor":16.0,"turns":4.0},{"damage":0.0,"enemies":"2 Thieves","floor":18.0,"turns":3.0},{"damage":6.0,"enemies":"Shell Parasite","floor":19.0,"turns":2.0},{"damage":31.0,"enemies":"Sentry and Sphere","floor":21.0,"turns":7.0},{"damage":8.0,"enemies":"Gremlin Leader","floor":23.0,"turns":6.0},{"damage":22.0,"enemies":"Masked Bandits","floor":25.0,"turns":4.0},{"damage":37.0,"enemies":"Book of Stabbing","floor":27.0,"turns":6.0},{"damage":28.0,"enemies":"Slavers","floor":29.0,"turns":5.0},{"damage":20.0,"enemies":"Book of Stabbing","floor":31.0,"turns":4.0},{"damage":27.0,"enemies":"Automaton","floor":33.0,"turns":6.0},{"damage":6.0,"enemies":"Orb Walker","floor":35.0,"turns":2.0},{"damage":12.0,"enemies":"Mind Bloom Boss Battle","floor":37.0,"turns":5.0},{"damage":28.0,"enemies":"Reptomancer","floor":41.0,"turns":4.0},{"damage":10.0,"enemies":"Nemesis","floor":44.0,"turns":9.0},{"damage":6.0,"enemies":"Giant Head","floor":45.0,"turns":7.0},{"damage":12.0,"enemies":"2 Orb Walkers","floor":46.0,"turns":2.0},{"damage":6.0,"enemies":"Nemesis","floor":47.0,"turns":7.0},{"damage":12.0,"enemies":"Awakened One","floor":50.0,"turns":9.0},{"damage":12.0,"enemies":"Time Eater","floor":51.0,"turns":10.0},{"damage":12.0,"enemies":"Shield and Spear","floor":55.0,"turns":5.0},{"damage":44,"enemies":"The Heart","floor":56,"turns":14}],"seed_played":"-8556704755697679337","potions_obtained":[{"floor":7.0,"key":"Ancient Potion"},{"floor":11.0,"key":"Block Potion"},{"floor":18.0,"key":"Energy Potion"},{"floor":23.0,"key":"Ancient Potion"},{"floor":46.0,"key":"SteroidPotion"}],"is_trial":false,"path_per_floor":["M","M","$","M","?","R","M","R","T","R","E","?","R","E","R","B",null,"M","M","?","M","$","E","R","?","T","E","?","E","$","E","R","B",null,"M","$","?","$","?","R","E","R","T","E","E","?","E","T","R","B","B",null,"R","$","E","B",null],"character_chosen":"IRONCLAD","items_purchased":["Flex","Offering","Burning Pact","Frozen Eye","Clash","Kunai"],"campfire_rested":0,"item_purchase_floors":[3,30,36,54,54,54],"current_hp_per_floor":[70,72,72,75,75,75,75,75,75,75,70,70,70,71,71,64,72,75,75,75,50,50,69,69,53,53,22,106,84,84,70,70,52,93,96,96,93,93,93,93,74,74,74,73,78,77,82,82,82,82,82,105,105,105,107,75],"gold":47,"neow_bonus":"REMOVE_CARD","is_prod":false,"is_daily":false,"chose_seed":false,"campfire_upgraded":10,"win_rate":0,"timestamp":1558943514,"path_taken":["M","M","$","M","?","R","M","R","T","R","E","?","R","E","R","BOSS","M","M","?","M","$","E","R","?","T","E","?","E","$","E","R","BOSS","M","$","?","$","?","R","E","R","T","E","E","?","E","?","R","BOSS","BOSS","R","$","E","BOSS"],"build_version":"2019-01-23","purchased_purges":4,"victory":true,"max_hp_per_floor":[75,75,75,75,75,75,75,75,75,75,75,75,75,75,75,75,75,75,75,75,75,75,96,96,96,96,96,106,106,106,106,106,106,106,106,106,106,106,106,106,106,106,106,106,108,110,112,112,112,112,112,112,112,112,114,114],"card_choices":[{"not_picked":["Anger","Iron Wave"],"picked":"Cleave","floor":1.0},{"not_picked":["Intimidate","Twin Strike"],"picked":"Battle Trance","floor":2.0},{"not_picked":["Flex","Clash"],"picked":"Rampage","floor":4.0},{"not_picked":["Twin Strike","Fire Breathing"],"picked":"Shrug It Off","floor":7.0},{"not_picked":["Cleave","Carnage"],"picked":"Fiend Fire","floor":11.0},{"not_picked":["Pommel Strike","Havoc","Sword Boomerang"],"picked":"SKIP","floor":14.0},{"not_picked":["Berserk","Double Tap"],"picked":"Barricade","floor":16.0},{"not_picked":["Heavy Blade","Thunderclap"],"picked":"Second Wind","floor":18.0},{"not_picked":["Twin Strike","Body Slam"],"picked":"Evolve","floor":19.0},{"not_picked":["Armaments","Thunderclap","Headbutt"],"picked":"SKIP","floor":21.0},{"not_picked":["Second Wind","Havoc"],"picked":"Dark Embrace","floor":23.0},{"not_picked":["Shrug It Off","Anger","Seeing Red"],"picked":"SKIP","floor":27.0},{"not_picked":["Rage","Intimidate","Iron Wave"],"picked":"SKIP","floor":29.0},{"not_picked":["Sever Soul+1","Flex"],"picked":"Entrench","floor":31.0},{"not_picked":["Demon Form","Barricade"],"picked":"Exhume","floor":33.0},{"not_picked":["Heavy Blade","Clash+1","Pommel Strike"],"picked":"SKIP","floor":35.0},{"not_picked":["Twin Strike","Perfected Strike","Pommel Strike"],"picked":"SKIP","floor":41.0},{"not_picked":["Shrug It Off+1","Clash","Flex"],"picked":"SKIP","floor":44.0},{"not_picked":["Battle Trance","Dual Wield","True Grit"],"picked":"Singing Bowl","floor":45.0},{"not_picked":["Metallicize","Thunderclap","Perfected Strike+1"],"picked":"Singing Bowl","floor":46.0},{"not_picked":["Metallicize","Bloodletting","Armaments"],"picked":"Singing Bowl","floor":47.0},{"not_picked":["Headbutt","Fiend Fire","True Grit"],"picked":"Singing Bowl","floor":55.0}],"player_experience":4880325,"relics_obtained":[{"floor":9.0,"key":"Self Forming Clay"},{"floor":11.0,"key":"Pocketwatch"},{"floor":14.0,"key":"Ginger"},{"floor":23.0,"key":"Mango"},{"floor":23.0,"key":"Strawberry"},{"floor":25.0,"key":"Red Mask"},{"floor":26.0,"key":"Nunchaku"},{"floor":27.0,"key":"Vajra"},{"floor":27.0,"key":"Calipers"},{"floor":29.0,"key":"Art of War"},{"floor":29.0,"key":"Mummified Hand"},{"floor":31.0,"key":"Magic Flower"},{"floor":31.0,"key":"Pen Nib"},{"floor":37.0,"key":"WingedGreaves"},{"floor":41.0,"key":"Omamori"},{"floor":41.0,"key":"The Courier"},{"floor":44.0,"key":"Bottled Tornado"},{"floor":44.0,"key":"Whetstone"},{"floor":45.0,"key":"Singing Bowl"},{"floor":45.0,"key":"Bag of Marbles"},{"floor":46.0,"key":"Gambling Chip"},{"floor":47.0,"key":"Blood Vial"},{"floor":47.0,"key":"Prayer Wheel"},{"floor":48.0,"key":"Bottled Flame"},{"floor":55.0,"key":"Torii"},{"floor":55.0,"key":"Boot"}],"event_choices":[{"cards_removed":["Strike_R"],"damage_healed":0.0,"max_hp_gain":0.0,"max_hp_loss":0.0,"gold_gain":0.0,"event_name":"Living Wall","player_choice":"Forget","floor":5.0,"gold_loss":0.0,"damage_taken":0.0},{"damage_healed":0.0,"max_hp_gain":0.0,"max_hp_loss":0.0,"gold_gain":0.0,"event_name":"The Cleric","player_choice":"Leave","floor":12.0,"gold_loss":0.0,"damage_taken":0.0},{"damage_healed":0.0,"max_hp_gain":0.0,"max_hp_loss":0.0,"gold_gain":0.0,"event_name":"Vampires","player_choice":"Ignored","floor":20.0,"gold_loss":0.0,"damage_taken":0.0},{"damage_healed":0.0,"max_hp_gain":0.0,"max_hp_loss":0.0,"gold_gain":0.0,"event_name":"Masked Bandits","player_choice":"Fought Bandits","floor":25.0,"gold_loss":0.0,"damage_taken":0.0},{"cards_removed":["Barricade"],"damage_healed":74.0,"max_hp_gain":10.0,"max_hp_loss":0.0,"gold_gain":0.0,"event_name":"Bonfire Elementals","player_choice":"Offered Rare","floor":28.0,"gold_loss":0.0,"damage_taken":0.0},{"damage_healed":0.0,"max_hp_gain":0.0,"max_hp_loss":0.0,"gold_gain":0.0,"event_name":"MindBloom","player_choice":"Fight","floor":37.0,"gold_loss":0.0,"damage_taken":0.0},{"damage_healed":0.0,"max_hp_gain":0.0,"max_hp_loss":0.0,"gold_gain":222.0,"event_name":"Tomb of Lord Red Mask","player_choice":"Wore Mask","floor":39.0,"gold_loss":0.0,"damage_taken":0.0},{"damage_healed":0.0,"max_hp_gain":0.0,"max_hp_loss":0.0,"gold_gain":0.0,"event_name":"Mysterious Sphere","player_choice":"Fight","floor":46.0,"gold_loss":0.0,"damage_taken":0.0}],"is_beta":false,"boss_relics":[{"not_picked":["Mark of Pain","Pandora\u0027s Box"],"picked":"Black Star"},{"not_picked":["Tiny House","Lizard Tail"],"picked":"Cursed Key"}],"items_purged_floors":[3,22,30,38],"is_endless":false,"potions_floor_spawned":[7,11,18,23,29,33,35,46],"ascension_level":20}