{"gold_per_floor":[115,134,17,17,30,71,71,71,140,140,140],"floor_reached":11,"playtime":280,"items_purged":["Defend_G"],"score":142,"play_id":"661467a9-1e59-4a20-8021-a00e2a37ff23","local_time":"20190120163313","is_ascension_mode":true,"campfire_choices":[{"data":"Well Laid Plans","floor":8,"key":"SMITH"},{"data":"Neutralize","floor":10,"key":"SMITH"}],"neow_cost":"NONE","seed_source_timestamp":26149373321166,"circlet_count":0,"master_deck":["AscendersBane","Defend_G","Defend_G","Defend_G","Defend_G","Strike_G","Strike_G","Strike_G","Survivor","Neutralize+1","Reflex","Well Laid Plans+1","Footwork"],"relics":["Ring of the Snake","Golden Idol","PreservedInsect","Molten Egg 2"],"potions_floor_usage":[6],"damage_taken":[{"damage":0,"enemies":"Small Slimes","floor":1,"turns":4},{"damage":1,"enemies":"Jaw Worm","floor":2,"turns":6},{"damage":0,"enemies":"2 Louse","floor":5,"turns":4},{"damage":48,"enemies":"Gremlin Nob","floor":6,"turns":6},{"damage":0,"enemies":"Large Slime","floor":11,"turns":1}],"seed_played":"-8028817578407076265","potions_obtained":[{"floor":1,"key":"Fire Potion"},{"floor":5,"key":"Dexterity Potion"}],"is_trial":false,"path_per_floor":["M","M","$","?","M","E","?","R","T","R","M"],"character_chosen":"THE_SILENT","items_purchased":["Well Laid Plans"],"campfire_rested":0,"item_purchase_floors":[3],"current_hp_per_floor":[59,58,58,58,58,10,3,3,3,3,3],"gold":140,"neow_bonus":"REMOVE_CARD","is_prod":false,"is_daily":false,"chose_seed":false,"campfire_upgraded":2,"win_rate":0,"timestamp":1547973193,"path_taken":["M","M","$","?","M","E","?","R","T","R","M"],"build_version":"2019-01-17v2","purchased_purges":1,"victory":false,"max_hp_per_floor":[66,66,66,60,60,60,60,60,60,60,60],"card_choices":[{"not_picked":["All Out Attack","Slice","PiercingWail"],"picked":"SKIP","floor":1},{"not_picked":["Backflip","Underhanded Strike"],"picked":"Reflex","floor":2},{"not_picked":["PiercingWail","Escape Plan"],"picked":"Footwork","floor":5},{"not_picked":["Bouncing Flask","Underhanded Strike","Expertise"],"picked":"SKIP","floor":6}],"player_experience":2073744,"relics_obtained":[{"floor":6,"key":"PreservedInsect"},{"floor":9,"key":"Molten Egg 2"}],"event_choices":[{"damage_healed":0,"gold_gain":0,"player_choice":"Lose Max HP","damage_taken":0,"relics_obtained":["Golden Idol"],"max_hp_gain":0,"max_hp_loss":6,"event_name":"Golden Idol","floor":4,"gold_loss":0},{"cards_removed":["Strike_G"],"damage_healed":0,"gold_gain":0,"player_choice":"Card Removal","damage_taken":7,"max_hp_gain":0,"max_hp_loss":0,"event_name":"Golden Wing","floor":7,"gold_loss":0}],"is_beta":false,"boss_relics":[],"items_purged_floors":[3],"is_endless":false,"potions_floor_spawned":[1,5],"killed_by":"Large Slime","ascension_level":20}