{"gold_per_floor":[117,132,132,44,55,90,90,90,90,90,90,90,148,162,162,239,239,249,263,26,26,38,38,72,72,99,116,148,148,158,177,177,252,252,264,314,414,429,429,429,456,456,510,542,542,569,584,601,601,601,601],"floor_reached":51,"playtime":3001,"items_purged":[],"score":1481,"play_id":"42482ca8-3b01-4cef-ad59-95afae45960b","local_time":"20190716225343","is_ascension_mode":true,"campfire_choices":[{"data":"Shrug It Off","floor":7,"key":"SMITH"},{"floor":10,"key":"REST"},{"data":"Hemokinesis","floor":12,"key":"SMITH"},{"data":"Disarm","floor":15,"key":"SMITH"},{"data":"Limit Break","floor":23,"key":"SMITH"},{"data":"Whirlwind","floor":29,"key":"SMITH"},{"data":"Burning Pact","floor":32,"key":"SMITH"},{"floor":40,"key":"DIG"},{"floor":45,"key":"DIG"},{"floor":49,"key":"RECALL"}],"neow_cost":"NONE","seed_source_timestamp":89478419826795,"circlet_count":0,"master_deck":["AscendersBane","Strike_R+1","Strike_R","Strike_R","Defend_R+1","Defend_R","Defend_R","Defend_R+1","Bash","Feel No Pain","Intimidate+1","Hemokinesis+1","Feed","Shrug It Off+1","Reaper+1","Disarm+1","Immolate","Corruption","Power Through+1","Limit Break+1","Necronomicurse","Whirlwind+1","Flame Barrier","Inflame","Burning Pact+1","Shockwave","Reaper","Inflame","Exhume","Shrug It Off","Shrug It Off+1"],"relics":["Burning Blood","NeowsBlessing","Mercury Hourglass","Pantograph","Tiny Chest","Empty Cage","Red Skull","Necronomicon","Vajra","Pen Nib","Pear","White Beast Statue","Shovel","Champion Belt","Self Forming Clay","Sundial","War Paint","Omamori","Regal Pillow"],"potions_floor_usage":[6,18,22,24,35,36,36,41,44,50,51],"damage_taken":[{"damage":0,"enemies":"Small Slimes","floor":1,"turns":1},{"damage":0,"enemies":"Cultist","floor":2,"turns":1},{"damage":0,"enemies":"2 Louse","floor":5,"turns":1},{"damage":35,"enemies":"Gremlin Nob","floor":6,"turns":4},{"damage":33,"enemies":"3 Sentries","floor":13,"turns":6},{"damage":16,"enemies":"2 Fungi Beasts","floor":14,"turns":6},{"damage":26,"enemies":"The Guardian","floor":16,"turns":12},{"damage":22,"enemies":"Spheric Guardian","floor":18,"turns":5},{"damage":29,"enemies":"Chosen","floor":19,"turns":6},{"damage":4,"enemies":"Centurion and Healer","floor":22,"turns":8},{"damage":45,"enemies":"Book of Stabbing","floor":24,"turns":4},{"damage":17,"enemies":"Snecko","floor":27,"turns":6},{"damage":23,"enemies":"Slavers","floor":28,"turns":2},{"damage":0,"enemies":"Cultist and Chosen","floor":30,"turns":2},{"damage":0,"enemies":"Chosen and Byrds","floor":31,"turns":5},{"damage":62,"enemies":"Champ","floor":33,"turns":11},{"damage":92,"enemies":"3 Shapes","floor":35,"turns":8},{"damage":49,"enemies":"2 Orb Walkers","floor":36,"turns":4},{"damage":29,"enemies":"Mind Bloom Boss Battle","floor":37,"turns":7},{"damage":16,"enemies":"3 Darklings","floor":38,"turns":3},{"damage":75,"enemies":"Reptomancer","floor":41,"turns":6},{"damage":40,"enemies":"Giant Head","floor":44,"turns":7},{"damage":28,"enemies":"Jaw Worm Horde","floor":47,"turns":3},{"damage":26,"enemies":"4 Shapes","floor":48,"turns":2},{"damage":137,"enemies":"Awakened One","floor":50,"turns":16},{"damage":141,"enemies":"Donu and Deca","floor":51,"turns":8}],"seed_played":"4782529833061081747","potions_obtained":[{"floor":2,"key":"Weak Potion"},{"floor":5,"key":"Poison Potion"},{"floor":13,"key":"SmokeBomb"},{"floor":14,"key":"GamblersBrew"},{"floor":19,"key":"Regen Potion"},{"floor":22,"key":"SkillPotion"},{"floor":27,"key":"Strength Potion"},{"floor":35,"key":"AttackPotion"},{"floor":36,"key":"GamblersBrew"},{"floor":37,"key":"SkillPotion"},{"floor":41,"key":"Regen Potion"},{"floor":44,"key":"Fire Potion"},{"floor":47,"key":"BloodPotion"}],"is_trial":false,"path_per_floor":["M","M","?","$","M","E","R","?","T","R","?","R","E","M","R","B",null,"M","M","$","?","M","R","E","$","T","M","E","R","M","M","R","B",null,"M","?","?","M","?","R","E","?","T","E","R","T","M","M","R","B","B"],"character_chosen":"IRONCLAD","items_purchased":["Feed","Red Skull","Limit Break"],"campfire_rested":1,"item_purchase_floors":[4,20,20],"current_hp_per_floor":[74,75,75,75,75,46,46,23,23,45,45,45,36,39,39,52,76,63,45,45,24,63,63,38,38,38,42,83,83,89,100,100,87,97,51,38,71,71,71,71,73,73,73,73,73,73,101,95,95,101,0],"gold":601,"neow_bonus":"THREE_ENEMY_KILL","is_prod":false,"is_daily":false,"chose_seed":false,"campfire_upgraded":6,"win_rate":0,"timestamp":1563310423,"path_taken":["M","M","?","?","?","E","R","?","T","R","?","R","E","?","R","BOSS","M","?","?","?","M","R","E","$","T","M","E","R","M","M","R","BOSS","M","?","?","M","?","R","E","?","T","E","R","?","M","M","R","BOSS","BOSS"],"build_version":"2019-07-05","purchased_purges":0,"victory":false,"max_hp_per_floor":[75,75,75,75,75,75,75,75,75,75,75,75,78,81,81,84,84,87,87,87,87,90,90,90,90,90,90,100,100,100,100,100,100,100,103,103,103,106,106,106,106,101,101,101,101,101,101,101,101,101,101],"card_choices":[{"not_picked":["Shrug It Off","Twin Strike"],"picked":"Feel No Pain","floor":1},{"not_picked":["Heavy Blade","Havoc"],"picked":"Intimidate","floor":2},{"not_picked":["Havoc","Cleave"],"picked":"Shrug It Off","floor":5},{"not_picked":["Second Wind","Clothesline"],"picked":"Reaper","floor":6},{"not_picked":["Twin Strike","Dropkick","Second Wind"],"picked":"SKIP","floor":13},{"not_picked":["Shrug It Off","Reckless Charge"],"picked":"Disarm","floor":14},{"not_picked":["Brutality","Feed"],"picked":"Immolate","floor":16},{"not_picked":["Iron Wave","Wild Strike+1"],"picked":"Corruption","floor":18},{"not_picked":["Twin Strike","Brutality"],"picked":"Power Through+1","floor":19},{"not_picked":["Thunderclap","Wild Strike","Blood for Blood"],"picked":"SKIP","floor":22},{"not_picked":["Metallicize","Seeing Red"],"picked":"Whirlwind","floor":24},{"not_picked":["Corruption","Headbutt"],"picked":"Flame Barrier","floor":27},{"not_picked":["Seeing Red","Hemokinesis"],"picked":"Inflame","floor":28},{"not_picked":["Heavy Blade","Havoc"],"picked":"Burning Pact","floor":30},{"not_picked":["Iron Wave","Hemokinesis"],"picked":"Shockwave","floor":31},{"not_picked":["Brutality","Immolate"],"picked":"Reaper","floor":33},{"not_picked":["Clothesline","Iron Wave"],"picked":"Inflame","floor":35},{"not_picked":["Warcry+1","Headbutt+1","Spot Weakness"],"picked":"SKIP","floor":38},{"not_picked":["Shrug It Off","Bludgeon"],"picked":"Exhume","floor":41},{"not_picked":["Rupture","Entrench","Clothesline+1"],"picked":"SKIP","floor":44},{"not_picked":["Flex","Warcry"],"picked":"Shrug It Off","floor":47},{"not_picked":["Wild Strike","Impervious"],"picked":"Shrug It Off+1","floor":48}],"player_experience":706481,"relics_obtained":[{"floor":6,"key":"Mercury Hourglass"},{"floor":9,"key":"Pantograph"},{"floor":13,"key":"Tiny Chest"},{"floor":21,"key":"Necronomicon"},{"floor":24,"key":"Vajra"},{"floor":26,"key":"Pen Nib"},{"floor":28,"key":"Pear"},{"floor":36,"key":"Shovel"},{"floor":37,"key":"Champion Belt"},{"floor":40,"key":"Self Forming Clay"},{"floor":41,"key":"Sundial"},{"floor":44,"key":"War Paint"},{"floor":45,"key":"Omamori"},{"floor":46,"key":"Regal Pillow"}],"event_choices":[{"damage_healed":0,"gold_gain":0,"player_choice":"2 cards matched","damage_taken":0,"max_hp_gain":0,"max_hp_loss":0,"event_name":"Match and Keep!","floor":3,"gold_loss":0,"cards_obtained":["Hemokinesis","Wild Strike"]},{"damage_healed":0,"gold_gain":0,"player_choice":"Entered Light","damage_taken":23,"max_hp_gain":0,"max_hp_loss":0,"event_name":"Shining Light","floor":8,"gold_loss":0,"cards_upgraded":["Reaper","Strike_R"]},{"damage_healed":0,"gold_gain":0,"player_choice":"Upgraded","damage_taken":0,"max_hp_gain":0,"max_hp_loss":0,"event_name":"Upgrade Shrine","floor":11,"gold_loss":0,"cards_upgraded":["Defend_R"]},{"damage_healed":0,"gold_gain":0,"player_choice":"Obtained Book","damage_taken":21,"max_hp_gain":0,"max_hp_loss":0,"event_name":"Cursed Tome","floor":21,"gold_loss":0},{"damage_healed":0,"gold_gain":0,"player_choice":"Fight","damage_taken":0,"max_hp_gain":0,"max_hp_loss":0,"event_name":"Mysterious Sphere","floor":36,"gold_loss":0},{"damage_healed":0,"gold_gain":0,"player_choice":"Fight","damage_taken":0,"max_hp_gain":0,"max_hp_loss":0,"event_name":"MindBloom","floor":37,"gold_loss":0},{"cards_removed":["Wild Strike"],"damage_healed":0,"gold_gain":0,"player_choice":"Removed Attack","damage_taken":0,"max_hp_gain":0,"max_hp_loss":0,"event_name":"Falling","floor":39,"gold_loss":0},{"damage_healed":0,"gold_gain":0,"player_choice":"Max HP","damage_taken":0,"max_hp_gain":0,"max_hp_loss":5,"event_name":"Winding Halls","floor":42,"gold_loss":0}],"is_beta":false,"boss_relics":[{"not_picked":["Ectoplasm","Lizard Tail"],"picked":"Empty Cage"},{"not_picked":["Tiny House","Runic Pyramid"],"picked":"White Beast Statue"}],"items_purged_floors":[],"is_endless":false,"potions_floor_spawned":[2,5,13,14,19,22,27,33,35,36,37,38,41,44,47,48],"killed_by":"Donu and Deca","ascension_level":20}