{"gold_per_floor":[368,60,60,80,97,127,127,147,173,173,173,20,20,32,32,136,136,136,151,151,73,90,90,109,109,109,109,9,21,21,51,51,151,151,151],"floor_reached":35,"playtime":1541,"items_purged":["Clumsy","Strike_B+1"],"score":375,"play_id":"258800ce-360e-4489-b115-9114ede31ac2","local_time":"20190804044342","is_ascension_mode":false,"campfire_choices":[{"data":"Dualcast","floor":7.0,"key":"SMITH"},{"data":"Reinforced Body","floor":11.0,"key":"SMITH"},{"floor":15.0,"key":"REST"},{"data":"Buffer","floor":23.0,"key":"SMITH"},{"data":"Storm","floor":25.0,"key":"SMITH"},{"data":"Storm","floor":27.0,"key":"SMITH"},{"data":"Heatsinks","floor":30.0,"key":"SMITH"},{"data":"Coolheaded","floor":32.0,"key":"SMITH"}],"neow_cost":"CURSE","seed_source_timestamp":11662084212650,"circlet_count":0,"master_deck":["Strike_B+1","Strike_B+1","Strike_B+1","Defend_B+1","Defend_B+1","Defend_B+1","Defend_B+1","Zap+1","Dualcast+1","Conserve Battery","Storm+1","Ball Lightning+1","All For One","Cold Snap","Reinforced Body+1","Heatsinks+1","Steam Power","Buffer+1","Fusion","Storm+1","Coolheaded+1","Force Field+1","Multi-Cast"],"special_seed":0,"relics":["Cracked Core","Mummified Hand","Vajra","Ancient Tea Set","Unceasing Top","Snecko Eye","Pocketwatch","Orichalcum","Sozu"],"potions_floor_usage":[],"damage_taken":[{"damage":0.0,"enemies":"2 Louse","floor":1.0,"turns":3.0},{"damage":6.0,"enemies":"Cultist","floor":4.0,"turns":4.0},{"damage":0.0,"enemies":"Jaw Worm","floor":5.0,"turns":3.0},{"damage":21.0,"enemies":"3 Sentries","floor":6.0,"turns":6.0},{"damage":3.0,"enemies":"Red Slaver","floor":8.0,"turns":3.0},{"damage":3.0,"enemies":"Exordium Thugs","floor":14.0,"turns":3.0},{"damage":39.0,"enemies":"Slime Boss","floor":16.0,"turns":10.0},{"damage":0.0,"enemies":"3 Byrds","floor":18.0,"turns":1.0},{"damage":0.0,"enemies":"Chosen","floor":19.0,"turns":4.0},{"damage":0.0,"enemies":"Centurion and Healer","floor":22.0,"turns":4.0},{"damage":3.0,"enemies":"Snake Plant","floor":24.0,"turns":3.0},{"damage":0.0,"enemies":"Sentry and Sphere","floor":29.0,"turns":3.0},{"damage":6.0,"enemies":"Book of Stabbing","floor":31.0,"turns":5.0},{"damage":62.0,"enemies":"Champ","floor":33.0,"turns":16.0},{"damage":6,"enemies":"3 Darklings","floor":35,"turns":7}],"seed_played":"-3565582727154310408","potions_obtained":[{"floor":1.0,"key":"FocusPotion"},{"floor":6.0,"key":"Poison Potion"},{"floor":8.0,"key":"Ancient Potion"},{"floor":14.0,"key":"SmokeBomb"},{"floor":24.0,"key":"PowerPotion"},{"floor":33,"key":"Strength Potion"}],"is_trial":false,"path_per_floor":["M","$","?","M","M","E","R","M","T","?","R","$","T","M","R","B",null,"M","M","?","$","M","R","M","R","T","R","$","M","R","E","R","B",null,"M"],"character_chosen":"DEFECT","items_purchased":["Mummified Hand","Storm","Heatsinks","Fusion"],"campfire_rested":1,"item_purchase_floors":[2,2,12,21],"current_hp_per_floor":[75,75,75,69,69,48,48,45,45,30,30,30,30,27,49,10,75,75,75,75,75,75,75,72,72,72,72,72,72,72,66,66,4,75,69],"gold":151,"neow_bonus":"TWO_FIFTY_GOLD","is_prod":false,"is_daily":false,"chose_seed":false,"campfire_upgraded":7,"win_rate":0,"timestamp":1564915422,"path_taken":["M","$","?","M","M","E","R","?","T","?","R","$","?","?","R","BOSS","M","M","?","$","M","R","M","R","T","R","$","M","R","E","R","BOSS","BOSS","M"],"build_version":"2019-07-17","purchased_purges":2,"victory":false,"max_hp_per_floor":[75,75,75,75,75,75,75,75,75,75,75,75,75,75,75,75,75,75,75,75,75,75,75,75,75,75,75,75,75,75,75,75,75,75,75],"card_choices":[{"not_picked":["Steam Power","Lockon"],"picked":"Conserve Battery","floor":1.0},{"not_picked":["Hologram","Compile Driver"],"picked":"Ball Lightning","floor":4.0},{"not_picked":["Leap","Force Field"],"picked":"All For One","floor":5.0},{"not_picked":["Steam Power","Auto Shields"],"picked":"Cold Snap","floor":6.0},{"not_picked":["Compile Driver","Recycle"],"picked":"Reinforced Body","floor":8.0},{"not_picked":["Streamline","Barrage"],"picked":"Steam Power","floor":14.0},{"not_picked":["All For One","Thunder Strike"],"picked":"Buffer","floor":16.0},{"not_picked":["Turbo","BootSequence+1","Redo+1"],"picked":"SKIP","floor":19.0},{"not_picked":["Capacitor","Reinforced Body"],"picked":"Storm","floor":22.0},{"not_picked":["Steam+1","Coolheaded","Redo+1"],"picked":"SKIP","floor":24.0},{"not_picked":["Steam+1","Redo+1"],"picked":"Coolheaded","floor":24.0},{"not_picked":["Turbo","Blizzard","Recycle"],"picked":"SKIP","floor":29.0},{"not_picked":["Leap","Sweeping Beam"],"picked":"Force Field+1","floor":31.0},{"not_picked":["Fission","Buffer"],"picked":"Multi-Cast","floor":33}],"player_experience":1620327,"relics_obtained":[{"floor":6.0,"key":"Vajra"},{"floor":9.0,"key":"Ancient Tea Set"},{"floor":13.0,"key":"Unceasing Top"},{"floor":26.0,"key":"Pocketwatch"},{"floor":31.0,"key":"Orichalcum"}],"event_choices":[{"damage_healed":0.0,"max_hp_gain":0.0,"max_hp_loss":0.0,"gold_gain":0.0,"event_name":"Accursed Blacksmith","player_choice":"Forge","floor":3.0,"gold_loss":0.0,"damage_taken":0.0,"cards_upgraded":["Zap"]},{"damage_healed":0.0,"max_hp_gain":0.0,"max_hp_loss":0.0,"gold_gain":0.0,"event_name":"Shining Light","player_choice":"Entered Light","floor":10.0,"gold_loss":0.0,"damage_taken":15.0,"cards_upgraded":["Ball Lightning","Strike_B"]},{"damage_healed":0.0,"max_hp_gain":0.0,"max_hp_loss":0.0,"gold_gain":0.0,"event_name":"Back to Basics","player_choice":"Simplicity","floor":20.0,"gold_loss":0.0,"damage_taken":0.0,"cards_upgraded":["Strike_B","Strike_B","Strike_B","Defend_B","Defend_B","Defend_B","Defend_B"]}],"is_beta":false,"boss_relics":[{"not_picked":["Lizard Tail","Astrolabe"],"picked":"Snecko Eye"},{"not_picked":["Empty Cage","Fusion Hammer"],"picked":"Sozu"}],"items_purged_floors":[12,28],"is_endless":false,"potions_floor_spawned":[1,6,8,14,18,24,33],"killed_by":"3 Darklings","ascension_level":0}