{"gold_per_floor":[115,125,50,50,64,64,84,84,84,118,118,134,134,134,134,212,212,225,125,0,14,0,0,0,28,28,43,43,43,43,56,56,128,128,148,148,148,148,148,148,178,189,235,235,253,280,280,311,311,311,311,311,311,63,63],"floor_reached":55,"playtime":4251,"items_purged":["Strike_B","Strike_B","Defend_B"],"score":2388,"play_id":"6480b713-ae32-49a7-b9f6-3b7c11809fb5","local_time":"20190116122200","is_ascension_mode":true,"campfire_choices":[{"data":"Streamline","floor":6.0,"key":"SMITH"},{"floor":8.0,"key":"REST"},{"data":"Sunder","floor":13.0,"key":"SMITH"},{"data":"Zap","floor":15.0,"key":"SMITH"},{"data":"Conserve Battery","floor":23.0,"key":"SMITH"},{"data":"Defragment","floor":30.0,"key":"SMITH"},{"data":"Coolheaded","floor":32.0,"key":"SMITH"},{"floor":40.0,"key":"RECALL"},{"data":"Rainbow","floor":44.0,"key":"SMITH"},{"data":"Echo Form","floor":49.0,"key":"SMITH"},{"floor":53,"key":"REST"}],"neow_cost":"NONE","seed_source_timestamp":822885210369,"circlet_count":0,"master_deck":["AscendersBane","Defend_B+1","Defend_B","Zap+1","Dualcast+1","Streamline+1","Gash","Auto Shields","Echo Form+1","All For One","Sunder+1","Core Surge","Conserve Battery+1","Gash","Rebound","Defragment+1","Coolheaded+1","Rainbow+1","Capacitor+1","Capacitor","White Noise","Purity","Dark Shackles","Dark Shackles","Redo+1","Capacitor"],"special_seed":0,"relics":["Runic Pyramid","FossilizedHelix","Incense Burner","Philosopher\u0027s Stone","Dead Branch","Bag of Preparation","Sozu","Question Card","Bronze Scales","Vajra","DataDisk"],"potions_floor_usage":[],"damage_taken":[{"damage":0.0,"enemies":"2 Louse","floor":1.0,"turns":2.0},{"damage":15.0,"enemies":"Small Slimes","floor":2.0,"turns":4.0},{"damage":1.0,"enemies":"Cultist","floor":5.0,"turns":3.0},{"damage":4.0,"enemies":"Red Slaver","floor":7.0,"turns":3.0},{"damage":0.0,"enemies":"Lagavulin","floor":10.0,"turns":6.0},{"damage":0.0,"enemies":"Blue Slaver","floor":12.0,"turns":3.0},{"damage":0.0,"enemies":"The Guardian","floor":16.0,"turns":8.0},{"damage":0.0,"enemies":"Shell Parasite","floor":18.0,"turns":6.0},{"damage":11.0,"enemies":"3 Byrds","floor":21.0,"turns":3.0},{"damage":30.0,"enemies":"Gremlin Leader","floor":25.0,"turns":4.0},{"damage":0.0,"enemies":"Snake Plant","floor":27.0,"turns":5.0},{"damage":0.0,"enemies":"3 Cultists","floor":31.0,"turns":3.0},{"damage":0.0,"enemies":"Champ","floor":33.0,"turns":8.0},{"damage":0.0,"enemies":"3 Darklings","floor":35.0,"turns":3.0},{"damage":0.0,"enemies":"Nemesis","floor":41.0,"turns":5.0},{"damage":0.0,"enemies":"Orb Walker","floor":42.0,"turns":3.0},{"damage":0.0,"enemies":"4 Shapes","floor":45.0,"turns":7.0},{"damage":0.0,"enemies":"Giant Head","floor":46.0,"turns":6.0},{"damage":8.0,"enemies":"Nemesis","floor":48.0,"turns":7.0},{"damage":0.0,"enemies":"Time Eater","floor":50.0,"turns":11.0},{"damage":37,"enemies":"Donu and Deca","floor":51,"turns":10},{"damage":72,"enemies":"Shield and Spear","floor":55,"turns":3}],"seed_played":"-558234995701981576","potions_obtained":[{"floor":2.0,"key":"GamblersBrew"},{"floor":5.0,"key":"LiquidBronze"},{"floor":14.0,"key":"Energy Potion"},{"floor":21.0,"key":"Regen Potion"},{"floor":27.0,"key":"Explosive Potion"},{"floor":31.0,"key":"LiquidBronze"}],"is_trial":false,"path_per_floor":["M","M","$","?","M","R","M","R","T","E","?","M","R","?","R","B",null,"M","$","$","M","?","R","?","E","T","M","?","$","R","M","R","B",null,"M","$","?","$","?","R","E","M","T","R","M","E","?","E","R","B","B",null,"R","$","E"],"character_chosen":"DEFECT","items_purchased":["DataDisk","Capacitor"],"campfire_rested":2,"item_purchase_floors":[54,54],"current_hp_per_floor":[64,49,49,28,27,27,23,44,44,44,44,44,44,44,44,44,64,64,64,64,53,53,53,53,35,35,35,35,35,35,35,35,35,62,62,62,62,62,62,62,62,62,62,62,62,62,52,44,44,44,7,55,71,71,0],"gold":63,"neow_bonus":"BOSS_RELIC","is_prod":false,"is_daily":false,"chose_seed":false,"campfire_upgraded":8,"win_rate":0,"timestamp":1547612520,"path_taken":["M","M","$","?","M","R","M","R","T","E","?","M","R","?","R","BOSS","M","?","$","?","?","R","?","E","T","M","?","$","R","M","R","BOSS","M","$","?","$","?","R","E","M","T","R","M","E","?","E","R","BOSS","BOSS","R","$","E"],"build_version":"2019-01-10","purchased_purges":3,"victory":false,"max_hp_per_floor":[71,71,71,71,71,71,71,71,71,71,71,71,71,71,71,71,71,71,71,71,71,71,71,71,71,71,71,71,71,71,71,71,71,71,71,71,71,71,71,71,71,71,71,71,71,71,71,71,71,71,71,71,71,71,71],"card_choices":[{"not_picked":["Rebound","Conserve Battery"],"picked":"Streamline","floor":1.0},{"not_picked":["Chill","Steam Power"],"picked":"Gash","floor":2.0},{"not_picked":["Compile Driver","Consume"],"picked":"Auto Shields","floor":5.0},{"not_picked":["Barrage","Capacitor"],"picked":"Echo Form","floor":7.0},{"not_picked":["Rebound","Gash"],"picked":"All For One","floor":10.0},{"not_picked":["Loop","Sunder","Steam"],"picked":"SKIP","floor":12.0},{"not_picked":["Fission","Amplify"],"picked":"Core Surge","floor":16.0},{"not_picked":["Streamline+1","Force Field"],"picked":"Conserve Battery","floor":18.0},{"not_picked":["Genetic Algorithm","Streamline","Redo"],"picked":"SKIP","floor":21.0},{"not_picked":["Beam Cell","Ball Lightning+1","Steam"],"picked":"SKIP","floor":25.0},{"not_picked":["Darkness","Beam Cell+1"],"picked":"Gash","floor":27.0},{"not_picked":["Barrage","Cold Snap"],"picked":"Coolheaded","floor":31.0},{"not_picked":["Multi-Cast","Hyperbeam"],"picked":"Rainbow","floor":33.0},{"not_picked":["Cold Snap+1","Stack","Conserve Battery"],"picked":"SKIP","floor":35.0},{"not_picked":["Storm+1","Reprogram"],"picked":"Capacitor+1","floor":41.0},{"not_picked":["Blizzard","Steam Power+1","Sweeping Beam+1"],"picked":"Capacitor","floor":42.0},{"not_picked":["Conserve Battery","Beam Cell+1","Streamline","Barrage"],"picked":"SKIP","floor":45.0},{"not_picked":["Streamline+1","Compile Driver+1","Rebound"],"picked":"White Noise","floor":46.0},{"not_picked":["Forethought","Madness","The Bomb"],"picked":"Purity","floor":47.0},{"not_picked":["Trip","Flash of Steel","Deep Breath"],"picked":"Dark Shackles","floor":47.0},{"not_picked":["Bandage Up","Finesse","Thinking Ahead"],"picked":"Dark Shackles","floor":47.0},{"not_picked":["Coolheaded+1","Blizzard+1","Rip and Tear"],"picked":"Redo+1","floor":48.0}],"player_experience":1940038,"relics_obtained":[{"floor":9.0,"key":"FossilizedHelix"},{"floor":10.0,"key":"Incense Burner"},{"floor":25.0,"key":"Dead Branch"},{"floor":26.0,"key":"Bag of Preparation"},{"floor":41.0,"key":"Question Card"},{"floor":46.0,"key":"Bronze Scales"},{"floor":48.0,"key":"Vajra"}],"event_choices":[{"damage_healed":0.0,"max_hp_gain":0.0,"max_hp_loss":0.0,"gold_gain":0.0,"event_name":"Shining Light","player_choice":"Entered Light","floor":4.0,"gold_loss":0.0,"damage_taken":21.0,"cards_upgraded":["Dualcast","Defend_B"]},{"damage_healed":0.0,"max_hp_gain":0.0,"max_hp_loss":0.0,"gold_gain":0.0,"cards_transformed":["Strike_B"],"event_name":"Living Wall","player_choice":"Change","floor":11.0,"gold_loss":0.0,"damage_taken":0.0,"cards_obtained":["Sunder"]},{"damage_healed":0.0,"max_hp_gain":0.0,"max_hp_loss":0.0,"gold_gain":0.0,"event_name":"Lab","player_choice":"Got Potions","floor":14.0,"gold_loss":0.0,"damage_taken":0.0},{"damage_healed":0.0,"max_hp_gain":0.0,"max_hp_loss":0.0,"gold_gain":0.0,"event_name":"Masked Bandits","player_choice":"Paid Fearfully","floor":22.0,"gold_loss":14.0,"damage_taken":0.0},{"damage_healed":0.0,"max_hp_gain":0.0,"max_hp_loss":0.0,"gold_gain":0.0,"event_name":"Beggar","player_choice":"Ignored","floor":24.0,"gold_loss":0.0,"damage_taken":0.0},{"damage_healed":0.0,"max_hp_gain":0.0,"max_hp_loss":0.0,"gold_gain":0.0,"cards_transformed":["Strike_B","Defend_B"],"event_name":"Drug Dealer","player_choice":"Became Test Subject","floor":28.0,"gold_loss":0.0,"damage_taken":0.0,"cards_obtained":["Rebound","Defragment"]},{"damage_healed":0.0,"max_hp_gain":0.0,"max_hp_loss":0.0,"gold_gain":0.0,"event_name":"Mysterious Sphere","player_choice":"Ignored","floor":37.0,"gold_loss":0.0,"damage_taken":0.0},{"damage_healed":0.0,"max_hp_gain":0.0,"max_hp_loss":0.0,"gold_gain":0.0,"event_name":"Tomb of Lord Red Mask","player_choice":"Ignored","floor":39.0,"gold_loss":0.0,"damage_taken":0.0},{"damage_healed":0.0,"max_hp_gain":0.0,"max_hp_loss":0.0,"gold_gain":0.0,"event_name":"SensoryStone","player_choice":"Memory 3","floor":47.0,"gold_loss":0.0,"damage_taken":10.0}],"is_beta":false,"boss_relics":[{"not_picked":["Busted Crown","Lizard Tail"],"picked":"Philosopher\u0027s Stone"},{"not_picked":["Cursed Key","Pandora\u0027s Box"],"picked":"Sozu"}],"items_purged_floors":[3,19,20],"is_endless":false,"potions_floor_spawned":[2,5,10,16,18,21,27,31,33,35,46],"killed_by":"Shield and Spear","ascension_level":20}