{"gold_per_floor":[116,41,53,53,53,53,78,78,78,92,92,135,285,39,39,39],"floor_reached":16,"playtime":357,"items_purged":["Strike_G"],"score":196,"play_id":"b1bc14e0-dcce-4e8d-8f80-d5922b20c0fe","local_time":"20190120202003","is_ascension_mode":true,"campfire_choices":[{"data":"Neutralize","floor":6,"key":"SMITH"},{"data":"Acrobatics","floor":8,"key":"SMITH"},{"data":"Tactician","floor":11,"key":"SMITH"},{"data":"Caltrops","floor":15,"key":"SMITH"}],"neow_cost":"NONE","seed_source_timestamp":39683411914707,"circlet_count":0,"master_deck":["AscendersBane","Defend_G","Defend_G","Defend_G","Defend_G","Defend_G","Strike_G+1","Strike_G","Strike_G","Strike_G","Survivor","Neutralize+1","Acrobatics+1","After Image+1","Tactician+1","Caltrops+1"],"relics":["Ring of the Snake","NeowsBlessing","Golden Idol","Mummified Hand","Omamori","Oddly Smooth Stone"],"potions_floor_usage":[12],"damage_taken":[{"damage":0,"enemies":"2 Louse","floor":1,"turns":1},{"damage":0,"enemies":"Jaw Worm","floor":3,"turns":1},{"damage":0,"enemies":"Small Slimes","floor":7,"turns":1},{"damage":1,"enemies":"Red Slaver","floor":10,"turns":5},{"damage":24,"enemies":"Gremlin Nob","floor":12,"turns":5},{"damage":19,"enemies":"Hexaghost","floor":16,"turns":9}],"seed_played":"8546470607251244038","potions_obtained":[{"floor":10,"key":"SpeedPotion"},{"floor":12,"key":"Weak Potion"}],"is_trial":false,"path_per_floor":["M","$","M","?","?","R","M","R","T","M","R","E","?","$","R","B"],"character_chosen":"THE_SILENT","items_purchased":["Caltrops","Oddly Smooth Stone"],"campfire_rested":0,"item_purchase_floors":[14,14],"current_hp_per_floor":[59,59,59,59,41,41,41,41,41,40,40,16,16,16,16,0],"gold":39,"neow_bonus":"THREE_ENEMY_KILL","is_prod":false,"is_daily":false,"chose_seed":false,"campfire_upgraded":4,"win_rate":0,"timestamp":1547986803,"path_taken":["M","$","M","?","?","R","M","R","T","M","R","E","?","$","R","BOSS"],"build_version":"2019-01-17v2","purchased_purges":1,"victory":false,"max_hp_per_floor":[66,66,66,60,60,60,60,60,60,60,60,60,60,60,60,60],"card_choices":[{"not_picked":["Quick Slash","Dagger Throw"],"picked":"Acrobatics","floor":1},{"not_picked":["All Out Attack","Poisoned Stab"],"picked":"After Image","floor":3},{"not_picked":["Caltrops","Underhanded Strike"],"picked":"Tactician","floor":7},{"not_picked":["Cloak And Dagger","PiercingWail","Quick Slash"],"picked":"SKIP","floor":10},{"not_picked":["Dagger Throw","Crippling Poison","Quick Slash"],"picked":"SKIP","floor":12}],"player_experience":2083551,"relics_obtained":[{"floor":9,"key":"Mummified Hand"},{"floor":12,"key":"Omamori"}],"event_choices":[{"damage_healed":0,"gold_gain":0,"player_choice":"Lose Max HP","damage_taken":0,"relics_obtained":["Golden Idol"],"max_hp_gain":0,"max_hp_loss":6,"event_name":"Golden Idol","floor":4,"gold_loss":0},{"damage_healed":0,"gold_gain":0,"player_choice":"Entered Light","damage_taken":18,"max_hp_gain":0,"max_hp_loss":0,"event_name":"Shining Light","floor":5,"gold_loss":0,"cards_upgraded":["Strike_G","After Image"]},{"damage_healed":0,"gold_gain":150,"player_choice":"AGREE","damage_taken":0,"max_hp_gain":0,"max_hp_loss":0,"event_name":"Liars Game","floor":13,"gold_loss":0,"cards_obtained":["Doubt"]}],"is_beta":false,"boss_relics":[],"items_purged_floors":[2],"is_endless":false,"potions_floor_spawned":[10,12],"killed_by":"Hexaghost","ascension_level":20}