{"gold_per_floor":[112,187,38,38,38,38,66,83,109,109,124,142,142,175,175,248,248,266,6,6,6,56,89,89,14,67,86,86,86,115,14,14,88,88,99,99,99,99,114,140,15,46,46,59,59,79,94,94,94,94,94,94,94,94,129,129],"floor_reached":57,"playtime":1736,"items_purged":["Strike_G","Strike_G","Defend_G"],"score":3214,"play_id":"ce1e06c4-09c7-49cf-b7e1-6905e8cee1c5","local_time":"20190326015515","is_ascension_mode":true,"campfire_choices":[{"data":"Noxious Fumes","floor":6.0,"key":"SMITH"},{"data":"Deadly Poison","floor":10.0,"key":"SMITH"},{"data":"Neutralize","floor":15.0,"key":"SMITH"},{"data":"Wraith Form v2","floor":24.0,"key":"SMITH"},{"data":"Tactician","floor":28.0,"key":"SMITH"},{"data":"Impatience","floor":32.0,"key":"SMITH"},{"floor":49,"key":"RECALL"},{"floor":53,"key":"REST"}],"neow_cost":"NONE","seed_source_timestamp":51841986337933,"circlet_count":0,"master_deck":["AscendersBane","Defend_G+1","Survivor+1","Neutralize+1","Noxious Fumes+1","Wraith Form v2+1","Tactician+1","Well Laid Plans+1","Impatience+1","Grand Finale+1","Terror+1","PiercingWail+1","Acrobatics+1","Acrobatics+1"],"special_seed":0,"relics":["Ring of the Snake","NeowsBlessing","Juzu Bracelet","Anchor","Art of War","Sozu","Snake Skull","Sundial","Happy Flower","Red Mask","Astrolabe","Pear","Dodecahedron","Mark of the Bloom","Mummified Hand"],"potions_floor_usage":[56,56],"damage_taken":[{"damage":0.0,"enemies":"2 Louse","floor":1.0,"turns":1.0},{"damage":0.0,"enemies":"Gremlin Nob","floor":7.0,"turns":1.0},{"damage":0.0,"enemies":"Small Slimes","floor":8.0,"turns":2.0},{"damage":1.0,"enemies":"Cultist","floor":11.0,"turns":5.0},{"damage":0.0,"enemies":"3 Louse","floor":12.0,"turns":3.0},{"damage":7.0,"enemies":"Lagavulin","floor":14.0,"turns":6.0},{"damage":4.0,"enemies":"Hexaghost","floor":16.0,"turns":9.0},{"damage":2.0,"enemies":"Chosen","floor":18.0,"turns":6.0},{"damage":17.0,"enemies":"Book of Stabbing","floor":23.0,"turns":7.0},{"damage":1.0,"enemies":"Spheric Guardian","floor":27.0,"turns":4.0},{"damage":5.0,"enemies":"Masked Bandits","floor":30.0,"turns":5.0},{"damage":7.0,"enemies":"Champ","floor":33.0,"turns":12.0},{"damage":0.0,"enemies":"3 Shapes","floor":35.0,"turns":7.0},{"damage":0.0,"enemies":"3 Darklings","floor":39.0,"turns":3.0},{"damage":0,"enemies":"Reptomancer","floor":40,"turns":2},{"damage":0,"enemies":"Nemesis","floor":42,"turns":1},{"damage":0,"enemies":"Maw","floor":44,"turns":1},{"damage":0,"enemies":"Writhing Mass","floor":46,"turns":1},{"damage":0,"enemies":"Spire Growth","floor":47,"turns":1},{"damage":0,"enemies":"Time Eater","floor":50,"turns":2},{"damage":0,"enemies":"Donu and Deca","floor":51,"turns":2},{"damage":0,"enemies":"Shield and Spear","floor":55,"turns":1},{"damage":0,"enemies":"The Heart","floor":56,"turns":5}],"seed_played":"3858549226964408902","potions_obtained":[{"floor":11.0,"key":"Weak Potion"},{"floor":12.0,"key":"Ancient Potion"},{"floor":16.0,"key":"GhostInAJar"}],"is_trial":false,"path_per_floor":["M","?","$","?","?","R","E","M","T","R","M","M","?","E","R","B",null,"M","$","?","?","?","E","R","?","T","M","R","$","?","$","R","B",null,"M","?","?","$","M","E","$","E","T","M","?","M","M","?","R","B","B",null,"R","$","E","B",null],"character_chosen":"THE_SILENT","items_purchased":["Noxious Fumes","Snake Skull","Impatience"],"campfire_rested":1,"item_purchase_floors":[3,19,31],"current_hp_per_floor":[59,48,48,41,41,41,41,41,41,41,40,40,36,29,29,25,56,54,54,54,54,54,37,37,37,37,36,36,36,31,31,31,24,56,56,56,56,56,56,66,66,66,66,66,66,66,66,66,66,66,66,66,66,66,66,66],"gold":129,"neow_bonus":"THREE_ENEMY_KILL","is_prod":false,"is_daily":false,"chose_seed":false,"campfire_upgraded":6,"win_rate":0,"timestamp":1553536515,"path_taken":["M","?","$","?","?","R","E","M","T","R","M","M","?","E","R","BOSS","M","$","?","?","?","E","R","?","T","M","R","$","?","?","R","BOSS","M","?","?","$","M","E","$","E","T","M","?","M","M","?","R","BOSS","BOSS","R","$","E","BOSS"],"build_version":"2019-01-23","purchased_purges":3,"victory":true,"max_hp_per_floor":[66,66,66,66,66,66,66,66,66,66,66,66,66,66,66,66,66,66,66,66,66,66,66,66,66,66,66,66,66,66,66,66,66,66,66,66,63,63,63,73,73,73,73,73,73,73,73,73,73,73,73,73,73,73,73,73],"card_choices":[{"not_picked":["Quick Slash","Bane"],"picked":"Deadly Poison","floor":1.0},{"not_picked":["Predator","Eviscerate","Blade Dance"],"picked":"SKIP","floor":7.0},{"not_picked":["Bane","Acrobatics","PiercingWail"],"picked":"SKIP","floor":8.0},{"not_picked":["Dodge and Roll","Eviscerate","Poisoned Stab"],"picked":"SKIP","floor":11.0},{"not_picked":["Choke","Dodge and Roll","Dagger Spray"],"picked":"SKIP","floor":12.0},{"not_picked":["Outmaneuver","Slice","Masterful Stab"],"picked":"SKIP","floor":14.0},{"not_picked":["Doppelganger","Bullet Time"],"picked":"Wraith Form v2","floor":16.0},{"not_picked":["Outmaneuver","Dagger Spray","PiercingWail"],"picked":"SKIP","floor":18.0},{"not_picked":["Unload","Dagger Spray","Dodge and Roll"],"picked":"SKIP","floor":23.0},{"not_picked":["Underhanded Strike","Skewer","Expertise"],"picked":"SKIP","floor":27.0},{"not_picked":["Dagger Throw","Backflip"],"picked":"Well Laid Plans+1","floor":30.0},{"not_picked":["Night Terror","Glass Knife"],"picked":"Grand Finale","floor":33.0},{"not_picked":["Quick Slash+1","Sucker Punch"],"picked":"Acrobatics+1","floor":35.0},{"not_picked":["Acrobatics","PiercingWail","Blade Dance"],"picked":"SKIP","floor":39.0},{"not_picked":["PiercingWail","Blade Dance"],"picked":"Acrobatics","floor":39.0},{"not_picked":["Blade Dance+1","Poisoned Stab","Underhanded Strike+1"],"picked":"SKIP","floor":40},{"not_picked":["Tools of the Trade","Calculated Gamble","Outmaneuver"],"picked":"SKIP","floor":42},{"not_picked":["Underhanded Strike","Poisoned Stab","Quick Slash"],"picked":"SKIP","floor":44},{"not_picked":["Deadly Poison","Blur","Deflect"],"picked":"SKIP","floor":46},{"not_picked":["Quick Slash","Dagger Spray","Eviscerate"],"picked":"SKIP","floor":47},{"not_picked":["Tactician","Bane","Poisoned Stab"],"picked":"SKIP","floor":55}],"player_experience":3871592,"relics_obtained":[{"floor":7.0,"key":"Juzu Bracelet"},{"floor":9.0,"key":"Anchor"},{"floor":14.0,"key":"Art of War"},{"floor":23.0,"key":"Sundial"},{"floor":26.0,"key":"Happy Flower"},{"floor":30.0,"key":"Red Mask"},{"floor":40,"key":"Pear"},{"floor":42,"key":"Dodecahedron"},{"floor":55,"key":"Mummified Hand"}],"event_choices":[{"damage_healed":0.0,"max_hp_gain":0.0,"max_hp_loss":0.0,"gold_gain":75.0,"event_name":"World of Goop","player_choice":"Gather Gold","floor":2.0,"gold_loss":0.0,"damage_taken":11.0},{"cards_removed":["Strike_G"],"damage_healed":0.0,"max_hp_gain":0.0,"max_hp_loss":0.0,"gold_gain":0.0,"event_name":"Golden Wing","player_choice":"Card Removal","floor":4.0,"gold_loss":0.0,"damage_taken":7.0},{"cards_removed":["Strike_G"],"damage_healed":0.0,"max_hp_gain":0.0,"max_hp_loss":0.0,"gold_gain":0.0,"event_name":"Living Wall","player_choice":"Forget","floor":5.0,"gold_loss":0.0,"damage_taken":0.0},{"damage_healed":0.0,"max_hp_gain":0.0,"max_hp_loss":0.0,"gold_gain":0.0,"event_name":"The Woman in Blue","player_choice":"Bought 0 Potions","floor":13.0,"gold_loss":0.0,"damage_taken":0.0},{"cards_removed":["Strike_G"],"damage_healed":0.0,"max_hp_gain":0.0,"max_hp_loss":0.0,"gold_gain":0.0,"event_name":"Back to Basics","player_choice":"Elegance","floor":20.0,"gold_loss":0.0,"damage_taken":0.0},{"damage_healed":0.0,"max_hp_gain":0.0,"max_hp_loss":0.0,"gold_gain":0.0,"event_name":"The Library","player_choice":"Read","floor":21.0,"gold_loss":0.0,"damage_taken":0.0,"cards_obtained":["Tactician"]},{"damage_healed":0.0,"max_hp_gain":0.0,"max_hp_loss":0.0,"gold_gain":50.0,"event_name":"Nest","player_choice":"Stole From Cult","floor":22.0,"gold_loss":0.0,"damage_taken":0.0},{"cards_removed":["Defend_G"],"damage_healed":0.0,"max_hp_gain":0.0,"max_hp_loss":0.0,"gold_gain":0.0,"event_name":"Beggar","player_choice":"Gave Gold","floor":25.0,"gold_loss":75.0,"damage_taken":0.0},{"damage_healed":0.0,"max_hp_gain":0.0,"max_hp_loss":0.0,"gold_gain":0.0,"event_name":"Masked Bandits","player_choice":"Fought Bandits","floor":30.0,"gold_loss":0.0,"damage_taken":0.0},{"damage_healed":0.0,"max_hp_gain":0.0,"max_hp_loss":0.0,"gold_gain":0.0,"event_name":"Mysterious Sphere","player_choice":"Ignored","floor":36.0,"gold_loss":0.0,"damage_taken":0.0},{"damage_healed":0.0,"max_hp_gain":0.0,"max_hp_loss":3.0,"gold_gain":0.0,"event_name":"Winding Halls","player_choice":"Max HP","floor":37.0,"gold_loss":0.0,"damage_taken":0.0},{"damage_healed":0,"gold_gain":0,"player_choice":"Upgrade","damage_taken":0,"relics_obtained":["Mark of the Bloom"],"max_hp_gain":0,"max_hp_loss":0,"event_name":"MindBloom","floor":45,"gold_loss":0,"cards_upgraded":["Defend_G","Survivor","Grand Finale","Acrobatics"]},{"cards_removed":["Setup"],"damage_healed":0,"gold_gain":0,"player_choice":"Removed Skill","damage_taken":0,"max_hp_gain":0,"max_hp_loss":0,"event_name":"Falling","floor":48,"gold_loss":0}],"is_beta":false,"boss_relics":[{"not_picked":["HoveringKite","Lizard Tail"],"picked":"Sozu"},{"not_picked":["Fusion Hammer","White Beast Statue"],"picked":"Astrolabe"}],"items_purged_floors":[3,19,41],"is_endless":false,"potions_floor_spawned":[11,12,16,18,23,33,39,42,46],"ascension_level":20}