{"gold_per_floor":[109,126,37,37,64,101,111,121,176,186,260,270,30,53,53,114,114,127,127,39,49,49,49,49,49,116,131,41,41,41,41,41,106,106,120,120,120,120,26,26,37,37,59,70,84,84,97,121,121,121,121,121,121,21,49,49],"floor_reached":57,"playtime":2968,"items_purged":["Strike_R+1"],"score":2934,"play_id":"c627ad33-6722-4f7e-a083-a6fb8c37e1f4","local_time":"20190131091501","is_ascension_mode":true,"campfire_choices":[{"data":"True Grit","floor":7.0,"key":"SMITH"},{"data":"Rampage","floor":10.0,"key":"SMITH"},{"floor":12.0,"key":"REST"},{"data":"Inflame","floor":15.0,"key":"SMITH"},{"floor":23.0,"key":"REST"},{"data":"Spot Weakness","floor":25.0,"key":"SMITH"},{"data":"Flex","floor":30.0,"key":"SMITH"},{"data":"Pummel","floor":32.0,"key":"SMITH"},{"data":"Limit Break","floor":40.0,"key":"SMITH"},{"data":"Panacea","floor":42.0,"key":"SMITH"},{"data":"Sword Boomerang","floor":46.0,"key":"SMITH"},{"floor":49.0,"key":"RECALL"},{"data":"Second Wind","floor":53.0,"key":"SMITH"}],"neow_cost":"NONE","seed_source_timestamp":20301862078585,"circlet_count":0,"master_deck":["AscendersBane","Defend_R+1","Defend_R+1","Defend_R+1","Bash+1","True Grit+1","Rampage+1","Flex+1","Reaper","Inflame+1","Reaper","Sentinel","Spot Weakness+1","Second Wind+1","Pummel+1","Limit Break+1","Clumsy","Panacea+1","Sword Boomerang+1"],"special_seed":0,"relics":["Burning Blood","AscMod:CursedFlame","AscMod:MegaStarOfAscension","AscMod:CursedBank","Anchor","MawBank","Pocketwatch","Pen Nib","Gremlin Horn","Runic Pyramid","theJungle:SpiritDisease","theJungle:BirthdayCake","Spirit Poop","theJungle:ParSnip","Busted Crown","Letter Opener","Blood Vial"],"potions_floor_usage":[55,56],"damage_taken":[{"damage":4.0,"enemies":"Jaw Worm","floor":1.0,"turns":5.0},{"damage":1.0,"enemies":"Small Slimes","floor":2.0,"turns":4.0},{"damage":0.0,"enemies":"2 Louse","floor":5.0,"turns":3.0},{"damage":31.0,"enemies":"Gremlin Nob","floor":6.0,"turns":4.0},{"damage":20.0,"enemies":"3 Sentries","floor":14.0,"turns":6.0},{"damage":39.0,"enemies":"Slime Boss","floor":16.0,"turns":10.0},{"damage":36.0,"enemies":"theJungle:MUSHROOMGANG","floor":18.0,"turns":7.0},{"damage":65.0,"enemies":"theJungle:Flameango_and_Byrd","floor":21.0,"turns":9.0},{"damage":25.0,"enemies":"theJungle:2_Snecko_Cultists","floor":27.0,"turns":4.0},{"damage":0.0,"enemies":"theJungle:QueenSpyder","floor":33.0,"turns":5.0},{"damage":13.0,"enemies":"3 Darklings","floor":35.0,"turns":3.0},{"damage":30.0,"enemies":"3 Shapes","floor":41.0,"turns":4.0},{"damage":12.0,"enemies":"Transient","floor":44.0,"turns":6.0},{"damage":5.0,"enemies":"3 Darklings","floor":45.0,"turns":3.0},{"damage":21.0,"enemies":"Jaw Worm Horde","floor":47.0,"turns":4.0},{"damage":35.0,"enemies":"Reptomancer","floor":48.0,"turns":4.0},{"damage":102.0,"enemies":"Time Eater","floor":50.0,"turns":8.0},{"damage":75.0,"enemies":"Awakened One","floor":51.0,"turns":7.0},{"damage":102,"enemies":"Shield and Spear","floor":55,"turns":6},{"damage":205,"enemies":"The Heart","floor":56,"turns":9}],"seed_played":"-5327991431069818799","potions_obtained":[{"floor":2.0,"key":"SteroidPotion"},{"floor":5.0,"key":"Ancient Potion"},{"floor":6.0,"key":"Explosive Potion"},{"floor":14.0,"key":"Dexterity Potion"},{"floor":21.0,"key":"BloodPotion"},{"floor":45.0,"key":"Dexterity Potion"},{"floor":48.0,"key":"Fire Potion"}],"is_trial":false,"path_per_floor":["M","M","$","?","M","E","R","?","T","R","?","R","$","E","R","B",null,"M","?","$","M","?","R","?","R","T","M","?","$","R","?","R","B",null,"M","?","?","?","$","R","M","R","T","M","M","R","M","E","R","B","B",null,"R","$","E","B",null],"character_chosen":"IRONCLAD","items_purchased":["Rampage","Flex","Reaper","AttackPotion","Spot Weakness","Panacea"],"campfire_rested":2,"item_purchase_floors":[3,13,13,13,20,39],"current_hp_per_floor":[69,73,73,55,60,34,34,27,27,27,16,34,34,33,33,6,48,53,53,53,18,3,21,37,37,37,51,51,51,51,51,51,87,92,95,90,90,90,90,90,90,90,90,90,90,90,90,90,90,90,90,90,90,90,87,15],"gold":49,"neow_bonus":"RANDOM_COMMON_RELIC","is_prod":false,"is_daily":false,"chose_seed":false,"campfire_upgraded":10,"win_rate":0,"timestamp":1548897301,"path_taken":["M","M","$","?","M","E","R","?","T","R","?","R","$","E","R","BOSS","M","?","$","M","?","R","?","R","T","M","?","$","R","?","R","BOSS","M","?","?","?","$","R","M","R","T","M","?","R","M","E","R","BOSS","BOSS","R","$","E","BOSS"],"build_version":"2019-01-23","purchased_purges":1,"victory":true,"max_hp_per_floor":[75,75,75,75,75,75,75,75,75,75,75,75,75,75,75,75,75,75,75,75,75,75,75,95,95,95,95,95,95,95,95,95,95,95,95,90,90,90,90,90,90,90,90,90,90,90,90,90,90,90,90,90,90,90,90,90],"card_choices":[{"not_picked":["Havoc","Iron Wave"],"picked":"True Grit","floor":1.0},{"not_picked":["Bloodletting","Pummel","Clothesline"],"picked":"SKIP","floor":2.0},{"not_picked":["Heavy Blade","Fire Breathing","Clash"],"picked":"SKIP","floor":5.0},{"not_picked":["Heavy Blade","Fire Breathing","Clash"],"picked":"SKIP","floor":5.0},{"not_picked":["Blood for Blood","Searing Blow","Clash"],"picked":"SKIP","floor":6.0},{"not_picked":["Shrug It Off","Thunderclap"],"picked":"Inflame","floor":14.0},{"not_picked":["Exhume","Feed"],"picked":"Reaper","floor":16.0},{"not_picked":["Feel No Pain","Blood for Blood"],"picked":"Sentinel","floor":18.0},{"not_picked":["Wild Strike","Pommel Strike+1"],"picked":"Second Wind","floor":21.0},{"not_picked":["Perfected Strike+1","Havoc"],"picked":"Pummel","floor":27.0},{"not_picked":["Bludgeon","Dark Embrace"],"picked":"Limit Break","floor":33.0},{"not_picked":["Iron Wave+1"],"picked":"SKIP","floor":35.0},{"not_picked":["Twin Strike"],"picked":"SKIP","floor":41.0},{"not_picked":[],"picked":"Sword Boomerang","floor":44.0},{"not_picked":["Clash"],"picked":"SKIP","floor":45.0},{"not_picked":["Wild Strike+1"],"picked":"SKIP","floor":47.0},{"not_picked":["Heavy Blade"],"picked":"SKIP","floor":48.0},{"not_picked":["Feel No Pain"],"picked":"SKIP","floor":55}],"player_experience":2425644,"relics_obtained":[{"floor":6.0,"key":"Pocketwatch"},{"floor":9.0,"key":"Pen Nib"},{"floor":14.0,"key":"Gremlin Horn"},{"floor":26.0,"key":"Spirit Poop"},{"floor":48.0,"key":"Letter Opener"},{"floor":55,"key":"Blood Vial"}],"event_choices":[{"damage_healed":0.0,"max_hp_gain":0.0,"max_hp_loss":0.0,"gold_gain":0.0,"event_name":"Scrap Ooze","player_choice":"Success","floor":4.0,"gold_loss":0.0,"damage_taken":18.0,"relics_obtained":["MawBank"]},{"cards_removed":["Strike_R"],"damage_healed":0.0,"max_hp_gain":0.0,"max_hp_loss":0.0,"gold_gain":0.0,"event_name":"Golden Wing","player_choice":"Card Removal","floor":8.0,"gold_loss":0.0,"damage_taken":7.0},{"damage_healed":0.0,"max_hp_gain":0.0,"max_hp_loss":0.0,"gold_gain":75.0,"event_name":"World of Goop","player_choice":"Gather Gold","floor":11.0,"gold_loss":0.0,"damage_taken":11.0},{"damage_healed":0.0,"max_hp_gain":0.0,"max_hp_loss":5.0,"gold_gain":0.0,"event_name":"Winding Halls","player_choice":"Max HP","floor":36.0,"gold_loss":0.0,"damage_taken":0.0},{"cards_removed":["Defend_R"],"damage_healed":0.0,"max_hp_gain":0.0,"max_hp_loss":0.0,"gold_gain":0.0,"event_name":"Falling","player_choice":"Removed Skill","floor":37.0,"gold_loss":0.0,"damage_taken":0.0},{"damage_healed":0.0,"max_hp_gain":0.0,"max_hp_loss":0.0,"gold_gain":0.0,"event_name":"SensoryStone","player_choice":"Memory 1","floor":38.0,"gold_loss":0.0,"damage_taken":0.0}],"is_beta":false,"boss_relics":[{"not_picked":["Cursed Key","White Beast Statue"],"picked":"Runic Pyramid"},{"not_picked":["Black Blood","Pandora\u0027s Box"],"picked":"Busted Crown"}],"items_purged_floors":[54],"is_endless":false,"potions_floor_spawned":[2,5,6,14,21,35,45,47,48],"ascension_level":25}