{"gold_per_floor":[109,24,24,174,188,215,215,215,215,215,6,6,33,45,45,118,118,137,87,103,53,53,53,53],"floor_reached":24,"playtime":488,"items_purged":["Doubt","Strike_G"],"score":550,"play_id":"d3ef4f11-4a74-4af9-b813-49c9d5d29b66","local_time":"20190312171251","is_ascension_mode":true,"campfire_choices":[{"data":"Bouncing Flask","floor":8.0,"key":"SMITH"},{"data":"Deadly Poison","floor":10.0,"key":"SMITH"},{"data":"Well Laid Plans","floor":12.0,"key":"SMITH"},{"data":"Neutralize","floor":15.0,"key":"SMITH"},{"data":"Reflex","floor":23,"key":"SMITH"}],"neow_cost":"NONE","seed_source_timestamp":16406520203479,"circlet_count":0,"master_deck":["AscendersBane","Defend_G","Defend_G","Defend_G","Defend_G","Defend_G","Strike_G","Strike_G","Strike_G","Survivor","Neutralize+1","Deadly Poison+1","Well Laid Plans+1","Bouncing Flask+1","Tactician","Reflex+1","Corpse Explosion","Pain"],"special_seed":0,"relics":["Ring of the Snake","NeowsBlessing","Smiling Mask","Matryoshka","Medical Kit","WingedGreaves","HoveringKite","WarpedTongs"],"potions_floor_usage":[20],"damage_taken":[{"damage":0.0,"enemies":"2 Louse","floor":1.0,"turns":1.0},{"damage":0.0,"enemies":"Jaw Worm","floor":5.0,"turns":1.0},{"damage":0.0,"enemies":"Lagavulin","floor":6.0,"turns":1.0},{"damage":39.0,"enemies":"3 Sentries","floor":13.0,"turns":10.0},{"damage":0.0,"enemies":"Cultist","floor":14.0,"turns":3.0},{"damage":0.0,"enemies":"Hexaghost","floor":16.0,"turns":8.0},{"damage":27.0,"enemies":"Shell Parasite","floor":18.0,"turns":6.0},{"damage":0,"enemies":"3 Byrds","floor":20,"turns":2},{"damage":0,"enemies":"Shelled Parasite and Fungi","floor":24,"turns":1}],"seed_played":"4497404709390592697","potions_obtained":[{"floor":6.0,"key":"LiquidBronze"},{"floor":13.0,"key":"Swift Potion"}],"is_trial":false,"path_per_floor":["M","$","?","?","M","E","T","R","T","R","$","R","E","M","R","B",null,"M","$","M","$","?","R","M"],"character_chosen":"THE_SILENT","items_purchased":["Well Laid Plans","Medical Kit"],"campfire_rested":0,"item_purchase_floors":[2,11],"current_hp_per_floor":[59,59,59,59,59,59,59,59,59,59,59,59,20,20,20,20,55,28,28,28,28,28,28,28],"gold":53,"neow_bonus":"THREE_ENEMY_KILL","is_prod":false,"is_daily":false,"chose_seed":false,"campfire_upgraded":5,"win_rate":0,"timestamp":1552381971,"path_taken":["M","$","?","?","M","E","?","R","T","R","$","R","E","M","R","BOSS","M","$","?","$","?","R","?"],"build_version":"2019-01-23","purchased_purges":2,"victory":false,"max_hp_per_floor":[66,66,66,66,66,66,66,66,66,66,66,66,66,66,66,66,66,66,66,66,66,66,66,66],"card_choices":[{"not_picked":["Prepared","PiercingWail"],"picked":"Deadly Poison","floor":1.0},{"not_picked":["Dodge and Roll","Cloak And Dagger"],"picked":"Bouncing Flask","floor":5.0},{"not_picked":["Distraction","Acrobatics"],"picked":"Tactician","floor":6.0},{"not_picked":["Dagger Spray","Infinite Blades"],"picked":"Reflex","floor":13.0},{"not_picked":["Crippling Poison","Dodge and Roll","Slice"],"picked":"SKIP","floor":14.0},{"not_picked":["Wraith Form v2","Bullet Time"],"picked":"Corpse Explosion","floor":16.0},{"not_picked":["Deflect","Cloak And Dagger","Dagger Throw"],"picked":"SKIP","floor":18.0},{"not_picked":["Dagger Throw","PiercingWail","Bane"],"picked":"SKIP","floor":20}],"player_experience":3519832,"relics_obtained":[{"floor":6.0,"key":"Smiling Mask"},{"floor":9.0,"key":"Matryoshka"},{"floor":13.0,"key":"WingedGreaves"}],"event_choices":[{"cards_removed":["Strike_G"],"damage_healed":0.0,"max_hp_gain":0.0,"max_hp_loss":0.0,"gold_gain":0.0,"event_name":"Living Wall","player_choice":"Forget","floor":3.0,"gold_loss":0.0,"damage_taken":0.0},{"damage_healed":0.0,"max_hp_gain":0.0,"max_hp_loss":0.0,"gold_gain":150.0,"event_name":"Liars Game","player_choice":"AGREE","floor":4.0,"gold_loss":0.0,"damage_taken":0.0,"cards_obtained":["Doubt"]},{"damage_healed":0,"gold_gain":0,"player_choice":"Rummage","damage_taken":0,"relics_obtained":["WarpedTongs"],"max_hp_gain":0,"max_hp_loss":0,"event_name":"Accursed Blacksmith","floor":22,"gold_loss":0,"cards_obtained":["Pain"]}],"is_beta":false,"boss_relics":[{"not_picked":["Fusion Hammer","Busted Crown"],"picked":"HoveringKite"}],"items_purged_floors":[19,21],"is_endless":false,"potions_floor_spawned":[6,13],"killed_by":"Shelled Parasite and Fungi","ascension_level":20}