{"gold_per_floor":[117,129,129,129,149,167,179,209,209,209],"floor_reached":10,"playtime":750,"items_purged":["Strike_G"],"score":136,"play_id":"876d246d-d1df-44a9-ada4-a80a8f6a152a","local_time":"20190321140501","is_ascension_mode":true,"campfire_choices":[{"data":"Deadly Poison","floor":9,"key":"SMITH"}],"neow_cost":"NONE","seed_source_timestamp":8353123958369,"circlet_count":0,"master_deck":["AscendersBane","Defend_G","Defend_G","Defend_G","Defend_G","Defend_G","Strike_G","Strike_G","Strike_G","Strike_G","Survivor","Neutralize","ReplayTheSpireMod:Necrosis","Poisoned Stab","Footwork","Fluid Movement","Hallucinations","Deadly Poison+1"],"relics":["Ring of the Snake","ReplayTheSpireMod:CursedCoin","Happy Flower"],"potions_floor_usage":[8],"damage_taken":[{"damage":4,"enemies":"Small Slimes","floor":1,"turns":5},{"damage":2,"enemies":"2 Louse","floor":2,"turns":4},{"damage":0,"enemies":"Cultist","floor":5,"turns":5},{"damage":10,"enemies":"Red Slaver","floor":7,"turns":7},{"damage":19,"enemies":"Erikyupuro","floor":8,"turns":6},{"damage":18,"enemies":"Lagavulin","floor":10,"turns":5}],"seed_played":"-1838663333003342734","potions_obtained":[{"floor":7,"key":"GamblersBrew"},{"floor":8,"key":"Venom Potion"}],"is_trial":false,"path_per_floor":["M","M","PTL","PTL","M","$","M","E","R","E"],"character_chosen":"THE_SILENT","items_purchased":["ReplayTheSpireMod:CursedCoin","Explosive Potion"],"campfire_rested":0,"item_purchase_floors":[6,6],"current_hp_per_floor":[55,53,53,53,53,53,43,24,24,6],"gold":209,"neow_bonus":"ONE_RANDOM_RARE_CARD","is_prod":false,"is_daily":false,"chose_seed":false,"campfire_upgraded":1,"win_rate":0,"timestamp":1553148301,"path_taken":["M","M","PTL","PTL","M","$","M","E","R","E"],"build_version":"2019-01-23","purchased_purges":1,"victory":false,"max_hp_per_floor":[66,66,66,66,66,66,66,66,66,66],"card_choices":[{"not_picked":["Slice","Dagger Throw"],"picked":"Poisoned Stab","floor":1},{"not_picked":["Slice","Heel Hook"],"picked":"Footwork","floor":2},{"not_picked":["Calculated Gamble","Sucker Punch"],"picked":"Fluid Movement","floor":5},{"not_picked":["Outmaneuver","Escape Plan"],"picked":"Deadly Poison","floor":7},{"not_picked":["Poisoned Stab","Quick Slash","Dagger Throw"],"picked":"SKIP","floor":8}],"player_experience":3760350,"relics_obtained":[{"floor":8,"key":"Happy Flower"}],"event_choices":[],"is_beta":false,"boss_relics":[],"items_purged_floors":[6],"is_endless":false,"potions_floor_spawned":[7,8],"killed_by":"Lagavulin","ascension_level":20}