{"gold_per_floor":[119,44,56,56,56,56,84,84,84,84,84,103,28,58,58,136,136,149,163,88,88,88,123,123,151,199,259,290,190,223,241,241,314,314,331,381,831,904,921,955,500,500,500,16,16,51,121,137,137,137,137],"floor_reached":52,"playtime":2261,"items_purged":["Strike_G","Defend_G","After Image","Leg Sweep"],"score":2659,"play_id":"6b58026e-844e-4aac-9ea8-8153570d5096","local_time":"20181025232657","is_ascension_mode":true,"campfire_choices":[{"data":"Bloodthirsty","floor":6.0,"key":"SMITH"},{"data":"Neutralize","floor":8.0,"key":"SMITH"},{"data":"Well Laid Plans","floor":11.0,"key":"SMITH"},{"data":"Reflex","floor":15.0,"key":"SMITH"},{"data":"Calculated Gamble","floor":24.0,"key":"SMITH"},{"data":"Tactician","floor":32,"key":"SMITH"},{"data":"Backflip","floor":42,"key":"SMITH"},{"data":"Purity","floor":45,"key":"SMITH"},{"floor":49,"key":"REST"}],"neow_cost":"NONE","seed_source_timestamp":26911031613580,"circlet_count":0,"master_deck":["Neutralize+1","AscendersBane","Bloodthirsty+1","Reflex+1","Prepared+1","Well Laid Plans+1","Backflip+1","Reflex+1","Poisoned Stab+1","Calculated Gamble+1","Acrobatics+1","Tactician+1","Calculated Gamble+1","Expertise+1","Prepared+1","Purity+1"],"special_seed":0,"relics":["Ring of the Snake","Lantern","Anchor","Meat on the Bone","Bag of Marbles","Runic Dome","SsserpentHead","Omamori","Whetstone","Regal Pillow","Question Card","Ninja Scroll","Astrolabe","Alchemist","Oddly Smooth Stone","Boot","Membership Card","War Paint","Singing Bowl","Blue Candle","IndustrialRevolution","Sundial","TwistedFunnel","Strawberry"],"potions_floor_usage":[25,50,50],"damage_taken":[{"damage":0.0,"enemies":"Cultist","floor":1.0,"turns":1.0},{"damage":0.0,"enemies":"2 Louse","floor":3.0,"turns":1.0},{"damage":0.0,"enemies":"3 Sentries","floor":7.0,"turns":2.0},{"damage":0.0,"enemies":"Jaw Worm","floor":12.0,"turns":7.0},{"damage":72.0,"enemies":"Gremlin Nob","floor":14.0,"turns":5.0},{"damage":3.0,"enemies":"The Guardian","floor":16.0,"turns":6.0},{"damage":6.0,"enemies":"3 Byrds","floor":18.0,"turns":6.0},{"damage":9.0,"enemies":"Chosen","floor":19.0,"turns":7.0},{"damage":17.0,"enemies":"Book of Stabbing","floor":23.0,"turns":6.0},{"damage":68,"enemies":"Slavers","floor":25,"turns":7},{"damage":0,"enemies":"Snake Plant","floor":27,"turns":3},{"damage":0,"enemies":"Gremlin Leader","floor":28,"turns":3},{"damage":1,"enemies":"Book of Stabbing","floor":30,"turns":3},{"damage":7,"enemies":"Sentry and Sphere","floor":31,"turns":3},{"damage":0,"enemies":"Champ","floor":33,"turns":2},{"damage":0,"enemies":"3 Darklings","floor":35,"turns":1},{"damage":0,"enemies":"Mind Bloom Boss Battle","floor":36,"turns":1},{"damage":0,"enemies":"3 Shapes","floor":39,"turns":1},{"damage":0,"enemies":"Giant Head","floor":40,"turns":1},{"damage":1,"enemies":"Nemesis","floor":46,"turns":1},{"damage":0,"enemies":"Spire Growth","floor":47,"turns":1},{"damage":0,"enemies":"4 Shapes","floor":48,"turns":1},{"damage":0,"enemies":"Time Eater","floor":50,"turns":2},{"damage":0,"enemies":"Donu and Deca","floor":51,"turns":1}],"seed_played":"5616037683041415227","potions_obtained":[{"floor":1.0,"key":"EssenceOfSteel"},{"floor":16.0,"key":"PowerPotion"},{"floor":25,"key":"PowerPotion"},{"floor":27,"key":"Swift Potion"}],"is_trial":false,"path_per_floor":["M","?","M","?","?","R","E","R","T","?","R","M","$","E","R","B",null,"M","M","?","?","?","E","R","E","T","M","E","$","E","M","R","B",null,"M","?","?","T","M","E","$","R","T","$","R","E","M","M","R","B","B"],"character_chosen":"THE_SILENT","items_purchased":["Membership Card","War Paint","Singing Bowl","IndustrialRevolution","Sundial","TwistedFunnel","Block Potion","Purity"],"campfire_rested":1,"item_purchase_floors":[41,41,41,44,44,44,44,44],"current_hp_per_floor":[60,60,61,54,43,43,44,44,44,44,44,66,66,41,41,66,66,66,66,66,66,66,66,66,58,58,66,66,66,66,66,66,66,66,66,66,66,66,66,66,66,66,66,66,66,75,77,79,79,79,79],"gold":137,"neow_bonus":"THREE_ENEMY_KILL","is_prod":false,"is_daily":false,"chose_seed":false,"campfire_upgraded":8,"win_rate":0,"timestamp":1540481217,"path_taken":["M","?","?","?","?","R","E","R","T","?","R","M","$","E","R","BOSS","M","M","?","?","?","E","R","E","T","?","E","$","E","M","R","BOSS","M","?","?","?","M","E","?","R","T","$","R","E","?","M","R","BOSS","BOSS"],"build_version":"2018-10-18","purchased_purges":4,"victory":true,"max_hp_per_floor":[66,66,66,66,66,66,66,66,66,66,66,66,66,66,66,66,66,66,66,66,66,66,66,66,66,66,66,66,66,66,66,66,66,66,66,66,66,66,66,66,66,66,66,66,66,75,77,79,79,79,79],"card_choices":[{"not_picked":["Escape Plan","Outmaneuver"],"picked":"Reflex","floor":1.0},{"not_picked":["Dagger Spray","Quick Slash"],"picked":"Prepared","floor":3.0},{"not_picked":["Endless Agony","Blur","Doppelganger"],"picked":"SKIP","floor":7.0},{"not_picked":["Caltrops","Dodge and Roll"],"picked":"Backflip","floor":12.0},{"not_picked":["Deflect","Dagger Spray","Quick Slash"],"picked":"SKIP","floor":14.0},{"not_picked":["Doppelganger","Glass Knife"],"picked":"After Image","floor":16.0},{"not_picked":["Bane","Crippling Poison"],"picked":"Reflex+1","floor":18.0},{"not_picked":["Dodge and Roll+1","Masterful Stab","Dagger Throw"],"picked":"SKIP","floor":19.0},{"not_picked":["Endless Agony","Slice"],"picked":"Calculated Gamble","floor":23.0},{"not_picked":["Bane","Choke","Bullet Time"],"picked":"SKIP","floor":25},{"not_picked":["PiercingWail","Dodge and Roll","Sucker Punch+1"],"picked":"SKIP","floor":27},{"not_picked":["Leg Sweep","Choke","Skewer"],"picked":"SKIP","floor":28},{"not_picked":["After Image","Masterful Stab","Backstab"],"picked":"Acrobatics","floor":30},{"not_picked":["Blade Dance","Expertise","Cloak And Dagger"],"picked":"Tactician","floor":31},{"not_picked":["Quick Slash","Accuracy+1","Deadly Poison","Escape Plan"],"picked":"SKIP","floor":35},{"not_picked":["PiercingWail","Night Terror","Cloak And Dagger+1","Deadly Poison"],"picked":"SKIP","floor":39},{"not_picked":["Deadly Poison+1","Dash","Dagger Spray+1","Reflex"],"picked":"SKIP","floor":40},{"not_picked":["Dagger Throw","Riddle With Holes+1","Setup","Caltrops"],"picked":"Singing Bowl","floor":46},{"not_picked":["Deadly Poison+1","Corpse Explosion","Calculated Gamble+1","Expertise+1"],"picked":"Singing Bowl","floor":47},{"not_picked":["All Out Attack+1","Cloak And Dagger","Escape Plan+1","Masterful Stab"],"picked":"Singing Bowl","floor":48}],"player_experience":385461,"relics_obtained":[{"floor":7.0,"key":"Anchor"},{"floor":9.0,"key":"Meat on the Bone"},{"floor":14.0,"key":"Bag of Marbles"},{"floor":23.0,"key":"Omamori"},{"floor":25,"key":"Whetstone"},{"floor":26,"key":"Regal Pillow"},{"floor":28,"key":"Question Card"},{"floor":30,"key":"Ninja Scroll"},{"floor":36,"key":"Alchemist"},{"floor":38,"key":"Oddly Smooth Stone"},{"floor":40,"key":"Boot"},{"floor":43,"key":"Blue Candle"},{"floor":46,"key":"Strawberry"}],"event_choices":[{"cards_removed":["Strike_G"],"damage_healed":0.0,"max_hp_gain":0.0,"max_hp_loss":0.0,"gold_gain":0.0,"event_name":"The Cleric","player_choice":"Card Removal","floor":2.0,"gold_loss":75.0,"damage_taken":0.0},{"cards_removed":["Strike_G"],"damage_healed":0.0,"max_hp_gain":0.0,"max_hp_loss":0.0,"gold_gain":0.0,"event_name":"Golden Wing","player_choice":"Card Removal","floor":4.0,"gold_loss":0.0,"damage_taken":7.0},{"damage_healed":0.0,"max_hp_gain":0.0,"max_hp_loss":0.0,"gold_gain":0.0,"event_name":"Scrap Ooze","player_choice":"Success","floor":5.0,"gold_loss":0.0,"damage_taken":11.0,"relics_obtained":["Lantern"]},{"damage_healed":0.0,"max_hp_gain":0.0,"max_hp_loss":0.0,"gold_gain":0.0,"cards_transformed":["Defend_G"],"event_name":"Transmorgrifier","player_choice":"Transformed","floor":10.0,"gold_loss":0.0,"damage_taken":0.0,"cards_obtained":["Well Laid Plans"]},{"cards_removed":["Strike_G"],"damage_healed":0.0,"max_hp_gain":0.0,"max_hp_loss":0.0,"gold_gain":0.0,"event_name":"Beggar","player_choice":"Gave Gold","floor":20.0,"gold_loss":75.0,"damage_taken":0.0},{"damage_healed":0.0,"max_hp_gain":0.0,"max_hp_loss":0.0,"gold_gain":0.0,"cards_transformed":["Defend_G","Strike_G"],"event_name":"Drug Dealer","player_choice":"Became Test Subject","floor":21.0,"gold_loss":0.0,"damage_taken":0.0,"cards_obtained":["Poisoned Stab","Leg Sweep"]},{"damage_healed":0.0,"max_hp_gain":0.0,"max_hp_loss":0.0,"gold_gain":0.0,"event_name":"FaceTrader","player_choice":"Trade","floor":22.0,"gold_loss":0.0,"damage_taken":0.0,"relics_obtained":["SsserpentHead"]},{"damage_healed":0,"gold_gain":0,"player_choice":"Fight","damage_taken":0,"max_hp_gain":0,"max_hp_loss":0,"event_name":"MindBloom","floor":36,"gold_loss":0},{"damage_healed":0,"gold_gain":0,"player_choice":"Give Relic","damage_taken":0,"max_hp_gain":0,"max_hp_loss":0,"event_name":"PlateOfNloth","floor":37,"gold_loss":0}],"is_beta":false,"boss_relics":[{"not_picked":["Snecko Eye","D_4"],"picked":"Runic Dome"},{"not_picked":["Sozu","EnergyCheck"],"picked":"Astrolabe"}],"items_purged_floors":[13,29,41,44],"is_endless":false,"potions_floor_spawned":[1,16,18,25,27,33,46,48],"ascension_level":20}