{"gold_per_floor":[115,115,115,115,131,131,143,143,143,162,162,187,22,39,39,113,113,123,48,68,68,102,102,134,134,158,177,177,177,187,200,200,275,275,295,310,329,9,20,51,51,51,51,51,51,62,97,11,11,11,11,11,11,11,40,40],"floor_reached":57,"playtime":2809,"items_purged":["Strike_G"],"score":2835,"play_id":"cdfef47e-77cb-4977-9bf5-fbb414f48ecf","local_time":"20190218225917","is_ascension_mode":true,"campfire_choices":[{"data":"Neutralize","floor":6.0,"key":"SMITH"},{"data":"All Out Attack","floor":8.0,"key":"SMITH"},{"data":"Underhanded Strike","floor":11.0,"key":"SMITH"},{"data":"Deadly Poison","floor":15.0,"key":"SMITH"},{"data":"Tools of the Trade","floor":23.0,"key":"SMITH"},{"data":"Malaise","floor":25.0,"key":"SMITH"},{"data":"Bouncing Flask","floor":29.0,"key":"SMITH"},{"data":"Escape Plan","floor":32.0,"key":"SMITH"},{"data":"Tools of the Trade","floor":41.0,"key":"SMITH"},{"floor":49.0,"key":"RECALL"},{"data":"Footwork","floor":53.0,"key":"SMITH"}],"neow_cost":"TEN_PERCENT_HP_LOSS","seed_source_timestamp":50973900966110,"circlet_count":0,"master_deck":["AscendersBane","Defend_G","Defend_G","Defend_G","Defend_G","Strike_G","Survivor","Neutralize+1","All Out Attack+1","Underhanded Strike+1","Backflip","Deadly Poison+1","Tools of the Trade+1","PiercingWail+1","Escape Plan+1","Malaise+1","Bouncing Flask+1","Malaise+1","Tools of the Trade+1","Backflip+1","Footwork+1"],"special_seed":0,"relics":["Ring of the Snake","Pear","Thread and Needle","Boot","Bronze Scales","Coffee Dripper","Red Mask","Gremlin Horn","Art of War","Runic Pyramid","Tough Bandages","Juzu Bracelet","Snake Skull","Strawberry"],"potions_floor_usage":[56],"damage_taken":[{"damage":0.0,"enemies":"Small Slimes","floor":1.0,"turns":4.0},{"damage":0.0,"enemies":"2 Louse","floor":5.0,"turns":2.0},{"damage":0.0,"enemies":"Cultist","floor":7.0,"turns":3.0},{"damage":0.0,"enemies":"3 Louse","floor":10.0,"turns":2.0},{"damage":6.0,"enemies":"3 Sentries","floor":12.0,"turns":4.0},{"damage":0.0,"enemies":"Blue Slaver","floor":14.0,"turns":3.0},{"damage":11.0,"enemies":"The Guardian","floor":16.0,"turns":10.0},{"damage":11.0,"enemies":"Shell Parasite","floor":18.0,"turns":6.0},{"damage":0.0,"enemies":"3 Byrds","floor":20.0,"turns":2.0},{"damage":11.0,"enemies":"Masked Bandits","floor":22.0,"turns":4.0},{"damage":0.0,"enemies":"Slavers","floor":24.0,"turns":5.0},{"damage":3.0,"enemies":"Snecko","floor":27.0,"turns":7.0},{"damage":0.0,"enemies":"3 Cultists","floor":30.0,"turns":5.0},{"damage":2.0,"enemies":"Chosen and Byrds","floor":31.0,"turns":5.0},{"damage":18.0,"enemies":"Collector","floor":33.0,"turns":12.0},{"damage":0.0,"enemies":"3 Shapes","floor":35.0,"turns":4.0},{"damage":0.0,"enemies":"Orb Walker","floor":36.0,"turns":3.0},{"damage":22.0,"enemies":"Transient","floor":37.0,"turns":6.0},{"damage":0.0,"enemies":"Writhing Mass","floor":39.0,"turns":6.0},{"damage":6.0,"enemies":"Giant Head","floor":40.0,"turns":10.0},{"damage":0.0,"enemies":"3 Darklings","floor":46.0,"turns":5.0},{"damage":0.0,"enemies":"Nemesis","floor":47.0,"turns":11.0},{"damage":0.0,"enemies":"Donu and Deca","floor":50.0,"turns":13.0},{"damage":2.0,"enemies":"Awakened One","floor":51.0,"turns":16.0},{"damage":22.0,"enemies":"Shield and Spear","floor":55.0,"turns":9.0},{"damage":37,"enemies":"The Heart","floor":56,"turns":13}],"seed_played":"1312793338049986141","potions_obtained":[{"floor":7.0,"key":"EntropicBrew"},{"floor":10.0,"key":"LiquidBronze"},{"floor":27.0,"key":"AttackPotion"},{"floor":30.0,"key":"GhostInAJar"},{"floor":33.0,"key":"EssenceOfSteel"}],"is_trial":false,"path_per_floor":["M","?","?","?","M","R","M","R","T","M","R","E","$","M","R","B",null,"M","$","M","$","?","R","E","R","T","M","?","R","M","M","R","B",null,"M","M","M","$","M","E","R","$","T","?","?","M","E","$","R","B","B",null,"R","$","E","B",null],"character_chosen":"THE_SILENT","items_purchased":["Bronze Scales","Tough Bandages","Footwork"],"campfire_rested":0,"item_purchase_floors":[13,38,48],"current_hp_per_floor":[59,64,57,57,57,57,57,57,57,57,57,51,51,51,51,40,63,52,52,52,52,41,41,41,41,41,38,38,38,38,36,36,18,57,57,57,35,35,35,29,29,29,29,29,57,57,57,57,57,57,55,57,57,57,42,5],"gold":40,"neow_bonus":"TRANSFORM_TWO_CARDS","is_prod":false,"is_daily":false,"chose_seed":false,"campfire_upgraded":10,"win_rate":0,"timestamp":1550501957,"path_taken":["M","?","?","?","M","R","?","R","T","M","R","E","$","M","R","BOSS","M","$","M","$","?","R","E","R","T","M","?","R","M","M","R","BOSS","M","M","M","$","M","E","R","?","T","?","?","M","E","$","R","BOSS","BOSS","R","$","E","BOSS"],"build_version":"2019-01-23","purchased_purges":1,"victory":true,"max_hp_per_floor":[60,70,70,70,70,70,70,70,70,70,70,70,70,70,70,70,70,70,70,70,70,70,70,70,70,70,70,70,70,70,70,70,70,70,70,70,70,70,70,70,70,70,70,70,57,57,57,57,57,57,57,57,57,57,64,64],"card_choices":[{"not_picked":["Prepared","Setup","Blade Dance"],"picked":"SKIP","floor":1.0},{"not_picked":["Blade Dance","Endless Agony","Flying Knee"],"picked":"SKIP","floor":5.0},{"not_picked":["Sucker Punch","Prepared"],"picked":"Backflip","floor":7.0},{"not_picked":["Flechettes","Backflip","Slice"],"picked":"SKIP","floor":10.0},{"not_picked":["Dagger Throw","Dagger Spray"],"picked":"Deadly Poison","floor":12.0},{"not_picked":["Deflect","Prepared","Deadly Poison"],"picked":"SKIP","floor":14.0},{"not_picked":["Unload","Venomology"],"picked":"Tools of the Trade","floor":16.0},{"not_picked":["Prepared","Concentrate"],"picked":"PiercingWail+1","floor":18.0},{"not_picked":["Prepared","Bouncing Flask"],"picked":"Escape Plan","floor":20.0},{"not_picked":["Poisoned Stab","Deflect"],"picked":"Malaise","floor":24.0},{"not_picked":["Cloak And Dagger+1","Sucker Punch"],"picked":"Bouncing Flask","floor":27.0},{"not_picked":["Quick Slash","Bane","Prepared"],"picked":"SKIP","floor":30.0},{"not_picked":["Heel Hook+1","Sucker Punch","Deflect"],"picked":"SKIP","floor":31.0},{"not_picked":["Bullet Time","Storm of Steel"],"picked":"Tools of the Trade","floor":33.0},{"not_picked":["Dagger Throw","Bane","Flying Knee+1"],"picked":"SKIP","floor":35.0},{"not_picked":["Poisoned Stab+1","Outmaneuver","Dagger Throw"],"picked":"SKIP","floor":36.0},{"not_picked":["Bane","Underhanded Strike","Glass Knife"],"picked":"SKIP","floor":37.0},{"not_picked":["Slice+1","Deflect+1"],"picked":"Backflip+1","floor":39.0},{"not_picked":["Sucker Punch+1","Well Laid Plans","Envenom"],"picked":"SKIP","floor":40.0},{"not_picked":["Skewer","Blade Dance+1","Bane"],"picked":"SKIP","floor":46.0},{"not_picked":["Bane+1","Finisher+1","Cloak And Dagger"],"picked":"SKIP","floor":47.0},{"not_picked":["Sucker Punch","Flying Knee+1","Well Laid Plans+1"],"picked":"SKIP","floor":55.0}],"player_experience":2925137,"relics_obtained":[{"floor":9.0,"key":"Thread and Needle"},{"floor":12.0,"key":"Boot"},{"floor":22.0,"key":"Red Mask"},{"floor":24.0,"key":"Gremlin Horn"},{"floor":26.0,"key":"Art of War"},{"floor":40.0,"key":"Juzu Bracelet"},{"floor":47.0,"key":"Snake Skull"},{"floor":55.0,"key":"Strawberry"}],"event_choices":[{"damage_healed":0.0,"max_hp_gain":0.0,"max_hp_loss":0.0,"gold_gain":0.0,"event_name":"Scrap Ooze","player_choice":"Success","floor":2.0,"gold_loss":0.0,"damage_taken":5.0,"relics_obtained":["Pear"]},{"cards_removed":["Strike_G"],"damage_healed":0.0,"max_hp_gain":0.0,"max_hp_loss":0.0,"gold_gain":0.0,"event_name":"Golden Wing","player_choice":"Card Removal","floor":3.0,"gold_loss":0.0,"damage_taken":7.0},{"cards_removed":["Strike_G"],"damage_healed":0.0,"max_hp_gain":0.0,"max_hp_loss":0.0,"gold_gain":0.0,"event_name":"Purifier","player_choice":"Purged","floor":4.0,"gold_loss":0.0,"damage_taken":0.0},{"damage_healed":0.0,"max_hp_gain":0.0,"max_hp_loss":0.0,"gold_gain":0.0,"event_name":"Masked Bandits","player_choice":"Fought Bandits","floor":22.0,"gold_loss":0.0,"damage_taken":0.0},{"damage_healed":0.0,"max_hp_gain":0.0,"max_hp_loss":0.0,"gold_gain":0.0,"event_name":"Duplicator","player_choice":"Copied","floor":28.0,"gold_loss":0.0,"damage_taken":0.0,"cards_obtained":["Malaise"]},{"damage_healed":0.0,"max_hp_gain":0.0,"max_hp_loss":0.0,"gold_gain":0.0,"event_name":"SecretPortal","player_choice":"Ignored","floor":44.0,"gold_loss":0.0,"damage_taken":0.0},{"damage_healed":57.0,"max_hp_gain":0.0,"max_hp_loss":13.0,"gold_gain":0.0,"event_name":"The Moai Head","player_choice":"Heal","floor":45.0,"gold_loss":0.0,"damage_taken":0.0}],"is_beta":false,"boss_relics":[{"not_picked":["Velvet Choker","Calling Bell"],"picked":"Coffee Dripper"},{"not_picked":["WristBlade","Lizard Tail"],"picked":"Runic Pyramid"}],"items_purged_floors":[19],"is_endless":false,"potions_floor_spawned":[7,10,12,27,30,31,33,40],"ascension_level":20}