{"gold_per_floor":[111,261,144,144,69,96,96,121,121,121,121,137,212,230,230,303,303,274,293,293,0,0],"floor_reached":22,"playtime":697,"items_purged":["Doubt"],"score":480,"play_id":"f5f1de79-96c0-4dcf-82f8-dfb2182f9530","local_time":"20190107132739","is_ascension_mode":true,"campfire_choices":[{"data":"Capacitor","floor":7.0,"key":"SMITH"},{"data":"Zap","floor":11.0,"key":"SMITH"},{"data":"Defragment","floor":15.0,"key":"SMITH"}],"neow_cost":"NONE","seed_source_timestamp":4837540176858,"circlet_count":0,"master_deck":["AscendersBane","Strike_B","Strike_B","Strike_B","Defend_B","Defend_B","Defend_B","Defend_B","Zap+1","Dualcast","Ball Lightning","Capacitor+1","Ball Lightning","Defragment+1","Biased Cognition","Echo Form","Loop","Skim"],"special_seed":0,"relics":["Cracked Core","NeowsBlessing","Mummified Hand","Meat on the Bone","Strawberry","Pear","Matryoshka","Inserter"],"potions_floor_usage":[],"damage_taken":[{"damage":0.0,"enemies":"Jaw Worm","floor":1.0,"turns":1.0},{"damage":0.0,"enemies":"Gremlin Nob","floor":6.0,"turns":1.0},{"damage":0.0,"enemies":"Lagavulin","floor":8.0,"turns":1.0},{"damage":1.0,"enemies":"2 Louse","floor":12.0,"turns":2.0},{"damage":3.0,"enemies":"Small Slimes","floor":14.0,"turns":2.0},{"damage":52.0,"enemies":"Slime Boss","floor":16.0,"turns":8.0},{"damage":38.0,"enemies":"2 Thieves","floor":18.0,"turns":4.0},{"damage":28.0,"enemies":"3 Byrds","floor":19.0,"turns":4.0},{"damage":37,"enemies":"Centurion and Healer","floor":22,"turns":4}],"seed_played":"-5998773522828321881","potions_obtained":[{"floor":12.0,"key":"SpeedPotion"}],"is_trial":false,"path_per_floor":["M","?","$","?","?","E","R","E","T","T","R","M","?","M","R","B",null,"M","M","?","?","M"],"character_chosen":"DEFECT","items_purchased":["Capacitor"],"campfire_rested":0,"item_purchase_floors":[3],"current_hp_per_floor":[64,64,64,59,59,59,59,66,76,76,76,75,64,61,61,21,71,45,29,29,29,0],"gold":0,"neow_bonus":"THREE_ENEMY_KILL","is_prod":false,"is_daily":false,"chose_seed":false,"campfire_upgraded":3,"win_rate":0,"timestamp":1546838859,"path_taken":["M","?","$","?","?","E","R","E","T","?","R","M","?","M","R","BOSS","M","M","?","?","M"],"build_version":"2019-01-03v4","purchased_purges":1,"victory":false,"max_hp_per_floor":[71,71,71,71,71,71,71,78,88,88,88,88,88,88,88,88,88,88,88,88,88,88],"card_choices":[{"not_picked":["Coolheaded","Chill"],"picked":"Ball Lightning","floor":1.0},{"not_picked":["Reinforced Body","Gash"],"picked":"Ball Lightning","floor":6.0},{"not_picked":["Sweeping Beam","Rebound","Static Discharge"],"picked":"SKIP","floor":8.0},{"not_picked":["Lockon","Beam Cell"],"picked":"Defragment","floor":12.0},{"not_picked":["Hologram","Force Field"],"picked":"Biased Cognition","floor":14.0},{"not_picked":["Core Surge","Fission"],"picked":"Echo Form","floor":16.0},{"not_picked":["Skim","Chill"],"picked":"Loop","floor":18.0},{"not_picked":["Lockon","Compile Driver"],"picked":"Skim","floor":19.0}],"player_experience":1808993,"relics_obtained":[{"floor":6.0,"key":"Meat on the Bone"},{"floor":8.0,"key":"Strawberry"},{"floor":9.0,"key":"Pear"},{"floor":10.0,"key":"Matryoshka"}],"event_choices":[{"damage_healed":0.0,"max_hp_gain":0.0,"max_hp_loss":0.0,"gold_gain":150.0,"event_name":"Liars Game","player_choice":"AGREE","floor":2.0,"gold_loss":0.0,"damage_taken":0.0,"cards_obtained":["Doubt"]},{"damage_healed":0.0,"max_hp_gain":0.0,"max_hp_loss":0.0,"gold_gain":0.0,"event_name":"Scrap Ooze","player_choice":"Success","floor":4.0,"gold_loss":0.0,"damage_taken":5.0,"relics_obtained":["Mummified Hand"]},{"cards_removed":["Strike_B"],"damage_healed":0.0,"max_hp_gain":0.0,"max_hp_loss":0.0,"gold_gain":0.0,"event_name":"The Cleric","player_choice":"Card Removal","floor":5.0,"gold_loss":75.0,"damage_taken":0.0},{"damage_healed":0.0,"max_hp_gain":0.0,"max_hp_loss":0.0,"gold_gain":75.0,"event_name":"World of Goop","player_choice":"Gather Gold","floor":13.0,"gold_loss":0.0,"damage_taken":11.0},{"damage_healed":0.0,"max_hp_gain":0.0,"max_hp_loss":0.0,"gold_gain":0.0,"event_name":"Cursed Tome","player_choice":"Ignored","floor":20.0,"gold_loss":0.0,"damage_taken":0.0},{"damage_healed":0,"gold_gain":0,"player_choice":"Paid Fearfully","damage_taken":0,"max_hp_gain":0,"max_hp_loss":0,"event_name":"Masked Bandits","floor":21,"gold_loss":293}],"is_beta":false,"boss_relics":[{"not_picked":["Velvet Choker","Eternal Feather"],"picked":"Inserter"}],"items_purged_floors":[3],"is_endless":false,"potions_floor_spawned":[12],"killed_by":"Centurion and Healer","ascension_level":20}