{"gold_per_floor":[114,127,202,3,3,28,28,43,94,112,112,129,129,159,159,259,259,278,278,35,35,54,54,67,67],"floor_reached":25,"playtime":739,"items_purged":[],"score":319,"play_id":"a9896ad6-969c-4cb4-8696-74813c644a62","local_time":"20180925211153","is_ascension_mode":true,"campfire_choices":[{"data":"Panache","floor":7,"key":"SMITH"},{"data":"Neutralize","floor":11,"key":"SMITH"},{"data":"Prepared","floor":15,"key":"SMITH"},{"data":"Blade Dance","floor":23,"key":"SMITH"}],"neow_cost":"NONE","seed_source_timestamp":376517957351624,"circlet_count":0,"master_deck":["Defend_G","Defend_G","Defend_G","Defend_G","Defend_G","Strike_G","Strike_G","Strike_G","Strike_G","Strike_G","Survivor","Neutralize+1","Tactician","Dagger Throw","Panache+1","Deflect","Acrobatics","Backstab","Prepared+1","Blade Dance+1","After Image","Blur","Cloak And Dagger","Footwork"],"relics":["Ring of the Serpent","NeowsBlessing","Orichalcum","Art of War","Potion Belt","Kunai"],"potions_floor_usage":[5,14,22],"damage_taken":[{"damage":0,"enemies":"Cultist","floor":1,"turns":1},{"damage":0,"enemies":"Jaw Worm","floor":2,"turns":1},{"damage":0,"enemies":"Lagavulin","floor":6,"turns":1},{"damage":0,"enemies":"2 Louse","floor":8,"turns":3},{"damage":11,"enemies":"Exordium Thugs","floor":10,"turns":7},{"damage":0,"enemies":"2 Fungi Beasts","floor":12,"turns":3},{"damage":5,"enemies":"3 Sentries","floor":14,"turns":4},{"damage":25,"enemies":"The Guardian","floor":16,"turns":14},{"damage":7,"enemies":"Spheric Guardian","floor":18,"turns":4},{"damage":4,"enemies":"3 Byrds","floor":22,"turns":3},{"damage":16,"enemies":"Snake Plant","floor":24,"turns":4},{"damage":19,"enemies":"Slavers","floor":25,"turns":1}],"seed_played":"-1247924212499150770","potions_obtained":[{"floor":1,"key":"Dexterity Potion"},{"floor":2,"key":"GamblersBrew"},{"floor":5,"key":"Fruit Juice"},{"floor":5,"key":"SteroidPotion"},{"floor":16,"key":"SkillPotion"}],"is_trial":false,"path_per_floor":["M","M","?","$","?","E","R","M","T","M","R","M","?","E","R","B",null,"M","?","$","?","M","R","M"],"character_chosen":"THE_SILENT","items_purchased":["Panache","Kunai"],"campfire_rested":0,"item_purchase_floors":[4,20],"current_hp_per_floor":[63,63,52,52,57,57,57,57,57,46,46,46,46,41,41,16,60,53,39,39,39,35,35,19,0],"gold":67,"neow_bonus":"THREE_ENEMY_KILL","is_prod":false,"is_daily":false,"chose_seed":false,"campfire_upgraded":4,"win_rate":0,"timestamp":1537881113,"path_taken":["M","?","?","$","?","E","R","M","T","M","R","M","?","E","R","BOSS","M","?","$","?","M","R","M","E"],"build_version":"2018-09-20","purchased_purges":0,"victory":false,"max_hp_per_floor":[70,70,70,70,75,75,75,75,75,75,75,75,75,75,75,75,75,75,80,80,80,80,80,80,80],"card_choices":[{"not_picked":["PiercingWail","Deflect"],"picked":"Tactician","floor":1},{"not_picked":["Endless Agony","Distraction"],"picked":"Dagger Throw","floor":2},{"not_picked":["Envenom","Eviscerate"],"picked":"Deflect","floor":6},{"not_picked":["Cloak And Dagger","All Out Attack"],"picked":"Acrobatics","floor":8},{"not_picked":["PiercingWail","Acrobatics"],"picked":"Backstab","floor":10},{"not_picked":["Crippling Poison","Cloak And Dagger"],"picked":"Prepared","floor":12},{"not_picked":["Underhanded Strike","All Out Attack"],"picked":"Blade Dance","floor":14},{"not_picked":["A Thousand Cuts","Malaise"],"picked":"After Image","floor":16},{"not_picked":["Poisoned Stab+1","Bane"],"picked":"Blur","floor":18},{"not_picked":["Blade Dance","Underhanded Strike+1"],"picked":"Cloak And Dagger","floor":22},{"not_picked":["Predator","Heel Hook"],"picked":"Footwork","floor":24}],"player_experience":143993,"relics_obtained":[{"floor":6,"key":"Orichalcum"},{"floor":9,"key":"Art of War"},{"floor":14,"key":"Potion Belt"}],"event_choices":[{"event_name":"World of Goop","player_choice":"Gather Gold","floor":3,"damage_taken":0},{"event_name":"The Lab","player_choice":"Got Potions","floor":5,"damage_taken":0},{"event_name":"Wheel of Change","player_choice":"Curse","floor":13,"damage_taken":0},{"event_name":"Forgotten Altar","player_choice":"Shed Blood","floor":19,"damage_taken":0},{"event_name":"Back to Basics","player_choice":"Elegance","floor":21,"damage_taken":0}],"is_beta":false,"boss_relics":[{"not_picked":["Eternal Feather","HoveringKite"],"picked":"Ring of the Serpent"}],"items_purged_floors":[],"is_endless":false,"potions_floor_spawned":[1,2,8,16],"killed_by":"Slavers","ascension_level":7}