{"gold_per_floor":[110,110,174,62,79,79,90,123,123,173,248,315,315,345,345,423,423,435,400,414,414],"floor_reached":21,"playtime":1048,"items_purged":["Strike_B"],"score":378,"play_id":"7248c3c7-35c5-49be-bb2a-6b693d5858c1","local_time":"20190123224451","is_ascension_mode":true,"campfire_choices":[{"data":"Zap","floor":6.0,"key":"SMITH"},{"floor":13.0,"key":"REST"},{"floor":15.0,"key":"REST"}],"neow_cost":"NONE","seed_source_timestamp":33159704810446,"circlet_count":0,"master_deck":["AscendersBane","Strike_B+1","Strike_B","Strike_B+1","Defend_B","Defend_B","Defend_B","Defend_B","Zap+1","Dualcast","Consume","Recycle","Self Repair","Hologram","White Noise","Parasite","Streamline","Capacitor","Biased Cognition","Conserve Battery+1","Loop+1"],"special_seed":0,"relics":["Cracked Core","NeowsBlessing","SsserpentHead","Happy Flower","Whetstone","Regal Pillow","Toxic Egg 2","Runic Pyramid","Bag of Marbles"],"potions_floor_usage":[20,21],"damage_taken":[{"damage":0.0,"enemies":"Jaw Worm","floor":1.0,"turns":1.0},{"damage":0.0,"enemies":"Cultist","floor":3.0,"turns":1.0},{"damage":0.0,"enemies":"2 Louse","floor":5.0,"turns":1.0},{"damage":22.0,"enemies":"Exordium Wildlife","floor":7.0,"turns":6.0},{"damage":41.0,"enemies":"Gremlin Nob","floor":8.0,"turns":4.0},{"damage":29.0,"enemies":"Lots of Slimes","floor":12.0,"turns":4.0},{"damage":32.0,"enemies":"3 Sentries","floor":14.0,"turns":5.0},{"damage":49.0,"enemies":"Slime Boss","floor":16.0,"turns":10.0},{"damage":22,"enemies":"Spheric Guardian","floor":18,"turns":4},{"damage":38,"enemies":"Chosen","floor":20,"turns":5},{"damage":7,"enemies":"Centurion and Healer","floor":21,"turns":3}],"seed_played":"5223854169318831982","potions_obtained":[{"floor":1.0,"key":"FocusPotion"},{"floor":7.0,"key":"Regen Potion"},{"floor":8.0,"key":"EssenceOfSteel"},{"floor":18,"key":"Poison Potion"},{"floor":20,"key":"SkillPotion"}],"is_trial":false,"path_per_floor":["M","?","M","$","M","R","M","E","T","?","T","M","R","E","R","B",null,"M","?","M","M"],"character_chosen":"DEFECT","items_purchased":["Self Repair"],"campfire_rested":2,"item_purchase_floors":[4],"current_hp_per_floor":[64,64,64,64,64,64,42,20,20,37,37,15,51,26,62,20,58,43,43,5,0],"gold":414,"neow_bonus":"THREE_ENEMY_KILL","is_prod":false,"is_daily":false,"chose_seed":false,"campfire_upgraded":1,"win_rate":0,"timestamp":1548254691,"path_taken":["M","?","?","$","M","R","M","E","T","?","?","?","R","E","R","BOSS","M","?","M","M"],"build_version":"2019-01-17v2","purchased_purges":1,"victory":false,"max_hp_per_floor":[71,71,71,71,71,71,71,71,71,71,71,71,71,71,71,71,71,71,71,71,71],"card_choices":[{"not_picked":["Hologram","Beam Cell"],"picked":"Consume","floor":1.0},{"not_picked":["Doom and Gloom","Redo"],"picked":"Recycle","floor":3.0},{"not_picked":["Barrage","Compile Driver"],"picked":"Hologram","floor":5.0},{"not_picked":["Recycle","Go for the Eyes","Reinforced Body"],"picked":"SKIP","floor":7.0},{"not_picked":["Fission","Go for the Eyes"],"picked":"White Noise","floor":8.0},{"not_picked":["Stack","Compile Driver"],"picked":"Streamline","floor":12.0},{"not_picked":["Gash","Beam Cell"],"picked":"Capacitor","floor":14.0},{"not_picked":["Echo Form","Buffer"],"picked":"Biased Cognition","floor":16.0},{"not_picked":["Steam Power+1","Doom and Gloom"],"picked":"Conserve Battery+1","floor":18},{"not_picked":["Streamline","Barrage"],"picked":"Loop+1","floor":20}],"player_experience":2183264,"relics_obtained":[{"floor":8.0,"key":"Happy Flower"},{"floor":9.0,"key":"Whetstone"},{"floor":11.0,"key":"Regal Pillow"},{"floor":14.0,"key":"Toxic Egg 2"}],"event_choices":[{"damage_healed":0.0,"max_hp_gain":0.0,"max_hp_loss":0.0,"gold_gain":0.0,"event_name":"FaceTrader","player_choice":"Trade","floor":2.0,"gold_loss":0.0,"damage_taken":0.0,"relics_obtained":["SsserpentHead"]},{"damage_healed":17.0,"max_hp_gain":0.0,"max_hp_loss":0.0,"gold_gain":0.0,"event_name":"Mushrooms","player_choice":"Healed and dodged fight","floor":10.0,"gold_loss":0.0,"damage_taken":0.0,"cards_obtained":["Parasite"]},{"damage_healed":0,"gold_gain":0,"player_choice":"Obtained Relic","damage_taken":0,"relics_obtained":["Bag of Marbles"],"max_hp_gain":0,"max_hp_loss":0,"event_name":"Addict","floor":19,"gold_loss":85}],"is_beta":false,"boss_relics":[{"not_picked":["Busted Crown","Orrery"],"picked":"Runic Pyramid"}],"items_purged_floors":[4],"is_endless":false,"potions_floor_spawned":[1,7,8,18,20],"killed_by":"Centurion and Healer","ascension_level":20}