{"gold_per_floor":[110,34,53,53,64,64,95,95,95,95,108,132,143,162,162,239,239,259,25,25,25,44,76,76,76,76,93,143,143,63,77,77,154,154,174,221,221,234,244,244,275,290,313,341,358,358,375,54,54,54,54,54,54,8,43,43],"floor_reached":57,"playtime":2994,"items_purged":["Strike_G","Strike_G+1","Strike_G+1"],"score":3139,"play_id":"5925513c-bb64-433e-b6e9-0e9541029967","local_time":"20190225134950","is_ascension_mode":true,"campfire_choices":[{"data":"Bouncing Flask","floor":6.0,"key":"SMITH"},{"data":"Deadly Poison","floor":8.0,"key":"SMITH"},{"data":"Neutralize","floor":10.0,"key":"SMITH"},{"data":"Acrobatics","floor":15.0,"key":"SMITH"},{"data":"Ghostly","floor":25.0,"key":"SMITH"},{"data":"Ghostly","floor":32.0,"key":"SMITH"},{"floor":40.0,"key":"RECALL"}],"neow_cost":"NONE","seed_source_timestamp":2508098606241,"circlet_count":0,"master_deck":["AscendersBane","Defend_G+1","Defend_G+1","Defend_G+1","Defend_G+1","Defend_G+1","Strike_G+1","Strike_G+1","Survivor","Neutralize+1","Flechettes+1","Deadly Poison+1","Bouncing Flask+1","Backflip","Acrobatics+1","After Image","Backflip","Leg Sweep","Ghostly+1","Ghostly","Ghostly+1","Footwork","Caltrops"],"special_seed":0,"relics":["Runic Pyramid","Bronze Scales","The Courier","Potion Belt","Coffee Dripper","Medical Kit","Oddly Smooth Stone","Meat on the Bone","Gremlin Horn","Fusion Hammer","Tough Bandages","Unceasing Top","Snake Skull","Anchor","Happy Flower","Dodecahedron","Orichalcum"],"potions_floor_usage":[56,56,56],"damage_taken":[{"damage":0.0,"enemies":"Cultist","floor":1.0,"turns":4.0},{"damage":0.0,"enemies":"Jaw Worm","floor":3.0,"turns":4.0},{"damage":0.0,"enemies":"Small Slimes","floor":5.0,"turns":4.0},{"damage":31.0,"enemies":"3 Sentries","floor":7.0,"turns":12.0},{"damage":8.0,"enemies":"3 Louse","floor":11.0,"turns":4.0},{"damage":10.0,"enemies":"Gremlin Gang","floor":13.0,"turns":4.0},{"damage":1.0,"enemies":"Exordium Wildlife","floor":14.0,"turns":4.0},{"damage":0.0,"enemies":"Hexaghost","floor":16.0,"turns":9.0},{"damage":3.0,"enemies":"3 Byrds","floor":18.0,"turns":2.0},{"damage":7.0,"enemies":"Shell Parasite","floor":22.0,"turns":4.0},{"damage":15.0,"enemies":"Slavers","floor":23.0,"turns":5.0},{"damage":0.0,"enemies":"Snecko","floor":27.0,"turns":5.0},{"damage":0.0,"enemies":"3 Cultists","floor":31.0,"turns":6.0},{"damage":0.0,"enemies":"Automaton","floor":33.0,"turns":11.0},{"damage":0.0,"enemies":"3 Shapes","floor":35.0,"turns":5.0},{"damage":0.0,"enemies":"2 Orb Walkers","floor":36.0,"turns":6.0},{"damage":0.0,"enemies":"3 Darklings","floor":38.0,"turns":4.0},{"damage":0.0,"enemies":"4 Shapes","floor":39.0,"turns":5.0},{"damage":0.0,"enemies":"Nemesis","floor":41.0,"turns":9.0},{"damage":0.0,"enemies":"Spire Growth","floor":42.0,"turns":4.0},{"damage":0.0,"enemies":"Reptomancer","floor":44.0,"turns":6.0},{"damage":0.0,"enemies":"3 Darklings","floor":45.0,"turns":5.0},{"damage":0.0,"enemies":"Jaw Worm Horde","floor":47.0,"turns":5.0},{"damage":0,"enemies":"Donu and Deca","floor":50,"turns":12},{"damage":0,"enemies":"Time Eater","floor":51,"turns":12},{"damage":0,"enemies":"Shield and Spear","floor":55,"turns":8},{"damage":0,"enemies":"The Heart","floor":56,"turns":8}],"seed_played":"7317285009324025408","potions_obtained":[{"floor":3.0,"key":"SteroidPotion"},{"floor":5.0,"key":"SneckoOil"},{"floor":16.0,"key":"Fire Potion"},{"floor":22.0,"key":"SpeedPotion"},{"floor":27.0,"key":"Explosive Potion"},{"floor":33.0,"key":"Fire Potion"},{"floor":36.0,"key":"GhostInAJar"},{"floor":41.0,"key":"PowerPotion"},{"floor":55,"key":"Swift Potion"}],"is_trial":false,"path_per_floor":["M","$","M","T","M","R","E","R","T","R","M","T","M","M","R","B",null,"M","$","?","?","M","E","?","R","T","M","?","T","$","M","R","B",null,"M","?","?","M","M","R","E","M","T","E","M","?","M","$","R","B","B",null,"R","$","E","B",null],"character_chosen":"THE_SILENT","items_purchased":["Flechettes","Medical Kit","Dodecahedron","Energy Potion"],"campfire_rested":0,"item_purchase_floors":[2,19,48,54],"current_hp_per_floor":[59,59,59,59,59,59,28,28,28,28,20,20,10,9,9,9,52,49,49,49,49,42,27,27,27,27,27,27,27,27,27,27,27,32,32,32,32,32,32,32,32,32,32,32,32,31,31,31,31,31,31,31,31,31,31,31],"gold":43,"neow_bonus":"BOSS_RELIC","is_prod":false,"is_daily":false,"chose_seed":false,"campfire_upgraded":6,"win_rate":0,"timestamp":1551073790,"path_taken":["M","$","M","?","M","R","E","R","T","R","M","?","?","M","R","BOSS","M","$","?","?","?","E","?","R","T","M","?","?","$","M","R","BOSS","M","?","?","M","M","R","E","M","T","E","?","?","M","$","R","BOSS","BOSS","R","$","E","BOSS"],"build_version":"2019-01-23","purchased_purges":3,"victory":true,"max_hp_per_floor":[66,66,66,66,66,66,66,66,66,66,66,66,66,66,66,66,66,66,66,66,66,66,66,33,33,33,33,33,33,33,33,33,33,33,33,33,33,33,33,33,33,33,33,33,33,31,31,31,31,31,31,31,31,31,31,31],"card_choices":[{"not_picked":["Cloak And Dagger","Outmaneuver","Backstab"],"picked":"SKIP","floor":1.0},{"not_picked":["Blade Dance","Masterful Stab"],"picked":"Deadly Poison","floor":3.0},{"not_picked":["Cloak And Dagger","PiercingWail"],"picked":"Bouncing Flask","floor":5.0},{"not_picked":["Setup","Outmaneuver","Heel Hook"],"picked":"SKIP","floor":7.0},{"not_picked":["Poisoned Stab","Masterful Stab","Outmaneuver"],"picked":"SKIP","floor":11.0},{"not_picked":["Slice","Dagger Throw"],"picked":"Backflip","floor":13.0},{"not_picked":["Skewer","Blade Dance"],"picked":"Acrobatics","floor":14.0},{"not_picked":["Die Die Die","Envenom"],"picked":"After Image","floor":16.0},{"not_picked":["Slice","Deadly Poison","PiercingWail"],"picked":"SKIP","floor":18.0},{"not_picked":["Masterful Stab","Quick Slash"],"picked":"Backflip","floor":22.0},{"not_picked":["Eviscerate","Choke"],"picked":"Leg Sweep","floor":23.0},{"not_picked":["Leg Sweep","Choke","Dash"],"picked":"SKIP","floor":27.0},{"not_picked":["Prepared","Dodge and Roll","Quick Slash"],"picked":"SKIP","floor":31.0},{"not_picked":["Poisoned Stab","Noxious Fumes","Predator"],"picked":"SKIP","floor":35.0},{"not_picked":["Blade Dance","Flying Knee+1","Dagger Spray"],"picked":"SKIP","floor":38.0},{"not_picked":["Cloak And Dagger","Deflect","Bullet Time"],"picked":"SKIP","floor":39.0},{"not_picked":["Dagger Spray","Choke","Prepared"],"picked":"SKIP","floor":41.0},{"not_picked":["Backflip","Endless Agony+1","Finisher+1"],"picked":"SKIP","floor":42.0},{"not_picked":["Bane","Dagger Spray"],"picked":"Footwork","floor":44.0},{"not_picked":["Skewer","Choke+1","Bouncing Flask+1"],"picked":"SKIP","floor":45.0},{"not_picked":["Flechettes","Outmaneuver"],"picked":"Caltrops","floor":47.0},{"not_picked":["Prepared","Backstab+1","Choke"],"picked":"SKIP","floor":55},{"not_picked":["Prepared","Backstab+1","Choke"],"picked":"SKIP","floor":55}],"player_experience":3119254,"relics_obtained":[{"floor":7.0,"key":"Bronze Scales"},{"floor":9.0,"key":"The Courier"},{"floor":12.0,"key":"Potion Belt"},{"floor":23.0,"key":"Oddly Smooth Stone"},{"floor":26.0,"key":"Meat on the Bone"},{"floor":29.0,"key":"Gremlin Horn"},{"floor":36.0,"key":"Tough Bandages"},{"floor":37.0,"key":"Unceasing Top"},{"floor":41.0,"key":"Snake Skull"},{"floor":43.0,"key":"Anchor"},{"floor":44.0,"key":"Happy Flower"},{"floor":55,"key":"Orichalcum"}],"event_choices":[{"damage_healed":0.0,"max_hp_gain":0.0,"max_hp_loss":0.0,"gold_gain":0.0,"event_name":"Back to Basics","player_choice":"Simplicity","floor":20.0,"gold_loss":0.0,"damage_taken":0.0,"cards_upgraded":["Defend_G","Defend_G","Defend_G","Defend_G","Defend_G","Strike_G","Strike_G","Strike_G","Strike_G"]},{"damage_healed":0.0,"max_hp_gain":0.0,"max_hp_loss":0.0,"gold_gain":0.0,"event_name":"Accursed Blacksmith","player_choice":"Forge","floor":21.0,"gold_loss":0.0,"damage_taken":0.0,"cards_upgraded":["Flechettes"]},{"damage_healed":0.0,"max_hp_gain":0.0,"max_hp_loss":33.0,"gold_gain":0.0,"event_name":"Ghosts","player_choice":"Became a Ghost","floor":24.0,"gold_loss":0.0,"damage_taken":0.0,"cards_obtained":["Ghostly","Ghostly","Ghostly"]},{"damage_healed":0.0,"max_hp_gain":0.0,"max_hp_loss":0.0,"gold_gain":50.0,"event_name":"Nest","player_choice":"Stole From Cult","floor":28.0,"gold_loss":0.0,"damage_taken":0.0},{"damage_healed":0.0,"max_hp_gain":0.0,"max_hp_loss":0.0,"gold_gain":0.0,"event_name":"Mysterious Sphere","player_choice":"Fight","floor":36.0,"gold_loss":0.0,"damage_taken":0.0},{"damage_healed":0.0,"max_hp_gain":0.0,"max_hp_loss":0.0,"gold_gain":0.0,"event_name":"Wheel of Change","player_choice":"Relic","floor":37.0,"gold_loss":0.0,"damage_taken":0.0},{"damage_healed":0.0,"max_hp_gain":0.0,"max_hp_loss":2.0,"gold_gain":0.0,"event_name":"Winding Halls","player_choice":"Max HP","floor":46.0,"gold_loss":0.0,"damage_taken":0.0}],"is_beta":false,"boss_relics":[{"not_picked":["Velvet Choker","Black Star"],"picked":"Coffee Dripper"},{"not_picked":["Lizard Tail","WristBlade"],"picked":"Fusion Hammer"}],"items_purged_floors":[19,30,48],"is_endless":false,"potions_floor_spawned":[3,5,16,22,27,33,36,41,42,44,55],"ascension_level":20}