{"gold_per_floor":[113,113,131,131,101,101,131,131,131,131,0,35,51,70,70,149,149,168,318,318],"floor_reached":20,"playtime":635,"items_purged":["Strike_G"],"score":360,"play_id":"4f0fa821-4d1c-4ede-bb66-183704384498","local_time":"20190128195046","is_ascension_mode":true,"campfire_choices":[{"data":"Poisoned Stab","floor":6.0,"key":"SMITH"},{"data":"Neutralize","floor":8.0,"key":"SMITH"},{"data":"Cloak And Dagger","floor":10.0,"key":"SMITH"},{"floor":15.0,"key":"REST"}],"neow_cost":"NONE","seed_source_timestamp":35040979969290,"circlet_count":0,"master_deck":["AscendersBane","Defend_G","Defend_G","Defend_G","Defend_G","Defend_G","Strike_G","Strike_G","Strike_G","Survivor","Neutralize+1","Blade Dance","Poisoned Stab+1","Cloak And Dagger+1","Grand Finale"],"special_seed":0,"relics":["Ring of the Snake","Vajra","Singing Bowl","Anchor","Pear","Ancient Tea Set","HoveringKite"],"potions_floor_usage":[],"damage_taken":[{"damage":0.0,"enemies":"2 Louse","floor":1.0,"turns":4.0},{"damage":0.0,"enemies":"Cultist","floor":3.0,"turns":3.0},{"damage":15.0,"enemies":"Lagavulin","floor":7.0,"turns":5.0},{"damage":19.0,"enemies":"3 Sentries","floor":12.0,"turns":10.0},{"damage":0.0,"enemies":"Jaw Worm","floor":13.0,"turns":2.0},{"damage":3.0,"enemies":"Large Slime","floor":14.0,"turns":5.0},{"damage":24.0,"enemies":"Slime Boss","floor":16.0,"turns":9.0},{"damage":52,"enemies":"theJungle:GiantWrat","floor":18,"turns":9},{"damage":0,"enemies":"theJungle:MUSHROOMGANG","floor":20,"turns":1}],"seed_played":"2906449384086417554","potions_obtained":[{"floor":5.0,"key":"Energy Potion"},{"floor":5.0,"key":"Fire Potion"},{"floor":16.0,"key":"Weak Potion"},{"floor":18,"key":"FairyPotion"}],"is_trial":false,"path_per_floor":["M","?","M","?","?","R","E","R","T","R","$","E","M","M","R","B",null,"M","?","M"],"character_chosen":"THE_SILENT","items_purchased":["SteroidPotion"],"campfire_rested":1,"item_purchase_floors":[11],"current_hp_per_floor":[59,59,59,41,41,41,26,26,36,36,36,17,19,18,42,20,67,17,17,17],"gold":318,"neow_bonus":"RANDOM_COMMON_RELIC","is_prod":false,"is_daily":false,"chose_seed":false,"campfire_upgraded":3,"win_rate":0,"timestamp":1548676246,"path_taken":["M","?","?","?","?","R","E","R","T","R","$","E","?","?","R","BOSS","M","?","M"],"build_version":"2019-01-23","purchased_purges":1,"victory":false,"max_hp_per_floor":[66,66,66,66,66,66,66,66,76,76,76,76,78,80,80,82,82,84,84,84],"card_choices":[{"not_picked":["Dodge and Roll","Deflect"],"picked":"Blade Dance","floor":1.0},{"not_picked":["Quick Slash","Deflect"],"picked":"Poisoned Stab","floor":3.0},{"not_picked":["Caltrops","Backflip"],"picked":"Cloak And Dagger","floor":7.0},{"not_picked":["Finisher","Die Die Die"],"picked":"Grand Finale","floor":12.0},{"not_picked":["Underhanded Strike","PiercingWail","Caltrops"],"picked":"Singing Bowl","floor":13.0},{"not_picked":["Flying Knee","Sucker Punch","PiercingWail"],"picked":"Singing Bowl","floor":14.0},{"not_picked":["Envenom","Doppelganger","Glass Knife"],"picked":"Singing Bowl","floor":16.0},{"not_picked":["Masterful Stab","Riddle With Holes","Deadly Poison"],"picked":"Singing Bowl","floor":18}],"player_experience":2358024,"relics_obtained":[{"floor":7.0,"key":"Anchor"},{"floor":9.0,"key":"Pear"},{"floor":12.0,"key":"Ancient Tea Set"}],"event_choices":[{"cards_removed":["Strike_G"],"damage_healed":0.0,"max_hp_gain":0.0,"max_hp_loss":0.0,"gold_gain":0.0,"event_name":"Bonfire Elementals","player_choice":"Offered Basic","floor":2.0,"gold_loss":0.0,"damage_taken":0.0},{"damage_healed":0.0,"max_hp_gain":0.0,"max_hp_loss":0.0,"gold_gain":0.0,"event_name":"Scrap Ooze","player_choice":"Success","floor":4.0,"gold_loss":0.0,"damage_taken":18.0,"relics_obtained":["Singing Bowl"]},{"damage_healed":0.0,"max_hp_gain":0.0,"max_hp_loss":0.0,"gold_gain":0.0,"event_name":"The Woman in Blue","player_choice":"Bought 2 Potions","floor":5.0,"gold_loss":0.0,"damage_taken":0.0}],"is_beta":false,"boss_relics":[{"not_picked":["Coffee Dripper","Runic Dome"],"picked":"HoveringKite"}],"items_purged_floors":[11],"is_endless":false,"potions_floor_spawned":[16,18],"killed_by":"theJungle:MUSHROOMGANG","ascension_level":20}