{"gold_per_floor":[115,14,14,32,82,114,132,132,132,132,182,182,95],"floor_reached":13,"playtime":173,"items_purged":["Strike_G"],"score":212,"play_id":"9c997ee2-4268-4b13-a49b-6e48357dd7ce","local_time":"20190703214016","is_ascension_mode":true,"campfire_choices":[{"data":"Deadly Poison","floor":8.0,"key":"SMITH"}],"neow_cost":"NONE","seed_source_timestamp":83505944551175,"circlet_count":0,"master_deck":["AscendersBane","Strike_G","Strike_G","Strike_G","Defend_G","Defend_G","Defend_G","Defend_G","Defend_G","Survivor","Neutralize","Deadly Poison+1","Footwork","Backstab","Noxious Fumes"],"special_seed":0,"relics":["Ring of the Snake","NeowsBlessing","Ninja Scroll","Juzu Bracelet","Golden Idol"],"potions_floor_usage":[],"damage_taken":[{"damage":0.0,"enemies":"2 Louse","floor":1.0,"turns":1.0},{"damage":0.0,"enemies":"Cultist","floor":4.0,"turns":1.0},{"damage":0.0,"enemies":"3 Sentries","floor":6.0,"turns":2.0},{"damage":0.0,"enemies":"Jaw Worm","floor":7.0,"turns":4.0}],"seed_played":"-2714089825839757792","potions_obtained":[{"floor":6.0,"key":"Swift Potion"}],"is_trial":false,"path_per_floor":["M","$","?","M","?","E","M","R","T","?","?","?","$"],"character_chosen":"THE_SILENT","items_purchased":["Deadly Poison","Noxious Fumes"],"campfire_rested":0,"item_purchase_floors":[2,13],"current_hp_per_floor":[59,59,59,59,53,53,53,53,53,53,53,53,53],"gold":95,"neow_bonus":"THREE_ENEMY_KILL","is_prod":false,"is_daily":false,"chose_seed":false,"campfire_upgraded":1,"win_rate":0,"timestamp":1562161216,"path_taken":["M","$","?","M","?","E","?","R","T","?","?","?","$"],"build_version":"2019-07-01","purchased_purges":1,"victory":false,"max_hp_per_floor":[66,66,66,66,66,66,66,66,66,66,66,60,60],"card_choices":[{"not_picked":["Flying Knee","Dagger Throw","Escape Plan"],"picked":"SKIP","floor":1.0},{"not_picked":["Crippling Poison","Underhanded Strike"],"picked":"Footwork","floor":4.0},{"not_picked":["Doppelganger","Heel Hook","Flying Knee"],"picked":"SKIP","floor":6.0},{"not_picked":["Concentrate","Underhanded Strike","Prepared"],"picked":"SKIP","floor":7.0}],"player_experience":1523801,"relics_obtained":[{"floor":6.0,"key":"Ninja Scroll"},{"floor":9.0,"key":"Juzu Bracelet"}],"event_choices":[{"damage_healed":0.0,"max_hp_gain":0.0,"max_hp_loss":0.0,"gold_gain":0.0,"event_name":"Liars Game","player_choice":"Ignored","floor":3.0,"gold_loss":0.0,"damage_taken":0.0},{"damage_healed":0.0,"max_hp_gain":0.0,"max_hp_loss":0.0,"gold_gain":50.0,"event_name":"FaceTrader","player_choice":"Touch","floor":5.0,"gold_loss":0.0,"damage_taken":6.0},{"damage_healed":0,"gold_gain":0,"cards_transformed":["Strike_G"],"player_choice":"Transformed","damage_taken":0,"max_hp_gain":0,"max_hp_loss":0,"event_name":"Transmorgrifier","floor":10,"gold_loss":0,"cards_obtained":["Backstab"]},{"damage_healed":0,"gold_gain":50,"player_choice":"Pray","damage_taken":0,"max_hp_gain":0,"max_hp_loss":0,"event_name":"Golden Shrine","floor":11,"gold_loss":0},{"damage_healed":0,"gold_gain":0,"player_choice":"Lose Max HP","damage_taken":0,"relics_obtained":["Golden Idol"],"max_hp_gain":0,"max_hp_loss":6,"event_name":"Golden Idol","floor":12,"gold_loss":0}],"is_beta":false,"boss_relics":[],"items_purged_floors":[2],"is_endless":false,"potions_floor_spawned":[6],"ascension_level":20}