{"gold_per_floor":[114,129,54,64,78,78,34,69,69,69,100,100,110,110,110,187,187,203,33,46,96,96],"floor_reached":22,"playtime":1389,"items_purged":["Strike_G"],"score":369,"play_id":"1bf23276-6dce-485f-9ae9-d91ee81e3226","local_time":"20190528100955","is_ascension_mode":true,"campfire_choices":[{"data":"Skewer","floor":6.0,"key":"SMITH"},{"data":"Noxious Fumes","floor":10.0,"key":"SMITH"},{"floor":12.0,"key":"REST"},{"data":"Strike_G","floor":15.0,"key":"PURGE"}],"neow_cost":"NONE","seed_source_timestamp":121299964189,"circlet_count":0,"master_deck":["AscendersBane","Defend_G","Defend_G","Defend_G","Defend_G","Defend_G","Strike_G","Strike_G","Survivor","Neutralize","Skewer+1","PiercingWail","Quick Slash","Noxious Fumes+1","Well Laid Plans","Predator","Dodge and Roll","Malaise","Impatience","Backflip"],"special_seed":0,"relics":["Ring of the Snake","Strawberry","Darkstone Periapt","Peace Pipe","Cursed Key"],"potions_floor_usage":[],"damage_taken":[{"damage":7.0,"enemies":"2 Louse","floor":1.0,"turns":4.0},{"damage":0.0,"enemies":"Jaw Worm","floor":2.0,"turns":5.0},{"damage":0.0,"enemies":"Cultist","floor":4.0,"turns":4.0},{"damage":9.0,"enemies":"2 Fungi Beasts","floor":5.0,"turns":4.0},{"damage":9.0,"enemies":"Lagavulin","floor":8.0,"turns":6.0},{"damage":26.0,"enemies":"Gremlin Nob","floor":11.0,"turns":5.0},{"damage":10.0,"enemies":"3 Louse","floor":13.0,"turns":3.0},{"damage":39.0,"enemies":"Slime Boss","floor":16.0,"turns":12.0},{"damage":4,"enemies":"3 Byrds","floor":18,"turns":5},{"damage":7,"enemies":"Shell Parasite","floor":20,"turns":8},{"damage":41,"enemies":"Colosseum Slavers","floor":22,"turns":6},{"damage":82,"enemies":"Colosseum Nobs","floor":22,"turns":4}],"seed_played":"303236463878405687","potions_obtained":[{"floor":1.0,"key":"Block Potion"},{"floor":5.0,"key":"EntropicBrew"}],"is_trial":false,"path_per_floor":["M","M","?","M","M","R","$","E","T","R","E","R","M","?","R","B",null,"M","$","M","?","?"],"character_chosen":"THE_SILENT","items_purchased":["Well Laid Plans","Impatience"],"campfire_rested":1,"item_purchase_floors":[7,19],"current_hp_per_floor":[52,52,52,52,43,43,43,41,41,41,15,36,26,73,73,34,63,59,59,52,52,0],"gold":96,"neow_bonus":"THREE_CARDS","is_prod":false,"is_daily":false,"chose_seed":false,"campfire_upgraded":2,"win_rate":0,"timestamp":1559030995,"path_taken":["M","M","?","M","M","R","$","E","T","R","E","R","M","?","R","BOSS","M","?","M","?","?"],"build_version":"2019-01-23","purchased_purges":1,"victory":false,"max_hp_per_floor":[66,66,66,66,66,66,66,73,73,73,73,73,73,73,73,73,73,73,73,73,73,73],"card_choices":[{"not_picked":["PiercingWail","Dagger Throw"],"picked":"Skewer","floor":0.0},{"not_picked":["Masterful Stab","Flying Knee"],"picked":"PiercingWail","floor":1.0},{"not_picked":["Heel Hook","Acrobatics"],"picked":"Quick Slash","floor":2.0},{"not_picked":["Cloak And Dagger","Quick Slash"],"picked":"Noxious Fumes","floor":4.0},{"not_picked":["Outmaneuver","Blade Dance"],"picked":"Endless Agony","floor":5.0},{"not_picked":["Calculated Gamble","Caltrops","Reflex"],"picked":"SKIP","floor":8.0},{"not_picked":["Bane","Eviscerate"],"picked":"Predator","floor":11.0},{"not_picked":["Underhanded Strike","Accuracy"],"picked":"Dodge and Roll","floor":13.0},{"not_picked":["Night Terror","Burst"],"picked":"Malaise","floor":16.0},{"not_picked":["Sucker Punch","All Out Attack","Quick Slash"],"picked":"SKIP","floor":18},{"not_picked":["Cloak And Dagger","Poisoned Stab"],"picked":"Backflip","floor":20}],"player_experience":598939,"relics_obtained":[{"floor":8.0,"key":"Strawberry"},{"floor":9.0,"key":"Darkstone Periapt"},{"floor":11.0,"key":"Peace Pipe"}],"event_choices":[{"cards_removed":["Strike_G"],"damage_healed":0.0,"max_hp_gain":0.0,"max_hp_loss":0.0,"gold_gain":0.0,"event_name":"The Cleric","player_choice":"Card Removal","floor":3.0,"gold_loss":75.0,"damage_taken":0.0},{"cards_removed":["Endless Agony"],"damage_healed":47.0,"max_hp_gain":0.0,"max_hp_loss":0.0,"gold_gain":0.0,"event_name":"Bonfire Elementals","player_choice":"Offered Uncommon","floor":14.0,"gold_loss":0.0,"damage_taken":0.0},{"damage_healed":0,"gold_gain":50,"player_choice":"Stole From Cult","damage_taken":0,"max_hp_gain":0,"max_hp_loss":0,"event_name":"Nest","floor":21,"gold_loss":0},{"damage_healed":0,"gold_gain":0,"player_choice":"Fight","damage_taken":0,"max_hp_gain":0,"max_hp_loss":0,"event_name":"Colosseum","floor":22,"gold_loss":0},{"damage_healed":0,"gold_gain":0,"player_choice":"Fought Nobs","damage_taken":0,"max_hp_gain":0,"max_hp_loss":0,"event_name":"Colosseum","floor":22,"gold_loss":0}],"is_beta":false,"boss_relics":[{"not_picked":["Eternal Feather","Philosopher\u0027s Stone"],"picked":"Cursed Key"}],"items_purged_floors":[19],"is_endless":false,"potions_floor_spawned":[1,5,22],"killed_by":"Colosseum Nobs","ascension_level":18}