{"gold_per_floor":[113,127,139,10,10,10,37,37,108,108,136,149,129],"floor_reached":13,"playtime":347,"items_purged":[],"score":166,"play_id":"d1adb7b9-888d-451d-a629-f4b3b3a302a3","local_time":"20190408200329","is_ascension_mode":true,"campfire_choices":[{"data":"Poisoned Stab","floor":6.0,"key":"SMITH"},{"data":"Deadly Poison","floor":8.0,"key":"SMITH"}],"neow_cost":"NONE","seed_source_timestamp":29279080820556,"circlet_count":0,"master_deck":["AscendersBane","Defend_G","Defend_G+1","Defend_G","Defend_G","Defend_G","Strike_G","Strike_G","Strike_G","Strike_G","Survivor","Neutralize","Footwork","Backflip","Well Laid Plans+1","Poisoned Stab+1","Deadly Poison+1","Grand Finale"],"special_seed":0,"relics":["Ring of the Snake","NeowsBlessing","Odd Mushroom","Gremlin Horn","Mercury Hourglass"],"potions_floor_usage":[],"damage_taken":[{"damage":0.0,"enemies":"Jaw Worm","floor":1.0,"turns":1.0},{"damage":0.0,"enemies":"2 Louse","floor":2.0,"turns":1.0},{"damage":0.0,"enemies":"Cultist","floor":3.0,"turns":1.0},{"damage":14.0,"enemies":"The Mushroom Lair","floor":7.0,"turns":9.0},{"damage":25.0,"enemies":"3 Sentries","floor":11.0,"turns":6.0},{"damage":2.0,"enemies":"Lots of Slimes","floor":12.0,"turns":3.0},{"damage":0,"enemies":"Exordium Thugs","floor":13,"turns":2}],"seed_played":"2741122733991589793","potions_obtained":[{"floor":3.0,"key":"Ancient Potion"},{"floor":7.0,"key":"Regen Potion"}],"is_trial":false,"path_per_floor":["M","M","M","$","?","R","?","R","T","?","E","M","M"],"character_chosen":"THE_SILENT","items_purchased":["Well Laid Plans","Poisoned Stab"],"campfire_rested":0,"item_purchase_floors":[4,4],"current_hp_per_floor":[59,59,59,59,39,39,25,25,25,25,15,13,13],"gold":129,"neow_bonus":"THREE_ENEMY_KILL","is_prod":false,"is_daily":false,"chose_seed":false,"campfire_upgraded":2,"win_rate":0,"timestamp":1554725009,"path_taken":["M","M","M","$","?","R","?","R","T","?","E","M","M"],"build_version":"2019-01-23","purchased_purges":0,"victory":false,"max_hp_per_floor":[66,66,66,66,66,66,66,66,66,66,66,66,66],"card_choices":[{"not_picked":["Poisoned Stab","Eviscerate"],"picked":"Footwork","floor":1.0},{"not_picked":["Blade Dance","Acrobatics"],"picked":"Backflip","floor":2.0},{"not_picked":["Slice","Sucker Punch","Dagger Spray"],"picked":"SKIP","floor":3.0},{"not_picked":["Acrobatics","Blade Dance"],"picked":"Deadly Poison","floor":7.0},{"not_picked":["Choke","Blur","Flechettes"],"picked":"SKIP","floor":11.0},{"not_picked":["Dash","Underhanded Strike","Blade Dance"],"picked":"SKIP","floor":12.0}],"player_experience":4166146,"relics_obtained":[{"floor":7.0,"key":"Odd Mushroom"},{"floor":9.0,"key":"Gremlin Horn"},{"floor":11.0,"key":"Mercury Hourglass"}],"event_choices":[{"damage_healed":0.0,"max_hp_gain":0.0,"max_hp_loss":0.0,"gold_gain":0.0,"event_name":"Shining Light","player_choice":"Entered Light","floor":5.0,"gold_loss":0.0,"damage_taken":20.0,"cards_upgraded":["Defend_G","Well Laid Plans"]},{"damage_healed":0.0,"max_hp_gain":0.0,"max_hp_loss":0.0,"gold_gain":0.0,"event_name":"Mushrooms","player_choice":"Fought Mushrooms","floor":7.0,"gold_loss":0.0,"damage_taken":0.0},{"damage_healed":0.0,"max_hp_gain":0.0,"max_hp_loss":0.0,"gold_gain":0.0,"cards_transformed":["Strike_G"],"event_name":"Transmorgrifier","player_choice":"Transformed","floor":10.0,"gold_loss":0.0,"damage_taken":0.0,"cards_obtained":["Grand Finale"]}],"is_beta":false,"boss_relics":[],"items_purged_floors":[],"is_endless":false,"potions_floor_spawned":[3,7],"killed_by":"Exordium Thugs","ascension_level":20}