{"gold_per_floor":[110,80,5,18,34,34,65,65,65,98,127,161,180,198,198,198],"floor_reached":16,"playtime":411,"items_purged":["Defend_R"],"score":234,"play_id":"5995751a-fad3-45b9-9cca-daf6b178343d","local_time":"20180924011347","is_ascension_mode":true,"campfire_choices":[{"data":"Perfected Strike","floor":6.0,"key":"SMITH"},{"data":"Bloodletting","floor":8.0,"key":"SMITH"},{"data":"Disarm","floor":15,"key":"SMITH"}],"neow_cost":"NONE","seed_source_timestamp":218510747814053,"circlet_count":0,"master_deck":["Strike_R","Strike_R","Strike_R","Strike_R","Strike_R","Defend_R","Defend_R","Defend_R","Bash","AscendersBane","Perfected Strike+1","Bloodletting+1","Limit Break","Twin Strike","Shrug It Off","Shrug It Off","Thunderclap","Intimidate","Disarm+1"],"special_seed":0,"relics":["Burning Blood","NeowsBlessing","Ginger","Gremlin Horn","Art of War","Odd Mushroom","Omamori"],"potions_floor_usage":[11,14,16],"damage_taken":[{"damage":0.0,"enemies":"2 Louse","floor":1.0,"turns":1.0},{"damage":0.0,"enemies":"Cultist","floor":4.0,"turns":1.0},{"damage":0.0,"enemies":"Jaw Worm","floor":5.0,"turns":1.0},{"damage":20.0,"enemies":"3 Sentries","floor":7.0,"turns":6.0},{"damage":31.0,"enemies":"Gremlin Nob","floor":10.0,"turns":4.0},{"damage":4,"enemies":"The Mushroom Lair","floor":11,"turns":3},{"damage":15,"enemies":"Lagavulin","floor":12,"turns":6},{"damage":12,"enemies":"Looter","floor":13,"turns":3},{"damage":5,"enemies":"Blue Slaver","floor":14,"turns":2},{"damage":26,"enemies":"Hexaghost","floor":16,"turns":9}],"seed_played":"8015260056479349277","potions_obtained":[{"floor":2.0,"key":"SteroidPotion"},{"floor":2.0,"key":"Ancient Potion"},{"floor":10.0,"key":"Strength Potion"},{"floor":11,"key":"LiquidBronze"},{"floor":12,"key":"Poison Potion"}],"is_trial":false,"path_per_floor":["M","?","$","M","M","R","E","R","T","E","?","E","M","M","R"],"character_chosen":"IRONCLAD","items_purchased":[],"campfire_rested":0,"item_purchase_floors":[],"current_hp_per_floor":[74,74,74,75,75,75,61,61,61,36,38,29,23,24,24,0],"gold":198,"neow_bonus":"THREE_ENEMY_KILL","is_prod":false,"is_daily":false,"chose_seed":false,"campfire_upgraded":3,"win_rate":0,"timestamp":1537722827,"path_taken":["M","?","$","?","M","R","E","R","T","E","?","E","M","M","R","BOSS"],"build_version":"2018-09-20","purchased_purges":1,"victory":false,"max_hp_per_floor":[75,75,75,75,75,75,75,75,75,75,75,75,75,75,75,75],"card_choices":[{"not_picked":["Warcry","Disarm"],"picked":"Perfected Strike","floor":1.0},{"not_picked":["Sever Soul","Sword Boomerang"],"picked":"Bloodletting","floor":4.0},{"not_picked":["Rampage","Burning Pact"],"picked":"Limit Break","floor":5.0},{"not_picked":["Body Slam","True Grit"],"picked":"Twin Strike","floor":7.0},{"not_picked":["Intimidate","True Grit"],"picked":"Shrug It Off","floor":10.0},{"not_picked":["Metallicize","Headbutt"],"picked":"Shrug It Off","floor":11},{"not_picked":["Sentinel","Iron Wave"],"picked":"Thunderclap","floor":12},{"not_picked":["Burning Pact","Sentinel"],"picked":"Intimidate","floor":13},{"not_picked":["Intimidate","Heavy Blade"],"picked":"Disarm","floor":14}],"player_experience":115091,"relics_obtained":[{"floor":7.0,"key":"Ginger"},{"floor":9.0,"key":"Gremlin Horn"},{"floor":10.0,"key":"Art of War"},{"floor":11,"key":"Odd Mushroom"},{"floor":12,"key":"Omamori"}],"event_choices":[{"event_name":"The Woman in Blue","player_choice":"Bought 2 Potions","floor":2.0,"damage_taken":0.0},{"event_name":"Mushrooms","player_choice":"Fought Mushrooms","floor":11,"damage_taken":0}],"is_beta":false,"boss_relics":[],"items_purged_floors":[3],"is_endless":false,"potions_floor_spawned":[4,10,11,12],"killed_by":"Hexaghost","ascension_level":19}