{"gold_per_floor":[115,40,56,331,96,121,21,41,41,60,20,37,37,48,48,126,126,139,339,135,135,135,135,170,170,170,202,214,225,225,254,254,325,325,343,193,193],"floor_reached":37,"playtime":1346,"items_purged":["Strike_G","Regret","Strike_G","Strike_G"],"score":950,"play_id":"d13df53f-670a-485f-9089-394b25a0571c","local_time":"20190303145143","is_ascension_mode":true,"campfire_choices":[{"data":"Well Laid Plans","floor":13.0,"key":"SMITH"},{"data":"Noxious Fumes","floor":15.0,"key":"SMITH"},{"data":"Grand Finale","floor":23.0,"key":"SMITH"},{"data":"Grand Finale","floor":25.0,"key":"SMITH"},{"data":"Expertise","floor":30,"key":"SMITH"},{"data":"Prepared","floor":32,"key":"SMITH"}],"neow_cost":"NONE","seed_source_timestamp":12399047262811,"circlet_count":0,"master_deck":["AscendersBane","Defend_G","Defend_G","Defend_G","Defend_G","Defend_G","Strike_G","Survivor+1","Neutralize","Noxious Fumes+1","Well Laid Plans+1","Concentrate+1","Grand Finale+1","Poisoned Stab","Prepared+1","Adrenaline","Grand Finale+1","Expertise+1","Grand Finale"],"special_seed":0,"relics":["Ring of the Snake","NeowsBlessing","Bag of Preparation","Pear","War Paint","Runic Pyramid","Lantern","Regal Pillow","Snake Skull"],"potions_floor_usage":[27],"damage_taken":[{"damage":0.0,"enemies":"Jaw Worm","floor":1.0,"turns":1.0},{"damage":0.0,"enemies":"Cultist","floor":3.0,"turns":1.0},{"damage":4.0,"enemies":"3 Sentries","floor":6.0,"turns":2.0},{"damage":0.0,"enemies":"2 Louse","floor":8.0,"turns":3.0},{"damage":19.0,"enemies":"Lots of Slimes","floor":10.0,"turns":5.0},{"damage":0.0,"enemies":"Looter","floor":11.0,"turns":4.0},{"damage":9.0,"enemies":"Exordium Thugs","floor":12.0,"turns":5.0},{"damage":11.0,"enemies":"2 Fungi Beasts","floor":14.0,"turns":4.0},{"damage":5.0,"enemies":"The Guardian","floor":16.0,"turns":10.0},{"damage":7.0,"enemies":"Shell Parasite","floor":18.0,"turns":3.0},{"damage":0.0,"enemies":"Gremlin Leader","floor":24.0,"turns":4.0},{"damage":3,"enemies":"Book of Stabbing","floor":27,"turns":4},{"damage":0,"enemies":"Chosen","floor":28,"turns":3},{"damage":0,"enemies":"Snecko","floor":29,"turns":2},{"damage":5,"enemies":"Gremlin Leader","floor":31,"turns":4},{"damage":46,"enemies":"Champ","floor":33,"turns":10},{"damage":5,"enemies":"3 Shapes","floor":35,"turns":2},{"damage":16,"enemies":"Orb Walker","floor":37,"turns":4}],"seed_played":"9214862051954349738","potions_obtained":[{"floor":8.0,"key":"Weak Potion"},{"floor":10.0,"key":"SteroidPotion"},{"floor":12.0,"key":"GhostInAJar"},{"floor":16.0,"key":"Ancient Potion"},{"floor":18.0,"key":"Fire Potion"},{"floor":27,"key":"Ancient Potion"}],"is_trial":false,"path_per_floor":["M","$","M","?","$","E","$","M","T","M","M","M","R","M","R","B",null,"M","?","$","?","$","R","E","R","T","E","M","M","R","E","R","B",null,"M","$","M"],"character_chosen":"THE_SILENT","items_purchased":["Well Laid Plans","Bag of Preparation","Adrenaline"],"campfire_rested":0,"item_purchase_floors":[5,5,20],"current_hp_per_floor":[59,59,59,59,59,65,65,65,65,46,46,37,37,26,26,21,62,55,55,55,55,55,55,55,55,55,52,52,52,52,47,47,1,57,52,52,36],"gold":193,"neow_bonus":"THREE_ENEMY_KILL","is_prod":false,"is_daily":false,"chose_seed":false,"campfire_upgraded":6,"win_rate":0,"timestamp":1551595903,"path_taken":["M","$","M","?","$","E","$","M","T","?","?","M","R","M","R","BOSS","M","?","?","?","$","R","E","R","T","E","M","M","R","E","R","BOSS","M","$","?"],"build_version":"2019-01-23","purchased_purges":4,"victory":false,"max_hp_per_floor":[66,66,66,66,66,76,76,76,76,76,76,76,76,76,76,76,76,76,76,76,76,76,76,76,76,76,76,76,76,76,76,76,76,76,76,76,76],"card_choices":[{"not_picked":["Bane","Acrobatics"],"picked":"Noxious Fumes","floor":1.0},{"not_picked":["Acrobatics","Dagger Throw","Blade Dance"],"picked":"SKIP","floor":3.0},{"not_picked":["Prepared","Deadly Poison"],"picked":"Concentrate","floor":6.0},{"not_picked":["Sucker Punch","Eviscerate"],"picked":"Grand Finale","floor":8.0},{"not_picked":["Quick Slash","Blade Dance","Underhanded Strike"],"picked":"SKIP","floor":10.0},{"not_picked":["Underhanded Strike","Tactician"],"picked":"Poisoned Stab","floor":11.0},{"not_picked":["Blade Dance","Die Die Die","Flechettes"],"picked":"SKIP","floor":12.0},{"not_picked":["Cloak And Dagger","Quick Slash","PiercingWail"],"picked":"SKIP","floor":14.0},{"not_picked":["Sucker Punch","Skewer"],"picked":"Prepared","floor":18.0},{"not_picked":["Doppelganger","Dodge and Roll"],"picked":"Grand Finale","floor":24.0},{"not_picked":["Dodge and Roll","Slice+1"],"picked":"Expertise","floor":27},{"not_picked":["Slice","Blade Dance","All Out Attack+1"],"picked":"SKIP","floor":28},{"not_picked":["Noxious Fumes","Leg Sweep","Bouncing Flask"],"picked":"SKIP","floor":29},{"not_picked":["Deadly Poison","Outmaneuver+1","Concentrate"],"picked":"SKIP","floor":31},{"not_picked":["Adrenaline","Tools of the Trade"],"picked":"Grand Finale","floor":33},{"not_picked":["Bouncing Flask+1","Outmaneuver","Dash"],"picked":"SKIP","floor":35}],"player_experience":3278391,"relics_obtained":[{"floor":6.0,"key":"Pear"},{"floor":9.0,"key":"War Paint"},{"floor":24.0,"key":"Lantern"},{"floor":27,"key":"Regal Pillow"},{"floor":31,"key":"Snake Skull"}],"event_choices":[{"damage_healed":0.0,"max_hp_gain":0.0,"max_hp_loss":0.0,"gold_gain":275.0,"event_name":"Golden Shrine","player_choice":"Desecrate","floor":4.0,"gold_loss":0.0,"damage_taken":0.0,"cards_obtained":["Regret"]},{"damage_healed":0.0,"max_hp_gain":0.0,"max_hp_loss":0.0,"gold_gain":250.0,"event_name":"The Joust","player_choice":"Bet on Owner","floor":19.0,"gold_loss":50.0,"damage_taken":0.0},{"cards_removed":["Strike_G"],"damage_healed":0.0,"max_hp_gain":0.0,"max_hp_loss":0.0,"gold_gain":0.0,"event_name":"Bonfire Elementals","player_choice":"Offered Basic","floor":21.0,"gold_loss":0.0,"damage_taken":0.0}],"is_beta":false,"boss_relics":[{"not_picked":["WristBlade","Tiny House"],"picked":"Runic Pyramid"},{"not_picked":["HoveringKite","Runic Dome","Fusion Hammer"]}],"items_purged_floors":[2,7,20,36],"is_endless":false,"potions_floor_spawned":[8,10,12,14,16,18,27],"killed_by":"Orb Walker","ascension_level":20}