{"gold_per_floor":[109,109,109,121,46,72,72,147,147,182,182,192,52,52,52,123,123,143,143,193,118,130,130,149,149,175,203,203,219,219,43,43,114,114,128,141,141,141,158,158,190,190,216,216,241,260,286,71,71,71,71],"floor_reached":52,"playtime":2146,"items_purged":["Strike_G","Strike_G","Reflex","Injury"],"score":2124,"play_id":"ec2c625e-d91c-4c8c-9213-6da5275e4cb0","local_time":"20181026020848","is_ascension_mode":true,"campfire_choices":[{"data":"Neutralize","floor":7.0,"key":"SMITH"},{"floor":15.0,"key":"REST"},{"data":"Footwork","floor":23,"key":"SMITH"},{"data":"Burst","floor":25,"key":"SMITH"},{"data":"Well Laid Plans","floor":30,"key":"SMITH"},{"data":"Ghostly","floor":32,"key":"SMITH"},{"data":"Crippling Poison","floor":40,"key":"SMITH"},{"data":"Deadly Poison","floor":42,"key":"SMITH"},{"data":"Crippling Poison","floor":49,"key":"SMITH"}],"neow_cost":"NONE","seed_source_timestamp":37024668324926,"circlet_count":0,"master_deck":["Defend_G+1","Defend_G+1","Defend_G+1","Defend_G+1","Defend_G+1","Survivor+1","Neutralize+1","AscendersBane","Backstab+1","Backstab+1","Crippling Poison+1","Deadly Poison+1","Footwork+1","Corpse Explosion+1","Burst+1","Bouncing Flask+1","Well Laid Plans+1","Ghostly+1","Ghostly+1","Ghostly+1","Ghostly+1","Ghostly+1","Prepared+1","Backflip+1","Crippling Poison+1"],"special_seed":0,"relics":["Ring of the Snake","NeowsBlessing","Bag of Preparation","Ginger","Darkstone Periapt","Coffee Dripper","Vajra","Potion Belt","Cursed Key","Dream Catcher","Art of War","Mark of the Bloom","Pantograph","MawBank"],"potions_floor_usage":[16,22,27,29,33,51,51],"damage_taken":[{"damage":0.0,"enemies":"Jaw Worm","floor":1.0,"turns":1.0},{"damage":0.0,"enemies":"2 Louse","floor":4.0,"turns":1.0},{"damage":0.0,"enemies":"Gremlin Nob","floor":6.0,"turns":1.0},{"damage":28.0,"enemies":"3 Sentries","floor":10.0,"turns":15.0},{"damage":0.0,"enemies":"Cultist","floor":12.0,"turns":3.0},{"damage":3,"enemies":"The Guardian","floor":16,"turns":12},{"damage":14,"enemies":"Shell Parasite","floor":18,"turns":4},{"damage":0,"enemies":"Spheric Guardian","floor":22,"turns":3},{"damage":13,"enemies":"Snecko","floor":24,"turns":4},{"damage":16,"enemies":"Book of Stabbing","floor":27,"turns":5},{"damage":0,"enemies":"Chosen and Byrds","floor":29,"turns":6},{"damage":2,"enemies":"Automaton","floor":33,"turns":9},{"damage":0,"enemies":"3 Darklings","floor":35,"turns":4},{"damage":0,"enemies":"3 Shapes","floor":36,"turns":4},{"damage":0,"enemies":"Spire Growth","floor":39,"turns":6},{"damage":3,"enemies":"Reptomancer","floor":41,"turns":8},{"damage":3,"enemies":"Nemesis","floor":45,"turns":8},{"damage":0,"enemies":"Writhing Mass","floor":46,"turns":5},{"damage":5,"enemies":"Giant Head","floor":47,"turns":9},{"damage":2,"enemies":"Donu and Deca","floor":50,"turns":8},{"damage":0,"enemies":"Awakened One","floor":51,"turns":16}],"seed_played":"8085529930445851930","potions_obtained":[{"floor":10.0,"key":"Strength Potion"},{"floor":16,"key":"Ancient Potion"},{"floor":24,"key":"Energy Potion"},{"floor":27,"key":"SkillPotion"},{"floor":29,"key":"Fruit Juice"},{"floor":39,"key":"Fire Potion"},{"floor":45,"key":"SpeedPotion"},{"floor":46,"key":"Fire Potion"}],"is_trial":false,"path_per_floor":["M","?","?","M","$","E","R","?","T","E","?","M","$","?","R","B",null,"M","?","?","?","M","R","M","R","T","E","?","M","R","$","R","B",null,"M","M","?","$","M","R","E","R","T","?","E","M","E","$","R","B","B"],"character_chosen":"THE_SILENT","items_purchased":["Footwork","Backflip","Crippling Poison"],"campfire_rested":1,"item_purchase_floors":[13,31,48],"current_hp_per_floor":[59,59,52,52,52,52,52,41,41,13,13,13,13,13,32,29,57,43,43,43,43,43,43,30,30,30,14,14,14,14,14,14,17,33,33,33,33,33,33,33,30,30,36,36,33,33,28,28,28,26,26],"gold":71,"neow_bonus":"THREE_ENEMY_KILL","is_prod":false,"is_daily":false,"chose_seed":false,"campfire_upgraded":8,"win_rate":0,"timestamp":1540490928,"path_taken":["M","?","?","?","?","E","R","?","T","E","?","M","$","?","R","BOSS","M","?","?","?","M","R","?","R","T","E","?","M","R","$","R","BOSS","M","M","?","$","?","R","E","R","T","?","E","M","E","$","R","BOSS","BOSS"],"build_version":"2018-10-18","purchased_purges":4,"victory":true,"max_hp_per_floor":[66,66,66,66,66,66,66,66,66,66,66,66,66,66,66,66,66,66,66,66,66,66,66,66,66,66,66,33,33,33,33,33,38,38,38,38,36,36,36,36,36,36,42,42,42,42,42,42,42,42,42],"card_choices":[{"not_picked":["Sucker Punch","Outmaneuver"],"picked":"Backstab","floor":1.0},{"not_picked":["Deadly Poison","Dodge and Roll"],"picked":"Crippling Poison","floor":4.0},{"not_picked":["Quick Slash","Blade Dance"],"picked":"Deadly Poison","floor":6.0},{"not_picked":["Sucker Punch","Blade Dance"],"picked":"Reflex","floor":10.0},{"not_picked":["Dagger Throw","Infinite Blades","Dagger Spray"],"picked":"SKIP","floor":12.0},{"not_picked":["Unload","Venomology"],"picked":"Burst","floor":16},{"not_picked":["Skewer","Heel Hook"],"picked":"Bouncing Flask+1","floor":18},{"not_picked":["Acrobatics","Concentrate"],"picked":"Well Laid Plans","floor":22},{"not_picked":["Dagger Throw","Flying Knee","Deadly Poison"],"picked":"SKIP","floor":24},{"not_picked":["Eviscerate","Flying Knee+1","Bane"],"picked":"SKIP","floor":27},{"not_picked":["Dagger Spray","Flying Knee"],"picked":"Prepared","floor":29},{"not_picked":["Cloak And Dagger","Acrobatics+1","Outmaneuver"],"picked":"SKIP","floor":35},{"not_picked":["Flying Knee","PiercingWail","Dagger Spray"],"picked":"SKIP","floor":36},{"not_picked":["Tactician","Flying Knee+1","PiercingWail"],"picked":"SKIP","floor":39},{"not_picked":["Dagger Spray","Dagger Throw","Eviscerate"],"picked":"SKIP","floor":41},{"not_picked":["Deflect","Distraction","Corpse Explosion"],"picked":"SKIP","floor":45},{"not_picked":["Expertise+1","Finisher","Calculated Gamble+1"],"picked":"SKIP","floor":46},{"not_picked":["Sucker Punch","Slice","Calculated Gamble+1"],"picked":"SKIP","floor":47}],"player_experience":393035,"relics_obtained":[{"floor":6.0,"key":"Bag of Preparation"},{"floor":9.0,"key":"Ginger"},{"floor":10.0,"key":"Darkstone Periapt"},{"floor":26,"key":"Vajra"},{"floor":27,"key":"Potion Belt"},{"floor":41,"key":"Dream Catcher"},{"floor":43,"key":"Art of War"},{"floor":45,"key":"Pantograph"},{"floor":47,"key":"MawBank"}],"event_choices":[{"damage_healed":0.0,"max_hp_gain":0.0,"max_hp_loss":0.0,"gold_gain":0.0,"cards_transformed":["Strike_G"],"event_name":"Living Wall","player_choice":"Change","floor":2.0,"gold_loss":0.0,"damage_taken":0.0,"cards_obtained":["Backstab"]},{"cards_removed":["Strike_G"],"damage_healed":0.0,"max_hp_gain":0.0,"max_hp_loss":0.0,"gold_gain":0.0,"event_name":"Golden Wing","player_choice":"Card Removal","floor":3.0,"gold_loss":0.0,"damage_taken":7.0},{"damage_healed":0.0,"max_hp_gain":0.0,"max_hp_loss":0.0,"gold_gain":75.0,"event_name":"World of Goop","player_choice":"Gather Gold","floor":8.0,"gold_loss":0.0,"damage_taken":11.0},{"damage_healed":0.0,"max_hp_gain":0.0,"max_hp_loss":0.0,"gold_gain":0.0,"event_name":"Shining Light","player_choice":"Ignored","floor":11.0,"gold_loss":0.0,"damage_taken":0.0},{"damage_healed":0.0,"max_hp_gain":0.0,"max_hp_loss":0.0,"gold_gain":0.0,"event_name":"Match and Keep!","player_choice":"1 cards matched","floor":14.0,"gold_loss":0.0,"damage_taken":0.0,"cards_obtained":["Corpse Explosion"]},{"damage_healed":0,"gold_gain":0,"player_choice":"Ignored","damage_taken":0,"max_hp_gain":0,"max_hp_loss":0,"event_name":"Cursed Tome","floor":19,"gold_loss":0},{"damage_healed":0,"gold_gain":50,"player_choice":"Stole From Cult","damage_taken":0,"max_hp_gain":0,"max_hp_loss":0,"event_name":"Nest","floor":20,"gold_loss":0},{"cards_removed":["Strike_G"],"damage_healed":0,"gold_gain":0,"player_choice":"Gave Gold","damage_taken":0,"max_hp_gain":0,"max_hp_loss":0,"event_name":"Beggar","floor":21,"gold_loss":75},{"damage_healed":0,"gold_gain":0,"player_choice":"Became a Ghost","damage_taken":0,"max_hp_gain":0,"max_hp_loss":33,"event_name":"Ghosts","floor":28,"gold_loss":0,"cards_obtained":["Ghostly","Ghostly","Ghostly","Ghostly","Ghostly"]},{"damage_healed":0,"gold_gain":0,"player_choice":"Max HP","damage_taken":0,"max_hp_gain":0,"max_hp_loss":2,"event_name":"Winding Halls","floor":37,"gold_loss":0},{"damage_healed":0,"gold_gain":0,"player_choice":"Upgrade","damage_taken":0,"relics_obtained":["Mark of the Bloom"],"max_hp_gain":0,"max_hp_loss":0,"event_name":"MindBloom","floor":44,"gold_loss":0,"cards_upgraded":["Defend_G","Defend_G","Defend_G","Defend_G","Defend_G","Survivor","Backstab","Backstab","Corpse Explosion","Ghostly","Ghostly","Ghostly","Ghostly","Prepared","Backflip"]}],"is_beta":false,"boss_relics":[{"not_picked":["Velvet Choker","Black Star"],"picked":"Coffee Dripper"},{"not_picked":["Snecko Eye","Runic Pyramid"],"picked":"Cursed Key"}],"items_purged_floors":[5,13,31,48],"is_endless":false,"potions_floor_spawned":[10,16,24,27,29,39,45,46],"ascension_level":20}