{"gold_per_floor":[14,26,37,112,125,125,50,50,50,50,50,50,50,63,63,63],"floor_reached":16,"playtime":349,"items_purged":["Strike_G"],"score":180,"play_id":"2669ca07-2f8a-44e0-8333-730270a186a9","local_time":"20181224134307","is_ascension_mode":true,"campfire_choices":[{"data":"Deadly Poison","floor":6,"key":"SMITH"},{"data":"Neutralize","floor":10,"key":"SMITH"},{"floor":13,"key":"REST"},{"data":"Tactician","floor":15,"key":"SMITH"}],"neow_cost":"NO_GOLD","seed_source_timestamp":17085954984442,"circlet_count":0,"master_deck":["AscendersBane","Defend_G","Defend_G","Defend_G","Defend_G","Strike_G","Strike_G","Strike_G","Survivor","Neutralize+1","Tactician+1","Deadly Poison+1","Wraith Form v2"],"relics":["Ring of the Snake","Toxic Egg 2","Happy Flower"],"potions_floor_usage":[5,5],"damage_taken":[{"damage":3,"enemies":"Small Slimes","floor":1,"turns":5},{"damage":0,"enemies":"2 Louse","floor":2,"turns":4},{"damage":8,"enemies":"Jaw Worm","floor":3,"turns":7},{"damage":24,"enemies":"Large Slime","floor":5,"turns":8},{"damage":0,"enemies":"Blue Slaver","floor":14,"turns":4},{"damage":0,"enemies":"Slime Boss","floor":16,"turns":1}],"seed_played":"6151066622286043866","potions_obtained":[{"floor":1,"key":"SkillPotion"},{"floor":2,"key":"Block Potion"},{"floor":5,"key":"Dexterity Potion"}],"is_trial":false,"path_per_floor":["M","M","M","?","M","R","$","?","T","R","$","?","R","M","R","B"],"character_chosen":"THE_SILENT","items_purchased":[],"campfire_rested":1,"item_purchase_floors":[],"current_hp_per_floor":[56,56,48,37,13,13,13,2,2,2,2,2,21,21,21,21],"gold":63,"neow_bonus":"REMOVE_TWO","is_prod":false,"is_daily":false,"chose_seed":false,"campfire_upgraded":3,"win_rate":0,"timestamp":1545630187,"path_taken":["M","M","M","?","M","R","$","?","T","R","$","?","R","M","R","BOSS"],"build_version":"2018-12-20","purchased_purges":1,"victory":false,"max_hp_per_floor":[66,66,66,66,66,66,66,66,66,66,66,66,66,66,66,66],"card_choices":[{"not_picked":["Escape Plan","Prepared"],"picked":"Tactician","floor":1},{"not_picked":["Quick Slash","Endless Agony","Outmaneuver"],"picked":"SKIP","floor":2},{"not_picked":["Prepared","Sucker Punch"],"picked":"Deadly Poison","floor":3},{"not_picked":["Deflect","Slice","Poisoned Stab"],"picked":"SKIP","floor":5},{"not_picked":["Dagger Spray","Accuracy"],"picked":"Wraith Form v2","floor":14}],"player_experience":1468293,"relics_obtained":[{"floor":9,"key":"Happy Flower"}],"event_choices":[{"damage_healed":0,"gold_gain":75,"player_choice":"Gather Gold","damage_taken":11,"max_hp_gain":0,"max_hp_loss":0,"event_name":"World of Goop","floor":4,"gold_loss":0},{"damage_healed":0,"gold_gain":0,"player_choice":"Success","damage_taken":11,"relics_obtained":["Toxic Egg 2"],"max_hp_gain":0,"max_hp_loss":0,"event_name":"Scrap Ooze","floor":8,"gold_loss":0},{"damage_healed":0,"gold_gain":0,"player_choice":"Ignored","damage_taken":0,"max_hp_gain":0,"max_hp_loss":0,"event_name":"Shining Light","floor":12,"gold_loss":0}],"is_beta":false,"boss_relics":[],"items_purged_floors":[7],"is_endless":false,"potions_floor_spawned":[1,2,5],"killed_by":"Slime Boss","ascension_level":20}