{"gold_per_floor":[117,127,138,154,169,169,184,219,271,271,221,221,146,46,46,150,150,167,186,186,220,135,135,10,22,45,56,69,69,69,89,89,191,191,201,27,249,249,249,279,279,293,340,359,359,376,388,398,398,398],"floor_reached":51,"playtime":1596,"items_purged":["Defend_G","Strike_G","Strike_G","Strike_G"],"score":781,"play_id":"b4d36ec5-908a-48db-b2e1-b615d10c4885","local_time":"20181022152637","is_ascension_mode":false,"campfire_choices":[{"data":"Footwork","floor":6.0,"key":"SMITH"},{"data":"Catalyst","floor":10.0,"key":"SMITH"},{"data":"Poisoned Stab","floor":12.0,"key":"SMITH"},{"data":"Footwork","floor":15.0,"key":"SMITH"},{"data":"Footwork","floor":23,"key":"SMITH"},{"data":"Deadly Poison","floor":29,"key":"SMITH"},{"data":"Corpse Explosion","floor":32,"key":"SMITH"},{"data":"Corpse Explosion","floor":41,"key":"SMITH"},{"data":"Backflip","floor":45,"key":"SMITH"},{"data":"Backflip","floor":49,"key":"SMITH"}],"neow_cost":"PERCENT_DAMAGE","seed_source_timestamp":26536356342369,"circlet_count":0,"master_deck":["Defend_G","Defend_G","Defend_G","Survivor","Neutralize","Footwork+1","Backflip+1","Footwork+1","Catalyst+1","Poisoned Stab+1","Footwork+1","Corpse Explosion+1","Backflip","Catalyst+1","Deadly Poison+1","Corpse Explosion+1","Venomology","Backflip+1","Acrobatics+1","Dodge and Roll+1","Malaise+1","Noxious Fumes+1"],"special_seed":0,"relics":["Ring of the Snake","Centennial Puzzle","Happy Flower","Coffee Dripper","Red Mask","Sundial","Art of War","Velvet Choker","Dodecahedron","Toxic Egg 2","Omamori"],"potions_floor_usage":[21,31,50,50],"damage_taken":[{"damage":0.0,"enemies":"Small Slimes","floor":1.0,"turns":3.0},{"damage":2.0,"enemies":"2 Louse","floor":2.0,"turns":3.0},{"damage":0.0,"enemies":"Cultist","floor":3.0,"turns":4.0},{"damage":5.0,"enemies":"Exordium Thugs","floor":4.0,"turns":10.0},{"damage":5.0,"enemies":"Lots of Slimes","floor":5.0,"turns":9.0},{"damage":0.0,"enemies":"2 Fungi Beasts","floor":7.0,"turns":5.0},{"damage":6.0,"enemies":"Lagavulin","floor":8.0,"turns":8.0},{"damage":0.0,"enemies":"The Guardian","floor":16.0,"turns":10.0},{"damage":0.0,"enemies":"3 Byrds","floor":18.0,"turns":3.0},{"damage":0.0,"enemies":"Spheric Guardian","floor":19.0,"turns":5.0},{"damage":1,"enemies":"Masked Bandits","floor":21,"turns":2},{"damage":0,"enemies":"Centurion and Healer","floor":25,"turns":3},{"damage":10,"enemies":"Sentry and Sphere","floor":27,"turns":5},{"damage":0,"enemies":"Snake Plant","floor":28,"turns":4},{"damage":0,"enemies":"Snecko","floor":31,"turns":4},{"damage":32,"enemies":"Collector","floor":33,"turns":4},{"damage":0,"enemies":"Orb Walker","floor":35,"turns":3},{"damage":0,"enemies":"Giant Head","floor":40,"turns":4},{"damage":0,"enemies":"3 Shapes","floor":42,"turns":2},{"damage":0,"enemies":"3 Darklings","floor":44,"turns":3},{"damage":0,"enemies":"Spire Growth","floor":46,"turns":4},{"damage":0,"enemies":"Writhing Mass","floor":47,"turns":3},{"damage":0,"enemies":"Sphere and 2 Shapes","floor":48,"turns":3},{"damage":24,"enemies":"Awakened One","floor":50,"turns":12}],"seed_played":"4617648784963081630","potions_obtained":[{"floor":1.0,"key":"Weak Potion"},{"floor":4.0,"key":"Regen Potion"},{"floor":5.0,"key":"AttackPotion"},{"floor":8.0,"key":"Dexterity Potion"},{"floor":16.0,"key":"Ancient Potion"},{"floor":18.0,"key":"AttackPotion"},{"floor":25,"key":"FairyPotion"},{"floor":27,"key":"Ancient Potion"},{"floor":35,"key":"Fire Potion"},{"floor":40,"key":"GhostInAJar"}],"is_trial":false,"path_per_floor":["M","M","M","M","M","R","M","E","T","R","?","R","$","$","R","B",null,"M","M","?","?","?","R","$","M","T","M","M","R","?","M","R","B",null,"M","$","?","?","T","E","R","M","T","M","R","M","M","M","R","B"],"character_chosen":"THE_SILENT","items_purchased":["Backflip"],"campfire_rested":0,"item_purchase_floors":[36],"current_hp_per_floor":[49,47,47,42,52,52,52,46,46,46,46,46,46,46,46,46,70,70,70,70,69,69,69,69,69,69,59,59,59,59,59,59,27,70,70,70,70,63,63,63,63,63,63,63,63,63,63,63,63,39],"gold":398,"neow_bonus":"REMOVE_TWO","is_prod":false,"is_daily":false,"chose_seed":false,"campfire_upgraded":10,"win_rate":0,"timestamp":1540193197,"path_taken":["M","M","M","M","M","R","M","E","T","R","?","R","?","$","R","BOSS","M","?","?","?","?","R","$","?","T","M","M","R","?","M","R","BOSS","M","$","?","?","?","E","R","M","T","M","R","M","?","M","R","BOSS"],"build_version":"2018-10-18","purchased_purges":4,"victory":true,"max_hp_per_floor":[70,70,70,70,70,70,70,70,70,70,70,70,70,70,70,70,70,70,70,70,70,70,70,70,70,70,70,70,70,70,70,70,70,70,70,70,70,70,70,70,70,70,70,70,70,70,70,70,70,70],"card_choices":[{"not_picked":["Crippling Poison","Accuracy","Bane"],"picked":"SKIP","floor":1.0},{"not_picked":["Deflect","Endless Agony"],"picked":"Footwork","floor":2.0},{"not_picked":["Outmaneuver","Prepared"],"picked":"Backflip","floor":3.0},{"not_picked":["Dash","Expertise"],"picked":"Footwork","floor":4.0},{"not_picked":["Deflect","Deadly Poison"],"picked":"Catalyst","floor":5.0},{"not_picked":["Prepared","Heel Hook"],"picked":"Poisoned Stab","floor":7.0},{"not_picked":["Cloak And Dagger","Blade Dance"],"picked":"Footwork","floor":8.0},{"not_picked":["Unload","Venomology"],"picked":"Corpse Explosion","floor":16.0},{"not_picked":["Dodge and Roll","Poisoned Stab"],"picked":"Backflip","floor":18.0},{"not_picked":["Deflect","Flying Knee","Outmaneuver"],"picked":"SKIP","floor":19.0},{"not_picked":["Infinite Blades","Expertise+1","Skewer+1"],"picked":"SKIP","floor":25},{"not_picked":["Predator","Bouncing Flask"],"picked":"Deadly Poison","floor":27},{"not_picked":["Poisoned Stab+1","Dagger Throw","Terror"],"picked":"SKIP","floor":28},{"not_picked":["Poisoned Stab","Caltrops"],"picked":"Corpse Explosion","floor":31},{"not_picked":["Unload","A Thousand Cuts"],"picked":"Venomology","floor":33},{"not_picked":["Infinite Blades+1","Terror+1","Dagger Throw"],"picked":"SKIP","floor":35},{"not_picked":["Blade Dance+1","Prepared+1"],"picked":"Acrobatics","floor":40},{"not_picked":["Underhanded Strike+1","Quick Slash+1"],"picked":"Dodge and Roll+1","floor":42},{"not_picked":["Underhanded Strike","Endless Agony","Slice"],"picked":"SKIP","floor":44},{"not_picked":["Quick Slash","Dagger Throw"],"picked":"Malaise+1","floor":46},{"not_picked":["Choke","Underhanded Strike+1","Dash"],"picked":"SKIP","floor":47},{"not_picked":["PiercingWail+1","Underhanded Strike"],"picked":"Noxious Fumes+1","floor":48}],"player_experience":510530,"relics_obtained":[{"floor":8.0,"key":"Centennial Puzzle"},{"floor":9.0,"key":"Happy Flower"},{"floor":21,"key":"Red Mask"},{"floor":26,"key":"Art of War"},{"floor":39,"key":"Dodecahedron"},{"floor":40,"key":"Toxic Egg 2"},{"floor":43,"key":"Omamori"}],"event_choices":[{"cards_removed":["Strike_G"],"damage_healed":0.0,"max_hp_gain":0.0,"max_hp_loss":0.0,"gold_gain":0.0,"event_name":"The Cleric","player_choice":"Card Removal","floor":11.0,"gold_loss":50.0,"damage_taken":0.0},{"damage_healed":0.0,"max_hp_gain":0.0,"max_hp_loss":0.0,"gold_gain":0.0,"event_name":"Duplicator","player_choice":"Copied","floor":20.0,"gold_loss":0.0,"damage_taken":0.0,"cards_obtained":["Catalyst"]},{"damage_healed":0,"gold_gain":0,"player_choice":"Fought Bandits","damage_taken":0,"max_hp_gain":0,"max_hp_loss":0,"event_name":"Masked Bandits","floor":21,"gold_loss":0},{"damage_healed":0,"gold_gain":0,"player_choice":"Obtained Relic","damage_taken":0,"relics_obtained":["Sundial"],"max_hp_gain":0,"max_hp_loss":0,"event_name":"Addict","floor":22,"gold_loss":85},{"damage_healed":0,"gold_gain":0,"player_choice":"Ignored","damage_taken":0,"max_hp_gain":0,"max_hp_loss":0,"event_name":"Vampires","floor":30,"gold_loss":0},{"damage_healed":0,"gold_gain":222,"player_choice":"Wore Mask","damage_taken":0,"max_hp_gain":0,"max_hp_loss":0,"event_name":"Tomb of Lord Red Mask","floor":37,"gold_loss":0},{"damage_healed":0,"gold_gain":0,"player_choice":"Damaged","damage_taken":7,"max_hp_gain":0,"max_hp_loss":0,"event_name":"Wheel of Change","floor":38,"gold_loss":0}],"is_beta":false,"boss_relics":[{"not_picked":["Empty Cage","Cursed Key"],"picked":"Coffee Dripper"},{"not_picked":["Philosopher\u0027s Stone","Sozu"],"picked":"Velvet Choker"}],"items_purged_floors":[13,14,24,36],"is_endless":false,"potions_floor_spawned":[1,4,5,8,16,18,25,27,28,35,40,48],"ascension_level":0}