{"gold_per_floor":[111,129,129,79,96,133,145,168,168,168,186,186,186,186,186,365,365,389,109,133,133,157,189,189,231,231,250,22,22,36,54,54,227,227,243,81,81,81,105,105,143,143,174,208,225,256,275,295,295,295,295,295,48,80,80],"floor_reached":56,"playtime":1521,"items_purged":["Strike_B+1","Defend_B+1"],"score":425,"play_id":"a7783452-4d5c-4b74-87ba-736b150d5573","local_time":"20190314230001","is_ascension_mode":true,"campfire_choices":[{"data":"Consume","floor":10.0,"key":"SMITH"},{"data":"Hologram","floor":13.0,"key":"SMITH"},{"data":"Turbo","floor":15.0,"key":"SMITH"},{"data":"Defragment","floor":29,"key":"SMITH"},{"data":"Defragment","floor":32,"key":"SMITH"},{"data":"Apotheosis","floor":40,"key":"SMITH"},{"floor":42,"key":"RECALL"},{"data":"Seek","floor":49,"key":"SMITH"},{"data":"Biased Cognition","floor":52,"key":"SMITH"}],"neow_cost":"NONE","seed_source_timestamp":53046640635982,"circlet_count":0,"master_deck":["Defend_B+1","Zap+1","Dualcast+1","Hologram+1","Turbo+1","FTL","Tempest","Consume+1","All For One","Genetic Algorithm","Undo+1","Chill+1","Electrodynamics","Capacitor","Defragment+1","Defragment+1","Storm","Ball Lightning","Loop+1","Thunder Strike+1","Turbo+1","Redo+1","Ball Lightning+1","Thunder Strike","Coolheaded","Biased Cognition+1","Discovery","Apotheosis+1","Master of Strategy","Transmutation","Chill","Hologram+1","Self Repair+1","Ball Lightning+1","Seek+1","Double Energy+1","White Noise+1","Steam Power+1","Turbo","Thunder Strike+1","Echo Form","Stack+1"],"special_seed":0,"relics":["Cracked Core","NeowsBlessing","Bag of Preparation","Regal Pillow","Anchor","Incense Burner","Black Star","FossilizedHelix","Mercury Hourglass","Symbiotic Virus","Strawberry","Boot","Darkstone Periapt","Question Card","Thread and Needle","Ice Cream","Runic Pyramid","Turnip","Bronze Scales","Sundial","Unceasing Top","Pen Nib","Bottled Tornado","Pear","Art of War","DollysMirror","Emotion Chip","Happy Flower"],"potions_floor_usage":[54,55,55],"damage_taken":[{"damage":0.0,"enemies":"Small Slimes","floor":1.0,"turns":1.0},{"damage":0.0,"enemies":"2 Louse","floor":2.0,"turns":1.0},{"damage":0.0,"enemies":"Cultist","floor":5.0,"turns":1.0},{"damage":0.0,"enemies":"Gremlin Nob","floor":6.0,"turns":3.0},{"damage":0.0,"enemies":"Exordium Thugs","floor":7.0,"turns":1.0},{"damage":0.0,"enemies":"3 Louse","floor":8.0,"turns":2.0},{"damage":0.0,"enemies":"Large Slime","floor":11.0,"turns":3.0},{"damage":0.0,"enemies":"Hexaghost","floor":16.0,"turns":4.0},{"damage":0,"enemies":"Chosen","floor":18,"turns":2},{"damage":0,"enemies":"Spheric Guardian","floor":20,"turns":3},{"damage":0,"enemies":"Snake Plant","floor":22,"turns":1},{"damage":0,"enemies":"Gremlin Leader","floor":23,"turns":3},{"damage":0,"enemies":"Book of Stabbing","floor":25,"turns":3},{"damage":0,"enemies":"Centurion and Healer","floor":27,"turns":3},{"damage":0,"enemies":"Sentry and Sphere","floor":30,"turns":3},{"damage":0,"enemies":"Shelled Parasite and Fungi","floor":31,"turns":2},{"damage":0,"enemies":"Automaton","floor":33,"turns":3},{"damage":0,"enemies":"3 Darklings","floor":35,"turns":2},{"damage":0,"enemies":"Orb Walker","floor":39,"turns":3},{"damage":0,"enemies":"Reptomancer","floor":41,"turns":3},{"damage":0,"enemies":"Giant Head","floor":44,"turns":4},{"damage":0,"enemies":"Transient","floor":45,"turns":5},{"damage":0,"enemies":"Reptomancer","floor":46,"turns":4},{"damage":0,"enemies":"Sphere and 2 Shapes","floor":47,"turns":2},{"damage":0,"enemies":"Spire Growth","floor":48,"turns":3},{"damage":0,"enemies":"Awakened One","floor":50,"turns":4},{"damage":0,"enemies":"Shield and Spear","floor":54,"turns":4},{"damage":44,"enemies":"The Heart","floor":55,"turns":4}],"seed_played":"7719500357033498791","potions_obtained":[{"floor":1.0,"key":"Strength Potion"},{"floor":2.0,"key":"Fire Potion"},{"floor":5.0,"key":"Dexterity Potion"},{"floor":6.0,"key":"Explosive Potion"},{"floor":7.0,"key":"SneckoOil"},{"floor":7.0,"key":"EssenceOfSteel"},{"floor":8.0,"key":"Poison Potion"},{"floor":8.0,"key":"PowerPotion"},{"floor":11.0,"key":"Swift Potion"},{"floor":16.0,"key":"GamblersBrew"},{"floor":20,"key":"LiquidBronze"},{"floor":25,"key":"Ancient Potion"},{"floor":30,"key":"Swift Potion"},{"floor":54,"key":"SneckoOil"}],"is_trial":false,"path_per_floor":["M","M","?","?","M","E","M","M","T","R","M","?","R","?","R","B",null,"M","$","M","?","M","E","?","E","T","M","$","R","M","M","R","B",null,"M","$","?","?","M","R","E","R","T","E","M","E","M","M","R","B",null,"R","$","E","B",null],"character_chosen":"DEFECT","items_purchased":["FossilizedHelix","Thread and Needle","Biased Cognition","Discovery","Turbo","DollysMirror"],"campfire_rested":0,"item_purchase_floors":[19,28,36,36,53,53],"current_hp_per_floor":[79,79,79,79,79,79,79,79,79,79,79,79,79,72,72,78,83,83,83,83,83,83,83,83,90,90,90,90,90,90,90,90,94,94,94,94,84,84,84,84,84,84,84,84,89,99,99,99,99,103,103,103,103,103,65],"gold":80,"neow_bonus":"THREE_ENEMY_KILL","is_prod":false,"is_daily":false,"chose_seed":false,"campfire_upgraded":8,"win_rate":0,"timestamp":1552575601,"path_taken":["M","M","?","?","M","E","M","M","T","R","M","?","R","?","R","BOSS","M","$","M","?","M","E","?","E","T","?","$","R","M","M","R","BOSS","M","$","?","?","M","R","E","R","T","E","M","E","M","M","R","BOSS","R","$","E","BOSS"],"build_version":"2019-01-23","purchased_purges":2,"victory":true,"max_hp_per_floor":[79,79,79,79,79,79,79,79,79,79,79,79,79,79,79,83,83,83,83,83,83,83,83,83,90,90,90,90,90,90,90,90,94,94,94,94,94,89,89,89,89,89,89,89,89,99,99,99,99,103,103,103,103,103,107],"card_choices":[{"not_picked":["Redo","Rebound"],"picked":"Hologram","floor":1.0},{"not_picked":["Hello World","Barrage"],"picked":"Turbo","floor":2.0},{"not_picked":["Chill","Gash"],"picked":"Tempest","floor":5.0},{"not_picked":["Rebound","Undo"],"picked":"Consume","floor":6.0},{"not_picked":["Redo+1","Cold Snap"],"picked":"All For One","floor":6.0},{"not_picked":["Conserve Battery","Leap"],"picked":"Genetic Algorithm","floor":7.0},{"not_picked":["Rebound","Compile Driver"],"picked":"Undo+1","floor":8.0},{"not_picked":["Barrage","Steam Power"],"picked":"Chill+1","floor":11.0},{"not_picked":["Meteor Strike","Multi-Cast"],"picked":"Electrodynamics","floor":16.0},{"not_picked":["Rip and Tear+1","Conserve Battery"],"picked":"Capacitor","floor":18},{"not_picked":["Tempest","Conserve Battery"],"picked":"Defragment","floor":20},{"not_picked":["Lockon","Sweeping Beam"],"picked":"Ball Lightning","floor":22},{"not_picked":["Turbo+1","Hologram"],"picked":"Loop+1","floor":23},{"not_picked":["Coolheaded","Heatsinks+1"],"picked":"Thunder Strike","floor":23},{"not_picked":["Steam","FTL"],"picked":"Turbo+1","floor":25},{"not_picked":["Blizzard+1","Force Field+1","Reprogram+1"],"picked":"SKIP","floor":25},{"not_picked":["Hologram","Beam Cell+1","Barrage","Stack"],"picked":"SKIP","floor":27},{"not_picked":["Aggregate+1","Melter","Go for the Eyes+1"],"picked":"Redo+1","floor":30},{"not_picked":["Beam Cell","Steam Power+1","Cold Snap+1"],"picked":"Ball Lightning+1","floor":31},{"not_picked":["Multi-Cast","Amplify","Reboot"],"picked":"Thunder Strike","floor":33},{"not_picked":["Conserve Battery+1","Self Repair+1","Steam Power"],"picked":"Coolheaded","floor":35},{"not_picked":["Mayhem","Swift Strike","Discovery"],"picked":"Apotheosis","floor":37},{"not_picked":["HandOfGreed","Enlightenment","Panacea"],"picked":"Master of Strategy","floor":37},{"not_picked":["Finesse","Jack Of All Trades","Mind Blast"],"picked":"Transmutation","floor":37},{"not_picked":["Leap+1","Rebound","BootSequence+1"],"picked":"Chill","floor":39},{"not_picked":["Cold Snap","Lockon+1","Beam Cell+1"],"picked":"Hologram+1","floor":41},{"not_picked":["Darkness+1","Force Field+1","Coolheaded"],"picked":"Self Repair+1","floor":41},{"not_picked":["Sweeping Beam+1","Gash+1","Leap+1"],"picked":"Ball Lightning+1","floor":44},{"not_picked":["Rip and Tear+1","Hologram+1","Sweeping Beam+1"],"picked":"Seek","floor":44},{"not_picked":["Leap+1","Redo+1","Sunder+1"],"picked":"Double Energy+1","floor":45},{"not_picked":["Static Discharge+1","BootSequence+1","Skim+1"],"picked":"White Noise+1","floor":46},{"not_picked":["Ball Lightning","Go for the Eyes+1","Rebound","All For One"],"picked":"SKIP","floor":46},{"not_picked":["Beam Cell","BootSequence","Conserve Battery+1"],"picked":"Steam Power+1","floor":47},{"not_picked":["Cold Snap+1","Auto Shields","Sweeping Beam","FTL+1"],"picked":"SKIP","floor":48},{"not_picked":["Go for the Eyes+1","Rip and Tear+1","Coolheaded+1"],"picked":"Echo Form","floor":54},{"not_picked":["Loop","Hologram","BootSequence+1"],"picked":"Stack+1","floor":54}],"player_experience":3600967,"relics_obtained":[{"floor":6.0,"key":"Bag of Preparation"},{"floor":9.0,"key":"Regal Pillow"},{"floor":9.0,"key":"Anchor"},{"floor":16.0,"key":"Incense Burner"},{"floor":23,"key":"Mercury Hourglass"},{"floor":23,"key":"Symbiotic Virus"},{"floor":25,"key":"Strawberry"},{"floor":25,"key":"Boot"},{"floor":26,"key":"Darkstone Periapt"},{"floor":26,"key":"Question Card"},{"floor":33,"key":"Ice Cream"},{"floor":41,"key":"Turnip"},{"floor":41,"key":"Bronze Scales"},{"floor":43,"key":"Sundial"},{"floor":44,"key":"Unceasing Top"},{"floor":44,"key":"Pen Nib"},{"floor":46,"key":"Bottled Tornado"},{"floor":46,"key":"Pear"},{"floor":47,"key":"Art of War"},{"floor":54,"key":"Emotion Chip"},{"floor":54,"key":"Happy Flower"}],"event_choices":[{"damage_healed":0.0,"max_hp_gain":0.0,"max_hp_loss":0.0,"gold_gain":0.0,"cards_transformed":["Strike_B"],"event_name":"Living Wall","player_choice":"Change","floor":3.0,"gold_loss":0.0,"damage_taken":0.0,"cards_obtained":["FTL"]},{"cards_removed":["Strike_B"],"damage_healed":0.0,"max_hp_gain":0.0,"max_hp_loss":0.0,"gold_gain":0.0,"event_name":"The Cleric","player_choice":"Card Removal","floor":4.0,"gold_loss":50.0,"damage_taken":0.0},{"damage_healed":0.0,"max_hp_gain":0.0,"max_hp_loss":0.0,"gold_gain":0.0,"event_name":"Liars Game","player_choice":"Ignored","floor":12.0,"gold_loss":0.0,"damage_taken":0.0},{"cards_removed":["Defend_B"],"damage_healed":0.0,"max_hp_gain":0.0,"max_hp_loss":0.0,"gold_gain":0.0,"event_name":"Golden Wing","player_choice":"Card Removal","floor":14.0,"gold_loss":0.0,"damage_taken":7.0},{"damage_healed":0,"gold_gain":0,"cards_transformed":["Defend_B","Strike_B"],"player_choice":"Became Test Subject","damage_taken":0,"max_hp_gain":0,"max_hp_loss":0,"event_name":"Drug Dealer","floor":21,"gold_loss":0,"cards_obtained":["Defragment","Storm"]},{"damage_healed":0,"gold_gain":0,"player_choice":"Upgraded","damage_taken":0,"max_hp_gain":0,"max_hp_loss":0,"event_name":"Upgrade Shrine","floor":24,"gold_loss":0,"cards_upgraded":["Thunder Strike"]},{"damage_healed":0,"gold_gain":0,"player_choice":"Memory 3","damage_taken":10,"max_hp_gain":0,"max_hp_loss":0,"event_name":"SensoryStone","floor":37,"gold_loss":0},{"damage_healed":0,"gold_gain":0,"player_choice":"Max HP","damage_taken":0,"max_hp_gain":0,"max_hp_loss":5,"event_name":"Winding Halls","floor":38,"gold_loss":0}],"is_beta":false,"boss_relics":[{"not_picked":["Calling Bell","White Beast Statue"],"picked":"Black Star"},{"not_picked":["Eternal Feather","Pandora\u0027s Box"],"picked":"Runic Pyramid"}],"items_purged_floors":[19,53],"is_endless":false,"potions_floor_spawned":[5,7,8,20,30,31,33,35,47,48],"ascension_level":-20}