{"gold_per_floor":[115,115,115,131,154,154,170,170,170,183,183,183,39,62,62,185,185,198,323,317,232,253,253,253,272,272,272,285,134,134,148,148,274,274,298,298,20,20,41,41,41,60,60,96,96,112,12,12,12,12],"floor_reached":51,"playtime":1922,"items_purged":["Strike_B","Strike_B"],"score":716,"play_id":"ec528ab5-7643-432f-9b18-d617d6c83515","local_time":"20190611205325","is_ascension_mode":false,"campfire_choices":[{"data":"Dualcast","floor":6.0,"key":"SMITH"},{"data":"Zap","floor":8.0,"key":"SMITH"},{"data":"Jack Of All Trades","floor":11.0,"key":"SMITH"},{"data":"Coolheaded","floor":15.0,"key":"SMITH"},{"data":"Biased Cognition","floor":23.0,"key":"SMITH"},{"data":"Biased Cognition","floor":27.0,"key":"SMITH"},{"data":"Loop","floor":30.0,"key":"SMITH"},{"data":"Buffer","floor":32.0,"key":"SMITH"},{"data":"Recycle","floor":40.0,"key":"SMITH"},{"data":"Defragment","floor":45,"key":"SMITH"},{"data":"Sadistic Nature","floor":49,"key":"SMITH"}],"neow_cost":"PERCENT_DAMAGE","seed_source_timestamp":35326232130749,"circlet_count":0,"master_deck":["Strike_B+1","Defend_B","Defend_B","Defend_B+1","Zap+1","Dualcast+1","Sadistic Nature+1","Jack Of All Trades+1","Lockon","Conserve Battery","Coolheaded+1","Buffer+1","Chill","Biased Cognition+1","Ball Lightning+1","Self Repair","Biased Cognition+1","Compile Driver+1","Loop+1","Multi-Cast+1","Chaos+1","Recycle+1","Coolheaded+1","Defragment+1","Heatsinks+1"],"special_seed":0,"relics":["Cracked Core","Pantograph","Golden Idol","Lantern","Sozu","Thread and Needle","Meat on the Bone","DataDisk","Shuriken","Cursed Key","OrangePellets","Mummified Hand","Spirit Poop","Pen Nib"],"potions_floor_usage":[50],"damage_taken":[{"damage":0.0,"enemies":"Cultist","floor":1.0,"turns":3.0},{"damage":2.0,"enemies":"Small Slimes","floor":4.0,"turns":2.0},{"damage":1.0,"enemies":"Jaw Worm","floor":5.0,"turns":3.0},{"damage":6.0,"enemies":"Large Slime","floor":7.0,"turns":6.0},{"damage":7.0,"enemies":"Exordium Wildlife","floor":10.0,"turns":6.0},{"damage":0.0,"enemies":"2 Fungi Beasts","floor":14.0,"turns":3.0},{"damage":0.0,"enemies":"The Guardian","floor":16.0,"turns":13.0},{"damage":6.0,"enemies":"Shell Parasite","floor":18.0,"turns":4.0},{"damage":0.0,"enemies":"Colosseum Slavers","floor":19.0,"turns":3.0},{"damage":36.0,"enemies":"Colosseum Nobs","floor":19.0,"turns":5.0},{"damage":0.0,"enemies":"2 Thieves","floor":20.0,"turns":4.0},{"damage":0.0,"enemies":"Chosen and Byrds","floor":22.0,"turns":6.0},{"damage":0.0,"enemies":"Centurion and Healer","floor":25.0,"turns":6.0},{"damage":0.0,"enemies":"Sentry and Sphere","floor":28.0,"turns":4.0},{"damage":1.0,"enemies":"Chosen and Byrds","floor":31.0,"turns":6.0},{"damage":1.0,"enemies":"Collector","floor":33.0,"turns":10.0},{"damage":0.0,"enemies":"3 Shapes","floor":35.0,"turns":7.0},{"damage":8.0,"enemies":"3 Darklings","floor":39.0,"turns":6.0},{"damage":16.0,"enemies":"Sphere and 2 Shapes","floor":42.0,"turns":5.0},{"damage":9,"enemies":"Nemesis","floor":44,"turns":7},{"damage":0,"enemies":"4 Shapes","floor":46,"turns":4},{"damage":8,"enemies":"Donu and Deca","floor":50,"turns":10}],"seed_played":"9204558912803077383","potions_obtained":[{"floor":1.0,"key":"GamblersBrew"},{"floor":5.0,"key":"FearPotion"},{"floor":14.0,"key":"Strength Potion"}],"is_trial":false,"path_per_floor":["M","T","?","M","M","R","M","R","T","M","R","?","$","M","R","B",null,"M","?","M","?","M","R","?","M","T","R","M","$","R","M","R","B",null,"M","?","$","T","M","R","?","M","T","E","R","M","$","?","R","B",null],"character_chosen":"DEFECT","items_purchased":["Lantern","Loop","OrangePellets","Recycle"],"campfire_rested":0,"item_purchase_floors":[13,29,37,37],"current_hp_per_floor":[54,54,36,34,33,33,27,27,27,20,20,5,5,5,5,30,75,69,33,45,45,45,45,45,52,52,52,52,52,52,58,58,75,75,75,75,75,75,74,74,74,58,58,56,56,63,63,63,63,74],"gold":12,"neow_bonus":"RANDOM_COLORLESS_2","is_prod":false,"is_daily":false,"chose_seed":false,"campfire_upgraded":11,"win_rate":0,"timestamp":1560257605,"path_taken":["M","?","?","M","M","R","M","R","T","M","R","?","$","M","R","BOSS","M","?","M","?","M","R","?","?","T","R","M","$","R","M","R","BOSS","M","?","$","?","M","R","?","?","T","E","R","M","$","?","R","BOSS"],"build_version":"2019-01-23","purchased_purges":2,"victory":true,"max_hp_per_floor":[75,75,75,75,75,75,75,75,75,75,75,75,75,75,75,75,75,75,75,75,75,75,75,75,75,75,75,75,75,75,75,75,75,75,75,75,75,75,75,75,75,75,75,75,75,75,75,75,75,75],"card_choices":[{"not_picked":["Leap","Stack"],"picked":"Lockon","floor":1.0},{"not_picked":["Barrage","Leap"],"picked":"Conserve Battery","floor":4.0},{"not_picked":["Streamline","Compile Driver"],"picked":"Coolheaded","floor":5.0},{"not_picked":["Go for the Eyes","Beam Cell"],"picked":"Buffer","floor":7.0},{"not_picked":["Stack","Double Energy","Blizzard"],"picked":"SKIP","floor":10.0},{"not_picked":["Melter","Coolheaded"],"picked":"Chill","floor":14.0},{"not_picked":["Hyperbeam","All For One"],"picked":"Biased Cognition","floor":16.0},{"not_picked":["Redo+1","Sweeping Beam"],"picked":"Ball Lightning+1","floor":18.0},{"not_picked":["Rebound","Hyperbeam","Compile Driver"],"picked":"SKIP","floor":20.0},{"not_picked":["Auto Shields","Sweeping Beam"],"picked":"Self Repair","floor":22.0},{"not_picked":["Coolheaded","Recycle"],"picked":"Biased Cognition","floor":25.0},{"not_picked":["Steam+1","Self Repair"],"picked":"Compile Driver+1","floor":28.0},{"not_picked":["Leap","Beam Cell","Conserve Battery"],"picked":"SKIP","floor":31.0},{"not_picked":["Seek","Thunder Strike"],"picked":"Multi-Cast","floor":33.0},{"not_picked":["Sweeping Beam","Hologram"],"picked":"Chaos+1","floor":35.0},{"not_picked":["Leap","Rebound+1"],"picked":"Coolheaded+1","floor":39.0},{"not_picked":["Go for the Eyes","Rebound+1"],"picked":"Defragment","floor":42.0},{"not_picked":["Ball Lightning+1","Consume+1","Streamline"],"picked":"SKIP","floor":44},{"not_picked":["Reinforced Body+1","Conserve Battery+1"],"picked":"Heatsinks+1","floor":46}],"player_experience":5065885,"relics_obtained":[{"floor":2.0,"key":"Pantograph"},{"floor":19.0,"key":"Thread and Needle"},{"floor":19.0,"key":"Meat on the Bone"},{"floor":26.0,"key":"Shuriken"},{"floor":38.0,"key":"Mummified Hand"},{"floor":44,"key":"Pen Nib"}],"event_choices":[{"damage_healed":0.0,"max_hp_gain":0.0,"max_hp_loss":0.0,"gold_gain":0.0,"event_name":"Golden Idol","player_choice":"Take Damage","floor":3.0,"gold_loss":0.0,"damage_taken":18.0,"relics_obtained":["Golden Idol"]},{"damage_healed":0.0,"max_hp_gain":0.0,"max_hp_loss":0.0,"gold_gain":0.0,"event_name":"Shining Light","player_choice":"Entered Light","floor":12.0,"gold_loss":0.0,"damage_taken":15.0,"cards_upgraded":["Defend_B","Strike_B"]},{"damage_healed":0.0,"max_hp_gain":0.0,"max_hp_loss":0.0,"gold_gain":0.0,"event_name":"Colosseum","player_choice":"Fight","floor":19.0,"gold_loss":0.0,"damage_taken":0.0},{"damage_healed":0.0,"max_hp_gain":0.0,"max_hp_loss":0.0,"gold_gain":0.0,"event_name":"Colosseum","player_choice":"Fought Nobs","floor":19.0,"gold_loss":0.0,"damage_taken":0.0},{"damage_healed":0.0,"max_hp_gain":0.0,"max_hp_loss":0.0,"gold_gain":0.0,"event_name":"Addict","player_choice":"Obtained Relic","floor":21.0,"gold_loss":85.0,"damage_taken":0.0,"relics_obtained":["DataDisk"]},{"cards_removed":["Strike_B"],"damage_healed":0.0,"max_hp_gain":0.0,"max_hp_loss":0.0,"gold_gain":0.0,"event_name":"Back to Basics","player_choice":"Elegance","floor":24.0,"gold_loss":0.0,"damage_taken":0.0},{"damage_healed":0.0,"max_hp_gain":0.0,"max_hp_loss":0.0,"gold_gain":0.0,"event_name":"Accursed Blacksmith","player_choice":"Forge","floor":36.0,"gold_loss":0.0,"damage_taken":0.0,"cards_upgraded":["Multi-Cast"]},{"cards_removed":["Injury"],"damage_healed":0.0,"max_hp_gain":0.0,"max_hp_loss":0.0,"gold_gain":0.0,"event_name":"Bonfire Elementals","player_choice":"Offered Curse","floor":41.0,"gold_loss":0.0,"damage_taken":0.0,"relics_obtained":["Spirit Poop"]},{"cards_removed":["Defend_B"],"damage_healed":0,"gold_gain":0,"player_choice":"Card Removal","damage_taken":0,"max_hp_gain":0,"max_hp_loss":0,"event_name":"Wheel of Change","floor":48,"gold_loss":0}],"is_beta":false,"boss_relics":[{"not_picked":["Calling Bell","Busted Crown"],"picked":"Sozu"},{"not_picked":["Nuclear Battery","Fusion Hammer"],"picked":"Cursed Key"}],"items_purged_floors":[29,47],"is_endless":false,"potions_floor_spawned":[1,5,14,19,19,31,33,42],"ascension_level":0}