{"gold_per_floor":[114,130,145,145,160,160,176,176,203,203,153,228,228,244,244,244],"floor_reached":16,"playtime":389,"items_purged":[],"score":152,"play_id":"c3748e75-c6ce-4721-b5ff-5b3e9efc4247","local_time":"20181011234832","is_ascension_mode":true,"campfire_choices":[{"data":"Searing Blow","floor":6,"key":"SMITH"},{"data":"Searing Blow+1","floor":8,"key":"SMITH"},{"data":"Searing Blow+2","floor":10,"key":"SMITH"},{"data":"Searing Blow+3","floor":15,"key":"SMITH"}],"neow_cost":"","seed_source_timestamp":3066486724372,"circlet_count":0,"master_deck":["Strike_R","Strike_R","Strike_R","Strike_R","Defend_R","Defend_R","Defend_R","Defend_R","Bash","AscendersBane","Evolve","Searing Blow+4","Armaments","Parasite"],"relics":["Burning Blood","Juzu Bracelet"],"potions_floor_usage":[5,5,16,16],"damage_taken":[{"damage":5,"enemies":"Small Slimes","floor":1,"turns":5},{"damage":11,"enemies":"Jaw Worm","floor":2,"turns":5},{"damage":6,"enemies":"Cultist","floor":3,"turns":4},{"damage":15,"enemies":"Exordium Wildlife","floor":5,"turns":4},{"damage":8,"enemies":"3 Louse","floor":7,"turns":5},{"damage":7,"enemies":"Looter","floor":14,"turns":3},{"damage":66,"enemies":"Hexaghost","floor":16,"turns":12}],"seed_played":"213619868932030843","potions_obtained":[{"floor":2,"key":"Fire Potion"},{"floor":3,"key":"Fire Potion"},{"floor":7,"key":"SteroidPotion"},{"floor":14,"key":"SneckoOil"}],"is_trial":false,"path_per_floor":["M","M","M","?","M","R","M","R","T","R","?","?","?","M","R"],"character_chosen":"IRONCLAD","items_purchased":[],"campfire_rested":0,"item_purchase_floors":[],"current_hp_per_floor":[73,68,68,68,59,59,57,57,57,57,57,46,66,65,65,0],"gold":244,"neow_bonus":"","is_prod":false,"is_daily":false,"chose_seed":false,"campfire_upgraded":4,"win_rate":0,"timestamp":1539272912,"path_taken":["M","M","M","?","M","R","M","R","T","R","?","?","?","M","R","BOSS"],"build_version":"2018-10-04v2","purchased_purges":0,"victory":false,"max_hp_per_floor":[80,80,80,80,80,80,80,80,80,80,80,80,80,80,80,80],"card_choices":[{"not_picked":["Havoc","Twin Strike"],"picked":"Evolve","floor":1},{"not_picked":["Shrug It Off","Seeing Red"],"picked":"Searing Blow","floor":2},{"not_picked":["Hemokinesis","True Grit","Wild Strike"],"picked":"SKIP","floor":3},{"not_picked":["Anger","Body Slam"],"picked":"Armaments","floor":5},{"not_picked":["Twin Strike","Power Through","Infernal Blade"],"picked":"SKIP","floor":7},{"not_picked":["Pommel Strike","Shrug It Off","Rupture"],"picked":"SKIP","floor":14}],"player_experience":113536,"relics_obtained":[{"floor":9,"key":"Juzu Bracelet"}],"event_choices":[{"event_name":"Scrap Ooze","player_choice":"unsuccessful","floor":4,"damage_taken":0},{"event_name":"The Cleric","player_choice":"Card Removal","floor":11,"damage_taken":0},{"event_name":"World of Goop","player_choice":"Gather Gold","floor":12,"damage_taken":0},{"event_name":"Mushrooms","player_choice":"Healed and dodged fight","floor":13,"damage_taken":0}],"is_beta":false,"boss_relics":[],"items_purged_floors":[],"is_endless":false,"potions_floor_spawned":[2,3,7,14],"killed_by":"Hexaghost","ascension_level":13}