{"gold_per_floor":[110,35,35,35,47,79,79,111,111,124,124,124,148,148],"floor_reached":14,"playtime":408,"items_purged":[],"score":196,"play_id":"f3424a31-8469-47c5-851b-00b361a0e462","local_time":"20190315131505","is_ascension_mode":true,"campfire_choices":[{"data":"The Bomb","floor":7.0,"key":"SMITH"},{"data":"Dualcast","floor":12.0,"key":"SMITH"}],"neow_cost":"PERCENT_DAMAGE","seed_source_timestamp":0,"circlet_count":0,"master_deck":["AscendersBane","Strike_B","Strike_B","Strike_B","Defend_B","Defend_B","Defend_B","Defend_B","Zap","Dualcast+1","The Bomb+1","Cold Snap","Ball Lightning","Capacitor+1","Leap","Creative AI+1","Hologram"],"special_seed":0,"relics":["Cracked Core","Frozen Egg 2","Letter Opener","Potion Belt","Golden Idol"],"potions_floor_usage":[14],"damage_taken":[{"damage":7.0,"enemies":"Jaw Worm","floor":1.0,"turns":3.0},{"damage":12.0,"enemies":"Small Slimes","floor":5.0,"turns":4.0},{"damage":33.0,"enemies":"Gremlin Nob","floor":6.0,"turns":4.0},{"damage":16.0,"enemies":"3 Sentries","floor":8.0,"turns":3.0},{"damage":4.0,"enemies":"Cultist","floor":10.0,"turns":3.0},{"damage":4,"enemies":"2 Fungi Beasts","floor":13,"turns":4},{"damage":0,"enemies":"Exordium Wildlife","floor":14,"turns":1}],"seed_played":"-2337573957784907153","potions_obtained":[{"floor":5.0,"key":"PowerPotion"},{"floor":6.0,"key":"GamblersBrew"},{"floor":8.0,"key":"SkillPotion"}],"is_trial":false,"path_per_floor":["M","?","?","$","M","E","R","E","T","M","?","R","M","M"],"character_chosen":"DEFECT","items_purchased":[],"campfire_rested":0,"item_purchase_floors":[],"current_hp_per_floor":[39,39,71,71,59,26,26,10,10,6,6,6,2,2],"gold":148,"neow_bonus":"RANDOM_COLORLESS_2","is_prod":false,"is_daily":false,"chose_seed":false,"campfire_upgraded":2,"win_rate":0,"timestamp":1552626905,"path_taken":["M","?","?","$","?","E","R","E","T","M","?","R","M","M"],"build_version":"2019-01-23","purchased_purges":0,"victory":false,"max_hp_per_floor":[71,71,71,71,71,71,71,71,71,71,64,64,64,64],"card_choices":[{"not_picked":["Go for the Eyes","Conserve Battery"],"picked":"Cold Snap","floor":1.0},{"not_picked":["Turbo","Cold Snap"],"picked":"Ball Lightning","floor":5.0},{"not_picked":["Stack","Go for the Eyes"],"picked":"Capacitor","floor":6.0},{"not_picked":["Gash","Barrage"],"picked":"Leap","floor":8.0},{"not_picked":["Coolheaded","Auto Shields"],"picked":"Creative AI+1","floor":10.0},{"not_picked":["Beam Cell","Cold Snap"],"picked":"Hologram","floor":13}],"player_experience":3604531,"relics_obtained":[{"floor":6.0,"key":"Frozen Egg 2"},{"floor":8.0,"key":"Letter Opener"},{"floor":9.0,"key":"Potion Belt"}],"event_choices":[{"cards_removed":["Strike_B"],"damage_healed":0.0,"max_hp_gain":0.0,"max_hp_loss":0.0,"gold_gain":0.0,"event_name":"The Cleric","player_choice":"Card Removal","floor":2.0,"gold_loss":75.0,"damage_taken":0.0},{"cards_removed":["Dark Shackles"],"damage_healed":32.0,"max_hp_gain":0.0,"max_hp_loss":0.0,"gold_gain":0.0,"event_name":"Bonfire Elementals","player_choice":"Offered Uncommon","floor":3.0,"gold_loss":0.0,"damage_taken":0.0},{"damage_healed":0.0,"max_hp_gain":0.0,"max_hp_loss":7.0,"gold_gain":0.0,"event_name":"Golden Idol","player_choice":"Lose Max HP","floor":11.0,"gold_loss":0.0,"damage_taken":0.0,"relics_obtained":["Golden Idol"]}],"is_beta":false,"boss_relics":[],"items_purged_floors":[],"is_endless":false,"potions_floor_spawned":[5,6,8],"killed_by":"Exordium Wildlife","ascension_level":20}