{"gold_per_floor":[110,23,33,46,46,78,78,105,105,30,52,67,67,94,94,171,171,127,27,47,47,47,47,65,65,115,115,148,161,173,202,202,276,276,293,87,102,151,151,179,179,212,212,62,62,73,105,105,105,105,105,105,105,49,106,106],"floor_reached":57,"playtime":3348,"items_purged":["Strike_G","Strike_G","Strike_G","Defend_G"],"score":3363,"play_id":"0acd37e9-9e08-458e-b91f-6c8ce2f85541","local_time":"20190318214456","is_ascension_mode":true,"campfire_choices":[{"data":"Noxious Fumes","floor":7.0,"key":"SMITH"},{"data":"Deadly Poison","floor":13.0,"key":"SMITH"},{"data":"Calculated Gamble","floor":15.0,"key":"SMITH"},{"data":"Acrobatics","floor":23.0,"key":"SMITH"},{"data":"Tactician","floor":25.0,"key":"SMITH"},{"floor":27.0,"key":"REST"},{"data":"Corpse Explosion","floor":32.0,"key":"SMITH"},{"floor":41.0,"key":"RECALL"},{"floor":45.0,"key":"REST"},{"data":"Transmutation","floor":49.0,"key":"SMITH"},{"data":"Backflip","floor":53.0,"key":"SMITH"}],"neow_cost":"NONE","seed_source_timestamp":0,"circlet_count":0,"master_deck":["AscendersBane","Defend_G","Defend_G","Defend_G","Defend_G","Survivor","Neutralize+1","Tactician+1","Noxious Fumes+1","Deadly Poison+1","Calculated Gamble+1","Footwork+1","Corpse Explosion+1","Acrobatics+1","Backflip+1","Transmutation+1"],"special_seed":0,"relics":["Ring of the Snake","NeowsBlessing","Question Card","Letter Opener","Frozen Egg 2","Odd Mushroom","Boot","Black Star","Bronze Scales","Pocketwatch","Vajra","Potion Belt","Runic Dome","WingedGreaves","Kunai","Oddly Smooth Stone","Darkstone Periapt","Centennial Puzzle","Ornamental Fan","Lantern","Mummified Hand","Du-Vu Doll"],"potions_floor_usage":[56,56,56,56],"damage_taken":[{"damage":0.0,"enemies":"Cultist","floor":1.0,"turns":1.0},{"damage":0.0,"enemies":"2 Louse","floor":3.0,"turns":1.0},{"damage":0.0,"enemies":"Small Slimes","floor":4.0,"turns":1.0},{"damage":13.0,"enemies":"Lagavulin","floor":6.0,"turns":7.0},{"damage":17.0,"enemies":"3 Sentries","floor":8.0,"turns":7.0},{"damage":0.0,"enemies":"The Mushroom Lair","floor":11.0,"turns":4.0},{"damage":3.0,"enemies":"3 Louse","floor":12.0,"turns":3.0},{"damage":7.0,"enemies":"Lagavulin","floor":14.0,"turns":6.0},{"damage":0.0,"enemies":"The Guardian","floor":16.0,"turns":8.0},{"damage":12.0,"enemies":"2 Thieves","floor":18.0,"turns":5.0},{"damage":4.0,"enemies":"Chosen","floor":20.0,"turns":5.0},{"damage":13.0,"enemies":"Snecko","floor":24.0,"turns":6.0},{"damage":22.0,"enemies":"Gremlin Leader","floor":28.0,"turns":7.0},{"damage":1.0,"enemies":"Chosen and Byrds","floor":29.0,"turns":4.0},{"damage":0.0,"enemies":"Cultist and Chosen","floor":30.0,"turns":3.0},{"damage":2.0,"enemies":"Book of Stabbing","floor":31.0,"turns":5.0},{"damage":0.0,"enemies":"Collector","floor":33.0,"turns":7.0},{"damage":1.0,"enemies":"Orb Walker","floor":35.0,"turns":4.0},{"damage":0.0,"enemies":"3 Shapes","floor":37.0,"turns":1.0},{"damage":8.0,"enemies":"2 Orb Walkers","floor":38.0,"turns":3.0},{"damage":17.0,"enemies":"Nemesis","floor":40.0,"turns":9.0},{"damage":13.0,"enemies":"Reptomancer","floor":42.0,"turns":6.0},{"damage":0.0,"enemies":"3 Darklings","floor":46.0,"turns":2.0},{"damage":0.0,"enemies":"Giant Head","floor":47.0,"turns":3.0},{"damage":0.0,"enemies":"Awakened One","floor":50.0,"turns":8.0},{"damage":6.0,"enemies":"Donu and Deca","floor":51.0,"turns":5.0},{"damage":1.0,"enemies":"Shield and Spear","floor":55.0,"turns":4.0},{"damage":60,"enemies":"The Heart","floor":56,"turns":9}],"seed_played":"-1735050018639733411","potions_obtained":[{"floor":1.0,"key":"AttackPotion"},{"floor":3.0,"key":"GhostInAJar"},{"floor":6.0,"key":"AttackPotion"},{"floor":8.0,"key":"GhostInAJar"},{"floor":24.0,"key":"Regen Potion"},{"floor":29.0,"key":"Weak Potion"},{"floor":30.0,"key":"EssenceOfSteel"},{"floor":31.0,"key":"GamblersBrew"},{"floor":35.0,"key":"Explosive Potion"},{"floor":38.0,"key":"Explosive Potion"},{"floor":42.0,"key":"LiquidBronze"},{"floor":55.0,"key":"Regen Potion"}],"is_trial":false,"path_per_floor":["M","$","M","M","?","E","R","E","T","$","?","M","R","E","R","B",null,"M","$","M","?","?","R","M","R","T","R","E","M","M","E","R","B",null,"M","$","M","?","?","E","R","E","T","$","R","M","E","?","R","B","B",null,"R","$","E","B",null],"character_chosen":"THE_SILENT","items_purchased":["Tactician","GhostInAJar","Dexterity Potion"],"campfire_rested":2,"item_purchase_floors":[2,36,54],"current_hp_per_floor":[59,59,59,59,52,39,39,22,22,22,22,19,19,12,12,12,53,41,41,37,37,37,37,24,24,24,43,36,35,35,33,33,33,58,57,57,57,49,49,32,32,19,19,19,38,38,38,38,38,38,32,58,58,58,57,12],"gold":106,"neow_bonus":"THREE_ENEMY_KILL","is_prod":false,"is_daily":false,"chose_seed":false,"campfire_upgraded":8,"win_rate":0,"timestamp":1552916696,"path_taken":["M","$","M","?","?","E","R","E","T","$","?","M","R","E","R","BOSS","M","$","M","?","?","R","M","R","T","R","E","M","?","E","R","BOSS","M","$","M","?","?","E","R","E","T","$","R","?","E","?","R","BOSS","BOSS","R","$","E","BOSS"],"build_version":"2019-01-23","purchased_purges":4,"victory":true,"max_hp_per_floor":[66,66,66,66,66,66,66,66,66,66,66,66,66,66,66,66,66,66,66,66,66,66,66,66,66,66,66,66,66,66,66,66,66,66,66,66,66,66,66,66,66,66,66,66,66,66,66,66,66,66,66,66,66,66,66,66],"card_choices":[{"not_picked":["Skewer","Outmaneuver","Dodge and Roll"],"picked":"SKIP","floor":1.0},{"not_picked":["Backflip","Prepared"],"picked":"Noxious Fumes","floor":3.0},{"not_picked":["Distraction","A Thousand Cuts"],"picked":"Deadly Poison","floor":4.0},{"not_picked":["Concentrate","Underhanded Strike"],"picked":"Calculated Gamble","floor":6.0},{"not_picked":["Dagger Throw","Blur","Finisher","Prepared"],"picked":"SKIP","floor":8.0},{"not_picked":["Concentrate","Deadly Poison","Deflect","Doppelganger"],"picked":"SKIP","floor":12.0},{"not_picked":["Concentrate","Deadly Poison","Deflect","Doppelganger"],"picked":"SKIP","floor":12.0},{"not_picked":["Prepared","Distraction","Flechettes"],"picked":"Footwork+1","floor":14.0},{"not_picked":["Malaise","Burst","Storm of Steel"],"picked":"Corpse Explosion","floor":16.0},{"not_picked":["Dodge and Roll","Backflip","Setup+1"],"picked":"Acrobatics","floor":18.0},{"not_picked":["Masterful Stab","Quick Slash","Dash+1","Heel Hook"],"picked":"SKIP","floor":20.0},{"not_picked":["Deadly Poison","Finisher","Leg Sweep+1","Riddle With Holes"],"picked":"SKIP","floor":24.0},{"not_picked":["Deadly Poison","Finisher","Leg Sweep+1","Riddle With Holes"],"picked":"SKIP","floor":24.0},{"not_picked":["Venomology","Blade Dance","Flying Knee"],"picked":"Backflip","floor":28.0},{"not_picked":["Quick Slash","Bane","Sucker Punch","Outmaneuver"],"picked":"SKIP","floor":29.0},{"not_picked":["Cloak And Dagger","Flying Knee","Backflip","Bouncing Flask"],"picked":"SKIP","floor":30.0},{"not_picked":["Doppelganger","Underhanded Strike","Deadly Poison","Calculated Gamble"],"picked":"SKIP","floor":31.0},{"not_picked":["Dagger Throw","Sucker Punch","Flying Knee","Quick Slash+1"],"picked":"SKIP","floor":35.0},{"not_picked":["Acrobatics","Slice","Blade Dance","Outmaneuver"],"picked":"SKIP","floor":37.0},{"not_picked":["Terror","Predator","Flying Knee","Envenom+1"],"picked":"SKIP","floor":40.0},{"not_picked":["Dash","Distraction","Underhanded Strike+1","Outmaneuver"],"picked":"SKIP","floor":42.0},{"not_picked":["Dodge and Roll","Footwork+1","Cloak And Dagger","Dagger Spray+1"],"picked":"SKIP","floor":46.0},{"not_picked":["Glass Knife","Cloak And Dagger+1","Endless Agony","Expertise"],"picked":"SKIP","floor":47.0},{"not_picked":["Trip","Metamorphosis","Mayhem+1"],"picked":"Transmutation","floor":48.0},{"not_picked":["Flying Knee","A Thousand Cuts+1","Expertise+1","Blur"],"picked":"SKIP","floor":55.0}],"player_experience":3695660,"relics_obtained":[{"floor":6.0,"key":"Question Card"},{"floor":8.0,"key":"Letter Opener"},{"floor":9.0,"key":"Frozen Egg 2"},{"floor":11.0,"key":"Odd Mushroom"},{"floor":14.0,"key":"Boot"},{"floor":26.0,"key":"Bronze Scales"},{"floor":28.0,"key":"Pocketwatch"},{"floor":28.0,"key":"Vajra"},{"floor":31.0,"key":"Potion Belt"},{"floor":38.0,"key":"WingedGreaves"},{"floor":40.0,"key":"Kunai"},{"floor":40.0,"key":"Oddly Smooth Stone"},{"floor":42.0,"key":"Darkstone Periapt"},{"floor":42.0,"key":"Centennial Puzzle"},{"floor":47.0,"key":"Ornamental Fan"},{"floor":47.0,"key":"Lantern"},{"floor":55.0,"key":"Mummified Hand"},{"floor":55.0,"key":"Du-Vu Doll"}],"event_choices":[{"cards_removed":["Strike_G"],"damage_healed":0.0,"max_hp_gain":0.0,"max_hp_loss":0.0,"gold_gain":0.0,"event_name":"Golden Wing","player_choice":"Card Removal","floor":5.0,"gold_loss":0.0,"damage_taken":7.0},{"damage_healed":0.0,"max_hp_gain":0.0,"max_hp_loss":0.0,"gold_gain":0.0,"event_name":"Mushrooms","player_choice":"Fought Mushrooms","floor":11.0,"gold_loss":0.0,"damage_taken":0.0},{"cards_removed":["Strike_G"],"damage_healed":0.0,"max_hp_gain":0.0,"max_hp_loss":0.0,"gold_gain":0.0,"event_name":"Back to Basics","player_choice":"Elegance","floor":21.0,"gold_loss":0.0,"damage_taken":0.0},{"damage_healed":0.0,"max_hp_gain":0.0,"max_hp_loss":0.0,"gold_gain":0.0,"event_name":"Match and Keep!","player_choice":"0 cards matched","floor":22.0,"gold_loss":0.0,"damage_taken":0.0,"cards_obtained":[]},{"damage_healed":0.0,"max_hp_gain":0.0,"max_hp_loss":0.0,"gold_gain":0.0,"event_name":"Match and Keep!","player_choice":"0 cards matched","floor":22.0,"gold_loss":0.0,"damage_taken":0.0,"cards_obtained":[]},{"damage_healed":0.0,"max_hp_gain":0.0,"max_hp_loss":0.0,"gold_gain":0.0,"event_name":"Mysterious Sphere","player_choice":"Fight","floor":38.0,"gold_loss":0.0,"damage_taken":0.0},{"damage_healed":0.0,"max_hp_gain":0.0,"max_hp_loss":0.0,"gold_gain":0.0,"event_name":"Accursed Blacksmith","player_choice":"Forge","floor":39.0,"gold_loss":0.0,"damage_taken":0.0,"cards_upgraded":["Neutralize"]},{"damage_healed":0.0,"max_hp_gain":0.0,"max_hp_loss":0.0,"gold_gain":0.0,"event_name":"SensoryStone","player_choice":"Memory 1","floor":48.0,"gold_loss":0.0,"damage_taken":0.0}],"is_beta":false,"boss_relics":[{"not_picked":["Velvet Choker","Sozu"],"picked":"Black Star"},{"not_picked":["Ring of the Serpent","HoveringKite"],"picked":"Runic Dome"}],"items_purged_floors":[10,19,36,44],"is_endless":false,"potions_floor_spawned":[1,3,6,8,24,29,30,31,35,38,42,55],"ascension_level":20}