{"gold_per_floor":[116,131,146,146,160,160,235,235,235,235,235,262,187,198,198,276,276,290,290,301,25,25,25,51,51,51,67,97,9,38,38,38,116,116,130,130,5,23,40,40,74,86,136,182,208,58,78,90,90,90,90,90,90,0,30,30],"floor_reached":57,"playtime":2672,"items_purged":["Pain","Defend_B","Defend_B","Hyperbeam+1"],"score":2861,"play_id":"9ae5a063-93ba-444b-b99f-4d46daf0a9eb","local_time":"20190222132002","is_ascension_mode":true,"campfire_choices":[{"data":"Hologram","floor":6.0,"key":"SMITH"},{"data":"Dualcast","floor":8.0,"key":"SMITH"},{"data":"Redo","floor":10.0,"key":"SMITH"},{"data":"Zap","floor":15.0,"key":"SMITH"},{"floor":23.0,"key":"RECALL"},{"floor":25.0,"key":"REST"},{"floor":32.0,"key":"REST"},{"floor":40.0,"key":"REST"},{"floor":49.0,"key":"DIG"},{"floor":53,"key":"DIG"}],"neow_cost":"PERCENT_DAMAGE","seed_source_timestamp":8349158609735,"circlet_count":0,"master_deck":["AscendersBane","Zap+1","Dualcast+1","Redo+1","All For One","Self Repair","Hologram+1","Gash","Gash","Biased Cognition","Consume+1","Gash","Creative AI","Coolheaded+1","Gash","Defragment","Heatsinks","Recycle","Core Surge","Hologram+1","Lockon+1","Coolheaded+1","Static Discharge","Loop","Self Repair","Gash","Heatsinks+1","Reinforced Body+1","Self Repair","Hello World"],"special_seed":0,"relics":["Cracked Core","WarpedTongs","Oddly Smooth Stone","Meat on the Bone","Anchor","Fusion Hammer","Mummified Hand","Bottled Lightning","Darkstone Periapt","Astrolabe","PreservedInsect","Omamori","Shovel","Art of War","Bottled Tornado","Kunai","Incense Burner"],"potions_floor_usage":[56,56],"damage_taken":[{"damage":1.0,"enemies":"Cultist","floor":1.0,"turns":3.0},{"damage":0.0,"enemies":"2 Louse","floor":2.0,"turns":2.0},{"damage":2.0,"enemies":"Jaw Worm","floor":3.0,"turns":5.0},{"damage":6.0,"enemies":"2 Fungi Beasts","floor":5.0,"turns":3.0},{"damage":16.0,"enemies":"Lagavulin","floor":12.0,"turns":6.0},{"damage":0.0,"enemies":"3 Louse","floor":14.0,"turns":3.0},{"damage":32.0,"enemies":"The Guardian","floor":16.0,"turns":9.0},{"damage":18.0,"enemies":"Spheric Guardian","floor":18.0,"turns":4.0},{"damage":12.0,"enemies":"Shell Parasite","floor":20.0,"turns":3.0},{"damage":24.0,"enemies":"Colosseum Slavers","floor":22.0,"turns":4.0},{"damage":24.0,"enemies":"Slavers","floor":24.0,"turns":4.0},{"damage":0.0,"enemies":"Snecko","floor":27.0,"turns":3.0},{"damage":30.0,"enemies":"Book of Stabbing","floor":28.0,"turns":5.0},{"damage":25.0,"enemies":"Slavers","floor":30.0,"turns":4.0},{"damage":0.0,"enemies":"Automaton","floor":33.0,"turns":5.0},{"damage":5.0,"enemies":"3 Shapes","floor":35.0,"turns":3.0},{"damage":9.0,"enemies":"3 Darklings","floor":38.0,"turns":3.0},{"damage":0.0,"enemies":"Maw","floor":39.0,"turns":4.0},{"damage":41.0,"enemies":"Reptomancer","floor":41.0,"turns":4.0},{"damage":13.0,"enemies":"Writhing Mass","floor":42.0,"turns":4.0},{"damage":19.0,"enemies":"2 Orb Walkers","floor":44.0,"turns":4.0},{"damage":7.0,"enemies":"Nemesis","floor":45.0,"turns":5.0},{"damage":18.0,"enemies":"Spire Growth","floor":47.0,"turns":4.0},{"damage":0.0,"enemies":"Maw","floor":48.0,"turns":6.0},{"damage":8.0,"enemies":"Time Eater","floor":50.0,"turns":5.0},{"damage":21,"enemies":"Donu and Deca","floor":51,"turns":5},{"damage":23,"enemies":"Shield and Spear","floor":55,"turns":3},{"damage":68,"enemies":"The Heart","floor":56,"turns":5}],"seed_played":"-516590854824537422","potions_obtained":[{"floor":2.0,"key":"LiquidBronze"},{"floor":3.0,"key":"Regen Potion"},{"floor":24.0,"key":"SkillPotion"},{"floor":36.0,"key":"SkillPotion"},{"floor":45.0,"key":"PowerPotion"}],"is_trial":false,"path_per_floor":["M","M","M","?","M","R","?","R","T","R","?","E","$","M","R","B",null,"M","?","M","$","?","R","E","R","T","M","E","$","E","?","R","B",null,"M","?","$","M","M","R","E","M","T","?","E","$","M","M","R","B","B",null,"R","$","E","B",null],"character_chosen":"DEFECT","items_purchased":["Creative AI","Heatsinks","Self Repair"],"campfire_rested":3,"item_purchase_floors":[21,29,54],"current_hp_per_floor":[45,52,57,57,61,61,50,50,50,50,50,56,56,63,63,53,67,56,36,46,46,44,44,32,54,54,54,43,43,37,37,59,66,74,76,76,76,67,76,76,47,60,60,48,55,55,66,76,76,76,69,74,74,74,75,40],"gold":30,"neow_bonus":"TRANSFORM_TWO_CARDS","is_prod":false,"is_daily":false,"chose_seed":false,"campfire_upgraded":4,"win_rate":0,"timestamp":1550812802,"path_taken":["M","M","?","?","?","R","?","R","T","R","?","E","$","M","R","BOSS","M","?","M","$","?","R","E","R","T","M","E","$","E","?","R","BOSS","M","?","$","?","M","R","E","?","T","?","E","$","M","M","R","BOSS","BOSS","R","$","E","BOSS"],"build_version":"2019-01-23","purchased_purges":4,"victory":true,"max_hp_per_floor":[71,71,71,71,71,71,71,71,71,71,71,71,71,71,71,71,71,71,76,76,76,76,76,76,76,76,76,76,76,76,76,76,76,76,76,76,76,76,76,76,76,76,76,76,76,76,76,76,76,76,76,76,76,76,76,76],"card_choices":[{"not_picked":["Leap","Conserve Battery"],"picked":"Self Repair","floor":1.0},{"not_picked":["Conserve Battery","Go for the Eyes"],"picked":"Hologram","floor":2.0},{"not_picked":["Heatsinks","Force Field","Multi-Cast"],"picked":"SKIP","floor":3.0},{"not_picked":["Lockon","Beam Cell","Sweeping Beam"],"picked":"SKIP","floor":5.0},{"not_picked":["Coolheaded","Melter"],"picked":"Gash","floor":12.0},{"not_picked":["Conserve Battery","Fusion"],"picked":"Gash","floor":14.0},{"not_picked":["Machine Learning","Buffer"],"picked":"Biased Cognition","floor":16.0},{"not_picked":["Turbo","Scrape"],"picked":"Consume+1","floor":18.0},{"not_picked":["Aggregate","Undo"],"picked":"Gash","floor":20.0},{"not_picked":["Leap","Stack"],"picked":"Coolheaded+1","floor":24.0},{"not_picked":["Rebound+1","Storm"],"picked":"Gash","floor":27.0},{"not_picked":["Capacitor","Rebound"],"picked":"Defragment","floor":28.0},{"not_picked":["Turbo","Stack"],"picked":"Recycle","floor":30.0},{"not_picked":["Reboot","Electrodynamics"],"picked":"Core Surge","floor":33.0},{"not_picked":["Rebound","Blizzard"],"picked":"Coolheaded+1","floor":35.0},{"not_picked":["Static Discharge","Steam","Compile Driver"],"picked":"SKIP","floor":38.0},{"not_picked":["Steam","Compile Driver"],"picked":"Static Discharge","floor":38.0},{"not_picked":["Rebound+1","Turbo"],"picked":"Loop","floor":39.0},{"not_picked":["Force Field+1","Go for the Eyes"],"picked":"Self Repair","floor":41.0},{"not_picked":["Sweeping Beam+1","Recycle"],"picked":"Gash","floor":42.0},{"not_picked":["Core Surge","Go for the Eyes"],"picked":"Heatsinks+1","floor":44.0},{"not_picked":["BootSequence+1","Coolheaded","Thunder Strike"],"picked":"SKIP","floor":45.0},{"not_picked":["Compile Driver","Double Energy"],"picked":"Reinforced Body+1","floor":47.0},{"not_picked":["Chaos","Sweeping Beam","Blizzard"],"picked":"SKIP","floor":48.0},{"not_picked":["Force Field","Coolheaded"],"picked":"Hello World","floor":55}],"player_experience":3031683,"relics_obtained":[{"floor":9.0,"key":"Oddly Smooth Stone"},{"floor":12.0,"key":"Anchor"},{"floor":24.0,"key":"Mummified Hand"},{"floor":28.0,"key":"Bottled Lightning"},{"floor":30.0,"key":"Darkstone Periapt"},{"floor":41.0,"key":"PreservedInsect"},{"floor":43.0,"key":"Omamori"},{"floor":44.0,"key":"Shovel"},{"floor":45.0,"key":"Art of War"},{"floor":49.0,"key":"Bottled Tornado"},{"floor":53,"key":"Kunai"},{"floor":55,"key":"Incense Burner"}],"event_choices":[{"damage_healed":0.0,"max_hp_gain":0.0,"max_hp_loss":0.0,"gold_gain":0.0,"event_name":"Accursed Blacksmith","player_choice":"Rummage","floor":4.0,"gold_loss":0.0,"damage_taken":0.0,"relics_obtained":["WarpedTongs"],"cards_obtained":["Pain"]},{"damage_healed":0.0,"max_hp_gain":0.0,"max_hp_loss":0.0,"gold_gain":75.0,"event_name":"World of Goop","player_choice":"Gather Gold","floor":7.0,"gold_loss":0.0,"damage_taken":11.0},{"damage_healed":0.0,"max_hp_gain":0.0,"max_hp_loss":0.0,"gold_gain":0.0,"event_name":"Dead Adventurer","player_choice":"Searched \u00272\u0027 times","floor":11.0,"gold_loss":0.0,"damage_taken":0.0,"relics_obtained":["Meat on the Bone"]},{"damage_healed":0.0,"max_hp_gain":5.0,"max_hp_loss":0.0,"gold_gain":0.0,"event_name":"Forgotten Altar","player_choice":"Shed Blood","floor":19.0,"gold_loss":0.0,"damage_taken":25.0},{"damage_healed":0.0,"max_hp_gain":0.0,"max_hp_loss":0.0,"gold_gain":0.0,"event_name":"Colosseum","player_choice":"Fight","floor":22.0,"gold_loss":0.0,"damage_taken":0.0},{"damage_healed":0.0,"max_hp_gain":0.0,"max_hp_loss":0.0,"gold_gain":0.0,"event_name":"Colosseum","player_choice":"Fled From Nobs","floor":22.0,"gold_loss":0.0,"damage_taken":0.0},{"cards_removed":["Strike_B"],"damage_healed":0.0,"max_hp_gain":0.0,"max_hp_loss":0.0,"gold_gain":0.0,"event_name":"Back to Basics","player_choice":"Elegance","floor":31.0,"gold_loss":0.0,"damage_taken":0.0},{"damage_healed":0.0,"max_hp_gain":0.0,"max_hp_loss":0.0,"gold_gain":0.0,"event_name":"Lab","player_choice":"Got Potions","floor":36.0,"gold_loss":0.0,"damage_taken":0.0},{"damage_healed":0.0,"max_hp_gain":0.0,"max_hp_loss":0.0,"gold_gain":0.0,"event_name":"Mysterious Sphere","player_choice":"Fight","floor":44.0,"gold_loss":0.0,"damage_taken":0.0}],"is_beta":false,"boss_relics":[{"not_picked":["Ectoplasm","FrozenCore"],"picked":"Fusion Hammer"},{"not_picked":["Pandora\u0027s Box","Velvet Choker"],"picked":"Astrolabe"}],"items_purged_floors":[13,21,37,46],"is_endless":false,"potions_floor_spawned":[2,3,16,18,24,30,38,41,45,48],"ascension_level":20}