{"gold_per_floor":[110,110,127,277,277,277,308,308,308,233,233,11,11,26,26,98,98,115,115],"floor_reached":19,"playtime":326,"items_purged":["Regret"],"score":376,"play_id":"151d3d4b-da14-45fe-8857-ddf7fb52e88e","local_time":"20190426011557","is_ascension_mode":true,"campfire_choices":[{"data":"Zap","floor":6,"key":"SMITH"},{"data":"Dualcast","floor":8,"key":"SMITH"},{"floor":11,"key":"RECALL"},{"data":"Defend_B","floor":13,"key":"SMITH"},{"data":"Sunder","floor":15,"key":"SMITH"}],"neow_cost":"NONE","seed_source_timestamp":46066447472259,"circlet_count":0,"master_deck":["AscendersBane","Strike_B+1","Defend_B","Defend_B","Defend_B+1","Defend_B","Zap+1","Dualcast+1","White Noise+1","Ball Lightning","Doubt","Sunder+1","Echo Form","Compile Driver+1","Hyperbeam+1","Barrage+1","Sunder+1"],"relics":["Cracked Core","NeowsBlessing","Shuriken","Darkstone Periapt","Runic Capacitor","Astrolabe"],"potions_floor_usage":[16,16,18],"damage_taken":[{"damage":0,"enemies":"Cultist","floor":1,"turns":1},{"damage":0,"enemies":"Jaw Worm","floor":3,"turns":1},{"damage":0,"enemies":"3 Sentries","floor":7,"turns":2},{"damage":2,"enemies":"Small Slimes","floor":14,"turns":3},{"damage":41,"enemies":"The Guardian","floor":16,"turns":9},{"damage":19,"enemies":"3 Byrds","floor":18,"turns":3},{"damage":0,"enemies":"Colosseum Slavers","floor":19,"turns":1}],"seed_played":"7250092191367225328","potions_obtained":[{"floor":7,"key":"SkillPotion"},{"floor":14,"key":"Regen Potion"},{"floor":16,"key":"Fire Potion"},{"floor":18,"key":"SkillPotion"}],"is_trial":false,"path_per_floor":["M","?","M","?","?","R","E","R","T","$","R","$","R","M","R","B",null,"M","?"],"character_chosen":"DEFECT","items_purchased":["Runic Capacitor"],"campfire_rested":0,"item_purchase_floors":[12],"current_hp_per_floor":[64,64,64,64,43,43,43,43,43,43,43,43,43,41,41,5,55,36,36],"gold":115,"neow_bonus":"THREE_ENEMY_KILL","is_prod":false,"is_daily":false,"chose_seed":false,"campfire_upgraded":4,"win_rate":0,"timestamp":1556212557,"path_taken":["M","?","M","?","?","R","E","R","T","$","R","$","R","M","R","BOSS","M","?"],"build_version":"2019-01-23","purchased_purges":1,"victory":false,"max_hp_per_floor":[71,71,71,71,71,71,71,71,71,71,71,71,71,71,71,71,71,71,71],"card_choices":[{"not_picked":["Steam","Go for the Eyes"],"picked":"White Noise","floor":1},{"not_picked":["Turbo","Fusion"],"picked":"Ball Lightning","floor":3},{"not_picked":["Sweeping Beam","Beam Cell","Go for the Eyes"],"picked":"SKIP","floor":7},{"not_picked":["Go for the Eyes","Leap"],"picked":"Sunder","floor":14},{"not_picked":["All For One","Meteor Strike"],"picked":"Echo Form","floor":16},{"not_picked":["Turbo","Barrage"],"picked":"Sunder+1","floor":18}],"player_experience":4518726,"relics_obtained":[{"floor":7,"key":"Darkstone Periapt"}],"event_choices":[{"damage_healed":0,"gold_gain":0,"player_choice":"Box","damage_taken":0,"relics_obtained":["Shuriken"],"max_hp_gain":0,"max_hp_loss":0,"event_name":"Big Fish","floor":2,"gold_loss":0,"cards_obtained":["Regret"]},{"damage_healed":0,"gold_gain":150,"player_choice":"AGREE","damage_taken":0,"max_hp_gain":0,"max_hp_loss":0,"event_name":"Liars Game","floor":4,"gold_loss":0,"cards_obtained":["Doubt"]},{"damage_healed":0,"gold_gain":0,"player_choice":"Entered Light","damage_taken":21,"max_hp_gain":0,"max_hp_loss":0,"event_name":"Shining Light","floor":5,"gold_loss":0,"cards_upgraded":["White Noise","Strike_B"]},{"damage_healed":0,"gold_gain":0,"player_choice":"Fight","damage_taken":0,"max_hp_gain":0,"max_hp_loss":0,"event_name":"Colosseum","floor":19,"gold_loss":0}],"is_beta":false,"boss_relics":[{"not_picked":["Lizard Tail","Sozu"],"picked":"Astrolabe"}],"items_purged_floors":[10],"is_endless":false,"potions_floor_spawned":[7,14,16,18],"killed_by":"Colosseum Slavers","ascension_level":20}