{"path_per_floor":["M","M","?","?","M","R","M","$","T","R","E","M","R","E","R","B",null,"M","M","$","M","M","R","$","E","T","E","M","?","R","?","R"],"character_chosen":"DEFECT","items_purchased":["Reboot","DataDisk"],"gold_per_floor":[114,134,134,209,226,226,246,98,166,166,195,210,210,237,237,334,334,344,356,103,121,132,132,7,40,65,99,118,43,43,43,43,43],"floor_reached":33,"campfire_rested":5,"playtime":1603,"current_hp_per_floor":[72,69,54,43,37,37,37,37,37,59,38,38,38,22,44,44,75,70,67,67,59,44,66,66,31,31,12,13,13,35,19,41,0],"items_purged":["Defend_B","Defend_B","Strike_B"],"gold":43,"score":345,"play_id":"33118882-5604-4149-985c-ea7fce235f15","local_time":"20180430232856","is_prod":false,"is_daily":false,"chose_seed":false,"is_ascension_mode":false,"campfire_upgraded":2,"timestamp":1525123736,"path_taken":["M","M","?","?","?","R","M","?","T","R","E","M","R","E","R","BOSS","M","?","$","M","M","R","$","E","T","E","M","?","R","?","R","BOSS"],"build_version":"2018-04-27v3","seed_source_timestamp":49693164751077,"purchased_purges":3,"victory":false,"master_deck":["Strike_B","Strike_B","Strike_B+1","Defend_B","Zap+1","Dualcast+1","Rebound","Rip and Tear","Skim","Ball Lightning","Reboot","Chaos+1","Axe Kick+1","Flux Capacitor","Multi-Cast","Cold Snap+1","Turbo","Ball Lightning+1","Streamline+1","Loop","Rainbow","Capacitor+1"],"max_hp_per_floor":[75,75,75,75,75,75,75,75,75,75,75,75,75,75,75,75,75,75,75,75,75,75,75,75,75,75,75,75,75,75,75,75,75],"relics":["Cracked Core","Molten Egg 2","Vajra","Ice Cream","Nuclear Battery","DataDisk","Bird Faced Urn","Blood Vial","Bronze Scales","Enchiridion"],"card_choices":[{"not_picked":["Go for the Eyes","Stack"],"picked":"Rebound","floor":1},{"not_picked":["Steam Power","Blizzard"],"picked":"Rip and Tear","floor":2},{"not_picked":["Impulse","Stack"],"picked":"Skim","floor":5},{"not_picked":["Cold Snap","Impulse"],"picked":"Ball Lightning","floor":7},{"not_picked":["Meteor Strike","Turbo"],"picked":"Chaos","floor":11},{"not_picked":["Gash","Ball Lightning"],"picked":"Axe Kick","floor":12},{"not_picked":["Heatsinks","Ball Lightning"],"picked":"Flux Capacitor","floor":14},{"not_picked":["All For One","Biased Cognition"],"picked":"Multi-Cast","floor":16},{"not_picked":["Rebound","Coolheaded"],"picked":"Cold Snap","floor":18},{"not_picked":["Rebound","Coolheaded"],"picked":"Turbo","floor":19},{"not_picked":["Sweeping Beam","Cold Snap"],"picked":"Ball Lightning","floor":21},{"not_picked":["Beam Cell","Leap"],"picked":"Streamline","floor":22},{"not_picked":["Beam Cell","Stack"],"picked":"Loop","floor":25},{"not_picked":["Axe Kick","Undo"],"picked":"Rainbow","floor":27},{"not_picked":["Hologram","Axe Kick"],"picked":"Capacitor","floor":28}],"player_experience":34755,"potions_floor_usage":[14,16,27,27,27],"damage_taken":[{"damage":3,"enemies":"Small Slimes","floor":1,"turns":3},{"damage":3,"enemies":"2 Louse","floor":2,"turns":3},{"damage":6,"enemies":"Jaw Worm","floor":5,"turns":2},{"damage":0,"enemies":"Large Slime","floor":7,"turns":4},{"damage":21,"enemies":"Lagavulin","floor":11,"turns":6},{"damage":0,"enemies":"Exordium Thugs","floor":12,"turns":3},{"damage":16,"enemies":"Gremlin Nob","floor":14,"turns":3},{"damage":0,"enemies":"Slime Boss","floor":16,"turns":5},{"damage":5,"enemies":"Spheric Guardian","floor":18,"turns":3},{"damage":3,"enemies":"Chosen","floor":19,"turns":3},{"damage":8,"enemies":"Snecko","floor":21,"turns":4},{"damage":15,"enemies":"Snake Plant","floor":22,"turns":3},{"damage":35,"enemies":"Book of Stabbing","floor":25,"turns":4},{"damage":23,"enemies":"Slavers","floor":27,"turns":4},{"damage":1,"enemies":"Slaver and Parasite","floor":28,"turns":3},{"damage":69,"enemies":"Automaton","floor":33,"turns":6}],"event_choices":[{"event_name":"Shining Light","player_choice":"Entered Light","floor":3,"damage_taken":0},{"event_name":"World of Goop","player_choice":"Gather Gold","floor":4,"damage_taken":0},{"event_name":"Beggar","player_choice":"Gave Gold","floor":29,"damage_taken":0},{"event_name":"Cursed Tome","player_choice":"Obtained Book","floor":31,"damage_taken":0}],"boss_relics":[{"not_picked":["Sozu","Runic Pyramid"],"picked":"Nuclear Battery"}],"potions_floor_spawned":[7,11,14,18,19],"seed_played":"-1094208017533344924","killed_by":"Automaton","ascension_level":0,"is_trial":false}