{"gold_per_floor":[115,18,18,30,30,30,64,64,114,129,129,54,80,98,98,195,195,208,227,242,117,117,117,131,6,29,45,61,79,95,115,115,215,215,234,234,234,249,263,263,277,81,107,127,127,127,143,65,65,65],"floor_reached":51,"playtime":1781,"items_purged":["Strike_R","Strike_R","Strike_R"],"score":871,"play_id":"dbd96e7c-fb02-4f7c-8d51-d3ec1dd560cb","local_time":"20181009111024","is_ascension_mode":true,"campfire_choices":[{"data":"Inflame","floor":6,"key":"SMITH"},{"data":"Corruption","floor":8,"key":"SMITH"},{"data":"Berserk","floor":11,"key":"SMITH"},{"floor":15,"key":"REST"},{"data":"Bash","floor":23,"key":"SMITH"},{"data":"Shockwave","floor":32,"key":"SMITH"},{"floor":40,"key":"REST"},{"floor":46,"key":"REST"},{"floor":49,"key":"REST"}],"neow_cost":"NONE","seed_source_timestamp":520555549577,"circlet_count":0,"master_deck":["Defend_R","Defend_R","Defend_R","Defend_R","Bash+1","Inflame+1","Flash of Steel","Corruption+1","Clash","Shrug It Off","Clash","Reaper","Clash","Shrug It Off","Flex","Clash","Second Wind","Shockwave+1","Shrug It Off","Impervious","Uppercut+1","Reaper","Disarm+1","Dual Wield+1","Clash+1","Clash+1","Clash+1","Flame Barrier","Limit Break"],"relics":["Burning Blood","Lantern","Bag of Preparation","Runic Pyramid","Strawberry","Fusion Hammer","Pocketwatch","Medical Kit","Juzu Bracelet"],"potions_floor_usage":[7,24,24,50,50,50],"damage_taken":[{"damage":2,"enemies":"2 Louse","floor":1,"turns":4},{"damage":0,"enemies":"Cultist","floor":4,"turns":3},{"damage":30,"enemies":"3 Sentries","floor":7,"turns":6},{"damage":0,"enemies":"Small Slimes","floor":10,"turns":3},{"damage":23,"enemies":"Gremlin Nob","floor":13,"turns":4},{"damage":8,"enemies":"Blue Slaver","floor":14,"turns":3},{"damage":26,"enemies":"Slime Boss","floor":16,"turns":7},{"damage":11,"enemies":"Shell Parasite","floor":18,"turns":4},{"damage":0,"enemies":"Spheric Guardian","floor":19,"turns":3},{"damage":0,"enemies":"Snecko","floor":20,"turns":3},{"damage":5,"enemies":"Shelled Parasite and Fungi","floor":24,"turns":3},{"damage":7,"enemies":"Cultist and Chosen","floor":27,"turns":5},{"damage":27,"enemies":"Snake Plant","floor":28,"turns":3},{"damage":12,"enemies":"Snecko","floor":29,"turns":3},{"damage":1,"enemies":"Centurion and Healer","floor":30,"turns":4},{"damage":14,"enemies":"Cultist and Chosen","floor":31,"turns":6},{"damage":0,"enemies":"Automaton","floor":33,"turns":6},{"damage":0,"enemies":"Orb Walker","floor":35,"turns":3},{"damage":0,"enemies":"Mind Bloom Boss Battle","floor":36,"turns":6},{"damage":0,"enemies":"3 Shapes","floor":38,"turns":5},{"damage":0,"enemies":"Maw","floor":39,"turns":5},{"damage":44,"enemies":"Reptomancer","floor":41,"turns":4},{"damage":10,"enemies":"Sphere and 2 Shapes","floor":44,"turns":5},{"damage":0,"enemies":"3 Darklings","floor":47,"turns":3},{"damage":40,"enemies":"Time Eater","floor":50,"turns":7}],"seed_played":"1485402928335160021","potions_obtained":[{"floor":3,"key":"Fire Potion"},{"floor":3,"key":"GamblersBrew"},{"floor":3,"key":"BloodPotion"},{"floor":13,"key":"Block Potion"},{"floor":27,"key":"Regen Potion"},{"floor":29,"key":"Poison Potion"},{"floor":36,"key":"Strength Potion"}],"is_trial":false,"path_per_floor":["M","$","?","M","$","R","E","R","T","M","R","$","E","M","R","B",null,"M","M","M","$","?","R","M","$","T","M","M","M","M","M","R","B",null,"M","?","?","M","M","R","M","$","T","M","?","R","M","$","R","B"],"character_chosen":"IRONCLAD","items_purchased":["Flash of Steel","Clash","Medical Kit","Limit Break"],"campfire_rested":4,"item_purchase_floors":[2,21,42,48],"current_hp_per_floor":[80,80,80,80,80,80,56,56,56,62,62,62,45,43,67,47,80,75,80,80,80,80,80,80,80,87,86,74,78,87,79,79,85,87,87,87,87,87,87,87,87,87,87,85,85,87,87,87,87,68],"gold":65,"neow_bonus":"ONE_RANDOM_RARE_CARD","is_prod":false,"is_daily":false,"chose_seed":false,"campfire_upgraded":5,"win_rate":1,"timestamp":1539054624,"path_taken":["M","$","?","M","$","R","E","R","T","M","R","$","E","M","R","BOSS","M","M","M","$","?","R","M","$","T","M","?","M","M","M","R","BOSS","M","?","?","M","M","R","M","$","T","M","?","R","M","$","R","BOSS"],"build_version":"2018-10-04v2","purchased_purges":3,"victory":true,"max_hp_per_floor":[80,80,80,80,80,80,80,80,80,80,80,80,80,80,80,80,80,80,80,80,80,80,80,80,80,87,87,87,87,87,87,87,87,87,87,87,87,87,87,87,87,87,87,87,87,87,87,87,87,87],"card_choices":[{"not_picked":["Thunderclap","Iron Wave"],"picked":"Inflame","floor":1},{"not_picked":["Thunderclap","Rage","Perfected Strike"],"picked":"SKIP","floor":4},{"not_picked":["Battle Trance","Seeing Red"],"picked":"Corruption","floor":7},{"not_picked":["Rage","Warcry"],"picked":"Clash","floor":10},{"not_picked":["True Grit","Flex"],"picked":"Shrug It Off","floor":13},{"not_picked":["Perfected Strike","Pommel Strike"],"picked":"Clash","floor":14},{"not_picked":["Immolate","Juggernaut"],"picked":"Reaper","floor":16},{"not_picked":["Sword Boomerang","Flame Barrier"],"picked":"Clash","floor":18},{"not_picked":["Rage","Body Slam"],"picked":"Shrug It Off","floor":19},{"not_picked":["Entrench","Pommel Strike"],"picked":"Flex","floor":20},{"not_picked":["Iron Wave","Headbutt","Carnage"],"picked":"SKIP","floor":24},{"not_picked":["Combust","Iron Wave"],"picked":"Shockwave","floor":27},{"not_picked":["Flex+1","Flame Barrier"],"picked":"Shrug It Off","floor":28},{"not_picked":["Iron Wave","Sword Boomerang","Blood for Blood+1"],"picked":"SKIP","floor":29},{"not_picked":["Iron Wave","Flex+1"],"picked":"Impervious","floor":30},{"not_picked":["Anger","Ghostly Armor"],"picked":"Uppercut+1","floor":31},{"not_picked":["Brutality","Dark Embrace"],"picked":"Reaper","floor":33},{"not_picked":["Body Slam+1","Fire Breathing"],"picked":"Disarm+1","floor":35},{"not_picked":["Intimidate","Heavy Blade+1"],"picked":"Dual Wield+1","floor":36},{"not_picked":["Second Wind","Entrench+1","Bloodletting+1"],"picked":"SKIP","floor":38},{"not_picked":["Burning Pact","True Grit+1"],"picked":"Clash+1","floor":39},{"not_picked":["Perfected Strike","True Grit"],"picked":"Clash+1","floor":41},{"not_picked":["Reckless Charge","Uppercut+1"],"picked":"Clash+1","floor":44},{"not_picked":["Flame Barrier","Armaments","Warcry+1"],"picked":"SKIP","floor":47},{"not_picked":["Armaments","Warcry+1"],"picked":"Flame Barrier","floor":47}],"player_experience":23911,"relics_obtained":[{"floor":7,"key":"Lantern"},{"floor":9,"key":"Bag of Preparation"},{"floor":26,"key":"Strawberry"},{"floor":36,"key":"Pocketwatch"},{"floor":43,"key":"Juzu Bracelet"}],"event_choices":[{"event_name":"The Lab","player_choice":"Got Potions","floor":3,"damage_taken":0},{"event_name":"Transmorgrifier","player_choice":"Transform","floor":22,"damage_taken":0},{"event_name":"MindBloom","player_choice":"Fight","floor":36,"damage_taken":0},{"event_name":"Purifier","player_choice":"One Purge","floor":37,"damage_taken":0},{"event_name":"Falling","player_choice":"Removed Power","floor":45,"damage_taken":0}],"is_beta":false,"boss_relics":[{"not_picked":["Eternal Feather","Cursed Key"],"picked":"Runic Pyramid"},{"not_picked":["Tiny House","Empty Cage"],"picked":"Fusion Hammer"}],"items_purged_floors":[12,21,25],"is_endless":false,"potions_floor_spawned":[4,13,19,20,27,29,36,41,44],"ascension_level":4}