{"gold_per_floor":[114,39,57,70,70,70,70,70,150,150,6,6,31,51,51,144,144,144],"floor_reached":18,"playtime":912,"items_purged":["Strike_G","Strike_G"],"score":300,"play_id":"9c68b20d-163b-4bfc-a9b8-a846e60720b8","local_time":"20181230204840","is_ascension_mode":true,"campfire_choices":[{"data":"Well Laid Plans","floor":6,"key":"SMITH"},{"data":"Neutralize","floor":8,"key":"SMITH"},{"data":"Well Laid Plans","floor":12,"key":"SMITH"},{"data":"Flechettes","floor":15,"key":"SMITH"}],"neow_cost":"NONE","seed_source_timestamp":31206449331985,"circlet_count":0,"master_deck":["AscendersBane","Defend_G","Defend_G","Defend_G","Defend_G","Strike_G","Strike_G","Strike_G","Survivor","Neutralize+1","PiercingWail","Well Laid Plans+1","Well Laid Plans+1","Die Die Die","Flechettes+1","Regret","Normality","Pain"],"relics":["Ring of the Snake","Golden Idol","Singing Bowl","Calling Bell","Dream Catcher","Pear","Peace Pipe"],"potions_floor_usage":[16,18,18],"damage_taken":[{"damage":0,"enemies":"2 Louse","floor":1,"turns":3},{"damage":5,"enemies":"Small Slimes","floor":3,"turns":6},{"damage":11,"enemies":"Cultist","floor":4,"turns":6},{"damage":0,"enemies":"2 Fungi Beasts","floor":13,"turns":4},{"damage":0,"enemies":"3 Louse","floor":14,"turns":2},{"damage":43,"enemies":"Slime Boss","floor":16,"turns":14},{"damage":36,"enemies":"Spheric Guardian","floor":18,"turns":7}],"seed_played":"-477668325235600955","potions_obtained":[{"floor":13,"key":"Ancient Potion"},{"floor":14,"key":"FearPotion"},{"floor":16,"key":"SpeedPotion"}],"is_trial":false,"path_per_floor":["M","$","M","M","?","R","?","R","T","?","$","R","M","M","R","B",null,"M"],"character_chosen":"THE_SILENT","items_purchased":["Well Laid Plans"],"campfire_rested":0,"item_purchase_floors":[11],"current_hp_per_floor":[65,65,60,49,54,54,54,54,54,54,54,54,54,54,54,13,67,31],"gold":144,"neow_bonus":"TEN_PERCENT_HP_BONUS","is_prod":false,"is_daily":false,"chose_seed":false,"campfire_upgraded":4,"win_rate":0,"timestamp":1546174120,"path_taken":["M","$","M","M","?","R","?","R","T","?","$","R","M","M","R","BOSS","M"],"build_version":"2018-12-20","purchased_purges":2,"victory":false,"max_hp_per_floor":[72,72,72,72,77,77,70,70,70,70,70,70,70,70,70,72,82,82],"card_choices":[{"not_picked":["Dagger Throw","PiercingWail","Quick Slash"],"picked":"SKIP","floor":1},{"not_picked":["Dagger Throw","Quick Slash"],"picked":"PiercingWail","floor":1},{"not_picked":["Dodge and Roll","Quick Slash","Cloak And Dagger"],"picked":"SKIP","floor":3},{"not_picked":["Dodge and Roll","Quick Slash","Cloak And Dagger"],"picked":"SKIP","floor":3},{"not_picked":["Flying Knee","Blur"],"picked":"Well Laid Plans","floor":4},{"not_picked":["Endless Agony","PiercingWail"],"picked":"Die Die Die","floor":13},{"not_picked":["Slice","Acrobatics"],"picked":"Flechettes","floor":14},{"not_picked":["Unload","Phantasmal Killer","Envenom"],"picked":"Singing Bowl","floor":16}],"player_experience":1609732,"relics_obtained":[{"floor":9,"key":"Singing Bowl"},{"floor":17,"key":"Dream Catcher"},{"floor":17,"key":"Pear"},{"floor":17,"key":"Peace Pipe"}],"event_choices":[{"damage_healed":0,"gold_gain":0,"player_choice":"Donut","damage_taken":0,"max_hp_gain":5,"max_hp_loss":0,"event_name":"Big Fish","floor":5,"gold_loss":0},{"damage_healed":0,"gold_gain":0,"player_choice":"Lose Max HP","damage_taken":0,"relics_obtained":["Golden Idol"],"max_hp_gain":0,"max_hp_loss":7,"event_name":"Golden Idol","floor":7,"gold_loss":0},{"cards_removed":["Defend_G"],"damage_healed":0,"gold_gain":0,"player_choice":"Purged","damage_taken":0,"max_hp_gain":0,"max_hp_loss":0,"event_name":"Purifier","floor":10,"gold_loss":0}],"is_beta":false,"boss_relics":[{"not_picked":["Runic Dome","Ectoplasm"],"picked":"Calling Bell"}],"items_purged_floors":[2,11],"is_endless":false,"potions_floor_spawned":[13,14,16],"killed_by":"Spheric Guardian","ascension_level":20}