{"gold_per_floor":[115,115,133,152,77,77,109,121,121,121,121,447,397,413,413,517,517,530,191,49,65,77,77],"floor_reached":23,"playtime":613,"items_purged":["Strike_B","Strike_B"],"score":312,"play_id":"0f55bd6a-eadf-4d44-95c2-160ec0c4c6b7","local_time":"20181009164426","is_ascension_mode":true,"campfire_choices":[{"data":"Zap","floor":6.0,"key":"SMITH"},{"data":"Capacitor","floor":10.0,"key":"SMITH"},{"floor":15.0,"key":"REST"}],"neow_cost":"NONE","seed_source_timestamp":615162781682498,"circlet_count":0,"master_deck":["Strike_B","Defend_B","Defend_B","Defend_B","Defend_B","Zap+1","Dualcast","AscendersBane","Gash","Capacitor+1","Ball Lightning","Ball Lightning","Capacitor","Echo Form","Barrage","Electrodynamics","Conserve Battery"],"special_seed":0,"relics":["Cracked Core","NeowsBlessing","Sundial","Thread and Needle","Bottled Flame","Old Coin","Cursed Key","Bottled Tornado","Strawberry"],"potions_floor_usage":[18],"damage_taken":[{"damage":0.0,"enemies":"2 Louse","floor":1.0,"turns":1.0},{"damage":0.0,"enemies":"Cultist","floor":3.0,"turns":1.0},{"damage":0.0,"enemies":"Small Slimes","floor":4.0,"turns":1.0},{"damage":25.0,"enemies":"Lagavulin","floor":7.0,"turns":6.0},{"damage":11.0,"enemies":"Looter","floor":8.0,"turns":2.0},{"damage":31.0,"enemies":"Gremlin Nob","floor":12.0,"turns":4.0},{"damage":0.0,"enemies":"Large Slime","floor":14.0,"turns":4.0},{"damage":11.0,"enemies":"Slime Boss","floor":16.0,"turns":9.0},{"damage":15,"enemies":"3 Byrds","floor":18,"turns":3},{"damage":19,"enemies":"Shell Parasite","floor":21,"turns":3},{"damage":33,"enemies":"Snake Plant","floor":22,"turns":4},{"damage":0,"enemies":"Book of Stabbing","floor":23,"turns":1}],"seed_played":"53815617960170320","potions_obtained":[{"floor":1.0,"key":"SneckoOil"},{"floor":8.0,"key":"Energy Potion"},{"floor":16.0,"key":"AttackPotion"},{"floor":22,"key":"SpeedPotion"}],"is_trial":false,"path_per_floor":["M","?","M","M","$","R","E","M","T","R","T","E","?","M","R","B",null,"M","$","?","M","M"],"character_chosen":"DEFECT","items_purchased":["Bottled Tornado"],"campfire_rested":1,"item_purchase_floors":[19],"current_hp_per_floor":[68,73,73,73,73,73,48,37,37,37,37,6,6,6,30,19,65,50,50,57,38,5,5],"gold":77,"neow_bonus":"THREE_ENEMY_KILL","is_prod":false,"is_daily":false,"chose_seed":false,"campfire_upgraded":2,"win_rate":0,"timestamp":1539074666,"path_taken":["M","?","?","M","$","R","E","?","T","R","?","E","?","M","R","BOSS","M","$","?","M","M","E"],"build_version":"2018-10-04v2","purchased_purges":2,"victory":false,"max_hp_per_floor":[75,80,80,80,80,80,80,80,80,80,80,80,80,80,80,80,80,80,80,87,87,87,87],"card_choices":[{"not_picked":["Rip and Tear","Barrage"],"picked":"Gash","floor":1.0},{"not_picked":["Cold Snap","Static Discharge"],"picked":"Capacitor","floor":3.0},{"not_picked":["Rebound","Reprogram"],"picked":"Ball Lightning","floor":4.0},{"not_picked":["White Noise","Gash"],"picked":"Ball Lightning","floor":7.0},{"not_picked":["Stack","Leap"],"picked":"Capacitor","floor":8.0},{"not_picked":["Rebound","Seek"],"picked":"Echo Form","floor":12.0},{"not_picked":["Go for the Eyes","Chaos"],"picked":"Barrage","floor":14.0},{"not_picked":["Echo Form","Multi-Cast"],"picked":"Electrodynamics","floor":16.0},{"not_picked":["Ball Lightning","Double Energy+1","Blizzard"],"picked":"SKIP","floor":18},{"not_picked":["Barrage","Cold Snap+1","Double Energy"],"picked":"SKIP","floor":21},{"not_picked":["Hologram","Compile Driver"],"picked":"Conserve Battery","floor":22}],"player_experience":254485,"relics_obtained":[{"floor":7.0,"key":"Sundial"},{"floor":9.0,"key":"Thread and Needle"},{"floor":11.0,"key":"Bottled Flame"},{"floor":12.0,"key":"Old Coin"}],"event_choices":[{"event_name":"Big Fish","player_choice":"Donut","floor":2.0,"damage_taken":0.0},{"event_name":"The Cleric","player_choice":"Card Removal","floor":13.0,"damage_taken":0.0},{"event_name":"WeMeetAgain","player_choice":"Gold","floor":20,"damage_taken":0}],"is_beta":false,"boss_relics":[{"not_picked":["Philosopher\u0027s Stone","FrozenCore"],"picked":"Cursed Key"}],"items_purged_floors":[5,19],"is_endless":false,"potions_floor_spawned":[1,8,16,22],"killed_by":"Book of Stabbing","ascension_level":11}