{"gold_per_floor":[109,34,109,34,34,34,54,74,74,90,107,127,27,39,39,116,116,133,133,108,108],"floor_reached":21,"playtime":586,"items_purged":["Strike_G","Strike_G"],"score":346,"play_id":"6438e7f3-918a-4f69-b14d-694abe8674da","local_time":"20181123221020","is_ascension_mode":true,"campfire_choices":[{"data":"Prepared","floor":6,"key":"SMITH"},{"data":"Deadly Poison","floor":15,"key":"SMITH"}],"neow_cost":"NONE","seed_source_timestamp":1589782430844,"circlet_count":0,"master_deck":["AscendersBane","Defend_G","Defend_G","Defend_G","Defend_G","Defend_G","Strike_G","Survivor","Neutralize","Die Die Die","Prepared+1","Deadly Poison+1","Reflex","Backflip","Escape Plan"],"relics":["Ring of the Snake","Matryoshka","Sozu"],"potions_floor_usage":[11,16],"damage_taken":[{"damage":0,"enemies":"Small Slimes","floor":1,"turns":2},{"damage":0,"enemies":"2 Louse","floor":7,"turns":2},{"damage":4,"enemies":"Jaw Worm","floor":8,"turns":4},{"damage":4,"enemies":"Blue Slaver","floor":10,"turns":5},{"damage":6,"enemies":"Exordium Thugs","floor":11,"turns":4},{"damage":1,"enemies":"Looter","floor":12,"turns":4},{"damage":0,"enemies":"Blue Slaver","floor":14,"turns":5},{"damage":34,"enemies":"The Guardian","floor":16,"turns":10},{"damage":7,"enemies":"Shell Parasite","floor":18,"turns":6},{"damage":7,"enemies":"2 Thieves","floor":20,"turns":4},{"damage":44,"enemies":"Snecko","floor":21,"turns":5}],"seed_played":"-2078209069861706486","potions_obtained":[{"floor":7,"key":"EssenceOfSteel"},{"floor":8,"key":"LiquidBronze"},{"floor":10,"key":"Fruit Juice"},{"floor":14,"key":"SpeedPotion"},{"floor":16,"key":"SpeedPotion"}],"is_trial":false,"path_per_floor":["M","?","?","$","?","R","M","M","T","M","M","M","$","M","R","B",null,"M","?","M","M"],"character_chosen":"THE_SILENT","items_purchased":[],"campfire_rested":0,"item_purchase_floors":[],"current_hp_per_floor":[59,59,48,48,48,48,48,44,44,40,39,38,38,38,38,4,54,47,47,40,0],"gold":108,"neow_bonus":"ONE_RANDOM_RARE_CARD","is_prod":false,"is_daily":false,"chose_seed":false,"campfire_upgraded":2,"win_rate":0,"timestamp":1542982220,"path_taken":["M","?","?","$","?","R","M","M","T","M","M","M","$","M","R","BOSS","M","?","M","M"],"build_version":"2018-11-15","purchased_purges":2,"victory":false,"max_hp_per_floor":[66,66,66,66,66,66,66,66,66,66,71,71,71,71,71,71,71,71,71,71,71],"card_choices":[{"not_picked":["Outmaneuver","Skewer"],"picked":"Prepared","floor":1},{"not_picked":["Caltrops","Terror"],"picked":"Deadly Poison","floor":7},{"not_picked":["Accuracy","Flying Knee"],"picked":"Reflex","floor":8},{"not_picked":["Choke","Deflect"],"picked":"Backflip","floor":10},{"not_picked":["Flying Knee","Outmaneuver","Backflip"],"picked":"SKIP","floor":11},{"not_picked":["Distraction","Quick Slash","Predator"],"picked":"SKIP","floor":12},{"not_picked":["Outmaneuver","Terror","Bane"],"picked":"SKIP","floor":14},{"not_picked":["Dagger Spray","Leg Sweep"],"picked":"Escape Plan","floor":18},{"not_picked":["Outmaneuver","Underhanded Strike","Sucker Punch+1"],"picked":"SKIP","floor":20}],"player_experience":1143072,"relics_obtained":[{"floor":9,"key":"Matryoshka"}],"event_choices":[{"cards_removed":["Strike_G"],"damage_healed":0,"gold_gain":0,"player_choice":"Card Removal","damage_taken":0,"max_hp_gain":0,"max_hp_loss":0,"event_name":"The Cleric","floor":2,"gold_loss":75},{"damage_healed":0,"gold_gain":75,"player_choice":"Gather Gold","damage_taken":11,"max_hp_gain":0,"max_hp_loss":0,"event_name":"World of Goop","floor":3,"gold_loss":0},{"damage_healed":0,"gold_gain":0,"player_choice":"Ignored","damage_taken":0,"max_hp_gain":0,"max_hp_loss":0,"event_name":"Liars Game","floor":5,"gold_loss":0},{"cards_removed":["Strike_G"],"damage_healed":0,"gold_gain":0,"player_choice":"Elegance","damage_taken":0,"max_hp_gain":0,"max_hp_loss":0,"event_name":"Back to Basics","floor":19,"gold_loss":0}],"is_beta":true,"boss_relics":[{"not_picked":["Orrery","Philosopher\u0027s Stone"],"picked":"Sozu"}],"items_purged_floors":[4,13],"is_endless":false,"potions_floor_spawned":[7,8,10,14,16,20],"killed_by":"Snecko","ascension_level":20}