{"gold_per_floor":[118,193,193,34,34,34,67,67,67,95,114,114,149,167,167,167],"floor_reached":16,"playtime":284,"items_purged":["Strike_B"],"score":332,"play_id":"42043750-992f-4b30-b5a1-7fabd82512d7","local_time":"20181012153206","is_ascension_mode":true,"campfire_choices":[{"data":"Zap","floor":6,"key":"SMITH"},{"data":"Dualcast","floor":8,"key":"SMITH"},{"data":"Electrodynamics","floor":15,"key":"SMITH"}],"neow_cost":"NONE","seed_source_timestamp":143236310411087,"circlet_count":0,"master_deck":["Strike_B","Strike_B","Defend_B","Defend_B","Defend_B","Defend_B","Zap+1","Dualcast+1","AscendersBane","Sweeping Beam","Glacier","Cold Snap","Hologram","Electrodynamics+1"],"special_seed":0,"relics":["Cracked Core","NeowsBlessing","Happy Flower","Dream Catcher","Pantograph","Ice Cream","Juzu Bracelet"],"potions_floor_usage":[13],"damage_taken":[{"damage":0.0,"enemies":"Small Slimes","floor":1.0,"turns":1.0},{"damage":0,"enemies":"3 Sentries","floor":7,"turns":1},{"damage":0,"enemies":"Lagavulin","floor":10,"turns":1},{"damage":5,"enemies":"Jaw Worm","floor":11,"turns":2},{"damage":47,"enemies":"Gremlin Nob","floor":13,"turns":5},{"damage":0,"enemies":"2 Louse","floor":14,"turns":1},{"damage":30,"enemies":"Slime Boss","floor":16,"turns":7}],"seed_played":"-3184621919318258894","potions_obtained":[{"floor":1.0,"key":"GamblersBrew"},{"floor":7,"key":"Swift Potion"},{"floor":14,"key":"Strength Potion"}],"is_trial":false,"path_per_floor":["M","?","?","$","?","R","E","R","T","E","M","?","E","M","R"],"character_chosen":"DEFECT","items_purchased":["Glacier"],"campfire_rested":0,"item_purchase_floors":[4],"current_hp_per_floor":[64,53,53,53,53,53,53,53,53,53,48,48,1,1,1,0],"gold":167,"neow_bonus":"THREE_ENEMY_KILL","is_prod":false,"is_daily":false,"chose_seed":false,"campfire_upgraded":3,"win_rate":0,"timestamp":1539329526,"path_taken":["M","?","?","$","?","R","E","R","T","E","?","?","E","M","R","BOSS"],"build_version":"2018-10-11","purchased_purges":1,"victory":false,"max_hp_per_floor":[71,71,71,71,71,71,71,71,71,71,71,71,71,71,71,71],"card_choices":[{"not_picked":["Sunder","Auto Shields"],"picked":"Sweeping Beam","floor":1.0},{"not_picked":["Skim","BootSequence"],"picked":"Cold Snap","floor":7},{"not_picked":["Compile Driver","Turbo","Undo"],"picked":"SKIP","floor":10},{"not_picked":["Double Energy","Rebound"],"picked":"Hologram","floor":11},{"not_picked":["Fusion","Coolheaded"],"picked":"Electrodynamics","floor":13},{"not_picked":["Storm","Hologram","Compile Driver"],"picked":"SKIP","floor":14}],"player_experience":309898,"relics_obtained":[{"floor":7,"key":"Happy Flower"},{"floor":9,"key":"Dream Catcher"},{"floor":10,"key":"Pantograph"},{"floor":13,"key":"Juzu Bracelet"}],"event_choices":[{"event_name":"World of Goop","player_choice":"Gather Gold","floor":2.0,"damage_taken":0.0},{"event_name":"Living Wall","player_choice":"Forget","floor":3,"damage_taken":0},{"event_name":"The Cleric","player_choice":"Leave","floor":5,"damage_taken":0},{"event_name":"WeMeetAgain","player_choice":"Potion","floor":12,"damage_taken":0}],"is_beta":false,"boss_relics":[],"items_purged_floors":[4],"is_endless":false,"potions_floor_spawned":[1,7,14],"killed_by":"Slime Boss","ascension_level":20}