{"gold_per_floor":[116,134,154,172,21,21,37,37,37,37,37,100,126,157,157,228,228,241,251,25,25,25,25,36,49,49,49,65,90,107,22,22,97,97,112,112,112,12,1011,1011,1034,1034,1034,1079,314,330,344,373,373,393,393,393,393,0,30,30],"floor_reached":57,"playtime":3363,"items_purged":["Strike_G","Skewer","Choke"],"score":3176,"play_id":"205aa04e-54ad-462a-a384-3b4204ece6e5","local_time":"20190410163836","is_ascension_mode":true,"campfire_choices":[{"data":"Well Laid Plans","floor":6.0,"key":"SMITH"},{"data":"Neutralize","floor":8.0,"key":"SMITH"},{"data":"Dash","floor":10.0,"key":"SMITH"},{"data":"Glass Knife","floor":15.0,"key":"SMITH"},{"data":"Backflip","floor":23.0,"key":"SMITH"},{"data":"Footwork","floor":27.0,"key":"SMITH"},{"data":"Grand Finale","floor":32.0,"key":"SMITH"},{"data":"Apotheosis","floor":40.0,"key":"SMITH"},{"floor":42.0,"key":"RECALL"},{"floor":49.0,"key":"REST"},{"data":"After Image","floor":53.0,"key":"SMITH"}],"neow_cost":"TEN_PERCENT_HP_LOSS","seed_source_timestamp":0,"circlet_count":0,"master_deck":["AscendersBane","Survivor+1","Neutralize+1","Backflip+1","Dash+1","After Image+1","Well Laid Plans+1","Infinite Blades+1","Envenom","Grand Finale+1","Footwork+1","Pain","Turbo","Self Repair","Barricade","Dodge and Roll","Adrenaline","Acrobatics","Die Die Die","Secret Technique","Apotheosis+1","Magnetism","Normality","Normality","Clumsy","Normality","Well Laid Plans","Deflect","Power Through","Reinforced Body"],"special_seed":0,"relics":["Ring of the Snake","Blue Candle","Tiny Chest","Odd Mushroom","Du-Vu Doll","Cursed Key","PrismaticShard","Enchiridion","Pen Nib","Pandora\u0027s Box","Orichalcum","PreservedInsect","Anchor","Bottled Lightning","Mummified Hand","Juzu Bracelet","Strange Spoon","Snake Skull","Gambling Chip"],"potions_floor_usage":[56,56],"damage_taken":[{"damage":2.0,"enemies":"Small Slimes","floor":1.0,"turns":5.0},{"damage":0.0,"enemies":"Cultist","floor":2.0,"turns":4.0},{"damage":0.0,"enemies":"2 Louse","floor":3.0,"turns":3.0},{"damage":1.0,"enemies":"Looter","floor":4.0,"turns":4.0},{"damage":2.0,"enemies":"Large Slime","floor":7.0,"turns":7.0},{"damage":0.0,"enemies":"3 Sentries","floor":12.0,"turns":10.0},{"damage":16.0,"enemies":"The Mushroom Lair","floor":13.0,"turns":5.0},{"damage":0.0,"enemies":"Gremlin Nob","floor":14.0,"turns":4.0},{"damage":0.0,"enemies":"Hexaghost","floor":16.0,"turns":9.0},{"damage":0.0,"enemies":"Chosen","floor":18.0,"turns":5.0},{"damage":3.0,"enemies":"Shell Parasite","floor":19.0,"turns":5.0},{"damage":0.0,"enemies":"Cultist and Chosen","floor":24.0,"turns":3.0},{"damage":0.0,"enemies":"Snecko","floor":25.0,"turns":4.0},{"damage":6.0,"enemies":"Snake Plant","floor":28.0,"turns":3.0},{"damage":17.0,"enemies":"Slavers","floor":29.0,"turns":7.0},{"damage":2.0,"enemies":"Cultist and Chosen","floor":30.0,"turns":7.0},{"damage":12.0,"enemies":"Collector","floor":33.0,"turns":10.0},{"damage":1.0,"enemies":"3 Darklings","floor":35.0,"turns":3.0},{"damage":4.0,"enemies":"Nemesis","floor":44.0,"turns":9.0},{"damage":4.0,"enemies":"3 Shapes","floor":46.0,"turns":4.0},{"damage":22.0,"enemies":"Sphere and 2 Shapes","floor":47.0,"turns":6.0},{"damage":4.0,"enemies":"Giant Head","floor":48.0,"turns":5.0},{"damage":40.0,"enemies":"Awakened One","floor":50.0,"turns":9.0},{"damage":6.0,"enemies":"Time Eater","floor":51.0,"turns":7.0},{"damage":31,"enemies":"Shield and Spear","floor":55,"turns":5},{"damage":15,"enemies":"The Heart","floor":56,"turns":11}],"seed_played":"-3115398235903916102","potions_obtained":[{"floor":1.0,"key":"EssenceOfSteel"},{"floor":3.0,"key":"Fruit Juice"},{"floor":7.0,"key":"LiquidBronze"},{"floor":13.0,"key":"FearPotion"},{"floor":14.0,"key":"Fire Potion"},{"floor":19.0,"key":"AttackPotion"},{"floor":33.0,"key":"GhostInAJar"},{"floor":35.0,"key":"Dexterity Potion"},{"floor":48.0,"key":"GamblersBrew"}],"is_trial":false,"path_per_floor":["M","M","M","M","$","R","M","R","T","R","?","E","?","E","R","B",null,"M","M","$","?","?","R","M","M","T","R","M","E","M","$","R","B",null,"M","?","?","$","?","R","T","R","T","E","$","M","M","E","R","B","B",null,"R","$","E","B",null],"character_chosen":"THE_SILENT","items_purchased":["Infinite Blades","PrismaticShard","GhostInAJar","Bottled Lightning","Mummified Hand","Well Laid Plans","Strange Spoon","Snake Skull"],"campfire_rested":1,"item_purchase_floors":[5,20,31,45,45,45,54,54],"current_hp_per_floor":[57,57,57,61,61,61,59,59,59,59,39,39,23,23,23,23,55,55,52,52,31,31,31,31,31,31,31,25,8,13,13,13,8,51,57,47,47,47,47,47,47,47,47,53,53,59,47,53,65,35,39,59,59,59,38,33],"gold":30,"neow_bonus":"REMOVE_TWO","is_prod":false,"is_daily":false,"chose_seed":false,"campfire_upgraded":9,"win_rate":0,"timestamp":1554885516,"path_taken":["M","M","M","M","$","R","M","R","T","R","?","E","?","E","R","BOSS","BOSS","M","M","$","?","?","R","?","M","T","R","M","E","M","$","R","BOSS","M","?","?","$","?","R","?","R","T","E","$","M","M","E","R","BOSS","BOSS","R","$","E","BOSS"],"build_version":"2019-01-23","purchased_purges":3,"victory":true,"max_hp_per_floor":[60,60,60,65,65,65,65,65,65,65,65,65,65,65,65,65,65,65,65,65,65,65,65,65,65,65,65,65,65,65,65,65,65,65,65,65,65,65,65,65,65,65,65,65,65,65,65,65,65,65,65,65,65,65,65,65],"card_choices":[{"not_picked":["Distraction","Slice"],"picked":"Backflip","floor":1.0},{"not_picked":["Backflip","Underhanded Strike"],"picked":"Dash","floor":2.0},{"not_picked":["Poisoned Stab","Crippling Poison"],"picked":"After Image","floor":3.0},{"not_picked":["Outmaneuver","Quick Slash"],"picked":"Well Laid Plans","floor":4.0},{"not_picked":["Dagger Spray","Acrobatics","Dodge and Roll"],"picked":"SKIP","floor":7.0},{"not_picked":["Endless Agony","Slice"],"picked":"Glass Knife","floor":12.0},{"not_picked":["Finisher","Deadly Poison"],"picked":"Envenom","floor":14.0},{"not_picked":["Wraith Form v2","Corpse Explosion"],"picked":"Grand Finale","floor":16.0},{"not_picked":["Underhanded Strike","Dagger Throw","Deflect"],"picked":"SKIP","floor":18.0},{"not_picked":["Outmaneuver","Slice","Flying Knee+1"],"picked":"SKIP","floor":19.0},{"not_picked":["Distraction","Compile Driver","All Out Attack"],"picked":"SKIP","floor":24.0},{"not_picked":["Fire Breathing","Cleave"],"picked":"Footwork","floor":25.0},{"not_picked":["Gash","Flash of Steel"],"picked":"Turbo","floor":28.0},{"not_picked":["Capacitor","Blade Dance"],"picked":"Self Repair","floor":29.0},{"not_picked":["PiercingWail","Compile Driver+1","Rebound"],"picked":"SKIP","floor":30.0},{"not_picked":["Wraith Form v2","Storm of Steel"],"picked":"Barricade","floor":33.0},{"not_picked":["Perfected Strike","Crippling Poison+1","PiercingWail"],"picked":"SKIP","floor":35.0},{"not_picked":["Discovery","PanicButton"],"picked":"Secret Technique","floor":36.0},{"not_picked":["Finesse","Panacea"],"picked":"Apotheosis","floor":36.0},{"not_picked":["Flash of Steel","Blind"],"picked":"Magnetism","floor":36.0},{"not_picked":["Blizzard","Noxious Fumes+1","Steam+1"],"picked":"SKIP","floor":44.0},{"not_picked":["Beam Cell","Rebound"],"picked":"Deflect","floor":46.0},{"not_picked":["Pommel Strike","Seeing Red","Immolate"],"picked":"SKIP","floor":47.0},{"not_picked":["Darkness+1","Sunder"],"picked":"Power Through","floor":48.0},{"not_picked":["Rampage","Cleave+1"],"picked":"Reinforced Body","floor":55}],"player_experience":4208527,"relics_obtained":[{"floor":9.0,"key":"Blue Candle"},{"floor":12.0,"key":"Tiny Chest"},{"floor":13.0,"key":"Odd Mushroom"},{"floor":14.0,"key":"Du-Vu Doll"},{"floor":21.0,"key":"Enchiridion"},{"floor":29.0,"key":"Pen Nib"},{"floor":41.0,"key":"Orichalcum"},{"floor":43.0,"key":"PreservedInsect"},{"floor":44.0,"key":"Anchor"},{"floor":48.0,"key":"Juzu Bracelet"},{"floor":55,"key":"Gambling Chip"}],"event_choices":[{"damage_healed":0.0,"max_hp_gain":0.0,"max_hp_loss":0.0,"gold_gain":0.0,"event_name":"Shining Light","player_choice":"Entered Light","floor":11.0,"gold_loss":0.0,"damage_taken":20.0,"cards_upgraded":["Infinite Blades","Survivor"]},{"damage_healed":0.0,"max_hp_gain":0.0,"max_hp_loss":0.0,"gold_gain":0.0,"event_name":"Mushrooms","player_choice":"Fought Mushrooms","floor":13.0,"gold_loss":0.0,"damage_taken":0.0},{"damage_healed":0.0,"max_hp_gain":0.0,"max_hp_loss":0.0,"gold_gain":0.0,"event_name":"Cursed Tome","player_choice":"Obtained Book","floor":21.0,"gold_loss":0.0,"damage_taken":21.0},{"cards_removed":["Strike_G"],"damage_healed":0.0,"max_hp_gain":0.0,"max_hp_loss":0.0,"gold_gain":0.0,"event_name":"Bonfire Elementals","player_choice":"Offered Basic","floor":22.0,"gold_loss":0.0,"damage_taken":0.0},{"damage_healed":0.0,"max_hp_gain":0.0,"max_hp_loss":0.0,"gold_gain":0.0,"event_name":"SensoryStone","player_choice":"Memory 3","floor":36.0,"gold_loss":0.0,"damage_taken":10.0},{"cards_removed":["Glass Knife"],"damage_healed":0.0,"max_hp_gain":0.0,"max_hp_loss":0.0,"gold_gain":0.0,"event_name":"Falling","player_choice":"Removed Attack","floor":37.0,"gold_loss":0.0,"damage_taken":0.0},{"damage_healed":0.0,"max_hp_gain":0.0,"max_hp_loss":0.0,"gold_gain":999.0,"event_name":"MindBloom","player_choice":"Gold","floor":39.0,"gold_loss":0.0,"damage_taken":0.0,"cards_obtained":["Normality","Normality"]}],"is_beta":false,"boss_relics":[{"not_picked":["Sozu","White Beast Statue"],"picked":"Cursed Key"},{"not_picked":["Tiny House","Philosopher\u0027s Stone"],"picked":"Pandora\u0027s Box"}],"items_purged_floors":[5,38,45],"is_endless":false,"potions_floor_spawned":[1,3,7,13,14,19,24,28,33,35,44,48,55],"ascension_level":20}