{"gold_per_floor":[119,69,86,102,113,140,140,215,296,310,382,395,428,440,440,540,540,550,550,576,593,603,603,638,563,563,593,593,607,483,483,483,581,581,592,246,246,258,273,273,306,322,322,351,351,371,402,402,402,402],"floor_reached":51,"playtime":2669,"items_purged":["Strike_G","Infinite Blades+1"],"score":987,"play_id":"201c1721-5482-46af-8097-61a285360700","local_time":"20190302081200","is_ascension_mode":false,"campfire_choices":[{"data":"Well Laid Plans","floor":7.0,"key":"SMITH"},{"data":"Corpse Explosion","floor":15.0,"key":"SMITH"},{"data":"Tactician","floor":23.0,"key":"SMITH"},{"data":"A Thousand Cuts","floor":32.0,"key":"SMITH"},{"data":"Acrobatics","floor":40,"key":"SMITH"},{"data":"Acrobatics","floor":45,"key":"SMITH"},{"floor":49,"key":"REST"}],"neow_cost":"TEN_PERCENT_HP_LOSS","seed_source_timestamp":0,"circlet_count":0,"master_deck":["Defend_G+1","Defend_G+1","Defend_G+1","Defend_G+1","Survivor+1","Neutralize+1","Corpse Explosion+1","Well Laid Plans+1","Crippling Poison+1","Prepared+1","Prepared+1","A Thousand Cuts+1","Backflip+1","Bouncing Flask+1","Tactician+1","PiercingWail+1","Acrobatics+1","Doppelganger+1","Wraith Form v2+1","Catalyst+1","Acrobatics+1","Acrobatics+1","Choke+1"],"special_seed":0,"relics":["Ring of the Snake","Mango","Sundial","Paper Crane","Lantern","Sozu","Regal Pillow","Tough Bandages","Frozen Egg 2","Ornamental Fan","Ice Cream","Juzu Bracelet","Astrolabe","Kunai","Mark of the Bloom","Bag of Preparation","Pantograph","Happy Flower","Bronze Scales","Pear"],"potions_floor_usage":[50],"damage_taken":[{"damage":0.0,"enemies":"Small Slimes","floor":1.0,"turns":7.0},{"damage":1.0,"enemies":"Jaw Worm","floor":3.0,"turns":5.0},{"damage":0.0,"enemies":"Cultist","floor":4.0,"turns":4.0},{"damage":3.0,"enemies":"Exordium Wildlife","floor":5.0,"turns":4.0},{"damage":7.0,"enemies":"3 Sentries","floor":6.0,"turns":4.0},{"damage":15.0,"enemies":"Exordium Thugs","floor":10.0,"turns":4.0},{"damage":5.0,"enemies":"Red Slaver","floor":12.0,"turns":6.0},{"damage":16.0,"enemies":"Lagavulin","floor":13.0,"turns":7.0},{"damage":0.0,"enemies":"2 Fungi Beasts","floor":14.0,"turns":2.0},{"damage":2.0,"enemies":"The Guardian","floor":16.0,"turns":14.0},{"damage":0.0,"enemies":"Shell Parasite","floor":18.0,"turns":6.0},{"damage":0.0,"enemies":"3 Byrds","floor":21.0,"turns":3.0},{"damage":3.0,"enemies":"Centurion and Healer","floor":22.0,"turns":6.0},{"damage":46.0,"enemies":"Gremlin Leader","floor":24.0,"turns":8.0},{"damage":13.0,"enemies":"Book of Stabbing","floor":27.0,"turns":6.0},{"damage":5.0,"enemies":"Sentry and Sphere","floor":29.0,"turns":5.0},{"damage":3.0,"enemies":"Collector","floor":33.0,"turns":7.0},{"damage":0,"enemies":"Orb Walker","floor":35,"turns":5},{"damage":0,"enemies":"3 Darklings","floor":38,"turns":2},{"damage":0,"enemies":"4 Shapes","floor":39,"turns":2},{"damage":0,"enemies":"Nemesis","floor":41,"turns":5},{"damage":0,"enemies":"Jaw Worm Horde","floor":42,"turns":1},{"damage":0,"enemies":"Giant Head","floor":44,"turns":5},{"damage":0,"enemies":"Spire Growth","floor":46,"turns":2},{"damage":0,"enemies":"Nemesis","floor":47,"turns":5},{"damage":0,"enemies":"Donu and Deca","floor":50,"turns":5}],"seed_played":"-456430306991885434","potions_obtained":[{"floor":3.0,"key":"Poison Potion"},{"floor":6.0,"key":"Ancient Potion"},{"floor":10.0,"key":"Weak Potion"},{"floor":14.0,"key":"SteroidPotion"}],"is_trial":false,"path_per_floor":["M","?","M","M","M","E","R","?","T","M","T","M","E","M","R","B",null,"M","?","T","M","M","R","E","?","T","E","?","M","$","T","R","B",null,"M","$","?","M","M","R","E","M","T","E","R","M","E","T","R","B",null],"character_chosen":"THE_SILENT","items_purchased":["Acrobatics","Kunai"],"campfire_rested":1,"item_purchase_floors":[30,36],"current_hp_per_floor":[63,63,62,62,59,66,66,55,55,40,40,35,19,19,19,17,77,77,77,77,77,74,74,28,28,28,15,15,10,10,10,10,7,77,77,77,77,77,77,77,77,77,77,77,77,77,77,77,77,77],"gold":402,"neow_bonus":"THREE_RARE_CARDS","is_prod":false,"is_daily":false,"chose_seed":false,"campfire_upgraded":6,"win_rate":0.0,"timestamp":1551485520,"path_taken":["M","?","M","M","M","E","R","?","T","M","?","?","E","M","R","BOSS","M","?","?","M","?","R","E","?","T","E","?","M","$","?","R","BOSS","M","$","?","M","M","R","E","M","T","E","R","M","E","?","R","BOSS"],"build_version":"2019-01-23","purchased_purges":2,"victory":true,"max_hp_per_floor":[63,63,63,63,63,77,77,77,77,77,77,77,77,77,77,77,77,77,77,77,77,77,77,77,77,77,77,77,77,77,77,77,77,77,77,77,77,77,77,77,77,77,77,77,77,77,77,87,87,87],"card_choices":[{"not_picked":["Unload","Die Die Die"],"picked":"Corpse Explosion","floor":0.0},{"not_picked":["Quick Slash","Dagger Spray"],"picked":"Well Laid Plans","floor":1.0},{"not_picked":["Poisoned Stab","Blur"],"picked":"Crippling Poison","floor":3.0},{"not_picked":["Riddle With Holes","Deadly Poison"],"picked":"Prepared","floor":4.0},{"not_picked":["Deadly Poison","Underhanded Strike"],"picked":"Prepared","floor":5.0},{"not_picked":["PiercingWail","Dodge and Roll","All Out Attack"],"picked":"SKIP","floor":6.0},{"not_picked":["Terror","Quick Slash","Finisher"],"picked":"SKIP","floor":10.0},{"not_picked":["Bane","Outmaneuver"],"picked":"A Thousand Cuts","floor":12.0},{"not_picked":["Terror","Backstab","Underhanded Strike"],"picked":"SKIP","floor":13.0},{"not_picked":["Choke","Poisoned Stab"],"picked":"Backflip","floor":14.0},{"not_picked":["Caltrops","Bane","Dodge and Roll"],"picked":"SKIP","floor":18.0},{"not_picked":["Noxious Fumes","Finisher"],"picked":"Bouncing Flask+1","floor":21.0},{"not_picked":["Outmaneuver","Deadly Poison"],"picked":"Tactician","floor":22.0},{"not_picked":["Skewer+1","Flying Knee","Backstab+1"],"picked":"SKIP","floor":24.0},{"not_picked":["Prepared","Dodge and Roll+1","Quick Slash+1"],"picked":"SKIP","floor":27.0},{"not_picked":["Deadly Poison","Slice"],"picked":"PiercingWail","floor":29.0},{"not_picked":["Outmaneuver+1","Flying Knee+1"],"picked":"Catalyst","floor":35},{"not_picked":["Flechettes+1","Expertise+1"],"picked":"Acrobatics","floor":38},{"not_picked":["Blade Dance","Endless Agony"],"picked":"Acrobatics","floor":39},{"not_picked":["A Thousand Cuts+1","Noxious Fumes+1","Tactician"],"picked":"SKIP","floor":41},{"not_picked":["Sucker Punch+1","Deflect+1","Poisoned Stab"],"picked":"SKIP","floor":42},{"not_picked":["Eviscerate+1","Blade Dance+1","Adrenaline"],"picked":"SKIP","floor":44},{"not_picked":["Backflip+1","Bouncing Flask","Deflect+1"],"picked":"SKIP","floor":46},{"not_picked":["Dagger Throw+1","Dagger Spray+1"],"picked":"Choke+1","floor":47}],"player_experience":4393,"relics_obtained":[{"floor":6.0,"key":"Mango"},{"floor":9.0,"key":"Sundial"},{"floor":11.0,"key":"Paper Crane"},{"floor":13.0,"key":"Lantern"},{"floor":20.0,"key":"Regal Pillow"},{"floor":24.0,"key":"Tough Bandages"},{"floor":26.0,"key":"Frozen Egg 2"},{"floor":27.0,"key":"Ornamental Fan"},{"floor":31.0,"key":"Juzu Bracelet"},{"floor":41,"key":"Bag of Preparation"},{"floor":43,"key":"Pantograph"},{"floor":44,"key":"Happy Flower"},{"floor":47,"key":"Bronze Scales"},{"floor":48,"key":"Pear"}],"event_choices":[{"cards_removed":["Strike_G"],"damage_healed":0.0,"max_hp_gain":0.0,"max_hp_loss":0.0,"gold_gain":0.0,"event_name":"The Cleric","player_choice":"Card Removal","floor":2.0,"gold_loss":50.0,"damage_taken":0.0},{"damage_healed":0.0,"max_hp_gain":0.0,"max_hp_loss":0.0,"gold_gain":75.0,"event_name":"World of Goop","player_choice":"Gather Gold","floor":8.0,"gold_loss":0.0,"damage_taken":11.0},{"damage_healed":0.0,"max_hp_gain":0.0,"max_hp_loss":0.0,"gold_gain":0.0,"event_name":"Ghosts","player_choice":"Ignored","floor":19.0,"gold_loss":0.0,"damage_taken":0.0},{"cards_removed":["Strike_G"],"damage_healed":0.0,"max_hp_gain":0.0,"max_hp_loss":0.0,"gold_gain":0.0,"event_name":"Beggar","player_choice":"Gave Gold","floor":25.0,"gold_loss":75.0,"damage_taken":0.0},{"damage_healed":0.0,"max_hp_gain":0.0,"max_hp_loss":0.0,"gold_gain":0.0,"event_name":"The Mausoleum","player_choice":"Opened","floor":28.0,"gold_loss":0.0,"damage_taken":0.0,"relics_obtained":["Ice Cream"]},{"damage_healed":0,"gold_gain":0,"player_choice":"Upgrade","damage_taken":0,"relics_obtained":["Mark of the Bloom"],"max_hp_gain":0,"max_hp_loss":0,"event_name":"MindBloom","floor":37,"gold_loss":0,"cards_upgraded":["Defend_G","Defend_G","Defend_G","Defend_G","Survivor","Neutralize","Crippling Poison","Prepared","Prepared","Backflip","PiercingWail","Acrobatics","Catalyst"]}],"is_beta":false,"boss_relics":[{"not_picked":["Eternal Feather","Runic Dome"],"picked":"Sozu"},{"not_picked":["Black Star","Ring of the Serpent"],"picked":"Astrolabe"}],"items_purged_floors":[30,36],"is_endless":false,"potions_floor_spawned":[3,6,10,12,14,22,33,38,42],"ascension_level":0}