{"gold_per_floor":[114,114,129,140,158,158,184,184,211,211,136,161,178,103,103,103],"floor_reached":16,"playtime":291,"items_purged":["Strike_R"],"score":220,"play_id":"0b051191-b3a9-4f84-8ada-f5629c1365be","local_time":"20190126190212","is_ascension_mode":true,"campfire_choices":[{"data":"Immolate","floor":6,"key":"SMITH"},{"data":"Corruption","floor":8,"key":"SMITH"},{"data":"Shockwave","floor":10,"key":"SMITH"},{"data":"Evolve","floor":15,"key":"SMITH"}],"neow_cost":"CURSE","seed_source_timestamp":37575918845208,"circlet_count":0,"master_deck":["AscendersBane","Strike_R","Strike_R","Defend_R","Defend_R","Defend_R","Defend_R","Bash","Decay","Immolate+1","Corruption+1","Second Wind","Shockwave+1","Evolve+1"],"special_seed":0,"relics":["Burning Blood","Ancient Tea Set","Boot","Red Skull"],"potions_floor_usage":[7],"damage_taken":[{"damage":11.0,"enemies":"Jaw Worm","floor":1.0,"turns":3.0},{"damage":0,"enemies":"Cultist","floor":3,"turns":3},{"damage":2,"enemies":"2 Louse","floor":4,"turns":3},{"damage":12,"enemies":"2 Fungi Beasts","floor":5,"turns":4},{"damage":28,"enemies":"Gremlin Nob","floor":7,"turns":4},{"damage":15,"enemies":"3 Sentries","floor":12,"turns":4},{"damage":17,"enemies":"Exordium Thugs","floor":13,"turns":3},{"damage":0,"enemies":"The Guardian","floor":16,"turns":1}],"seed_played":"-120200492643773732","potions_obtained":[{"floor":1.0,"key":"Ancient Potion"},{"floor":5,"key":"Swift Potion"},{"floor":13,"key":"Fire Potion"}],"is_trial":false,"path_per_floor":["M","?","M","M","M","R","E","R","T","R","?","E","M","$","R","B"],"character_chosen":"IRONCLAD","items_purchased":[],"campfire_rested":0,"item_purchase_floors":[],"current_hp_per_floor":[63,63,69,73,67,67,45,45,45,45,45,36,25,25,25,25],"gold":103,"neow_bonus":"THREE_RARE_CARDS","is_prod":false,"is_daily":false,"chose_seed":false,"campfire_upgraded":4,"win_rate":0,"timestamp":1548500532,"path_taken":["M","?","?","M","M","R","E","R","T","R","?","E","M","$","R","BOSS"],"build_version":"2019-01-23","purchased_purges":1,"victory":false,"max_hp_per_floor":[75,75,75,75,75,75,75,75,75,75,75,75,75,75,75,75],"card_choices":[{"not_picked":["Bludgeon","Demon Form"],"picked":"Immolate","floor":0.0},{"not_picked":["Warcry","Dual Wield"],"picked":"Corruption","floor":1.0},{"not_picked":["Sword Boomerang","Whirlwind","Heavy Blade"],"picked":"SKIP","floor":3},{"not_picked":["Flex","Cleave","Ghostly Armor"],"picked":"SKIP","floor":4},{"not_picked":["Thunderclap","Entrench"],"picked":"Shockwave","floor":5},{"not_picked":["Barricade","Warcry","Dual Wield"],"picked":"SKIP","floor":7},{"not_picked":["Thunderclap","Fire Breathing"],"picked":"Evolve","floor":12},{"not_picked":["Heavy Blade","Twin Strike","Warcry"],"picked":"SKIP","floor":13}],"player_experience":2288124,"relics_obtained":[{"floor":7,"key":"Ancient Tea Set"},{"floor":9,"key":"Boot"},{"floor":12,"key":"Red Skull"}],"event_choices":[{"damage_healed":0,"gold_gain":0,"cards_transformed":["Strike_R"],"player_choice":"Transformed","damage_taken":0,"max_hp_gain":0,"max_hp_loss":0,"event_name":"Transmorgrifier","floor":2,"gold_loss":0,"cards_obtained":["Second Wind"]},{"cards_removed":["Strike_R"],"damage_healed":0,"gold_gain":0,"player_choice":"Card Removal","damage_taken":0,"max_hp_gain":0,"max_hp_loss":0,"event_name":"The Cleric","floor":11,"gold_loss":75}],"is_beta":false,"boss_relics":[],"items_purged_floors":[14],"is_endless":false,"potions_floor_spawned":[1,5,13],"killed_by":"The Guardian","ascension_level":20}