{"gold_per_floor":[118,43,43,56,69,97,9,9,33,33,46,59,59,59,59,138,138,156,185,185,2,21,21,21,21,21,21,38,54,54,73,73,150,150,166,176,176,51,69,98,98,116,116,116,150,50,50,63,63,63,63,63,63,63,97,97],"floor_reached":57,"playtime":3009,"items_purged":["Strike_B","Strike_B"],"score":2745,"play_id":"6304fd9c-2a09-412d-8c1e-3f0a8f0712b1","local_time":"20190214201929","is_ascension_mode":true,"campfire_choices":[{"data":"Dualcast","floor":8.0,"key":"SMITH"},{"data":"Zap","floor":10.0,"key":"SMITH"},{"data":"Capacitor","floor":13.0,"key":"SMITH"},{"data":"Capacitor","floor":15.0,"key":"SMITH"},{"data":"Apotheosis","floor":23.0,"key":"SMITH"},{"data":"Rainbow","floor":27.0,"key":"SMITH"},{"data":"Consume","floor":32.0,"key":"SMITH"},{"floor":41.0,"key":"RECALL"},{"floor":47.0,"key":"REST"},{"floor":49.0,"key":"REST"},{"floor":53.0,"key":"REST"}],"neow_cost":"NONE","seed_source_timestamp":37738167507603,"circlet_count":0,"master_deck":["AscendersBane","Strike_B","Defend_B","Defend_B","Defend_B","Defend_B","Zap+1","Dualcast+1","Doom and Gloom","Capacitor+1","Ball Lightning","Self Repair","Cold Snap","Capacitor+1","Rainbow+1","Leap","Coolheaded","Apotheosis+1","Chill","Consume+1","Chill","White Noise","Biased Cognition","Defragment+1","Defragment","Chill","Skim"],"special_seed":0,"relics":["Cracked Core","Art of War","DataDisk","Bag of Preparation","Runic Pyramid","Red Mask","Du-Vu Doll","Fusion Hammer","Molten Egg 2","Ornamental Fan","Centennial Puzzle","Symbiotic Virus"],"potions_floor_usage":[56,56],"damage_taken":[{"damage":4.0,"enemies":"Small Slimes","floor":1.0,"turns":3.0},{"damage":1.0,"enemies":"Cultist","floor":4.0,"turns":3.0},{"damage":14.0,"enemies":"Jaw Worm","floor":5.0,"turns":4.0},{"damage":0.0,"enemies":"3 Sentries","floor":6.0,"turns":3.0},{"damage":2.0,"enemies":"Exordium Wildlife","floor":11.0,"turns":4.0},{"damage":6.0,"enemies":"Large Slime","floor":12.0,"turns":5.0},{"damage":46.0,"enemies":"Slime Boss","floor":16.0,"turns":7.0},{"damage":23.0,"enemies":"2 Thieves","floor":18.0,"turns":4.0},{"damage":10.0,"enemies":"Masked Bandits","floor":19.0,"turns":3.0},{"damage":1.0,"enemies":"Spheric Guardian","floor":22.0,"turns":6.0},{"damage":9.0,"enemies":"Colosseum Slavers","floor":25.0,"turns":5.0},{"damage":20.0,"enemies":"Cultist and Chosen","floor":28.0,"turns":6.0},{"damage":0.0,"enemies":"Centurion and Healer","floor":29.0,"turns":8.0},{"damage":0.0,"enemies":"Snecko","floor":31.0,"turns":5.0},{"damage":0.0,"enemies":"Champ","floor":33.0,"turns":9.0},{"damage":0.0,"enemies":"3 Darklings","floor":35.0,"turns":6.0},{"damage":0.0,"enemies":"3 Shapes","floor":36.0,"turns":5.0},{"damage":0.0,"enemies":"Sphere and 2 Shapes","floor":39.0,"turns":3.0},{"damage":2.0,"enemies":"Giant Head","floor":40.0,"turns":9.0},{"damage":4.0,"enemies":"3 Darklings","floor":42.0,"turns":5.0},{"damage":4.0,"enemies":"Nemesis","floor":45.0,"turns":7.0},{"damage":0.0,"enemies":"Maw","floor":48.0,"turns":6.0},{"damage":7.0,"enemies":"Donu and Deca","floor":50.0,"turns":10.0},{"damage":20.0,"enemies":"Awakened One","floor":51.0,"turns":12.0},{"damage":16.0,"enemies":"Shield and Spear","floor":55.0,"turns":9.0},{"damage":32,"enemies":"The Heart","floor":56,"turns":10}],"seed_played":"1202133249220975487","potions_obtained":[{"floor":1.0,"key":"GamblersBrew"},{"floor":4.0,"key":"AttackPotion"},{"floor":16.0,"key":"FearPotion"},{"floor":18.0,"key":"FocusPotion"},{"floor":28.0,"key":"FocusPotion"},{"floor":39.0,"key":"EssenceOfSteel"},{"floor":45.0,"key":"Ancient Potion"}],"is_trial":false,"path_per_floor":["M","$","?","M","M","E","$","R","T","R","M","M","R","$","R","B",null,"M","?","T","$","M","R","?","?","T","R","M","M","?","M","R","B",null,"M","M","?","$","M","E","R","M","T","?","E","$","R","M","R","B","B",null,"R","$","E","B",null],"character_chosen":"DEFECT","items_purchased":["Self Repair","Apotheosis","Defragment","Chill"],"campfire_rested":3,"item_purchase_floors":[7,21,38,38],"current_hp_per_floor":[60,60,60,59,45,45,45,45,45,45,50,51,51,51,51,12,56,40,30,30,30,39,39,39,40,40,40,30,40,40,50,50,60,68,71,71,67,67,67,67,67,67,67,67,67,67,67,67,67,67,67,67,67,67,61,39],"gold":97,"neow_bonus":"RANDOM_COMMON_RELIC","is_prod":false,"is_daily":false,"chose_seed":false,"campfire_upgraded":7,"win_rate":0,"timestamp":1550146769,"path_taken":["M","$","?","M","M","E","?","R","T","R","M","M","R","$","R","BOSS","M","?","?","$","M","R","?","?","T","R","?","M","?","M","R","BOSS","M","M","?","$","M","E","R","M","T","?","E","$","R","?","R","BOSS","BOSS","R","$","E","BOSS"],"build_version":"2019-01-23","purchased_purges":2,"victory":true,"max_hp_per_floor":[71,71,71,71,71,71,71,71,71,71,71,71,71,71,71,71,71,71,71,71,71,71,71,71,71,71,71,71,71,71,71,71,71,71,71,71,67,67,67,67,67,67,67,67,67,67,67,67,67,67,67,67,67,67,67,67],"card_choices":[{"not_picked":["Heatsinks","Doom and Gloom","Blizzard"],"picked":"SKIP","floor":1.0},{"not_picked":["Heatsinks","Blizzard"],"picked":"Doom and Gloom","floor":1.0},{"not_picked":["Go for the Eyes","Hello World"],"picked":"Capacitor","floor":4.0},{"not_picked":["Steam Power","Lockon"],"picked":"Ball Lightning","floor":5.0},{"not_picked":["Rebound","Lockon","Force Field"],"picked":"SKIP","floor":6.0},{"not_picked":["Leap","Barrage"],"picked":"Cold Snap","floor":11.0},{"not_picked":["Sweeping Beam","Loop"],"picked":"Capacitor","floor":12.0},{"not_picked":["All For One","Creative AI"],"picked":"Rainbow","floor":16.0},{"not_picked":["Stack","Heatsinks"],"picked":"Leap","floor":18.0},{"not_picked":["Redo","Hologram"],"picked":"Coolheaded","floor":19.0},{"not_picked":["Darkness","Streamline"],"picked":"Chill","floor":22.0},{"not_picked":["Doom and Gloom","Ball Lightning+1"],"picked":"Chill","floor":28.0},{"not_picked":["Barrage","Stack","Beam Cell"],"picked":"SKIP","floor":29.0},{"not_picked":["Genetic Algorithm","Go for the Eyes"],"picked":"White Noise","floor":31.0},{"not_picked":["Echo Form","Electrodynamics"],"picked":"Biased Cognition","floor":33.0},{"not_picked":["BootSequence","Rip and Tear+1"],"picked":"Defragment","floor":35.0},{"not_picked":["Doom and Gloom","Go for the Eyes+1","Force Field"],"picked":"SKIP","floor":36.0},{"not_picked":["Steam Power+1","Beam Cell","Barrage"],"picked":"SKIP","floor":39.0},{"not_picked":["Cold Snap","BootSequence"],"picked":"Skim","floor":40.0},{"not_picked":["Sunder+1","Self Repair","Undo"],"picked":"SKIP","floor":42.0},{"not_picked":["Turbo","Go for the Eyes+1","Leap"],"picked":"SKIP","floor":45.0},{"not_picked":["Melter+1","Steam","Ball Lightning+1"],"picked":"SKIP","floor":48.0},{"not_picked":["Streamline+1","Steam Power","Go for the Eyes+1"],"picked":"SKIP","floor":55.0}],"player_experience":2738055,"relics_obtained":[{"floor":6.0,"key":"DataDisk"},{"floor":9.0,"key":"Bag of Preparation"},{"floor":19.0,"key":"Red Mask"},{"floor":20.0,"key":"Du-Vu Doll"},{"floor":40.0,"key":"Molten Egg 2"},{"floor":43.0,"key":"Ornamental Fan"},{"floor":45.0,"key":"Centennial Puzzle"},{"floor":55.0,"key":"Symbiotic Virus"}],"event_choices":[{"cards_removed":["Strike_B"],"damage_healed":0.0,"max_hp_gain":0.0,"max_hp_loss":0.0,"gold_gain":0.0,"event_name":"Purifier","player_choice":"Purged","floor":3.0,"gold_loss":0.0,"damage_taken":0.0},{"damage_healed":0.0,"max_hp_gain":0.0,"max_hp_loss":0.0,"gold_gain":0.0,"event_name":"Masked Bandits","player_choice":"Fought Bandits","floor":19.0,"gold_loss":0.0,"damage_taken":0.0},{"damage_healed":0.0,"max_hp_gain":0.0,"max_hp_loss":0.0,"gold_gain":0.0,"event_name":"The Library","player_choice":"Read","floor":24.0,"gold_loss":0.0,"damage_taken":0.0,"cards_obtained":["Consume"]},{"damage_healed":0.0,"max_hp_gain":0.0,"max_hp_loss":0.0,"gold_gain":0.0,"event_name":"Colosseum","player_choice":"Fight","floor":25.0,"gold_loss":0.0,"damage_taken":0.0},{"damage_healed":0.0,"max_hp_gain":0.0,"max_hp_loss":0.0,"gold_gain":0.0,"event_name":"Colosseum","player_choice":"Fled From Nobs","floor":25.0,"gold_loss":0.0,"damage_taken":0.0},{"damage_healed":0.0,"max_hp_gain":0.0,"max_hp_loss":0.0,"gold_gain":0.0,"event_name":"Vampires","player_choice":"Ignored","floor":30.0,"gold_loss":0.0,"damage_taken":0.0},{"damage_healed":0.0,"max_hp_gain":0.0,"max_hp_loss":4.0,"gold_gain":0.0,"event_name":"Winding Halls","player_choice":"Max HP","floor":37.0,"gold_loss":0.0,"damage_taken":0.0},{"damage_healed":0.0,"max_hp_gain":0.0,"max_hp_loss":0.0,"gold_gain":0.0,"event_name":"Accursed Blacksmith","player_choice":"Forge","floor":44.0,"gold_loss":0.0,"damage_taken":0.0,"cards_upgraded":["Defragment"]}],"is_beta":false,"boss_relics":[{"not_picked":["Inserter","Runic Dome"],"picked":"Runic Pyramid"},{"not_picked":["Snecko Eye","Calling Bell"],"picked":"Fusion Hammer"}],"items_purged_floors":[2,46],"is_endless":false,"potions_floor_spawned":[1,4,16,18,25,28,39,45,48],"ascension_level":20}