{"gold_per_floor":[117,134,284,41,41,106,106,139,163,238,256,268,268,3,3,79,79,94,107,157,32,46,46],"floor_reached":23,"playtime":660,"items_purged":["Doubt","Strike_B","Defend_B"],"score":448,"play_id":"5aa2793d-0a4b-4de9-a74a-5f65f6e3cf70","local_time":"20190101134958","is_ascension_mode":true,"campfire_choices":[{"data":"Zap","floor":7.0,"key":"SMITH"},{"floor":13.0,"key":"REST"},{"data":"Dualcast","floor":15.0,"key":"SMITH"}],"neow_cost":"NONE","seed_source_timestamp":7175334360614,"circlet_count":0,"master_deck":["AscendersBane","Strike_B","Defend_B+1","Defend_B","Zap+1","Dualcast+1","Recycle+1","Gash","All For One","Chill","Skim","Gash","Core Surge","Conserve Battery+1","Darkness+1","Defragment+1","Self Repair"],"special_seed":0,"relics":["Cracked Core","NeowsBlessing","Tiny Chest","Pear","Potion Belt","War Paint","Astrolabe"],"potions_floor_usage":[23],"damage_taken":[{"damage":0.0,"enemies":"Small Slimes","floor":1.0,"turns":1.0},{"damage":0.0,"enemies":"2 Louse","floor":2.0,"turns":1.0},{"damage":0.0,"enemies":"Gremlin Nob","floor":6.0,"turns":1.0},{"damage":47.0,"enemies":"Lagavulin","floor":8.0,"turns":7.0},{"damage":0.0,"enemies":"Jaw Worm","floor":11.0,"turns":3.0},{"damage":20.0,"enemies":"Large Slime","floor":12.0,"turns":6.0},{"damage":19.0,"enemies":"Hexaghost","floor":16.0,"turns":7.0},{"damage":0,"enemies":"3 Byrds","floor":18,"turns":4},{"damage":0,"enemies":"Chosen","floor":19,"turns":5},{"damage":16,"enemies":"Snecko","floor":22,"turns":5},{"damage":61,"enemies":"Slavers","floor":23,"turns":3}],"seed_played":"5786192374589041939","potions_obtained":[{"floor":1.0,"key":"Block Potion"},{"floor":2.0,"key":"SkillPotion"},{"floor":18,"key":"Block Potion"}],"is_trial":false,"path_per_floor":["M","M","?","$","?","E","R","E","T","?","M","M","R","$","R","B",null,"M","M","?","$","M","E"],"character_chosen":"DEFECT","items_purchased":["All For One","War Paint"],"campfire_rested":1,"item_purchase_floors":[4,14],"current_hp_per_floor":[64,64,64,64,69,69,69,32,32,21,21,1,26,26,26,7,66,66,66,66,66,57,0],"gold":46,"neow_bonus":"THREE_ENEMY_KILL","is_prod":false,"is_daily":false,"chose_seed":false,"campfire_upgraded":2,"win_rate":0,"timestamp":1546321798,"path_taken":["M","M","?","$","?","E","R","E","T","?","M","M","R","$","R","BOSS","M","M","?","$","M","E"],"build_version":"2018-12-20","purchased_purges":3,"victory":false,"max_hp_per_floor":[71,71,71,71,76,76,76,86,86,86,86,86,86,86,86,86,86,86,86,86,86,86,86],"card_choices":[{"not_picked":["Streamline","Conserve Battery"],"picked":"Recycle","floor":1.0},{"not_picked":["Streamline","Turbo"],"picked":"Gash","floor":2.0},{"not_picked":["Cold Snap","Leap"],"picked":"Chill","floor":6.0},{"not_picked":["Barrage","Force Field"],"picked":"Skim","floor":8.0},{"not_picked":["Sweeping Beam","Leap"],"picked":"Gash","floor":11.0},{"not_picked":["Barrage","Stack","Consume"],"picked":"SKIP","floor":12.0},{"not_picked":["Machine Learning","Reboot"],"picked":"Core Surge","floor":16.0},{"not_picked":["Hello World","Sunder","Chaos"],"picked":"SKIP","floor":18},{"not_picked":["Leap","Storm"],"picked":"Self Repair","floor":19},{"not_picked":["Heatsinks+1","Storm","Auto Shields"],"picked":"SKIP","floor":22}],"player_experience":1636871,"relics_obtained":[{"floor":6.0,"key":"Tiny Chest"},{"floor":8.0,"key":"Pear"},{"floor":9.0,"key":"Potion Belt"}],"event_choices":[{"damage_healed":0.0,"max_hp_gain":0.0,"max_hp_loss":0.0,"gold_gain":150.0,"event_name":"Liars Game","player_choice":"AGREE","floor":3.0,"gold_loss":0.0,"damage_taken":0.0,"cards_obtained":["Doubt"]},{"damage_healed":0.0,"max_hp_gain":5.0,"max_hp_loss":0.0,"gold_gain":0.0,"event_name":"Big Fish","player_choice":"Donut","floor":5.0,"gold_loss":0.0,"damage_taken":0.0},{"damage_healed":0.0,"max_hp_gain":0.0,"max_hp_loss":0.0,"gold_gain":75.0,"event_name":"World of Goop","player_choice":"Gather Gold","floor":10.0,"gold_loss":0.0,"damage_taken":11.0},{"damage_healed":0,"gold_gain":50,"player_choice":"Stole From Cult","damage_taken":0,"max_hp_gain":0,"max_hp_loss":0,"event_name":"Nest","floor":20,"gold_loss":0}],"is_beta":false,"boss_relics":[{"not_picked":["Pandora\u0027s Box","Runic Dome"],"picked":"Astrolabe"}],"items_purged_floors":[4,14,21],"is_endless":false,"potions_floor_spawned":[1,2,18],"killed_by":"Slavers","ascension_level":20}