{"gold_per_floor":[118,134,134,152,77,109,109,125,150,175,175,175,231,257,257,333,333,343,362,85,355,15,49,69,96,123,123,143,243,243,243,243,318,318,333,333,333,183,183,209,209,535,535,535,114,125,160,160,172,184,196,208,220,32,63,63],"floor_reached":57,"playtime":3512,"items_purged":["Pain","Strike_G","Strike_G","Decay","Strike_G","Defend_G"],"score":3480,"play_id":"583e6902-d18b-4011-9c63-68e1ead68aef","local_time":"20190703121548","is_ascension_mode":true,"campfire_choices":[{"data":"Noxious Fumes","floor":7.0,"key":"SMITH"},{"data":"Deadly Poison","floor":11.0,"key":"SMITH"},{"data":"Well Laid Plans","floor":15.0,"key":"SMITH"},{"data":"Calculated Gamble","floor":27.0,"key":"SMITH"},{"floor":32.0,"key":"REST"},{"data":"Footwork","floor":41.0,"key":"SMITH"},{"floor":44.0,"key":"RECALL"},{"data":"Neutralize","floor":49.0,"key":"SMITH"},{"data":"Grand Finale","floor":53.0,"key":"SMITH"}],"neow_cost":"NONE","seed_source_timestamp":43987103469418,"circlet_count":0,"master_deck":["AscendersBane","Defend_G","Defend_G","Defend_G","Defend_G+1","Survivor+1","Neutralize+1","Noxious Fumes+1","Well Laid Plans+1","Calculated Gamble+1","Footwork+1","Prepared+1","Reflex+1","Backflip+1","Concentrate+1","Acrobatics+1","Grand Finale+1","Outmaneuver+1","Burst+1","Wraith Form v2+1","Catalyst+1","Terror+1","Blur+1"],"special_seed":0,"relics":["Ring of the Snake","Regal Pillow","WarpedTongs","Oddly Smooth Stone","PreservedInsect","Strawberry","Juzu Bracelet","Toxic Egg 2","Orrery","Medical Kit","The Specimen","Boot","Bag of Marbles","Du-Vu Doll","Ornamental Fan","StoneCalendar","Astrolabe","Anchor","Old Coin","War Paint","Bag of Preparation","MawBank","Paper Crane"],"potions_floor_usage":[56,56,56,56],"damage_taken":[{"damage":2.0,"enemies":"2 Louse","floor":1.0,"turns":6.0},{"damage":3.0,"enemies":"Cultist","floor":2.0,"turns":5.0},{"damage":7.0,"enemies":"Small Slimes","floor":4.0,"turns":4.0},{"damage":27.0,"enemies":"Gremlin Nob","floor":6.0,"turns":4.0},{"damage":4.0,"enemies":"2 Fungi Beasts","floor":8.0,"turns":3.0},{"damage":0.0,"enemies":"Lagavulin","floor":10.0,"turns":7.0},{"damage":6.0,"enemies":"Gremlin Nob","floor":13.0,"turns":3.0},{"damage":0.0,"enemies":"3 Sentries","floor":14.0,"turns":7.0},{"damage":0.0,"enemies":"The Guardian","floor":16.0,"turns":11.0},{"damage":2.0,"enemies":"Spheric Guardian","floor":18.0,"turns":5.0},{"damage":16.0,"enemies":"3 Byrds","floor":19.0,"turns":7.0},{"damage":0.0,"enemies":"Book of Stabbing","floor":23.0,"turns":4.0},{"damage":0.0,"enemies":"Shelled Parasite and Fungi","floor":24.0,"turns":5.0},{"damage":0.0,"enemies":"Gremlin Leader","floor":25.0,"turns":3.0},{"damage":6.0,"enemies":"Cultist and Chosen","floor":28.0,"turns":3.0},{"damage":0.0,"enemies":"Colosseum Slavers","floor":29.0,"turns":1.0},{"damage":0.0,"enemies":"Colosseum Nobs","floor":29.0,"turns":1.0},{"damage":0.0,"enemies":"Automaton","floor":33.0,"turns":6.0},{"damage":4.0,"enemies":"Orb Walker","floor":35.0,"turns":5.0},{"damage":21.0,"enemies":"Nemesis","floor":40.0,"turns":7.0},{"damage":4.0,"enemies":"Reptomancer","floor":42.0,"turns":4.0},{"damage":0.0,"enemies":"3 Darklings","floor":46.0,"turns":4.0},{"damage":5.0,"enemies":"Nemesis","floor":47.0,"turns":7.0},{"damage":9.0,"enemies":"Time Eater","floor":50.0,"turns":16.0},{"damage":0.0,"enemies":"Donu and Deca","floor":51.0,"turns":11.0},{"damage":1,"enemies":"Shield and Spear","floor":55,"turns":7},{"damage":0,"enemies":"The Heart","floor":56,"turns":11}],"seed_played":"8432414166595437073","potions_obtained":[{"floor":4.0,"key":"Fire Potion"},{"floor":8.0,"key":"EssenceOfSteel"},{"floor":10.0,"key":"SteroidPotion"},{"floor":13.0,"key":"GamblersBrew"},{"floor":16.0,"key":"SmokeBomb"},{"floor":19.0,"key":"Dexterity Potion"},{"floor":29.0,"key":"GhostInAJar"},{"floor":33.0,"key":"AttackPotion"},{"floor":35.0,"key":"PowerPotion"},{"floor":39.0,"key":"EntropicBrew"}],"is_trial":false,"path_per_floor":["M","M","?","M","$","E","R","M","T","E","R","?","?","E","R","B",null,"M","M","$","?","$","E","M","E","T","R","M","?","T","?","R","B",null,"M","?","?","$","?","E","R","E","T","R","$","M","E","T","R","B","B",null,"R","$","E","B",null],"character_chosen":"THE_SILENT","items_purchased":["Grand Finale","Medical Kit","War Paint","Blur+1"],"campfire_rested":1,"item_purchase_floors":[20,22,45,45],"current_hp_per_floor":[57,54,54,47,47,20,20,16,16,23,23,23,17,17,17,17,59,57,41,41,13,13,13,13,13,13,13,7,7,7,7,43,43,66,62,62,62,62,62,41,41,37,37,37,37,37,32,32,32,23,23,58,58,58,57,57],"gold":63,"neow_bonus":"RANDOM_COMMON_RELIC","is_prod":false,"is_daily":false,"chose_seed":false,"campfire_upgraded":7,"win_rate":0,"timestamp":1562127348,"path_taken":["M","M","?","?","$","E","R","M","T","E","R","?","?","E","R","BOSS","M","M","$","?","?","E","M","E","T","R","M","?","?","?","R","BOSS","M","?","?","$","?","E","R","E","T","R","$","M","E","?","R","BOSS","BOSS","R","$","E","BOSS"],"build_version":"2019-07-01","purchased_purges":6,"victory":true,"max_hp_per_floor":[66,66,66,66,66,66,66,66,66,73,73,73,73,73,73,73,73,73,73,73,73,73,73,73,73,73,73,73,73,73,73,73,73,73,73,69,69,69,69,69,69,69,69,69,69,69,69,69,69,69,69,69,69,69,69,69],"card_choices":[{"not_picked":["Slice","Quick Slash"],"picked":"Noxious Fumes","floor":1.0},{"not_picked":["Reflex","Catalyst"],"picked":"Deadly Poison","floor":2.0},{"not_picked":["Flying Knee","Outmaneuver"],"picked":"Well Laid Plans","floor":4.0},{"not_picked":["Flying Knee","Prepared"],"picked":"Calculated Gamble","floor":6.0},{"not_picked":["Backstab","Accuracy","Bane"],"picked":"SKIP","floor":8.0},{"not_picked":["Backstab","Accuracy","Bane"],"picked":"SKIP","floor":8.0},{"not_picked":["Crippling Poison","Masterful Stab","Bane"],"picked":"SKIP","floor":10.0},{"not_picked":["Bane","All Out Attack"],"picked":"Footwork","floor":13.0},{"not_picked":["Blade Dance","Acrobatics"],"picked":"Prepared","floor":14.0},{"not_picked":["Sucker Punch","Dagger Throw"],"picked":"Reflex+1","floor":17.0},{"not_picked":["Bane","Quick Slash"],"picked":"Backflip+1","floor":17.0},{"not_picked":["Calculated Gamble+1","Terror+1"],"picked":"Concentrate+1","floor":17.0},{"not_picked":["Flying Knee","Expertise+1"],"picked":"Acrobatics+1","floor":18.0},{"not_picked":["Calculated Gamble+1","Underhanded Strike","Slice"],"picked":"SKIP","floor":19.0},{"not_picked":["Sucker Punch+1","Flying Knee","Tools of the Trade"],"picked":"SKIP","floor":23.0},{"not_picked":["Caltrops","Accuracy","Quick Slash"],"picked":"SKIP","floor":24.0},{"not_picked":["Well Laid Plans+1","Dagger Spray"],"picked":"Outmaneuver+1","floor":25.0},{"not_picked":["Bane","PiercingWail+1","Dagger Throw"],"picked":"SKIP","floor":28.0},{"not_picked":["Doppelganger+1","Venomology+1"],"picked":"Burst+1","floor":33.0},{"not_picked":["Flying Knee","Backflip+1","Deflect+1"],"picked":"SKIP","floor":35.0},{"not_picked":["Choke","Deadly Poison+1","Flying Knee"],"picked":"SKIP","floor":40.0},{"not_picked":["Caltrops","Blade Dance+1","Deflect+1"],"picked":"SKIP","floor":42.0},{"not_picked":["Backstab","Escape Plan+1","Deadly Poison+1"],"picked":"SKIP","floor":46.0},{"not_picked":["Slice","Dodge and Roll+1","Bouncing Flask+1"],"picked":"SKIP","floor":47.0},{"not_picked":["Corpse Explosion+1","Dagger Throw+1","Outmaneuver+1"],"picked":"SKIP","floor":55},{"not_picked":["Corpse Explosion+1","Dagger Throw+1","Outmaneuver+1"],"picked":"SKIP","floor":55}],"player_experience":1510734,"relics_obtained":[{"floor":6.0,"key":"Oddly Smooth Stone"},{"floor":9.0,"key":"PreservedInsect"},{"floor":10.0,"key":"Strawberry"},{"floor":13.0,"key":"Juzu Bracelet"},{"floor":14.0,"key":"Toxic Egg 2"},{"floor":23.0,"key":"The Specimen"},{"floor":25.0,"key":"Boot"},{"floor":26.0,"key":"Bag of Marbles"},{"floor":29.0,"key":"Du-Vu Doll"},{"floor":29.0,"key":"Ornamental Fan"},{"floor":30.0,"key":"StoneCalendar"},{"floor":40.0,"key":"Anchor"},{"floor":42.0,"key":"Old Coin"},{"floor":47.0,"key":"Bag of Preparation"},{"floor":48.0,"key":"MawBank"},{"floor":55,"key":"Paper Crane"}],"event_choices":[{"damage_healed":0.0,"max_hp_gain":0.0,"max_hp_loss":0.0,"gold_gain":0.0,"event_name":"Accursed Blacksmith","player_choice":"Rummage","floor":3.0,"gold_loss":0.0,"damage_taken":0.0,"relics_obtained":["WarpedTongs"],"cards_obtained":["Pain"]},{"damage_healed":0.0,"max_hp_gain":0.0,"max_hp_loss":0.0,"gold_gain":0.0,"event_name":"Liars Game","player_choice":"Ignored","floor":12.0,"gold_loss":0.0,"damage_taken":0.0},{"damage_healed":0.0,"max_hp_gain":0.0,"max_hp_loss":0.0,"gold_gain":0.0,"event_name":"Dead Adventurer","player_choice":"Searched \u00272\u0027 times","floor":13.0,"gold_loss":0.0,"damage_taken":0.0},{"damage_healed":0.0,"max_hp_gain":0.0,"max_hp_loss":0.0,"gold_gain":270.0,"event_name":"Knowing Skull","player_choice":"GOLD GOLD GOLD ","floor":21.0,"potions_obtained":[],"gold_loss":0.0,"damage_taken":28.0,"cards_obtained":[]},{"damage_healed":0.0,"max_hp_gain":0.0,"max_hp_loss":0.0,"gold_gain":0.0,"event_name":"Colosseum","player_choice":"Fight","floor":29.0,"gold_loss":0.0,"damage_taken":0.0},{"damage_healed":0.0,"max_hp_gain":0.0,"max_hp_loss":0.0,"gold_gain":0.0,"event_name":"Colosseum","player_choice":"Fought Nobs","floor":29.0,"gold_loss":0.0,"damage_taken":0.0},{"damage_healed":0.0,"max_hp_gain":0.0,"max_hp_loss":0.0,"gold_gain":0.0,"event_name":"Forgotten Altar","player_choice":"Smashed Altar","floor":31.0,"gold_loss":0.0,"damage_taken":0.0,"cards_obtained":["Decay"]},{"damage_healed":0.0,"max_hp_gain":0.0,"max_hp_loss":4.0,"gold_gain":0.0,"event_name":"Winding Halls","player_choice":"Max HP","floor":36.0,"gold_loss":0.0,"damage_taken":0.0},{"damage_healed":0.0,"max_hp_gain":0.0,"max_hp_loss":0.0,"gold_gain":0.0,"event_name":"Duplicator","player_choice":"Ignored","floor":37.0,"gold_loss":0.0,"damage_taken":0.0},{"damage_healed":0.0,"max_hp_gain":0.0,"max_hp_loss":0.0,"gold_gain":0.0,"event_name":"Lab","player_choice":"Got Potions","floor":39.0,"gold_loss":0.0,"damage_taken":0.0}],"is_beta":false,"boss_relics":[{"not_picked":["HoveringKite","Pandora\u0027s Box"],"picked":"Orrery"},{"not_picked":["Ring of the Serpent","Runic Pyramid"],"picked":"Astrolabe"}],"items_purged_floors":[5,20,22,38,45,54],"is_endless":false,"potions_floor_spawned":[4,8,10,13,16,19,24,25,29,33,35,46,55],"ascension_level":20}