{"gold_per_floor":[109,109,109,119,135,135,163,163,189,202,214,249,263,32,32,129,129,142,69,69,2,2,35,35,69,131,163,194,19,19,19,19,19],"floor_reached":33,"playtime":1724,"items_purged":["Strike_R"],"score":318,"play_id":"9c16a87a-4595-49b2-882a-bb5dc2bfc813","local_time":"20190722092028","is_ascension_mode":false,"campfire_choices":[{"data":"Shrug It Off","floor":6,"key":"SMITH"},{"floor":8,"key":"REST"},{"data":"Limit Break","floor":15,"key":"SMITH"},{"data":"Shame","floor":24,"key":"PURGE"},{"data":"Seeing Red","floor":30,"key":"SMITH"},{"data":"Flex","floor":32,"key":"SMITH"}],"neow_cost":"NONE","seed_source_timestamp":1060706751176283,"circlet_count":0,"master_deck":["Strike_R","Strike_R","Strike_R","Strike_R","Defend_R","Defend_R","Defend_R","Defend_R","Battle Trance+1","Shrug It Off+1","Body Slam","Limit Break","Heavy Blade","Limit Break+1","Flex+1","Seeing Red+1","Barricade","Inflame","Inflame","Shrug It Off","Pommel Strike","Ghostly Armor","Shrug It Off+1","Iron Wave","Metallicize","Ghostly Armor"],"relics":["Burning Blood","Lantern","Red Skull","Bag of Preparation","Peace Pipe","PreservedInsect","Coffee Dripper","Oddly Smooth Stone","Bronze Scales","MawBank","Boot"],"potions_floor_usage":[7,12,23,23,33,33,33],"damage_taken":[{"damage":20,"enemies":"Jaw Worm","floor":1,"turns":4},{"damage":1,"enemies":"Cultist","floor":4,"turns":3},{"damage":6,"enemies":"2 Louse","floor":5,"turns":3},{"damage":50,"enemies":"Lagavulin","floor":7,"turns":11},{"damage":4,"enemies":"Blue Slaver","floor":10,"turns":4},{"damage":2,"enemies":"Looter","floor":11,"turns":4},{"damage":17,"enemies":"3 Sentries","floor":12,"turns":8},{"damage":8,"enemies":"Large Slime","floor":13,"turns":3},{"damage":4,"enemies":"The Guardian","floor":16,"turns":5},{"damage":37,"enemies":"2 Thieves","floor":18,"turns":5},{"damage":18,"enemies":"Gremlin Leader","floor":23,"turns":5},{"damage":36,"enemies":"Slavers","floor":25,"turns":3},{"damage":1,"enemies":"3 Byrds","floor":27,"turns":3},{"damage":1,"enemies":"Sentry and Sphere","floor":28,"turns":3},{"damage":20,"enemies":"Collector","floor":33,"turns":2}],"seed_played":"2542987903224030737","potions_obtained":[{"floor":1,"key":"SpeedPotion"},{"floor":7,"key":"SkillPotion"},{"floor":10,"key":"Strength Potion"},{"floor":16,"key":"Dexterity Potion"},{"floor":25,"key":"Poison Potion"},{"floor":27,"key":"Explosive Potion"},{"floor":28,"key":"Block Potion"}],"is_trial":false,"path_per_floor":["M","?","?","M","M","R","E","R","T","M","M","E","M","$","R","B",null,"M","$","?","$","?","E","R","E","T","M","M","$","R","$","R","B"],"character_chosen":"IRONCLAD","items_purchased":["PreservedInsect","Seeing Red","Inflame","Inflame","Metallicize","Ghostly Armor"],"campfire_rested":1,"item_purchase_floors":[14,14,19,21,29,29],"current_hp_per_floor":[66,59,59,64,64,64,20,44,44,46,50,39,37,37,37,39,80,49,49,49,49,49,37,37,7,7,12,17,17,17,17,17,0],"gold":19,"neow_bonus":"RANDOM_COMMON_RELIC","is_prod":false,"is_daily":false,"chose_seed":false,"campfire_upgraded":4,"win_rate":0.0,"timestamp":1563776428,"path_taken":["M","?","?","M","M","R","E","R","T","M","M","E","M","$","R","BOSS","M","?","?","$","?","E","R","E","T","M","M","$","R","$","R","BOSS"],"build_version":"2019-07-17","purchased_purges":1,"victory":false,"max_hp_per_floor":[80,80,80,80,80,80,80,80,80,80,80,80,80,80,80,80,80,80,80,80,80,80,80,80,80,80,80,80,80,80,80,80,80],"card_choices":[{"not_picked":["Second Wind","Heavy Blade"],"picked":"Battle Trance","floor":1},{"not_picked":["Carnage","Power Through"],"picked":"Shrug It Off","floor":4},{"not_picked":["Headbutt","Searing Blow"],"picked":"Body Slam","floor":5},{"not_picked":["Pommel Strike","Twin Strike"],"picked":"Limit Break","floor":7},{"not_picked":["Clash","Whirlwind","Wild Strike"],"picked":"SKIP","floor":10},{"not_picked":["Body Slam","Headbutt"],"picked":"Heavy Blade","floor":11},{"not_picked":["Rampage","Rupture"],"picked":"Limit Break","floor":12},{"not_picked":["Dropkick","Burning Pact"],"picked":"Flex","floor":13},{"not_picked":["Bludgeon","Brutality"],"picked":"Barricade","floor":16},{"not_picked":["Heavy Blade","Clash","Feel No Pain"],"picked":"SKIP","floor":18},{"not_picked":["Fire Breathing","Intimidate"],"picked":"Pommel Strike","floor":23},{"not_picked":["Perfected Strike","Rage"],"picked":"Ghostly Armor","floor":25},{"not_picked":["Disarm+1","Sever Soul+1"],"picked":"Shrug It Off+1","floor":27},{"not_picked":["Anger","Sever Soul"],"picked":"Iron Wave","floor":28}],"player_experience":66069,"relics_obtained":[{"floor":7,"key":"Red Skull"},{"floor":9,"key":"Bag of Preparation"},{"floor":12,"key":"Peace Pipe"},{"floor":23,"key":"Bronze Scales"},{"floor":25,"key":"MawBank"},{"floor":26,"key":"Boot"}],"event_choices":[{"cards_removed":["Bash"],"damage_healed":0,"gold_gain":0,"player_choice":"Card Removal","damage_taken":7,"max_hp_gain":0,"max_hp_loss":0,"event_name":"Golden Wing","floor":2,"gold_loss":0},{"damage_healed":0,"gold_gain":0,"player_choice":"Upgraded","damage_taken":0,"max_hp_gain":0,"max_hp_loss":0,"event_name":"Upgrade Shrine","floor":3,"gold_loss":0,"cards_upgraded":["Battle Trance"]},{"damage_healed":0,"gold_gain":0,"player_choice":"Stole Relic","damage_taken":0,"relics_obtained":["Oddly Smooth Stone"],"max_hp_gain":0,"max_hp_loss":0,"event_name":"Addict","floor":20,"gold_loss":0,"cards_obtained":["Shame"]},{"damage_healed":0,"gold_gain":0,"player_choice":"Read","damage_taken":0,"max_hp_gain":0,"max_hp_loss":0,"event_name":"The Library","floor":22,"gold_loss":0,"cards_obtained":["Shrug It Off"]}],"is_beta":false,"boss_relics":[{"not_picked":["Orrery","White Beast Statue"],"picked":"Coffee Dripper"}],"items_purged_floors":[29],"is_endless":false,"potions_floor_spawned":[1,7,10,16,25,27,28],"killed_by":"Collector","ascension_level":0}