{"gold_per_floor":[110,110,130,140,152,152,168,199,225,225,259,272,272,307,307,307],"floor_reached":16,"playtime":445,"items_purged":[],"score":244,"play_id":"65de9ae9-242e-47d1-9343-0c324df3a511","local_time":"20190615114418","is_ascension_mode":true,"campfire_choices":[{"data":"Turbo","floor":6.0,"key":"SMITH"},{"floor":13.0,"key":"REST"},{"data":"Loop","floor":15.0,"key":"SMITH"}],"neow_cost":"NONE","seed_source_timestamp":94556406111524,"circlet_count":0,"master_deck":["AscendersBane","Strike_B","Strike_B","Strike_B+1","Strike_B","Defend_B","Defend_B","Defend_B","Defend_B","Zap","Dualcast","Ball Lightning+1","Skim","Coolheaded","Turbo+1","Self Repair","Core Surge","Loop+1","Seek"],"special_seed":0,"relics":["Black Star","Whetstone","Centennial Puzzle","Bag of Preparation","Golden Idol","Anchor","Ice Cream","Girya","Cables"],"potions_floor_usage":[],"damage_taken":[{"damage":7.0,"enemies":"Small Slimes","floor":1.0,"turns":3.0},{"damage":7.0,"enemies":"Jaw Worm","floor":3.0,"turns":3.0},{"damage":3.0,"enemies":"2 Louse","floor":4.0,"turns":3.0},{"damage":5.0,"enemies":"2 Fungi Beasts","floor":5.0,"turns":4.0},{"damage":11.0,"enemies":"Looter","floor":7.0,"turns":3.0},{"damage":15.0,"enemies":"Gremlin Nob","floor":8.0,"turns":3.0},{"damage":22.0,"enemies":"3 Sentries","floor":11.0,"turns":6.0},{"damage":2.0,"enemies":"Red Slaver","floor":12.0,"turns":4.0},{"damage":7.0,"enemies":"Lagavulin","floor":14.0,"turns":7.0},{"damage":39,"enemies":"Hexaghost","floor":16,"turns":7}],"seed_played":"7992468568668453387","potions_obtained":[{"floor":1.0,"key":"GamblersBrew"},{"floor":3.0,"key":"FearPotion"},{"floor":11.0,"key":"Regen Potion"},{"floor":14.0,"key":"Explosive Potion"}],"is_trial":false,"path_per_floor":["M","?","M","M","M","R","M","E","T","?","E","M","R","E","R","B"],"character_chosen":"DEFECT","items_purchased":[],"campfire_rested":1,"item_purchase_floors":[],"current_hp_per_floor":[57,57,50,47,42,42,31,23,23,23,1,18,37,37,37,0],"gold":307,"neow_bonus":"BOSS_RELIC","is_prod":false,"is_daily":false,"chose_seed":false,"campfire_upgraded":2,"win_rate":0,"timestamp":1560566658,"path_taken":["M","?","M","M","M","R","M","E","T","?","E","M","R","E","R","BOSS"],"build_version":"2019-01-23","purchased_purges":0,"victory":false,"max_hp_per_floor":[71,71,71,71,71,71,71,71,71,64,64,64,64,64,64,64],"card_choices":[{"not_picked":["Reinforced Body","Undo"],"picked":"Ball Lightning","floor":1.0},{"not_picked":["Gash","Stack"],"picked":"Skim","floor":3.0},{"not_picked":["Go for the Eyes","Melter"],"picked":"Coolheaded","floor":4.0},{"not_picked":["Coolheaded","Stack"],"picked":"Turbo","floor":5.0},{"not_picked":["Coolheaded","Beam Cell"],"picked":"Self Repair","floor":7.0},{"not_picked":["Leap","Turbo"],"picked":"Core Surge","floor":8.0},{"not_picked":["Go for the Eyes","Force Field"],"picked":"Loop","floor":11.0},{"not_picked":["Self Repair","Melter","Go for the Eyes"],"picked":"SKIP","floor":12.0},{"not_picked":["Force Field","Redo"],"picked":"Seek","floor":14.0}],"player_experience":600528,"relics_obtained":[{"floor":8.0,"key":"Whetstone"},{"floor":8.0,"key":"Centennial Puzzle"},{"floor":9.0,"key":"Bag of Preparation"},{"floor":11.0,"key":"Anchor"},{"floor":11.0,"key":"Ice Cream"},{"floor":14.0,"key":"Girya"},{"floor":14.0,"key":"Cables"}],"event_choices":[{"damage_healed":0.0,"max_hp_gain":0.0,"max_hp_loss":0.0,"gold_gain":0.0,"event_name":"Liars Game","player_choice":"Ignored","floor":2.0,"gold_loss":0.0,"damage_taken":0.0},{"damage_healed":0.0,"max_hp_gain":0.0,"max_hp_loss":7.0,"gold_gain":0.0,"event_name":"Golden Idol","player_choice":"Lose Max HP","floor":10.0,"gold_loss":0.0,"damage_taken":0.0,"relics_obtained":["Golden Idol"]}],"is_beta":false,"boss_relics":[],"items_purged_floors":[],"is_endless":false,"potions_floor_spawned":[1,3,11,14],"killed_by":"Hexaghost","ascension_level":20}