{"gold_per_floor":[109,122,122,141,161,161,191,116,162,182,210,224,299,299,299,299],"floor_reached":16,"playtime":427,"items_purged":["Strike_R"],"score":224,"play_id":"978fb3c2-9ee9-4808-be13-d02a1539231d","local_time":"20181115204754","is_ascension_mode":true,"campfire_choices":[{"data":"Whirlwind","floor":6,"key":"SMITH"},{"floor":15,"key":"REST"}],"neow_cost":"PERCENT_DAMAGE","seed_source_timestamp":1331615668873661,"circlet_count":0,"master_deck":["AscendersBane","Strike_R","Strike_R","Defend_R","Defend_R","Defend_R","Bash","Intimidate","Seeing Red","Whirlwind+1","Flex","Feed","Battle Trance"],"relics":["Burning Blood","Ornamental Fan","PreservedInsect"],"potions_floor_usage":[2,7,11,11],"damage_taken":[{"damage":4,"enemies":"2 Louse","floor":1,"turns":3},{"damage":7,"enemies":"Cultist","floor":2,"turns":4},{"damage":1,"enemies":"Small Slimes","floor":4,"turns":4},{"damage":9,"enemies":"Looter","floor":5,"turns":3},{"damage":23,"enemies":"Lagavulin","floor":7,"turns":7},{"damage":11,"enemies":"Exordium Wildlife","floor":10,"turns":4},{"damage":10,"enemies":"Gremlin Nob","floor":11,"turns":3},{"damage":24,"enemies":"Large Slime","floor":12,"turns":4},{"damage":28,"enemies":"Hexaghost","floor":16,"turns":4}],"seed_played":"-1435861844632307653","potions_obtained":[{"floor":2,"key":"Fruit Juice"},{"floor":4,"key":"Block Potion"},{"floor":7,"key":"Strength Potion"},{"floor":10,"key":"AttackPotion"}],"is_trial":false,"path_per_floor":["M","M","?","M","M","R","E","$","T","M","E","M","?","?","R","B"],"character_chosen":"IRONCLAD","items_purchased":[],"campfire_rested":1,"item_purchase_floors":[],"current_hp_per_floor":[52,56,56,61,58,58,41,41,41,36,32,14,3,3,27,0],"gold":299,"neow_bonus":"REMOVE_TWO","is_prod":false,"is_daily":false,"chose_seed":false,"campfire_upgraded":1,"win_rate":0,"timestamp":1542286074,"path_taken":["M","M","?","M","?","R","E","$","T","M","E","M","?","?","R","BOSS"],"build_version":"2018-11-14","purchased_purges":1,"victory":false,"max_hp_per_floor":[75,80,80,80,80,80,80,80,80,80,80,80,80,80,80,80],"card_choices":[{"not_picked":["Thunderclap","Havoc"],"picked":"Intimidate","floor":1},{"not_picked":["Infernal Blade","Warcry"],"picked":"Seeing Red","floor":2},{"not_picked":["Reckless Charge","Cleave"],"picked":"Whirlwind","floor":4},{"not_picked":["True Grit","Cleave"],"picked":"Flex","floor":5},{"not_picked":["Warcry","Clothesline","True Grit"],"picked":"SKIP","floor":7},{"not_picked":["Cleave","Anger","Warcry"],"picked":"SKIP","floor":10},{"not_picked":["Rage","Body Slam"],"picked":"Feed","floor":11},{"not_picked":["Sword Boomerang","Headbutt"],"picked":"Battle Trance","floor":12}],"player_experience":492331,"relics_obtained":[{"floor":7,"key":"Ornamental Fan"},{"floor":11,"key":"PreservedInsect"}],"event_choices":[{"cards_removed":["Strike_R"],"damage_healed":0,"gold_gain":0,"player_choice":"Purged","damage_taken":0,"max_hp_gain":0,"max_hp_loss":0,"event_name":"Purifier","floor":3,"gold_loss":0},{"damage_healed":0,"gold_gain":75,"player_choice":"Gather Gold","damage_taken":11,"max_hp_gain":0,"max_hp_loss":0,"event_name":"World of Goop","floor":13,"gold_loss":0},{"damage_healed":0,"gold_gain":0,"player_choice":"Ignored","damage_taken":0,"max_hp_gain":0,"max_hp_loss":0,"event_name":"Liars Game","floor":14,"gold_loss":0}],"is_beta":true,"boss_relics":[],"items_purged_floors":[8],"is_endless":false,"potions_floor_spawned":[2,4,7,10],"killed_by":"Hexaghost","ascension_level":20}