{"gold_per_floor":[109,19,30,2,16,16,42,7,85,85,10,10,22,52,52,131,131,147,147,160,176,230,230,230],"floor_reached":24,"playtime":664,"items_purged":["Strike_G"],"score":408,"play_id":"c8a3db1d-3af0-42c1-b090-9fa4af371a08","local_time":"20181227221107","is_ascension_mode":true,"campfire_choices":[{"data":"Deadly Poison","floor":6.0,"key":"SMITH"},{"data":"Well Laid Plans","floor":12.0,"key":"SMITH"},{"floor":15.0,"key":"REST"},{"floor":23,"key":"REST"}],"neow_cost":"NONE","seed_source_timestamp":37220389622062,"circlet_count":0,"master_deck":["AscendersBane","Defend_G","Defend_G","Defend_G","Defend_G+1","Defend_G","Strike_G","Strike_G","Strike_G","Strike_G+1","Survivor","Neutralize","Backstab","Well Laid Plans+1","Cloak And Dagger","Deadly Poison+1","Masterful Stab","Venomology","Skewer","Adrenaline","Well Laid Plans"],"special_seed":0,"relics":["Ring of the Snake","NeowsBlessing","Lantern","Ornamental Fan","Ice Cream","HoveringKite","Bag of Marbles"],"potions_floor_usage":[19,19,21],"damage_taken":[{"damage":0.0,"enemies":"Cultist","floor":1.0,"turns":1.0},{"damage":0.0,"enemies":"2 Louse","floor":3.0,"turns":1.0},{"damage":0.0,"enemies":"Jaw Worm","floor":5.0,"turns":1.0},{"damage":13.0,"enemies":"Lagavulin","floor":7.0,"turns":6.0},{"damage":0.0,"enemies":"2 Fungi Beasts","floor":13.0,"turns":3.0},{"damage":33.0,"enemies":"Gremlin Nob","floor":14.0,"turns":4.0},{"damage":16.0,"enemies":"Slime Boss","floor":16.0,"turns":7.0},{"damage":0.0,"enemies":"Chosen","floor":18.0,"turns":3.0},{"damage":6,"enemies":"Colosseum Slavers","floor":19,"turns":6},{"damage":39,"enemies":"Spheric Guardian","floor":20,"turns":7},{"damage":17,"enemies":"Centurion and Healer","floor":21,"turns":6},{"damage":5,"enemies":"Book of Stabbing","floor":24,"turns":2}],"seed_played":"5104559732911287962","potions_obtained":[{"floor":5.0,"key":"GamblersBrew"},{"floor":16.0,"key":"PowerPotion"}],"is_trial":false,"path_per_floor":["M","$","M","$","M","R","E","?","T","?","$","R","M","E","R","B",null,"M","?","M","M","T","R","E"],"character_chosen":"THE_SILENT","items_purchased":["Well Laid Plans","Deadly Poison"],"campfire_rested":2,"item_purchase_floors":[2,4],"current_hp_per_floor":[59,59,59,59,59,59,46,62,62,42,42,42,42,9,28,12,53,53,47,8,6,6,25,20],"gold":230,"neow_bonus":"THREE_ENEMY_KILL","is_prod":false,"is_daily":false,"chose_seed":false,"campfire_upgraded":2,"win_rate":0,"timestamp":1545919867,"path_taken":["M","$","M","$","?","R","E","?","T","?","?","R","M","E","R","BOSS","M","?","M","M","?","R","E"],"build_version":"2018-12-20","purchased_purges":1,"victory":false,"max_hp_per_floor":[66,66,66,66,66,66,66,66,66,66,66,66,66,66,66,66,66,66,66,66,66,66,66,66],"card_choices":[{"not_picked":["Dagger Throw","Sucker Punch"],"picked":"Backstab","floor":1.0},{"not_picked":["Finisher","Underhanded Strike"],"picked":"Cloak And Dagger","floor":3.0},{"not_picked":["Flying Knee","Concentrate","Masterful Stab"],"picked":"SKIP","floor":5.0},{"not_picked":["Flying Knee","Concentrate"],"picked":"Masterful Stab","floor":5.0},{"not_picked":["Escape Plan","Blade Dance"],"picked":"Venomology","floor":7.0},{"not_picked":["Dagger Throw","Outmaneuver","Cloak And Dagger"],"picked":"SKIP","floor":13.0},{"not_picked":["Flying Knee","PiercingWail"],"picked":"Skewer","floor":14.0},{"not_picked":["Tools of the Trade","Malaise"],"picked":"Adrenaline","floor":16.0},{"not_picked":["Underhanded Strike","Blade Dance"],"picked":"Well Laid Plans","floor":18.0},{"not_picked":["Blur","Deflect","Cloak And Dagger"],"picked":"SKIP","floor":20},{"not_picked":["Dagger Spray","Poisoned Stab","Riddle With Holes"],"picked":"SKIP","floor":21}],"player_experience":1535964,"relics_obtained":[{"floor":7.0,"key":"Lantern"},{"floor":9.0,"key":"Ornamental Fan"},{"floor":14.0,"key":"Ice Cream"},{"floor":22,"key":"Bag of Marbles"}],"event_choices":[{"damage_healed":16.0,"max_hp_gain":0.0,"max_hp_loss":0.0,"gold_gain":0.0,"event_name":"The Cleric","player_choice":"Healed","floor":8.0,"gold_loss":35.0,"damage_taken":0.0},{"damage_healed":0.0,"max_hp_gain":0.0,"max_hp_loss":0.0,"gold_gain":0.0,"event_name":"Shining Light","player_choice":"Entered Light","floor":10.0,"gold_loss":0.0,"damage_taken":20.0,"cards_upgraded":["Defend_G","Strike_G"]},{"damage_healed":0,"gold_gain":0,"player_choice":"Fight","damage_taken":0,"max_hp_gain":0,"max_hp_loss":0,"event_name":"Colosseum","floor":19,"gold_loss":0},{"damage_healed":0,"gold_gain":0,"player_choice":"Fled From Nobs","damage_taken":0,"max_hp_gain":0,"max_hp_loss":0,"event_name":"Colosseum","floor":19,"gold_loss":0}],"is_beta":false,"boss_relics":[{"not_picked":["Tiny House","Calling Bell"],"picked":"HoveringKite"}],"items_purged_floors":[11],"is_endless":false,"potions_floor_spawned":[5,16,19],"killed_by":"Book of Stabbing","ascension_level":20}