{"gold_per_floor":[112,9,159,179,229,255,255,290,290,290,45,63,79,91,91,167,167,186,204,4,22,41,41,61,61,110,110,110,54,54,54,54,125,125,140,153,166,166,12,12,42,42,42,58,91,91,141,155,155,155],"floor_reached":50,"playtime":3996,"items_purged":["Doubt","Strike_B"],"score":1220,"play_id":"75d9bf0a-dee0-4c83-a69c-3a19e30e6180","local_time":"20190109200857","is_ascension_mode":true,"campfire_choices":[{"data":"Discovery","floor":7.0,"key":"SMITH"},{"data":"Hologram","floor":10.0,"key":"SMITH"},{"data":"Discovery","floor":15.0,"key":"SMITH"},{"floor":23.0,"key":"REST"},{"data":"Defragment","floor":25.0,"key":"SMITH"},{"data":"Buffer","floor":27.0,"key":"SMITH"},{"floor":32.0,"key":"REST"},{"data":"Fission","floor":40.0,"key":"SMITH"},{"data":"Discovery","floor":46.0,"key":"SMITH"},{"floor":49.0,"key":"RECALL"}],"neow_cost":"NONE","seed_source_timestamp":24223284365540,"circlet_count":0,"master_deck":["AscendersBane","Strike_B","Defend_B","Defend_B","Defend_B","Defend_B","Zap","Dualcast","Rip and Tear","Discovery+1","Hologram+1","Self Repair","Meteor Strike","Discovery+1","Self Repair","Undo","Turbo","Genetic Algorithm","Turbo","Buffer+1","Discovery+1","Defragment+1","Chill","Leap","Steam+1","Decay","White Noise","Thunder Strike","Core Surge","Chill+1","Fission+1","Discovery","Reprogram","Reinforced Body","Coolheaded","Core Surge","Reinforced Body"],"special_seed":0,"relics":["Cracked Core","NeowsBlessing","Prayer Wheel","Centennial Puzzle","Runic Pyramid","Pen Nib","Cursed Key","Potion Belt","Art of War"],"potions_floor_usage":[50],"damage_taken":[{"damage":0.0,"enemies":"Small Slimes","floor":1.0,"turns":1.0},{"damage":0.0,"enemies":"Cultist","floor":4.0,"turns":1.0},{"damage":0.0,"enemies":"Gremlin Nob","floor":6.0,"turns":1.0},{"damage":28.0,"enemies":"Lagavulin","floor":8.0,"turns":5.0},{"damage":0.0,"enemies":"Jaw Worm","floor":12.0,"turns":2.0},{"damage":8.0,"enemies":"3 Louse","floor":13.0,"turns":6.0},{"damage":0.0,"enemies":"Blue Slaver","floor":14.0,"turns":4.0},{"damage":43.0,"enemies":"Slime Boss","floor":16.0,"turns":12.0},{"damage":16.0,"enemies":"Chosen","floor":18.0,"turns":5.0},{"damage":23.0,"enemies":"2 Thieves","floor":19.0,"turns":4.0},{"damage":19.0,"enemies":"Chosen and Byrds","floor":21.0,"turns":8.0},{"damage":19.0,"enemies":"Snake Plant","floor":22.0,"turns":4.0},{"damage":28.0,"enemies":"Cultist and Chosen","floor":24.0,"turns":11.0},{"damage":23.0,"enemies":"Automaton","floor":33.0,"turns":11.0},{"damage":6.0,"enemies":"Orb Walker","floor":35.0,"turns":4.0},{"damage":14.0,"enemies":"3 Darklings","floor":36.0,"turns":6.0},{"damage":28.0,"enemies":"Transient","floor":37.0,"turns":6.0},{"damage":0.0,"enemies":"Nemesis","floor":41.0,"turns":13.0},{"damage":11.0,"enemies":"Sphere and 2 Shapes","floor":44.0,"turns":8.0},{"damage":0.0,"enemies":"Giant Head","floor":45.0,"turns":13.0},{"damage":10.0,"enemies":"Writhing Mass","floor":48.0,"turns":5.0},{"damage":67,"enemies":"Time Eater","floor":50,"turns":29}],"seed_played":"7094157226120877101","potions_obtained":[{"floor":1.0,"key":"Poison Potion"},{"floor":4.0,"key":"SteroidPotion"},{"floor":8.0,"key":"Regen Potion"},{"floor":16.0,"key":"PowerPotion"},{"floor":22.0,"key":"AttackPotion"},{"floor":33.0,"key":"AttackPotion"},{"floor":37.0,"key":"SteroidPotion"},{"floor":45.0,"key":"LiquidBronze"}],"is_trial":false,"path_per_floor":["M","$","?","M","?","E","R","E","T","R","$","M","M","M","R","B",null,"M","M","$","M","M","R","M","R","T","R","?","$","?","$","R","B",null,"M","M","M","?","$","R","E","?","T","M","E","R","?","M","R","B"],"character_chosen":"DEFECT","items_purchased":["Discovery","Discovery","Self Repair","Discovery","PowerPotion","Discovery","Weak Potion"],"campfire_rested":2,"item_purchase_floors":[2,11,11,20,29,39,39],"current_hp_per_floor":[64,64,64,64,57,57,57,36,36,36,36,36,35,49,49,20,58,56,33,33,29,10,31,24,24,24,24,24,24,24,24,45,36,62,70,70,56,56,56,56,70,67,67,67,67,67,67,64,64,0],"gold":155,"neow_bonus":"THREE_ENEMY_KILL","is_prod":false,"is_daily":false,"chose_seed":false,"campfire_upgraded":7,"win_rate":0,"timestamp":1547035737,"path_taken":["M","$","?","M","?","E","R","E","T","R","$","M","M","M","R","BOSS","M","M","?","?","M","R","M","R","T","R","?","$","?","$","R","BOSS","M","M","M","?","$","R","E","?","T","M","E","R","?","M","R","BOSS"],"build_version":"2019-01-03v4","purchased_purges":2,"victory":false,"max_hp_per_floor":[71,71,71,71,71,71,71,71,71,71,71,71,71,71,71,71,71,71,71,71,71,71,71,71,71,71,71,71,71,71,71,71,71,71,71,71,71,71,71,71,71,67,67,67,67,67,67,67,67,67],"card_choices":[{"not_picked":["Auto Shields","Cold Snap"],"picked":"Rip and Tear","floor":1.0},{"not_picked":["Redo","Stack"],"picked":"Hologram","floor":4.0},{"not_picked":["Redo","Hologram"],"picked":"Self Repair","floor":6.0},{"not_picked":["Redo","Undo"],"picked":"Meteor Strike","floor":8.0},{"not_picked":["Beam Cell","Aggregate"],"picked":"Undo","floor":12.0},{"not_picked":["Steam Power","Gash","Redo"],"picked":"SKIP","floor":12.0},{"not_picked":["Steam Power","Gash","Redo"],"picked":"SKIP","floor":12.0},{"not_picked":["Go for the Eyes","Barrage"],"picked":"Turbo","floor":13.0},{"not_picked":["Barrage","Sunder"],"picked":"Genetic Algorithm","floor":13.0},{"not_picked":["Go for the Eyes","Streamline"],"picked":"Turbo","floor":14.0},{"not_picked":["Storm","Streamline","Conserve Battery"],"picked":"SKIP","floor":14.0},{"not_picked":["Thunder Strike","Machine Learning"],"picked":"Buffer","floor":16.0},{"not_picked":["Hologram","Double Energy","Gash+1"],"picked":"SKIP","floor":18.0},{"not_picked":["Loop","Turbo","Barrage"],"picked":"SKIP","floor":18.0},{"not_picked":["Tempest","Ball Lightning","Stack"],"picked":"SKIP","floor":19.0},{"not_picked":["Lockon+1","Cold Snap","Steam"],"picked":"SKIP","floor":19.0},{"not_picked":["Leap","Stack"],"picked":"Defragment","floor":21.0},{"not_picked":["Steam Power","Coolheaded"],"picked":"Chill","floor":21.0},{"not_picked":["Compile Driver","Sweeping Beam","Storm"],"picked":"SKIP","floor":22.0},{"not_picked":["Ball Lightning","Machine Learning","Compile Driver"],"picked":"SKIP","floor":22.0},{"not_picked":["Streamline","Steam"],"picked":"Leap","floor":24.0},{"not_picked":["Scrape","Genetic Algorithm"],"picked":"Steam+1","floor":24.0},{"not_picked":["Creative AI","All For One"],"picked":"Core Surge","floor":33.0},{"not_picked":["Steam Power","Melter+1","Go for the Eyes"],"picked":"SKIP","floor":35.0},{"not_picked":["Auto Shields","Chaos","Barrage+1"],"picked":"SKIP","floor":35.0},{"not_picked":["Gash","Sweeping Beam+1"],"picked":"Chill+1","floor":36.0},{"not_picked":["Compile Driver","Undo","Barrage"],"picked":"SKIP","floor":36.0},{"not_picked":["Compile Driver+1","Aggregate"],"picked":"Fission","floor":37.0},{"not_picked":["Sweeping Beam","Genetic Algorithm","Redo"],"picked":"SKIP","floor":37.0},{"not_picked":["Melter","Conserve Battery+1"],"picked":"Reprogram","floor":41.0},{"not_picked":["Steam","Coolheaded"],"picked":"Reinforced Body","floor":44.0},{"not_picked":["Chaos","Steam Power+1"],"picked":"Coolheaded","floor":44.0},{"not_picked":["Sweeping Beam","Beam Cell+1"],"picked":"Core Surge","floor":45.0},{"not_picked":["Steam","Stack"],"picked":"Reinforced Body","floor":48.0},{"not_picked":["Rip and Tear","Doom and Gloom","Beam Cell"],"picked":"SKIP","floor":48.0}],"player_experience":1885847,"relics_obtained":[{"floor":6.0,"key":"Prayer Wheel"},{"floor":8.0,"key":"Centennial Puzzle"},{"floor":26.0,"key":"Pen Nib"},{"floor":41.0,"key":"Potion Belt"},{"floor":45.0,"key":"Art of War"}],"event_choices":[{"damage_healed":0.0,"max_hp_gain":0.0,"max_hp_loss":0.0,"gold_gain":150.0,"event_name":"Liars Game","player_choice":"AGREE","floor":3.0,"gold_loss":0.0,"damage_taken":0.0,"cards_obtained":["Doubt"]},{"damage_healed":0.0,"max_hp_gain":0.0,"max_hp_loss":0.0,"gold_gain":50.0,"event_name":"FaceTrader","player_choice":"Touch","floor":5.0,"gold_loss":0.0,"damage_taken":7.0},{"damage_healed":0.0,"max_hp_gain":0.0,"max_hp_loss":0.0,"gold_gain":0.0,"event_name":"Forgotten Altar","player_choice":"Smashed Altar","floor":28.0,"gold_loss":0.0,"damage_taken":0.0,"cards_obtained":["Decay"]},{"damage_healed":0.0,"max_hp_gain":0.0,"max_hp_loss":0.0,"gold_gain":0.0,"cards_transformed":["Strike_B","Strike_B"],"event_name":"Drug Dealer","player_choice":"Became Test Subject","floor":30.0,"gold_loss":0.0,"damage_taken":0.0,"cards_obtained":["White Noise","Thunder Strike"]},{"damage_healed":0.0,"max_hp_gain":0.0,"max_hp_loss":0.0,"gold_gain":0.0,"event_name":"Tomb of Lord Red Mask","player_choice":"Ignored","floor":38.0,"gold_loss":0.0,"damage_taken":0.0},{"damage_healed":0.0,"max_hp_gain":0.0,"max_hp_loss":4.0,"gold_gain":0.0,"event_name":"Winding Halls","player_choice":"Max HP","floor":42.0,"gold_loss":0.0,"damage_taken":0.0},{"damage_healed":0.0,"max_hp_gain":0.0,"max_hp_loss":0.0,"gold_gain":50.0,"event_name":"Golden Shrine","player_choice":"Pray","floor":47.0,"gold_loss":0.0,"damage_taken":0.0}],"is_beta":false,"boss_relics":[{"not_picked":["Runic Dome","Black Star"],"picked":"Runic Pyramid"},{"not_picked":["Tiny House","White Beast Statue"],"picked":"Cursed Key"}],"items_purged_floors":[11,20],"is_endless":false,"potions_floor_spawned":[1,4,8,16,18,22,33,37,45],"killed_by":"Time Eater","ascension_level":20}