{"gold_per_floor":[112,131,56,56,74,74,149,49,75,75,113,113,178,178,178,271,271,291,314,333,3,21,39,39,53,80,101,101,101,132,152,152,247,247,265,285,285,135,135,135,90,114,114,114],"floor_reached":44,"playtime":3839,"items_purged":["Strike_G","Defend_G","Strike_G","Strike_G"],"score":956,"play_id":"8139e059-a350-4c50-9fbe-0bbbb3b04402","local_time":"20181230154655","is_ascension_mode":true,"campfire_choices":[{"data":"Bouncing Flask","floor":6.0,"key":"SMITH"},{"data":"Neutralize","floor":10.0,"key":"SMITH"},{"data":"Leg Sweep","floor":12.0,"key":"SMITH"},{"data":"Escape Plan","floor":15.0,"key":"SMITH"},{"data":"Caltrops","floor":24.0,"key":"SMITH"},{"data":"Caltrops","floor":29.0,"key":"SMITH"},{"floor":32.0,"key":"RECALL"},{"data":"Wraith Form v2","floor":40.0,"key":"SMITH"}],"neow_cost":"TEN_PERCENT_HP_LOSS","seed_source_timestamp":9532353505596,"circlet_count":0,"master_deck":["AscendersBane","Defend_G","Defend_G","Defend_G","Strike_G","Survivor","Neutralize+1","Bouncing Flask+1","Leg Sweep+1","Escape Plan+1","Tools of the Trade","Caltrops+1","Apotheosis","Reflex","Caltrops+1","Night Terror","Underhanded Strike","Infinite Blades","Wraith Form v2+1","Cloak And Dagger","Catalyst"],"special_seed":0,"relics":["Ring of the Snake","Golden Idol","Potion Belt","Meat on the Bone","Kunai","PreservedInsect","Snecko Eye","Centennial Puzzle","Coffee Dripper","Bottled Lightning"],"potions_floor_usage":[44,44],"damage_taken":[{"damage":1.0,"enemies":"Cultist","floor":1.0,"turns":5.0},{"damage":2.0,"enemies":"Jaw Worm","floor":2.0,"turns":6.0},{"damage":0.0,"enemies":"Small Slimes","floor":5.0,"turns":4.0},{"damage":10.0,"enemies":"Lagavulin","floor":11.0,"turns":5.0},{"damage":20.0,"enemies":"Lagavulin Event","floor":13.0,"turns":5.0},{"damage":19.0,"enemies":"Hexaghost","floor":16.0,"turns":9.0},{"damage":7.0,"enemies":"Chosen","floor":18.0,"turns":5.0},{"damage":0.0,"enemies":"Spheric Guardian","floor":19.0,"turns":3.0},{"damage":3.0,"enemies":"Snake Plant","floor":20.0,"turns":4.0},{"damage":0.0,"enemies":"Chosen and Byrds","floor":22.0,"turns":5.0},{"damage":0.0,"enemies":"Snecko","floor":23.0,"turns":6.0},{"damage":10.0,"enemies":"Shelled Parasite and Fungi","floor":25.0,"turns":6.0},{"damage":1.0,"enemies":"Centurion and Healer","floor":27.0,"turns":9.0},{"damage":0.0,"enemies":"Gremlin Leader","floor":30.0,"turns":6.0},{"damage":9.0,"enemies":"Snake Plant","floor":31.0,"turns":3.0},{"damage":22.0,"enemies":"Champ","floor":33.0,"turns":14.0},{"damage":1.0,"enemies":"3 Darklings","floor":35.0,"turns":7.0},{"damage":0.0,"enemies":"Orb Walker","floor":36.0,"turns":5.0},{"damage":23.0,"enemies":"Writhing Mass","floor":42.0,"turns":4.0},{"damage":37,"enemies":"Reptomancer","floor":44,"turns":2}],"seed_played":"-3217153984665066832","potions_obtained":[{"floor":16.0,"key":"PowerPotion"},{"floor":19.0,"key":"Poison Potion"},{"floor":22.0,"key":"Poison Potion"},{"floor":25.0,"key":"GamblersBrew"},{"floor":42.0,"key":"Fire Potion"}],"is_trial":false,"path_per_floor":["M","M","$","?","M","R","?","$","T","R","E","R","?","T","R","B",null,"M","M","M","$","M","M","R","M","T","M","?","R","E","M","R","B",null,"M","M","?","$","?","R","$","M","T","E"],"character_chosen":"THE_SILENT","items_purchased":["Apotheosis","Catalyst"],"campfire_rested":0,"item_purchase_floors":[21,41],"current_hp_per_floor":[58,56,56,54,54,54,43,43,43,43,33,33,25,25,25,18,45,38,38,35,35,35,35,35,37,37,36,36,36,36,39,39,29,48,47,47,47,47,47,47,47,36,36,0],"gold":114,"neow_bonus":"REMOVE_TWO","is_prod":false,"is_daily":false,"chose_seed":false,"campfire_upgraded":7,"win_rate":0,"timestamp":1546156015,"path_taken":["M","?","?","?","M","R","?","$","T","R","E","R","?","?","R","BOSS","M","?","M","$","M","M","R","M","T","M","?","R","E","M","R","BOSS","M","M","?","$","?","R","$","M","T","E"],"build_version":"2018-12-20","purchased_purges":4,"victory":false,"max_hp_per_floor":[60,60,60,54,54,54,54,54,54,54,54,54,54,54,54,54,54,54,54,54,54,54,54,54,54,54,54,54,54,54,54,54,54,54,54,54,54,54,54,54,54,54,54,54],"card_choices":[{"not_picked":["Blade Dance","Dodge and Roll"],"picked":"Bouncing Flask","floor":1.0},{"not_picked":["Outmaneuver","Underhanded Strike"],"picked":"Leg Sweep","floor":2.0},{"not_picked":["Poisoned Stab","Prepared","Dodge and Roll"],"picked":"SKIP","floor":5.0},{"not_picked":["A Thousand Cuts","Predator"],"picked":"Escape Plan","floor":11.0},{"not_picked":["Unload","A Thousand Cuts"],"picked":"Tools of the Trade","floor":16.0},{"not_picked":["Bane","Blur"],"picked":"Caltrops","floor":18.0},{"not_picked":["Sucker Punch+1","Expertise","Dagger Spray"],"picked":"SKIP","floor":19.0},{"not_picked":["Dagger Spray","Expertise","Poisoned Stab"],"picked":"SKIP","floor":20.0},{"not_picked":["Calculated Gamble","Dodge and Roll"],"picked":"Reflex","floor":22.0},{"not_picked":["Poisoned Stab+1","Deflect","Deadly Poison+1"],"picked":"SKIP","floor":23.0},{"not_picked":["Backflip","Slice+1"],"picked":"Caltrops","floor":25.0},{"not_picked":["Prepared+1","Endless Agony"],"picked":"Night Terror","floor":27.0},{"not_picked":["Deflect","Concentrate+1","Flying Knee"],"picked":"SKIP","floor":30.0},{"not_picked":["Deflect","Terror"],"picked":"Infinite Blades","floor":31.0},{"not_picked":["Malaise","Die Die Die"],"picked":"Wraith Form v2","floor":33.0},{"not_picked":["Slice","Distraction+1"],"picked":"Cloak And Dagger","floor":35.0},{"not_picked":["Prepared","Blade Dance","Sucker Punch"],"picked":"SKIP","floor":36.0},{"not_picked":["Deadly Poison","Poisoned Stab+1","Setup"],"picked":"SKIP","floor":42.0}],"player_experience":1592313,"relics_obtained":[{"floor":9.0,"key":"Potion Belt"},{"floor":11.0,"key":"Meat on the Bone"},{"floor":13.0,"key":"Kunai"},{"floor":14.0,"key":"PreservedInsect"},{"floor":30.0,"key":"Centennial Puzzle"},{"floor":43.0,"key":"Bottled Lightning"}],"event_choices":[{"damage_healed":0.0,"max_hp_gain":0.0,"max_hp_loss":6.0,"gold_gain":0.0,"event_name":"Golden Idol","player_choice":"Lose Max HP","floor":4.0,"gold_loss":0.0,"damage_taken":0.0,"relics_obtained":["Golden Idol"]},{"damage_healed":0.0,"max_hp_gain":0.0,"max_hp_loss":0.0,"gold_gain":75.0,"event_name":"World of Goop","player_choice":"Gather Gold","floor":7.0,"gold_loss":0.0,"damage_taken":11.0},{"damage_healed":0.0,"max_hp_gain":0.0,"max_hp_loss":0.0,"gold_gain":30.0,"event_name":"Dead Adventurer","player_choice":"Searched \u00273\u0027 times","floor":13.0,"gold_loss":0.0,"damage_taken":0.0},{"damage_healed":0.0,"max_hp_gain":0.0,"max_hp_loss":0.0,"gold_gain":0.0,"event_name":"The Library","player_choice":"Read","floor":28.0,"gold_loss":0.0,"damage_taken":0.0,"cards_obtained":["Underhanded Strike"]},{"damage_healed":0.0,"max_hp_gain":0.0,"max_hp_loss":0.0,"gold_gain":0.0,"event_name":"Mysterious Sphere","player_choice":"Ignored","floor":37.0,"gold_loss":0.0,"damage_taken":0.0},{"damage_healed":0.0,"max_hp_gain":0.0,"max_hp_loss":0.0,"gold_gain":0.0,"event_name":"SensoryStone","player_choice":"Memory 1","floor":39.0,"gold_loss":0.0,"damage_taken":0.0}],"is_beta":false,"boss_relics":[{"not_picked":["Eternal Feather","Lizard Tail"],"picked":"Snecko Eye"},{"not_picked":["Orrery","Tiny House"],"picked":"Coffee Dripper"}],"items_purged_floors":[3,8,21,38],"is_endless":false,"potions_floor_spawned":[16,19,22,25,27,30,31,42],"killed_by":"Reptomancer","ascension_level":20}