{"path_per_floor":["M","?","M","?","M","E","M","M","T","M","?","M","R","$","R","B",null,"M","?","$","M","$","R","E","M","T","M","R","M","R","E","R"],"character_chosen":"IRONCLAD","items_purchased":["Meat on the Bone","Vajra"],"gold_per_floor":[116,291,311,311,321,354,366,378,378,390,390,405,405,148,148,247,247,266,266,36,53,53,53,79,89,115,131,131,146,146,179,179],"floor_reached":33,"campfire_rested":2,"playtime":1307,"current_hp_per_floor":[78,78,70,70,71,34,35,28,28,29,26,16,16,16,40,21,80,76,76,76,76,76,76,52,53,53,50,50,54,78,61,61],"items_purged":["Doubt"],"gold":179,"score":289,"play_id":"5352a763-6bc3-40df-afa5-0779723b4857","local_time":"20180318175929","is_prod":false,"is_daily":false,"is_ascension_mode":false,"campfire_upgraded":0,"timestamp":1521392369,"path_taken":["M","?","M","?","M","E","M","M","T","M","?","M","R","$","R","BOSS","M","?","$","M","$","R","E","?","T","M","R","M","R","E","R","BOSS"],"build_version":"2018-03-15v3","purchased_purges":1,"victory":false,"master_deck":["Strike_R","Strike_R","Strike_R","Strike_R","Strike_R","Defend_R","Defend_R","Bash","Clumsy","Thunderclap","Armaments","Whirlwind+1","Headbutt","Reckless Charge+1","Carnage+1","Demon Form","Headbutt+1","Warcry+1","Clothesline+1","Shrug It Off+1","Dropkick+1"],"max_hp_per_floor":[80,80,80,80,80,80,80,80,80,80,80,80,80,80,80,80,80,80,80,80,80,80,80,80,80,80,80,80,80,80,80,80],"relics":["Burning Blood","Ice Cream","Girya","Peace Pipe","Dead Branch","Meat on the Bone","Philosopher\u0027s Stone","Vajra","Bronze Scales","Whetstone","Singing Bowl"],"card_choices":[{"not_picked":["Havoc","Shockwave"],"picked":"Thunderclap"},{"not_picked":["Twin Strike","Immolate"],"picked":"Armaments"},{"not_picked":["Second Wind","Entrench"],"picked":"Whirlwind"},{"not_picked":["Perfected Strike","Burning Pact"],"picked":"Headbutt"},{"not_picked":["Second Wind","Flame Barrier"],"picked":"Reckless Charge"},{"not_picked":["Rage","Twin Strike"],"picked":"Carnage"},{"not_picked":["Barricade","Offering"],"picked":"Demon Form"},{"not_picked":["Burning Pact","Clash"],"picked":"Headbutt"},{"not_picked":["Combust","Twin Strike"],"picked":"Warcry"},{"not_picked":["Anger","Perfected Strike"],"picked":"Clothesline"},{"not_picked":["Anger","Wild Strike"],"picked":"Shrug It Off"},{"not_picked":["Sever Soul","Searing Blow"],"picked":"Dropkick"}],"player_experience":170382,"potions_floor_usage":[21,27,27,33],"damage_taken":[{"damage":8.0,"enemies":"2 Louse","floor":1.0,"turns":3.0},{"damage":14.0,"enemies":"Small Slimes","floor":3.0,"turns":4.0},{"damage":5.0,"enemies":"Cultist","floor":5.0,"turns":4.0},{"damage":43.0,"enemies":"3 Sentries","floor":6.0,"turns":8.0},{"damage":5.0,"enemies":"Looter","floor":7.0,"turns":4.0},{"damage":13.0,"enemies":"2 Fungi Beasts","floor":8.0,"turns":3.0},{"damage":5.0,"enemies":"3 Louse","floor":10.0,"turns":3.0},{"damage":16.0,"enemies":"Exordium Thugs","floor":12.0,"turns":5.0},{"damage":37.0,"enemies":"Slime Boss","floor":16.0,"turns":9.0},{"damage":10.0,"enemies":"Spheric Guardian","floor":18.0,"turns":3.0},{"damage":6,"enemies":"2 Thieves","floor":21,"turns":2},{"damage":42,"enemies":"Slavers","floor":24,"turns":3},{"damage":17,"enemies":"Snecko","floor":25,"turns":3},{"damage":9,"enemies":"Snake Plant","floor":27,"turns":3},{"damage":14,"enemies":"Centurion and Healer","floor":29,"turns":2},{"damage":23,"enemies":"Gremlin Leader","floor":31,"turns":4},{"damage":79,"enemies":"Champ","floor":33,"turns":5}],"event_choices":[{"event_name":"Liars Game","player_choice":"agreed","floor":2.0,"damage_taken":0.0},{"event_name":"Purifier","player_choice":"One Purge","floor":4.0,"damage_taken":0.0},{"event_name":"Scrap Ooze","player_choice":"success","floor":11.0,"damage_taken":3.0},{"event_name":"Upgrade Shrine","player_choice":"Upgraded","floor":19.0,"damage_taken":0.0}],"boss_relics":[],"potions_floor_spawned":[5,6,8,12,18,21,25,27],"seed_played":"-3982490072305123918","killed_by":"Champ","ascension_level":0,"is_trial":false}