{"gold_per_floor":[18,32,32,32,57,57,73,73,73,73,88,88,33,108,108,108],"floor_reached":16,"playtime":309,"items_purged":[],"score":176,"play_id":"510b1d6e-14c4-42eb-8923-f9f44837ad44","local_time":"20180924010558","is_ascension_mode":true,"campfire_choices":[{"data":"Feel No Pain","floor":6,"key":"SMITH"},{"data":"Fiend Fire","floor":8,"key":"SMITH"},{"floor":12,"key":"REST"},{"data":"Flex","floor":15,"key":"SMITH"}],"neow_cost":"NO_GOLD","seed_source_timestamp":218192103150689,"circlet_count":0,"master_deck":["Strike_R","Strike_R","Strike_R","Strike_R","Strike_R","Defend_R","Defend_R","Defend_R","Defend_R","Bash","AscendersBane","Feel No Pain+1","Evolve","Fiend Fire+1","Flex+1"],"relics":["Burning Blood","WingedGreaves","Golden Idol","Juzu Bracelet","Art of War"],"potions_floor_usage":[11,11],"damage_taken":[{"damage":7,"enemies":"Cultist","floor":1,"turns":4},{"damage":7,"enemies":"Jaw Worm","floor":2,"turns":4},{"damage":11,"enemies":"2 Louse","floor":5,"turns":3},{"damage":37,"enemies":"Large Slime","floor":7,"turns":11},{"damage":14,"enemies":"Lots of Slimes","floor":11,"turns":2},{"damage":0,"enemies":"Hexaghost","floor":16,"turns":1}],"seed_played":"7643370159508899064","potions_obtained":[{"floor":1,"key":"LiquidBronze"},{"floor":7,"key":"PowerPotion"}],"is_trial":false,"path_per_floor":["M","M","?","?","M","R","M","R","T","T","M","R","$","?","R"],"character_chosen":"IRONCLAD","items_purchased":["Flex"],"campfire_rested":1,"item_purchase_floors":[13],"current_hp_per_floor":[67,66,66,66,61,61,30,30,30,30,22,42,42,31,31,31],"gold":108,"neow_bonus":"ONE_RARE_RELIC","is_prod":false,"is_daily":false,"chose_seed":false,"campfire_upgraded":3,"win_rate":0,"timestamp":1537722358,"path_taken":["M","?","?","?","M","R","M","R","T","?","M","R","$","?","R","BOSS"],"build_version":"2018-09-20","purchased_purges":0,"victory":false,"max_hp_per_floor":[75,75,68,68,68,68,68,68,68,68,68,68,68,68,68,68],"card_choices":[{"not_picked":["True Grit","Anger"],"picked":"Feel No Pain","floor":1},{"not_picked":["Body Slam","Heavy Blade"],"picked":"Evolve","floor":2},{"not_picked":["Wild Strike","Heavy Blade","Armaments"],"picked":"SKIP","floor":5},{"not_picked":["Feel No Pain","Seeing Red"],"picked":"Fiend Fire","floor":7},{"not_picked":["Clothesline","Pommel Strike","Iron Wave"],"picked":"SKIP","floor":11}],"player_experience":114782,"relics_obtained":[{"floor":9,"key":"Juzu Bracelet"},{"floor":10,"key":"Art of War"}],"event_choices":[{"event_name":"Golden Idol","player_choice":"Lose Max HP","floor":3,"damage_taken":0},{"event_name":"The Cleric","player_choice":"Leave","floor":4,"damage_taken":0},{"event_name":"World of Goop","player_choice":"Gather Gold","floor":14,"damage_taken":0}],"is_beta":false,"boss_relics":[],"items_purged_floors":[],"is_endless":false,"potions_floor_spawned":[1,7],"killed_by":"Hexaghost","ascension_level":19}