{"gold_per_floor":[118,145,145,55,75,108,137,62,107,107,107,107,47,63,63,63],"floor_reached":16,"playtime":398,"items_purged":["Strike_G"],"score":242,"play_id":"8e71de94-143f-4e6c-9d8b-a7e85ffe3940","local_time":"20181117231718","is_ascension_mode":true,"campfire_choices":[{"data":"A Thousand Cuts","floor":10.0,"key":"SMITH"},{"data":"Concentrate","floor":15,"key":"SMITH"}],"neow_cost":"NONE","seed_source_timestamp":0,"circlet_count":0,"master_deck":["AscendersBane","Defend_G","Defend_G","Defend_G","Defend_G","Defend_G","Strike_G","Strike_G","Survivor","Neutralize","A Thousand Cuts+1","Concentrate+1","Expertise","Prepared","Footwork"],"special_seed":0,"relics":["Ring of the Snake","NeowsBlessing","Dream Catcher","StoneCalendar","Odd Mushroom","Snake Skull","The Courier"],"potions_floor_usage":[16],"damage_taken":[{"damage":0.0,"enemies":"Cultist","floor":1.0,"turns":1.0},{"damage":0.0,"enemies":"Small Slimes","floor":5.0,"turns":1.0},{"damage":0.0,"enemies":"3 Sentries","floor":6.0,"turns":2.0},{"damage":57.0,"enemies":"The Mushroom Lair","floor":7.0,"turns":6.0},{"damage":0,"enemies":"2 Louse","floor":14,"turns":5},{"damage":6,"enemies":"Hexaghost","floor":16,"turns":9}],"seed_played":"-7224693179475190049","potions_obtained":[{"floor":6.0,"key":"Regen Potion"},{"floor":7.0,"key":"AttackPotion"}],"is_trial":false,"path_per_floor":["M","T","?","$","M","E","?","$","T","R","?","?","$","M","R","B"],"character_chosen":"THE_SILENT","items_purchased":["Concentrate","Footwork"],"campfire_rested":0,"item_purchase_floors":[4,13],"current_hp_per_floor":[59,59,59,59,59,59,16,16,16,16,16,5,5,5,5,0],"gold":63,"neow_bonus":"THREE_ENEMY_KILL","is_prod":false,"is_daily":false,"chose_seed":false,"campfire_upgraded":2,"win_rate":0,"timestamp":1542467838,"path_taken":["M","?","?","$","?","E","?","$","T","R","?","?","$","M","R","BOSS"],"build_version":"2018-11-15","purchased_purges":1,"victory":false,"max_hp_per_floor":[66,66,66,66,66,66,66,66,66,66,66,66,66,66,66,66],"card_choices":[{"not_picked":["Quick Slash","Choke","Poisoned Stab"],"picked":"SKIP","floor":1.0},{"not_picked":["Endless Agony","Sucker Punch","Poisoned Stab"],"picked":"SKIP","floor":5.0},{"not_picked":["Prepared","Flying Knee"],"picked":"Expertise","floor":6.0},{"not_picked":["Bane","Poisoned Stab"],"picked":"Prepared","floor":7.0},{"not_picked":["Endless Agony","Heel Hook","Blur"],"picked":"SKIP","floor":14}],"player_experience":518318,"relics_obtained":[{"floor":2.0,"key":"Dream Catcher"},{"floor":6.0,"key":"StoneCalendar"},{"floor":7.0,"key":"Odd Mushroom"},{"floor":9.0,"key":"Snake Skull"}],"event_choices":[{"damage_healed":0.0,"max_hp_gain":0.0,"max_hp_loss":0.0,"gold_gain":0.0,"cards_transformed":["Strike_G"],"event_name":"Transmorgrifier","player_choice":"Transformed","floor":3.0,"gold_loss":0.0,"damage_taken":0.0,"cards_obtained":["A Thousand Cuts"]},{"damage_healed":0.0,"max_hp_gain":0.0,"max_hp_loss":0.0,"gold_gain":0.0,"event_name":"Mushrooms","player_choice":"Fought Mushrooms","floor":7.0,"gold_loss":0.0,"damage_taken":0.0},{"cards_removed":["Strike_G"],"damage_healed":0,"gold_gain":0,"player_choice":"Forget","damage_taken":0,"max_hp_gain":0,"max_hp_loss":0,"event_name":"Living Wall","floor":11,"gold_loss":0},{"damage_healed":0,"gold_gain":0,"player_choice":"Success","damage_taken":11,"relics_obtained":["The Courier"],"max_hp_gain":0,"max_hp_loss":0,"event_name":"Scrap Ooze","floor":12,"gold_loss":0}],"is_beta":true,"boss_relics":[],"items_purged_floors":[8],"is_endless":false,"potions_floor_spawned":[6,7],"killed_by":"Hexaghost","ascension_level":20}