{"gold_per_floor":[110,110,68,68,68,95,95,421,421,421,433,433,67,78,78,153,153,173,193,193,193,206,206,241,241,267,299,224,224,253,269,269,344,344,354,354,371,424,177,177,207,226,226,226,258,271,306,94,94,94,94,94,94,15,46,46],"floor_reached":57,"playtime":2393,"items_purged":["Dagger Spray"],"score":3629,"play_id":"8b8a126b-4d30-40e5-bff5-50ece23bbb46","local_time":"20190327222647","is_ascension_mode":true,"campfire_choices":[{"data":"Deadly Poison","floor":7.0,"key":"SMITH"},{"data":"Well Laid Plans","floor":10.0,"key":"SMITH"},{"data":"Caltrops","floor":12.0,"key":"SMITH"},{"data":"Bouncing Flask","floor":15.0,"key":"SMITH"},{"data":"Neutralize","floor":23.0,"key":"SMITH"},{"floor":25.0,"key":"RECALL"},{"floor":32.0,"key":"REST"},{"data":"Grand Finale","floor":40.0,"key":"SMITH"},{"data":"Leg Sweep","floor":44.0,"key":"SMITH"},{"data":"Reflex","floor":49.0,"key":"SMITH"},{"data":"Survivor","floor":53.0,"key":"SMITH"}],"neow_cost":"NONE","seed_source_timestamp":35932020387940,"circlet_count":0,"master_deck":["AscendersBane","Survivor+1","Neutralize+1","Well Laid Plans+1","Deadly Poison+1","Caltrops+1","Noxious Fumes+1","Bouncing Flask+1","Grand Finale+1","Catalyst+1","Tools of the Trade+1","Glass Knife","Caltrops+1","Finisher","Leg Sweep+1","Prepared+1","Backflip+1","Backflip+1","Acrobatics+1","Concentrate+1","Reflex+1","AscendersBane"],"special_seed":0,"relics":["Ring of the Snake","NeowsBlessing","FossilizedHelix","Potion Belt","Old Coin","PreservedInsect","Frozen Egg 2","Pandora\u0027s Box","Bottled Tornado","Snake Skull","Turnip","Enchiridion","Ornamental Fan","Coffee Dripper","Bird Faced Urn","Bag of Preparation","Strawberry","Vajra","Anchor","DollysMirror","Blood Vial"],"potions_floor_usage":[55,56,56,56,56],"damage_taken":[{"damage":0.0,"enemies":"Jaw Worm","floor":1.0,"turns":1.0},{"damage":0.0,"enemies":"Lagavulin","floor":6.0,"turns":1.0},{"damage":0.0,"enemies":"3 Sentries","floor":8.0,"turns":1.0},{"damage":0.0,"enemies":"2 Louse","floor":11.0,"turns":2.0},{"damage":0.0,"enemies":"Small Slimes","floor":14.0,"turns":3.0},{"damage":3.0,"enemies":"Hexaghost","floor":16.0,"turns":9.0},{"damage":0.0,"enemies":"Chosen","floor":18.0,"turns":4.0},{"damage":11.0,"enemies":"2 Thieves","floor":19.0,"turns":3.0},{"damage":0.0,"enemies":"Snecko","floor":22.0,"turns":4.0},{"damage":10.0,"enemies":"Slavers","floor":24.0,"turns":2.0},{"damage":0.0,"enemies":"Gremlin Leader","floor":27.0,"turns":4.0},{"damage":0.0,"enemies":"Book of Stabbing","floor":30.0,"turns":3.0},{"damage":7.0,"enemies":"Shelled Parasite and Fungi","floor":31.0,"turns":3.0},{"damage":14.0,"enemies":"Collector","floor":33.0,"turns":5.0},{"damage":0.0,"enemies":"3 Shapes","floor":35.0,"turns":4.0},{"damage":16.0,"enemies":"3 Darklings","floor":37.0,"turns":4.0},{"damage":12.0,"enemies":"2 Orb Walkers","floor":38.0,"turns":3.0},{"damage":0.0,"enemies":"Giant Head","floor":41.0,"turns":4.0},{"damage":0.0,"enemies":"Spire Growth","floor":42.0,"turns":2.0},{"damage":0.0,"enemies":"Nemesis","floor":45.0,"turns":3.0},{"damage":0.0,"enemies":"Jaw Worm Horde","floor":46.0,"turns":2.0},{"damage":0.0,"enemies":"Giant Head","floor":47.0,"turns":4.0},{"damage":0.0,"enemies":"Time Eater","floor":50.0,"turns":4.0},{"damage":0.0,"enemies":"Donu and Deca","floor":51.0,"turns":6.0},{"damage":0,"enemies":"Shield and Spear","floor":55,"turns":4},{"damage":0,"enemies":"The Heart","floor":56,"turns":7}],"seed_played":"5764355615476041443","potions_obtained":[{"floor":14.0,"key":"Fire Potion"},{"floor":16.0,"key":"Swift Potion"},{"floor":19.0,"key":"Block Potion"},{"floor":22.0,"key":"GamblersBrew"},{"floor":24.0,"key":"Energy Potion"},{"floor":38.0,"key":"Explosive Potion"},{"floor":41.0,"key":"Poison Potion"},{"floor":42.0,"key":"GhostInAJar"},{"floor":46.0,"key":"SteroidPotion"},{"floor":47.0,"key":"Block Potion"},{"floor":55,"key":"FearPotion"}],"is_trial":false,"path_per_floor":["M","?","$","?","?","E","R","E","T","R","M","R","$","M","R","B",null,"M","M","?","?","M","R","E","R","T","E","?","?","E","M","R","B",null,"M","?","M","?","$","R","E","M","T","R","E","M","E","$","R","B","B",null,"R","$","E","B",null],"character_chosen":"THE_SILENT","items_purchased":["Well Laid Plans","Frozen Egg 2","Noxious Fumes+1","Bag of Preparation","DollysMirror","GhostInAJar"],"campfire_rested":1,"item_purchase_floors":[3,13,13,39,48,54],"current_hp_per_floor":[59,54,54,54,47,47,47,47,47,47,47,47,47,47,47,44,61,61,50,50,50,50,50,40,40,40,40,40,19,19,12,31,17,54,54,54,38,26,26,26,45,55,55,55,67,70,70,70,70,70,70,70,70,70,70,70],"gold":46,"neow_bonus":"THREE_ENEMY_KILL","is_prod":false,"is_daily":false,"chose_seed":false,"campfire_upgraded":9,"win_rate":0,"timestamp":1553696807,"path_taken":["M","?","$","?","?","E","R","E","T","R","M","R","$","M","R","BOSS","M","M","?","?","?","R","E","R","T","E","?","?","E","M","R","BOSS","M","?","M","?","$","R","E","M","T","R","E","M","E","$","R","BOSS","BOSS","R","$","E","BOSS"],"build_version":"2019-01-23","purchased_purges":1,"victory":true,"max_hp_per_floor":[66,66,66,66,66,66,66,66,66,66,66,66,66,66,66,66,66,66,66,66,66,66,66,66,66,66,66,66,66,66,66,66,66,66,66,63,63,63,63,63,70,70,70,70,70,70,70,70,70,70,70,70,70,70,70,70],"card_choices":[{"not_picked":["Prepared","Skewer","Cloak And Dagger"],"picked":"SKIP","floor":1.0},{"not_picked":["Dodge and Roll","Well Laid Plans"],"picked":"Deadly Poison","floor":6.0},{"not_picked":["Cloak And Dagger","Night Terror","Poisoned Stab"],"picked":"SKIP","floor":8.0},{"not_picked":["Underhanded Strike","Sucker Punch"],"picked":"Caltrops","floor":11.0},{"not_picked":["Dodge and Roll","Dash"],"picked":"Bouncing Flask","floor":14.0},{"not_picked":["A Thousand Cuts+1","Die Die Die"],"picked":"Grand Finale","floor":16.0},{"not_picked":["Flechettes","Bane"],"picked":"Prepared+1","floor":18.0},{"not_picked":["Finisher","Flying Knee","Endless Agony"],"picked":"SKIP","floor":19.0},{"not_picked":["Terror","Dagger Throw","Underhanded Strike"],"picked":"SKIP","floor":22.0},{"not_picked":["Well Laid Plans+1","Unload"],"picked":"Backflip+1","floor":24.0},{"not_picked":["Infinite Blades+1","Bane+1","Caltrops+1"],"picked":"SKIP","floor":27.0},{"not_picked":["Sucker Punch+1","Envenom+1","Prepared+1"],"picked":"SKIP","floor":30.0},{"not_picked":["Blade Dance","Leg Sweep","Outmaneuver"],"picked":"SKIP","floor":31.0},{"not_picked":["Bane","Dodge and Roll+1","Dash"],"picked":"SKIP","floor":35.0},{"not_picked":["Flying Knee","Caltrops+1"],"picked":"Backflip+1","floor":37.0},{"not_picked":["Quick Slash+1","Heel Hook"],"picked":"Acrobatics+1","floor":38.0},{"not_picked":["Escape Plan+1","All Out Attack","Flying Knee"],"picked":"SKIP","floor":41.0},{"not_picked":["Blur","Flying Knee+1"],"picked":"Concentrate+1","floor":42.0},{"not_picked":["Leg Sweep","Blur","Dash+1"],"picked":"SKIP","floor":45.0},{"not_picked":["Finisher","Outmaneuver","Eviscerate+1"],"picked":"SKIP","floor":46.0},{"not_picked":["Dagger Spray","Flechettes"],"picked":"Reflex","floor":47.0},{"not_picked":["Dagger Spray","Quick Slash","Underhanded Strike"],"picked":"SKIP","floor":55}],"player_experience":3910278,"relics_obtained":[{"floor":6.0,"key":"Potion Belt"},{"floor":8.0,"key":"Old Coin"},{"floor":9.0,"key":"PreservedInsect"},{"floor":24.0,"key":"Bottled Tornado"},{"floor":26.0,"key":"Snake Skull"},{"floor":27.0,"key":"Turnip"},{"floor":29.0,"key":"Enchiridion"},{"floor":30.0,"key":"Ornamental Fan"},{"floor":38.0,"key":"Bird Faced Urn"},{"floor":41.0,"key":"Strawberry"},{"floor":45.0,"key":"Vajra"},{"floor":47.0,"key":"Anchor"},{"floor":55,"key":"Blood Vial"}],"event_choices":[{"damage_healed":0.0,"max_hp_gain":0.0,"max_hp_loss":0.0,"gold_gain":0.0,"event_name":"Scrap Ooze","player_choice":"Success","floor":2.0,"gold_loss":0.0,"damage_taken":5.0,"relics_obtained":["FossilizedHelix"]},{"cards_removed":["Strike_G"],"damage_healed":0.0,"max_hp_gain":0.0,"max_hp_loss":0.0,"gold_gain":0.0,"event_name":"Living Wall","player_choice":"Forget","floor":4.0,"gold_loss":0.0,"damage_taken":0.0},{"cards_removed":["Defend_G"],"damage_healed":0.0,"max_hp_gain":0.0,"max_hp_loss":0.0,"gold_gain":0.0,"event_name":"Golden Wing","player_choice":"Card Removal","floor":5.0,"gold_loss":0.0,"damage_taken":7.0},{"damage_healed":0.0,"max_hp_gain":0.0,"max_hp_loss":0.0,"gold_gain":0.0,"event_name":"Vampires","player_choice":"Ignored","floor":20.0,"gold_loss":0.0,"damage_taken":0.0},{"damage_healed":0.0,"max_hp_gain":0.0,"max_hp_loss":0.0,"gold_gain":0.0,"event_name":"Upgrade Shrine","player_choice":"Upgraded","floor":21.0,"gold_loss":0.0,"damage_taken":0.0,"cards_upgraded":["Catalyst"]},{"cards_removed":["Riddle With Holes"],"damage_healed":0.0,"max_hp_gain":0.0,"max_hp_loss":0.0,"gold_gain":0.0,"event_name":"Beggar","player_choice":"Gave Gold","floor":28.0,"gold_loss":75.0,"damage_taken":0.0},{"damage_healed":0.0,"max_hp_gain":0.0,"max_hp_loss":0.0,"gold_gain":0.0,"event_name":"Cursed Tome","player_choice":"Obtained Book","floor":29.0,"gold_loss":0.0,"damage_taken":21.0},{"damage_healed":0.0,"max_hp_gain":0.0,"max_hp_loss":3.0,"gold_gain":0.0,"event_name":"Winding Halls","player_choice":"Max HP","floor":36.0,"gold_loss":0.0,"damage_taken":0.0},{"damage_healed":0.0,"max_hp_gain":0.0,"max_hp_loss":0.0,"gold_gain":0.0,"event_name":"Mysterious Sphere","player_choice":"Fight","floor":38.0,"gold_loss":0.0,"damage_taken":0.0}],"is_beta":false,"boss_relics":[{"not_picked":["HoveringKite","Fusion Hammer"],"picked":"Pandora\u0027s Box"},{"not_picked":["WristBlade","Tiny House"],"picked":"Coffee Dripper"}],"items_purged_floors":[39],"is_endless":false,"potions_floor_spawned":[14,16,19,22,24,38,41,42,46,47,55],"ascension_level":20}