{"gold_per_floor":[116,116,31,31,41,72,72,72,96,121,121,133,31,46,46,123,123,142,159,109,109,120,120,120,120,120,133,133,133,152,170,170,242,242,253,253,267,267,217,217,233,266,266,298,298,298,298,333,333,333,333,333,333,56,89,89],"floor_reached":57,"playtime":5214,"items_purged":["Strike_G","Strike_G","Defend_G","Defend_G+1"],"score":3392,"play_id":"dbea7023-7b55-4618-8046-90fae713922f","local_time":"20190319132046","is_ascension_mode":true,"campfire_choices":[{"data":"Predator","floor":8.0,"key":"SMITH"},{"data":"Well Laid Plans","floor":15.0,"key":"SMITH"},{"data":"Blade Dance","floor":23.0,"key":"SMITH"},{"data":"Neutralize","floor":25.0,"key":"SMITH"},{"data":"Ghostly","floor":29.0,"key":"SMITH"},{"data":"Calculated Gamble","floor":32.0,"key":"SMITH"},{"floor":40.0,"key":"RECALL"},{"data":"Well Laid Plans","floor":49.0,"key":"SMITH"}],"neow_cost":"NONE","seed_source_timestamp":3557567710568,"circlet_count":0,"master_deck":["AscendersBane","Defend_G+1","Defend_G+1","Defend_G+1","Neutralize+1","Well Laid Plans+1","Backstab+1","Blade Dance+1","Backflip+1","Adrenaline+1","Cloak And Dagger+1","Calculated Gamble+1","Backflip+1","Backflip+1","Ghostly+1","Ghostly+1","Ghostly+1","Reflex+1","Cloak And Dagger+1","Well Laid Plans+1","Infinite Blades+1","Footwork+1","Well Laid Plans+1","Backflip+1","Well Laid Plans+1","Body Slam"],"special_seed":0,"relics":["Ring of the Snake","NeowsBlessing","Smiling Mask","Vajra","Pear","Kunai","Coffee Dripper","Blood Vial","Astrolabe","Centennial Puzzle","Incense Burner","Happy Flower","Mark of the Bloom","Ornamental Fan","PrismaticShard","Boot"],"potions_floor_usage":[56,56],"damage_taken":[{"damage":0.0,"enemies":"Jaw Worm","floor":1.0,"turns":1.0},{"damage":0.0,"enemies":"Cultist","floor":5.0,"turns":1.0},{"damage":0.0,"enemies":"Lagavulin","floor":6.0,"turns":1.0},{"damage":30.0,"enemies":"Gremlin Nob","floor":10.0,"turns":4.0},{"damage":0.0,"enemies":"2 Louse","floor":12.0,"turns":2.0},{"damage":4.0,"enemies":"Exordium Wildlife","floor":14.0,"turns":4.0},{"damage":0.0,"enemies":"The Guardian","floor":16.0,"turns":17.0},{"damage":0.0,"enemies":"Chosen","floor":18.0,"turns":5.0},{"damage":7.0,"enemies":"Spheric Guardian","floor":19.0,"turns":4.0},{"damage":0.0,"enemies":"Centurion and Healer","floor":22.0,"turns":7.0},{"damage":0.0,"enemies":"Shelled Parasite and Fungi","floor":27.0,"turns":6.0},{"damage":2.0,"enemies":"Cultist and Chosen","floor":30.0,"turns":6.0},{"damage":0.0,"enemies":"Snake Plant","floor":31.0,"turns":4.0},{"damage":0.0,"enemies":"Collector","floor":33.0,"turns":18.0},{"damage":0.0,"enemies":"3 Shapes","floor":35.0,"turns":4.0},{"damage":0.0,"enemies":"3 Darklings","floor":37.0,"turns":9.0},{"damage":0.0,"enemies":"Sphere and 2 Shapes","floor":41.0,"turns":6.0},{"damage":0.0,"enemies":"Reptomancer","floor":42.0,"turns":10.0},{"damage":0.0,"enemies":"Giant Head","floor":44.0,"turns":9.0},{"damage":0.0,"enemies":"Nemesis","floor":48.0,"turns":9.0},{"damage":0.0,"enemies":"Donu and Deca","floor":50.0,"turns":18.0},{"damage":0,"enemies":"Time Eater","floor":51,"turns":23},{"damage":0,"enemies":"Shield and Spear","floor":55,"turns":14},{"damage":0,"enemies":"The Heart","floor":56,"turns":21}],"seed_played":"7275967149190575835","potions_obtained":[{"floor":4.0,"key":"AttackPotion"},{"floor":4.0,"key":"FairyPotion"},{"floor":10.0,"key":"GhostInAJar"},{"floor":12.0,"key":"GhostInAJar"},{"floor":35.0,"key":"GhostInAJar"}],"is_trial":false,"path_per_floor":["M","?","$","?","M","E","$","R","T","E","?","M","$","M","R","B",null,"M","M","$","?","M","R","T","R","T","M","?","R","M","M","R","B",null,"M","?","M","?","$","R","M","E","T","E","?","?","R","E","R","B","B",null,"R","$","E","B",null],"character_chosen":"THE_SILENT","items_purchased":["Well Laid Plans","Blade Dance","PrismaticShard"],"campfire_rested":0,"item_purchase_floors":[3,13,54],"current_hp_per_floor":[59,52,52,52,52,52,52,52,52,32,27,27,27,23,23,23,63,63,56,56,56,56,56,56,56,56,58,38,38,36,38,38,38,38,38,36,36,36,36,36,36,36,36,36,36,36,36,36,36,36,36,36,36,36,36,36],"gold":89,"neow_bonus":"THREE_ENEMY_KILL","is_prod":false,"is_daily":false,"chose_seed":false,"campfire_upgraded":7,"win_rate":0,"timestamp":1552972846,"path_taken":["M","?","$","?","?","E","?","R","T","E","?","M","?","M","R","BOSS","M","M","$","?","M","R","?","R","T","M","?","R","M","M","R","BOSS","M","?","M","?","$","R","M","E","T","E","?","?","R","E","R","BOSS","BOSS","R","$","E","BOSS"],"build_version":"2019-01-23","purchased_purges":4,"victory":true,"max_hp_per_floor":[66,66,66,66,66,66,66,66,66,76,76,76,76,76,76,76,76,76,76,76,76,76,76,76,76,76,76,38,38,38,38,38,38,38,38,36,36,36,36,36,36,36,36,36,36,36,36,36,36,36,36,36,36,36,36,36],"card_choices":[{"not_picked":["Underhanded Strike","Crippling Poison"],"picked":"All Out Attack","floor":1.0},{"not_picked":["Slice","Setup"],"picked":"Backstab","floor":5.0},{"not_picked":["Distraction","Slice"],"picked":"Predator","floor":6.0},{"not_picked":["Eviscerate","Terror","Dagger Spray"],"picked":"SKIP","floor":10.0},{"not_picked":["A Thousand Cuts","Distraction","Backstab"],"picked":"SKIP","floor":12.0},{"not_picked":["Quick Slash","Sucker Punch"],"picked":"Backflip","floor":14.0},{"not_picked":["Bullet Time","Wraith Form v2"],"picked":"Adrenaline","floor":16.0},{"not_picked":["Blade Dance","Underhanded Strike+1"],"picked":"Cloak And Dagger+1","floor":18.0},{"not_picked":["Predator","Blur"],"picked":"Calculated Gamble","floor":19.0},{"not_picked":["Quick Slash","Acrobatics"],"picked":"Backflip","floor":22.0},{"not_picked":["Envenom","Underhanded Strike","Dagger Throw"],"picked":"SKIP","floor":27.0},{"not_picked":["Distraction","PiercingWail"],"picked":"Reflex+1","floor":30.0},{"not_picked":["PiercingWail","Caltrops","Accuracy"],"picked":"SKIP","floor":31.0},{"not_picked":["Dagger Throw+1","Terror","Slice"],"picked":"SKIP","floor":35.0},{"not_picked":["Backflip","Deadly Poison+1"],"picked":"Footwork+1","floor":37.0},{"not_picked":["Flying Knee+1","Quick Slash","Prepared"],"picked":"SKIP","floor":41.0},{"not_picked":["Dodge and Roll","Poisoned Stab"],"picked":"Well Laid Plans","floor":42.0},{"not_picked":["Slice","Unload"],"picked":"Backflip","floor":44.0},{"not_picked":["Deflect","Endless Agony"],"picked":"Well Laid Plans","floor":48.0},{"not_picked":["Lockon","Calculated Gamble"],"picked":"Body Slam","floor":55}],"player_experience":3711148,"relics_obtained":[{"floor":6.0,"key":"Smiling Mask"},{"floor":9.0,"key":"Vajra"},{"floor":10.0,"key":"Pear"},{"floor":26.0,"key":"Blood Vial"},{"floor":42.0,"key":"Centennial Puzzle"},{"floor":43.0,"key":"Incense Burner"},{"floor":44.0,"key":"Happy Flower"},{"floor":48.0,"key":"Ornamental Fan"},{"floor":55,"key":"Boot"}],"event_choices":[{"cards_removed":["Strike_G"],"damage_healed":0.0,"max_hp_gain":0.0,"max_hp_loss":0.0,"gold_gain":0.0,"event_name":"Golden Wing","player_choice":"Card Removal","floor":2.0,"gold_loss":0.0,"damage_taken":7.0},{"damage_healed":0.0,"max_hp_gain":0.0,"max_hp_loss":0.0,"gold_gain":0.0,"event_name":"Lab","player_choice":"Got Potions","floor":4.0,"gold_loss":0.0,"damage_taken":0.0},{"damage_healed":0.0,"max_hp_gain":0.0,"max_hp_loss":0.0,"gold_gain":0.0,"event_name":"Scrap Ooze","player_choice":"Success","floor":11.0,"gold_loss":0.0,"damage_taken":5.0,"relics_obtained":["Kunai"]},{"damage_healed":0.0,"max_hp_gain":0.0,"max_hp_loss":0.0,"gold_gain":0.0,"cards_transformed":["Strike_G","Strike_G"],"event_name":"Drug Dealer","player_choice":"Became Test Subject","floor":21.0,"gold_loss":0.0,"damage_taken":0.0,"cards_obtained":["Riddle With Holes","Backflip"]},{"damage_healed":0.0,"max_hp_gain":0.0,"max_hp_loss":38.0,"gold_gain":0.0,"event_name":"Ghosts","player_choice":"Became a Ghost","floor":28.0,"gold_loss":0.0,"damage_taken":0.0,"cards_obtained":["Ghostly","Ghostly","Ghostly"]},{"damage_healed":0.0,"max_hp_gain":0.0,"max_hp_loss":2.0,"gold_gain":0.0,"event_name":"Winding Halls","player_choice":"Max HP","floor":36.0,"gold_loss":0.0,"damage_taken":0.0},{"cards_removed":["Survivor"],"damage_healed":0.0,"max_hp_gain":0.0,"max_hp_loss":0.0,"gold_gain":0.0,"event_name":"Falling","player_choice":"Removed Skill","floor":38.0,"gold_loss":0.0,"damage_taken":0.0},{"damage_healed":0.0,"max_hp_gain":0.0,"max_hp_loss":0.0,"gold_gain":0.0,"event_name":"MindBloom","player_choice":"Upgrade","floor":45.0,"gold_loss":0.0,"damage_taken":0.0,"cards_upgraded":["Defend_G","Defend_G","Defend_G","Defend_G","Backstab","Backflip","Adrenaline","Backflip","Backflip","Ghostly","Ghostly","Well Laid Plans","Backflip"],"relics_obtained":["Mark of the Bloom"]},{"damage_healed":0.0,"max_hp_gain":0.0,"max_hp_loss":0.0,"gold_gain":0.0,"event_name":"Wheel of Change","player_choice":"Full Heal","floor":46.0,"gold_loss":0.0,"damage_taken":0.0}],"is_beta":false,"boss_relics":[{"not_picked":["Ring of the Serpent","White Beast Statue"],"picked":"Coffee Dripper"},{"not_picked":["Black Star","Snecko Eye"],"picked":"Astrolabe"}],"items_purged_floors":[13,20,39,54],"is_endless":false,"potions_floor_spawned":[10,12,30,31,35,44],"ascension_level":20}