{"gold_per_floor":[111,121,140,153,16,16,345,345,345,357,256,275,293,14,14,91,91,62,79,29,48,48,48],"floor_reached":23,"playtime":839,"items_purged":["Strike_B","Strike_B","Strike_B"],"score":390,"play_id":"63d9c418-e348-4c24-86a9-cfbad0cf58cf","local_time":"20190227015048","is_ascension_mode":true,"campfire_choices":[{"data":"Zap","floor":6.0,"key":"SMITH"},{"data":"Dualcast","floor":8.0,"key":"SMITH"},{"data":"Double Energy","floor":15.0,"key":"SMITH"}],"neow_cost":"NONE","seed_source_timestamp":798456227841469,"circlet_count":0,"master_deck":["AscendersBane","Strike_B","Defend_B","Defend_B","Defend_B","Defend_B","Zap+1","Dualcast+1","Turbo","Double Energy+1","Leap","Ball Lightning","All For One","Core Surge","Gash","Cold Snap","Go for the Eyes","Stack","Buffer","Hologram","White Noise","Coolheaded","Compile Driver","Defragment+1","Coolheaded+1","Blizzard"],"special_seed":0,"relics":["Cracked Core","Smiling Mask","Old Coin","Shovel","Medical Kit","Orrery"],"potions_floor_usage":[],"damage_taken":[{"damage":2.0,"enemies":"Cultist","floor":1.0,"turns":4.0},{"damage":4.0,"enemies":"Small Slimes","floor":2.0,"turns":3.0},{"damage":0.0,"enemies":"2 Louse","floor":3.0,"turns":2.0},{"damage":7.0,"enemies":"2 Fungi Beasts","floor":4.0,"turns":4.0},{"damage":28.0,"enemies":"Lagavulin","floor":7.0,"turns":8.0},{"damage":9.0,"enemies":"3 Louse","floor":10.0,"turns":3.0},{"damage":9.0,"enemies":"Gremlin Gang","floor":12.0,"turns":5.0},{"damage":0.0,"enemies":"Red Slaver","floor":13.0,"turns":2.0},{"damage":10.0,"enemies":"The Guardian","floor":16.0,"turns":10.0},{"damage":2.0,"enemies":"2 Thieves","floor":18.0,"turns":4.0},{"damage":9.0,"enemies":"Shell Parasite","floor":19.0,"turns":7.0},{"damage":23,"enemies":"Sentry and Sphere","floor":21,"turns":8},{"damage":28,"enemies":"3 Cultists","floor":23,"turns":4}],"seed_played":"4972880175524717593","potions_obtained":[{"floor":2.0,"key":"SteroidPotion"},{"floor":3.0,"key":"EntropicBrew"},{"floor":7.0,"key":"Regen Potion"},{"floor":16.0,"key":"SkillPotion"},{"floor":18.0,"key":"SkillPotion"},{"floor":21,"key":"Dexterity Potion"}],"is_trial":false,"path_per_floor":["M","M","M","M","$","R","E","R","T","M","$","M","M","$","R","B",null,"M","M","?","M","$","M"],"character_chosen":"DEFECT","items_purchased":["All For One","Cold Snap","Medical Kit"],"campfire_rested":0,"item_purchase_floors":[5,11,14],"current_hp_per_floor":[62,58,58,51,51,51,23,23,23,14,14,5,5,5,5,10,56,54,45,45,22,22,0],"gold":48,"neow_bonus":"RANDOM_COMMON_RELIC","is_prod":false,"is_daily":false,"chose_seed":false,"campfire_upgraded":3,"win_rate":0,"timestamp":1551203448,"path_taken":["M","M","M","M","$","R","E","R","T","?","$","M","M","$","R","BOSS","M","M","?","?","$","M"],"build_version":"2019-01-23","purchased_purges":3,"victory":false,"max_hp_per_floor":[71,71,71,71,71,71,71,71,71,71,71,71,71,71,71,71,71,71,71,71,71,71,71],"card_choices":[{"not_picked":["Stack","Auto Shields"],"picked":"Turbo","floor":1.0},{"not_picked":["Fusion","Compile Driver"],"picked":"Double Energy","floor":2.0},{"not_picked":["Reprogram","Barrage"],"picked":"Leap","floor":3.0},{"not_picked":["Turbo","Auto Shields"],"picked":"Ball Lightning","floor":4.0},{"not_picked":["Beam Cell","Cold Snap"],"picked":"Core Surge","floor":7.0},{"not_picked":["Turbo","Steam"],"picked":"Gash","floor":10.0},{"not_picked":["Redo","Beam Cell"],"picked":"Go for the Eyes","floor":12.0},{"not_picked":["Ball Lightning","Steam Power"],"picked":"Stack","floor":13.0},{"not_picked":["Thunder Strike","All For One"],"picked":"Buffer","floor":16.0},{"not_picked":["Redo","Rebound"],"picked":"Hologram","floor":17.0},{"not_picked":["Compile Driver","Redo"],"picked":"White Noise","floor":17.0},{"not_picked":["Go for the Eyes","Rip and Tear"],"picked":"Coolheaded","floor":17.0},{"not_picked":["Barrage","Redo"],"picked":"Compile Driver","floor":17.0},{"not_picked":["Reinforced Body","Stack"],"picked":"Defragment","floor":17.0},{"not_picked":["Turbo","Hologram"],"picked":"Coolheaded+1","floor":18.0},{"not_picked":["Multi-Cast","Doom and Gloom"],"picked":"Blizzard","floor":19.0},{"not_picked":["Force Field","Streamline","Genetic Algorithm"],"picked":"SKIP","floor":21}],"player_experience":1017494,"relics_obtained":[{"floor":7.0,"key":"Old Coin"},{"floor":9.0,"key":"Shovel"}],"event_choices":[{"damage_healed":0,"gold_gain":0,"player_choice":"Upgrade","damage_taken":0,"max_hp_gain":0,"max_hp_loss":0,"event_name":"Designer","floor":20,"gold_loss":50,"cards_upgraded":["Defragment"]}],"is_beta":false,"boss_relics":[{"not_picked":["FrozenCore","Sozu"],"picked":"Orrery"}],"items_purged_floors":[5,11,14],"is_endless":false,"potions_floor_spawned":[2,3,7,10,12,16,18,21],"killed_by":"3 Cultists","ascension_level":20}