{"gold_per_floor":[113,59,83,110,135,147,175,187,199,211,148,148],"floor_reached":12,"playtime":193,"items_purged":["Strike_G"],"score":140,"play_id":"f0df221c-4f81-4f03-b744-260a3b9a5549","local_time":"20190106190204","is_ascension_mode":true,"campfire_choices":[{"data":"Well Laid Plans","floor":6,"key":"SMITH"},{"data":"Neutralize","floor":8,"key":"SMITH"},{"data":"Acrobatics","floor":10,"key":"SMITH"}],"neow_cost":"NONE","seed_source_timestamp":27655172666437,"circlet_count":0,"master_deck":["AscendersBane","Defend_G","Defend_G","Defend_G","Defend_G","Defend_G","Strike_G","Strike_G","Strike_G","Strike_G","Survivor","Neutralize+1","Well Laid Plans+1","Acrobatics+1"],"relics":["Ring of the Snake","NeowsBlessing","MawBank","Singing Bowl"],"potions_floor_usage":[],"damage_taken":[{"damage":0,"enemies":"Jaw Worm","floor":1,"turns":1},{"damage":0,"enemies":"Cultist","floor":3,"turns":1},{"damage":0,"enemies":"Small Slimes","floor":4,"turns":1},{"damage":9,"enemies":"Looter","floor":5,"turns":4},{"damage":16,"enemies":"Lots of Slimes","floor":7,"turns":9},{"damage":0,"enemies":"Large Slime","floor":12,"turns":1}],"seed_played":"6323399202631164662","potions_obtained":[{"floor":3,"key":"Block Potion"},{"floor":5,"key":"EntropicBrew"}],"is_trial":false,"path_per_floor":["M","?","M","M","M","R","M","R","T","R","$","M"],"character_chosen":"THE_SILENT","items_purchased":[],"campfire_rested":0,"item_purchase_floors":[],"current_hp_per_floor":[59,59,59,59,50,50,34,34,34,34,34,34],"gold":148,"neow_bonus":"THREE_ENEMY_KILL","is_prod":false,"is_daily":false,"chose_seed":false,"campfire_upgraded":3,"win_rate":0,"timestamp":1546772524,"path_taken":["M","?","M","M","?","R","M","R","T","R","$","M"],"build_version":"2019-01-03v4","purchased_purges":1,"victory":false,"max_hp_per_floor":[66,66,66,66,66,66,66,66,66,66,66,66],"card_choices":[{"not_picked":["Prepared","Deflect","Poisoned Stab"],"picked":"SKIP","floor":1},{"not_picked":["Prepared","Blur","Flying Knee"],"picked":"SKIP","floor":3},{"not_picked":["Bane","PiercingWail"],"picked":"Well Laid Plans","floor":4},{"not_picked":["Skewer","Blade Dance"],"picked":"Acrobatics","floor":5},{"not_picked":["Eviscerate","Predator","Underhanded Strike"],"picked":"SKIP","floor":7}],"player_experience":1789414,"relics_obtained":[{"floor":9,"key":"Singing Bowl"}],"event_choices":[{"damage_healed":0,"gold_gain":0,"player_choice":"Paid Gold","damage_taken":0,"relics_obtained":["MawBank"],"max_hp_gain":0,"max_hp_loss":0,"event_name":"WeMeetAgain","floor":2,"gold_loss":54}],"is_beta":false,"boss_relics":[],"items_purged_floors":[11],"is_endless":false,"potions_floor_spawned":[3,5],"killed_by":"Large Slime","ascension_level":20}