{"gold_per_floor":[112,112,131,151,26,26,55,67,90,90],"floor_reached":10,"playtime":235,"items_purged":["Strike_G"],"score":136,"play_id":"d21992de-3f1c-405b-8f8e-50ab61ac6841","local_time":"20181130201805","is_ascension_mode":true,"campfire_choices":[{"data":"Neutralize","floor":6,"key":"SMITH"}],"neow_cost":"NONE","seed_source_timestamp":8814826630244,"circlet_count":0,"master_deck":["AscendersBane","Defend_G","Defend_G","Defend_G","Defend_G","Defend_G","Strike_G","Strike_G","Strike_G","Survivor","Neutralize+1","Backflip","Escape Plan","Heel Hook","Acrobatics","Acrobatics","Flechettes"],"relics":["Ring of the Snake","NeowsBlessing","Bag of Preparation"],"potions_floor_usage":[7],"damage_taken":[{"damage":0,"enemies":"Jaw Worm","floor":1,"turns":1},{"damage":0,"enemies":"Cultist","floor":3,"turns":1},{"damage":0,"enemies":"2 Louse","floor":4,"turns":1},{"damage":18,"enemies":"3 Sentries","floor":7,"turns":10},{"damage":6,"enemies":"2 Fungi Beasts","floor":8,"turns":5},{"damage":0,"enemies":"Lagavulin","floor":10,"turns":1}],"seed_played":"6683887051039757802","potions_obtained":[{"floor":1,"key":"AttackPotion"},{"floor":3,"key":"FearPotion"}],"is_trial":false,"path_per_floor":["M","?","M","M","$","R","E","M","T","E"],"character_chosen":"THE_SILENT","items_purchased":["Acrobatics"],"campfire_rested":0,"item_purchase_floors":[5],"current_hp_per_floor":[59,59,59,59,59,59,41,35,35,35],"gold":90,"neow_bonus":"THREE_ENEMY_KILL","is_prod":false,"is_daily":false,"chose_seed":false,"campfire_upgraded":1,"win_rate":0,"timestamp":1543580285,"path_taken":["M","?","?","?","$","R","E","M","T","E"],"build_version":"2018-11-15","purchased_purges":1,"victory":false,"max_hp_per_floor":[66,66,66,66,66,66,66,66,66,66],"card_choices":[{"not_picked":["Endless Agony","Deflect"],"picked":"Backflip","floor":1},{"not_picked":["Eviscerate","Quick Slash"],"picked":"Escape Plan","floor":3},{"not_picked":["Concentrate","Leg Sweep"],"picked":"Heel Hook","floor":4},{"not_picked":["Sucker Punch","Crippling Poison"],"picked":"Acrobatics","floor":7},{"not_picked":["Blade Dance","Dodge and Roll"],"picked":"Flechettes","floor":8}],"player_experience":1183371,"relics_obtained":[{"floor":7,"key":"Bag of Preparation"}],"event_choices":[{"cards_removed":["Strike_G"],"damage_healed":0,"gold_gain":0,"player_choice":"Offered Basic","damage_taken":0,"max_hp_gain":0,"max_hp_loss":0,"event_name":"Bonfire Elementals","floor":2,"gold_loss":0}],"is_beta":true,"boss_relics":[],"items_purged_floors":[5],"is_endless":false,"potions_floor_spawned":[1,3,4],"killed_by":"Lagavulin","ascension_level":20}