{"gold_per_floor":[364,364,364,364,364,364,382,394,394,394,408,408,439,257,257,357,357,370,29,47,62,62,62,62,62,89,89,106,125,125,141,141,245,245,259,3,15,15,15,15,30,46,72,72,85,85,0,0,0,0],"floor_reached":51,"playtime":1431,"items_purged":["Strike_B","Strike_B","Defend_B"],"score":745,"play_id":"9e1b3140-2b23-4df9-9bc9-da7b2ade1d16","local_time":"20190616030257","is_ascension_mode":false,"campfire_choices":[{"data":"Dualcast","floor":6,"key":"SMITH"},{"data":"Cold Snap","floor":10,"key":"SMITH"},{"floor":12,"key":"REST"},{"data":"Scrape","floor":15,"key":"SMITH"},{"data":"Biased Cognition","floor":23,"key":"SMITH"},{"data":"Self Repair","floor":27,"key":"SMITH"},{"data":"Defend_B","floor":30,"key":"SMITH"},{"data":"Defend_B","floor":32,"key":"SMITH"},{"floor":40,"key":"RECALL"}],"neow_cost":"TEN_PERCENT_HP_LOSS","seed_source_timestamp":29058666759246,"circlet_count":0,"master_deck":["Defend_B+1","Defend_B+1","Defend_B+1","Zap+1","Dualcast+1","Cold Snap+1","Darkness+1","Redo+1","Genetic Algorithm+1","Biased Cognition+1","Capacitor+1","Self Repair+1","Coolheaded+1","Skim+1","Multi-Cast+1","Turbo+1","Undo+1","White Noise+1"],"relics":["Cracked Core","Pantograph","Toxic Egg 2","Matryoshka","Darkstone Periapt","Coffee Dripper","Runic Capacitor","Enchiridion","Smiling Mask","Omamori","Empty Cage","OrangePellets","Molten Egg 2","Whetstone","Red Mask"],"potions_floor_usage":[50,50],"damage_taken":[{"damage":1,"enemies":"Cultist","floor":1,"turns":4},{"damage":0,"enemies":"Small Slimes","floor":7,"turns":2},{"damage":1,"enemies":"2 Louse","floor":8,"turns":2},{"damage":0,"enemies":"Looter","floor":11,"turns":3},{"damage":14,"enemies":"Gremlin Nob","floor":13,"turns":3},{"damage":25,"enemies":"Slime Boss","floor":16,"turns":7},{"damage":4,"enemies":"Spheric Guardian","floor":18,"turns":3},{"damage":3,"enemies":"3 Byrds","floor":20,"turns":4},{"damage":22,"enemies":"Snecko","floor":21,"turns":5},{"damage":4,"enemies":"Centurion and Healer","floor":28,"turns":4},{"damage":8,"enemies":"Chosen and Byrds","floor":29,"turns":4},{"damage":0,"enemies":"3 Cultists","floor":31,"turns":4},{"damage":24,"enemies":"Automaton","floor":33,"turns":8},{"damage":0,"enemies":"Orb Walker","floor":35,"turns":4},{"damage":0,"enemies":"3 Shapes","floor":37,"turns":4},{"damage":0,"enemies":"Spire Growth","floor":41,"turns":4},{"damage":0,"enemies":"Transient","floor":42,"turns":5},{"damage":9,"enemies":"Maw","floor":45,"turns":6},{"damage":11,"enemies":"Time Eater","floor":50,"turns":7}],"seed_played":"5055819818392587678","potions_obtained":[{"floor":1,"key":"Dexterity Potion"},{"floor":21,"key":"SpeedPotion"},{"floor":31,"key":"AttackPotion"},{"floor":33,"key":"Block Potion"}],"is_trial":false,"path_per_floor":["M","?","?","?","T","R","M","M","T","R","M","R","E","$","R","B",null,"M","$","M","M","$","R","?","?","T","R","M","M","R","M","R","B",null,"M","$","M","?","$","R","M","M","T","?","M","R","?","?","R","B",null],"character_chosen":"DEFECT","items_purchased":["Genetic Algorithm+1","Scrape","Self Repair","Runic Capacitor","OrangePellets"],"campfire_rested":1,"item_purchase_floors":[14,14,19,19,36],"current_hp_per_floor":[67,72,47,32,32,32,32,31,31,31,31,52,38,38,38,38,73,69,69,73,58,58,58,42,42,42,42,48,50,50,60,60,59,73,73,73,73,73,73,73,73,73,73,69,69,69,69,69,69,68],"gold":0,"neow_bonus":"TWO_FIFTY_GOLD","is_prod":false,"is_daily":false,"chose_seed":false,"campfire_upgraded":7,"win_rate":0,"timestamp":1560625377,"path_taken":["M","?","?","?","?","R","M","M","T","R","M","R","E","$","R","BOSS","M","$","M","M","$","R","?","?","T","R","M","M","R","M","R","BOSS","M","$","M","?","$","R","M","M","T","?","M","R","?","?","R","BOSS"],"build_version":"2019-01-23","purchased_purges":3,"victory":true,"max_hp_per_floor":[68,73,73,73,73,73,73,73,73,73,73,73,73,73,73,73,73,73,73,73,73,73,73,73,73,73,73,73,73,73,73,73,73,73,73,73,73,73,73,73,73,73,73,69,69,69,69,69,69,69],"card_choices":[{"not_picked":["Stack","Barrage"],"picked":"Cold Snap","floor":1},{"not_picked":["FTL","Loop"],"picked":"Darkness+1","floor":7},{"not_picked":["Turbo+1","Streamline"],"picked":"Redo+1","floor":8},{"not_picked":["Steam+1","Compile Driver","Double Energy+1"],"picked":"SKIP","floor":11},{"not_picked":["Gash","Steam+1","Compile Driver"],"picked":"SKIP","floor":13},{"not_picked":["Reboot+1","Buffer"],"picked":"Biased Cognition","floor":16},{"not_picked":["Doom and Gloom+1","Hello World"],"picked":"Capacitor+1","floor":18},{"not_picked":["Reprogram+1","Leap+1","Turbo+1"],"picked":"SKIP","floor":20},{"not_picked":["Steam+1","Capacitor"],"picked":"Coolheaded+1","floor":21},{"not_picked":["Hyperbeam","Force Field+1","Rip and Tear"],"picked":"SKIP","floor":28},{"not_picked":["BootSequence+1","Rip and Tear","Beam Cell"],"picked":"SKIP","floor":29},{"not_picked":["Streamline","Scrape+1"],"picked":"Skim+1","floor":31},{"not_picked":["Reboot+1","Creative AI"],"picked":"Multi-Cast+1","floor":33},{"not_picked":["Go for the Eyes+1","Doom and Gloom+1","Turbo+1"],"picked":"SKIP","floor":35},{"not_picked":["Go for the Eyes+1","Doom and Gloom+1"],"picked":"Turbo+1","floor":35},{"not_picked":["Cold Snap","Go for the Eyes"],"picked":"Undo+1","floor":37},{"not_picked":["Turbo+1","Rebound","Go for the Eyes+1"],"picked":"SKIP","floor":41},{"not_picked":["Leap+1","Rebound"],"picked":"White Noise+1","floor":42},{"not_picked":["Cold Snap+1","Go for the Eyes+1","Sweeping Beam+1"],"picked":"SKIP","floor":45}],"player_experience":5279625,"relics_obtained":[{"floor":5,"key":"Toxic Egg 2"},{"floor":9,"key":"Matryoshka"},{"floor":13,"key":"Darkstone Periapt"},{"floor":24,"key":"Enchiridion"},{"floor":26,"key":"Smiling Mask"},{"floor":26,"key":"Omamori"},{"floor":43,"key":"Molten Egg 2"},{"floor":43,"key":"Whetstone"}],"event_choices":[{"damage_healed":0,"gold_gain":0,"player_choice":"Donut","damage_taken":0,"max_hp_gain":5,"max_hp_loss":0,"event_name":"Big Fish","floor":2,"gold_loss":0},{"damage_healed":0,"gold_gain":0,"player_choice":"Success","damage_taken":25,"relics_obtained":["Pantograph"],"max_hp_gain":0,"max_hp_loss":0,"event_name":"Scrap Ooze","floor":3,"gold_loss":0},{"damage_healed":0,"gold_gain":0,"player_choice":"Entered Light","damage_taken":15,"max_hp_gain":0,"max_hp_loss":0,"event_name":"Shining Light","floor":4,"gold_loss":0,"cards_upgraded":["Defend_B","Zap"]},{"damage_healed":0,"gold_gain":0,"player_choice":"Obtained Book","damage_taken":16,"max_hp_gain":0,"max_hp_loss":0,"event_name":"Cursed Tome","floor":24,"gold_loss":0},{"damage_healed":0,"gold_gain":0,"player_choice":"Ignored","damage_taken":0,"max_hp_gain":0,"max_hp_loss":0,"event_name":"Mysterious Sphere","floor":38,"gold_loss":0},{"damage_healed":0,"gold_gain":0,"player_choice":"Max HP","damage_taken":0,"max_hp_gain":0,"max_hp_loss":4,"event_name":"Winding Halls","floor":44,"gold_loss":0},{"damage_healed":0,"gold_gain":0,"player_choice":"Paid","damage_taken":0,"relics_obtained":["Red Mask"],"max_hp_gain":0,"max_hp_loss":0,"event_name":"Tomb of Lord Red Mask","floor":47,"gold_loss":85},{"cards_removed":["Scrape"],"damage_healed":0,"gold_gain":0,"player_choice":"Removed Attack","damage_taken":0,"max_hp_gain":0,"max_hp_loss":0,"event_name":"Falling","floor":48,"gold_loss":0}],"is_beta":false,"boss_relics":[{"not_picked":["Sozu","Eternal Feather"],"picked":"Coffee Dripper"},{"not_picked":["Snecko Eye","Calling Bell"],"picked":"Empty Cage"}],"items_purged_floors":[14,19,36],"is_endless":false,"potions_floor_spawned":[1,21,31,33,37,42],"ascension_level":0}