{"gold_per_floor":[219,60,73,90,165,165,177,89,114,164,164,197,214,228,228,228],"floor_reached":16,"playtime":525,"items_purged":["Strike_G"],"score":204,"play_id":"b0c2f005-aa54-4952-9421-a56275682c34","local_time":"20190125124950","is_ascension_mode":true,"campfire_choices":[{"data":"Flechettes","floor":6.0,"key":"SMITH"},{"data":"Acrobatics","floor":11,"key":"SMITH"},{"data":"Well Laid Plans","floor":15,"key":"SMITH"}],"neow_cost":"NONE","seed_source_timestamp":10239514145083,"circlet_count":0,"master_deck":["AscendersBane","Defend_G","Defend_G","Defend_G","Defend_G","Defend_G","Strike_G","Strike_G","Strike_G","Strike_G","Survivor","Neutralize","Masterful Stab","Flechettes+1","Underhanded Strike","Acrobatics+1","Well Laid Plans+1","Prepared","Backflip"],"special_seed":0,"relics":["Ring of the Snake","Omamori","Snake Skull"],"potions_floor_usage":[16,16],"damage_taken":[{"damage":2.0,"enemies":"2 Louse","floor":1.0,"turns":3.0},{"damage":1.0,"enemies":"Cultist","floor":3.0,"turns":3.0},{"damage":0.0,"enemies":"Small Slimes","floor":4.0,"turns":2.0},{"damage":3.0,"enemies":"Blue Slaver","floor":7.0,"turns":4.0},{"damage":24,"enemies":"3 Sentries","floor":12,"turns":11},{"damage":8,"enemies":"Exordium Thugs","floor":13,"turns":3},{"damage":0,"enemies":"2 Fungi Beasts","floor":14,"turns":1},{"damage":4,"enemies":"Hexaghost","floor":16,"turns":9}],"seed_played":"-3516184879233911330","potions_obtained":[{"floor":7.0,"key":"EssenceOfSteel"},{"floor":12,"key":"Ancient Potion"},{"floor":13,"key":"EssenceOfSteel"}],"is_trial":false,"path_per_floor":["M","$","M","M","?","R","M","$","T","?","R","E","M","M","R","B"],"character_chosen":"THE_SILENT","items_purchased":["Flechettes","Well Laid Plans"],"campfire_rested":0,"item_purchase_floors":[2,8],"current_hp_per_floor":[57,57,56,56,45,45,42,42,42,36,36,12,4,4,4,0],"gold":228,"neow_bonus":"HUNDRED_GOLD","is_prod":false,"is_daily":false,"chose_seed":false,"campfire_upgraded":3,"win_rate":0,"timestamp":1548391790,"path_taken":["M","$","M","M","?","R","M","$","T","?","R","E","?","M","R","BOSS"],"build_version":"2019-01-23","purchased_purges":1,"victory":false,"max_hp_per_floor":[66,66,66,66,66,66,66,66,66,66,66,66,66,66,66,66],"card_choices":[{"not_picked":["Dagger Throw","PiercingWail"],"picked":"Masterful Stab","floor":1.0},{"not_picked":["Deflect","Prepared","Wraith Form v2"],"picked":"SKIP","floor":3.0},{"not_picked":["Backflip","Dodge and Roll"],"picked":"Underhanded Strike","floor":4.0},{"not_picked":["Sucker Punch","Expertise"],"picked":"Acrobatics","floor":7.0},{"not_picked":["Deadly Poison","Blade Dance"],"picked":"Prepared","floor":12},{"not_picked":["Dash","Bullet Time"],"picked":"Backflip","floor":13},{"not_picked":["Catalyst","Cloak And Dagger","Underhanded Strike"],"picked":"SKIP","floor":14}],"player_experience":1342584,"relics_obtained":[{"floor":9.0,"key":"Omamori"},{"floor":12,"key":"Snake Skull"}],"event_choices":[{"damage_healed":0.0,"max_hp_gain":0.0,"max_hp_loss":0.0,"gold_gain":75.0,"event_name":"World of Goop","player_choice":"Gather Gold","floor":5.0,"gold_loss":0.0,"damage_taken":11.0},{"damage_healed":0,"gold_gain":50,"player_choice":"Touch","damage_taken":6,"max_hp_gain":0,"max_hp_loss":0,"event_name":"FaceTrader","floor":10,"gold_loss":0}],"is_beta":true,"boss_relics":[],"items_purged_floors":[2],"is_endless":false,"potions_floor_spawned":[7,12,13],"killed_by":"Hexaghost","ascension_level":20}