{"gold_per_floor":[118,118,136,211,230,230,259,271,294,294,294,314,314,334,334,423,423,439,93,93,106,106,106,106,106,106,106,125,125,125],"floor_reached":30,"playtime":735,"items_purged":["Strike_B"],"score":456,"play_id":"0978256b-d3e8-4864-bed9-c877c6b81b20","local_time":"20190119190736","is_ascension_mode":true,"campfire_choices":[{"data":"Darkness","floor":6.0,"key":"SMITH"},{"data":"Capacitor","floor":10.0,"key":"SMITH"},{"data":"Redo","floor":13.0,"key":"SMITH"},{"data":"Coolheaded","floor":15.0,"key":"SMITH"},{"data":"Dualcast","floor":23,"key":"SMITH"},{"floor":25,"key":"REST"},{"data":"Capacitor","floor":27,"key":"SMITH"}],"neow_cost":"NONE","seed_source_timestamp":23858010310881,"circlet_count":0,"master_deck":["AscendersBane","Defend_B","Defend_B","Defend_B","Defend_B","Zap","Dualcast+1","Darkness+1","Redo+1","Machine Learning","Capacitor+1","Coolheaded+1","Seek","Capacitor+1","Coolheaded"],"special_seed":0,"relics":["Cracked Core","NeowsBlessing","Strawberry","Bag of Preparation","Bloody Idol","Empty Cage","Bottled Lightning","FaceOfCleric","Turnip","Singing Bowl"],"potions_floor_usage":[21,30],"damage_taken":[{"damage":0.0,"enemies":"2 Louse","floor":1.0,"turns":1.0},{"damage":0.0,"enemies":"Jaw Worm","floor":3.0,"turns":1.0},{"damage":0.0,"enemies":"Cultist","floor":5.0,"turns":1.0},{"damage":10.0,"enemies":"Lagavulin","floor":7.0,"turns":5.0},{"damage":15.0,"enemies":"Exordium Thugs","floor":8.0,"turns":3.0},{"damage":11.0,"enemies":"3 Louse","floor":12.0,"turns":4.0},{"damage":0.0,"enemies":"2 Fungi Beasts","floor":14.0,"turns":4.0},{"damage":22.0,"enemies":"Hexaghost","floor":16.0,"turns":8.0},{"damage":21,"enemies":"Spheric Guardian","floor":18,"turns":5},{"damage":27,"enemies":"Chosen","floor":21,"turns":5},{"damage":16,"enemies":"Snecko","floor":28,"turns":5},{"damage":19,"enemies":"Centurion and Healer","floor":30,"turns":5}],"seed_played":"4347538099420165528","potions_obtained":[{"floor":5.0,"key":"Poison Potion"},{"floor":7.0,"key":"Poison Potion"},{"floor":12.0,"key":"FairyPotion"},{"floor":16.0,"key":"SteroidPotion"},{"floor":18,"key":"SkillPotion"},{"floor":21,"key":"Block Potion"}],"is_trial":false,"path_per_floor":["M","?","M","?","M","R","E","M","T","R","?","M","R","M","R","B",null,"M","$","?","M","?","R","?","R","T","R","M","T","M"],"character_chosen":"DEFECT","items_purchased":["Bottled Lightning"],"campfire_rested":1,"item_purchase_floors":[19],"current_hp_per_floor":[64,57,57,46,46,46,43,28,28,28,28,17,17,17,17,7,55,34,34,34,7,7,7,7,28,28,28,18,18,0],"gold":125,"neow_bonus":"THREE_ENEMY_KILL","is_prod":false,"is_daily":false,"chose_seed":false,"campfire_upgraded":6,"win_rate":0,"timestamp":1547896056,"path_taken":["M","?","M","?","M","R","E","M","T","R","?","?","R","M","R","BOSS","M","$","?","M","?","R","?","R","T","R","?","?","M"],"build_version":"2019-01-17v2","purchased_purges":1,"victory":false,"max_hp_per_floor":[71,71,71,71,71,71,78,78,78,78,71,71,71,71,71,71,71,71,71,71,71,71,71,71,71,71,71,72,72,72],"card_choices":[{"not_picked":["Rebound","Aggregate"],"picked":"Darkness","floor":1.0},{"not_picked":["Ball Lightning","Leap","Stack"],"picked":"SKIP","floor":3.0},{"not_picked":["Leap","Sweeping Beam"],"picked":"Redo","floor":5.0},{"not_picked":["Leap","Conserve Battery"],"picked":"Machine Learning","floor":7.0},{"not_picked":["Melter","Ball Lightning"],"picked":"Capacitor","floor":8.0},{"not_picked":["Steam","Force Field"],"picked":"Coolheaded","floor":12.0},{"not_picked":["All For One","Storm","Turbo"],"picked":"SKIP","floor":14.0},{"not_picked":["Machine Learning","Creative AI"],"picked":"Seek","floor":16.0},{"not_picked":["Cold Snap","Hologram"],"picked":"Capacitor","floor":18},{"not_picked":["Aggregate","Stack","Conserve Battery"],"picked":"SKIP","floor":21},{"not_picked":["Compile Driver","Ball Lightning+1"],"picked":"Coolheaded","floor":28}],"player_experience":2042509,"relics_obtained":[{"floor":7.0,"key":"Strawberry"},{"floor":9.0,"key":"Bag of Preparation"},{"floor":26,"key":"Turnip"},{"floor":29,"key":"Singing Bowl"}],"event_choices":[{"cards_removed":["Strike_B"],"damage_healed":0.0,"max_hp_gain":0.0,"max_hp_loss":0.0,"gold_gain":0.0,"event_name":"Golden Wing","player_choice":"Card Removal","floor":2.0,"gold_loss":0.0,"damage_taken":7.0},{"damage_healed":0.0,"max_hp_gain":0.0,"max_hp_loss":0.0,"gold_gain":75.0,"event_name":"World of Goop","player_choice":"Gather Gold","floor":4.0,"gold_loss":0.0,"damage_taken":11.0},{"damage_healed":0.0,"max_hp_gain":0.0,"max_hp_loss":7.0,"gold_gain":0.0,"event_name":"Golden Idol","player_choice":"Lose Max HP","floor":11.0,"gold_loss":0.0,"damage_taken":0.0,"relics_obtained":["Golden Idol"]},{"damage_healed":0,"gold_gain":0,"player_choice":"Ignored","damage_taken":0,"max_hp_gain":0,"max_hp_loss":0,"event_name":"The Mausoleum","floor":20,"gold_loss":0},{"damage_healed":0,"gold_gain":0,"player_choice":"Gave Idol","damage_taken":0,"relics_obtained":["Bloody Idol"],"max_hp_gain":0,"max_hp_loss":0,"event_name":"Forgotten Altar","floor":22,"relics_lost":["Golden Idol"],"gold_loss":0},{"damage_healed":0,"gold_gain":0,"player_choice":"Trade","damage_taken":0,"relics_obtained":["FaceOfCleric"],"max_hp_gain":0,"max_hp_loss":0,"event_name":"FaceTrader","floor":24,"gold_loss":0}],"is_beta":false,"boss_relics":[{"not_picked":["Lizard Tail","Calling Bell"],"picked":"Empty Cage"}],"items_purged_floors":[19],"is_endless":false,"potions_floor_spawned":[5,7,12,16,18,21],"killed_by":"Centurion and Healer","ascension_level":20}