{"gold_per_floor":[117,117,42,59,76,76,6,24,24,24,24,24,55,71,71,169,169,186,186,199,7,21,21,34,34,57,57,57,67,87,101,101,201,201,212,212,229,248,148,148,182,182,182,182,212,228,228,246,246,246],"floor_reached":51,"playtime":2947,"items_purged":["Strike_G","Strike_G+1"],"score":809,"play_id":"caadeb3e-9ef2-4b6e-bbd3-7249d46743e2","local_time":"20181018101900","is_ascension_mode":false,"campfire_choices":[{"data":"Glass Knife","floor":6.0,"key":"SMITH"},{"data":"Noxious Fumes","floor":10.0,"key":"SMITH"},{"data":"Leg Sweep","floor":12.0,"key":"SMITH"},{"data":"Neutralize","floor":15.0,"key":"SMITH"},{"data":"Adrenaline","floor":23,"key":"SMITH"},{"data":"Backflip","floor":25,"key":"SMITH"},{"data":"Survivor","floor":27,"key":"SMITH"},{"data":"Deadly Poison","floor":32,"key":"SMITH"},{"floor":40,"key":"REST"},{"floor":42,"key":"REST"},{"floor":44,"key":"REST"},{"floor":47,"key":"REST"},{"floor":49,"key":"REST"}],"neow_cost":"NONE","seed_source_timestamp":3622648748173,"circlet_count":0,"master_deck":["Defend_G+1","Defend_G+1","Defend_G+1","Defend_G+1","Defend_G+1","Strike_G+1","Strike_G+1","Strike_G+1","Survivor+1","Neutralize+1","Glass Knife+1","Noxious Fumes+1","Well Laid Plans+1","Leg Sweep+1","Adrenaline+1","Calculated Gamble+1","Backflip+1","Dodge and Roll+1","Deadly Poison+1","PiercingWail+1","Well Laid Plans","Night Terror","Flash of Steel","Master of Strategy+1","The Bomb+1","Backflip+1","Escape Plan+1","Backflip","Reflex+1"],"special_seed":0,"relics":["Ring of the Snake","Gremlin Horn","Mummified Hand","Black Star","TwistedFunnel","Vajra","Fusion Hammer","Ancient Tea Set","War Paint","Sundial","Matryoshka","Frozen Egg 2"],"potions_floor_usage":[22,50,50,50],"damage_taken":[{"damage":0.0,"enemies":"Small Slimes","floor":1.0,"turns":2.0},{"damage":0.0,"enemies":"2 Louse","floor":4.0,"turns":2.0},{"damage":0.0,"enemies":"Cultist","floor":5.0,"turns":3.0},{"damage":2.0,"enemies":"2 Fungi Beasts","floor":8.0,"turns":3.0},{"damage":0.0,"enemies":"3 Sentries","floor":13.0,"turns":8.0},{"damage":2.0,"enemies":"Exordium Wildlife","floor":14.0,"turns":4.0},{"damage":4.0,"enemies":"Slime Boss","floor":16.0,"turns":11.0},{"damage":5,"enemies":"Spheric Guardian","floor":18,"turns":7},{"damage":0,"enemies":"3 Byrds","floor":20,"turns":5},{"damage":0,"enemies":"Snake Plant","floor":22,"turns":5},{"damage":0,"enemies":"Cultist and Chosen","floor":24,"turns":6},{"damage":0,"enemies":"Snecko","floor":29,"turns":4},{"damage":0,"enemies":"Shelled Parasite and Fungi","floor":30,"turns":5},{"damage":0,"enemies":"Snake Plant","floor":31,"turns":4},{"damage":27,"enemies":"Automaton","floor":33,"turns":11},{"damage":0,"enemies":"Orb Walker","floor":35,"turns":4},{"damage":1,"enemies":"3 Darklings","floor":37,"turns":5},{"damage":0,"enemies":"Maw","floor":38,"turns":6},{"damage":6,"enemies":"Giant Head","floor":41,"turns":9},{"damage":0,"enemies":"Nemesis","floor":45,"turns":7},{"damage":0,"enemies":"Transient","floor":46,"turns":5},{"damage":0,"enemies":"Sphere and 2 Shapes","floor":48,"turns":4},{"damage":0,"enemies":"Awakened One","floor":50,"turns":19}],"seed_played":"-15314665444496336","potions_obtained":[{"floor":1.0,"key":"PowerPotion"},{"floor":13.0,"key":"Strength Potion"},{"floor":14.0,"key":"Dexterity Potion"},{"floor":20,"key":"Fruit Juice"},{"floor":29,"key":"AttackPotion"},{"floor":33,"key":"GhostInAJar"}],"is_trial":false,"path_per_floor":["M","?","$","M","M","R","$","M","T","R","?","R","E","M","R","B",null,"M","?","M","$","M","R","M","R","T","R","?","M","M","M","R","B",null,"M","?","M","M","$","R","E","R","T","R","E","M","R","M","R","B"],"character_chosen":"THE_SILENT","items_purchased":["Well Laid Plans","TwistedFunnel"],"campfire_rested":5,"item_purchase_floors":[7,21],"current_hp_per_floor":[70,75,75,75,75,75,75,73,73,73,73,73,73,71,71,67,75,70,70,70,70,75,75,75,75,75,75,75,75,75,75,75,48,80,80,70,69,69,69,80,74,80,80,80,80,80,80,80,80,80],"gold":246,"neow_bonus":"ONE_RANDOM_RARE_CARD","is_prod":false,"is_daily":false,"chose_seed":false,"campfire_upgraded":8,"win_rate":0,"timestamp":1539829140,"path_taken":["M","?","$","M","M","R","?","M","T","R","?","R","E","M","R","BOSS","M","?","M","$","?","R","M","R","T","R","?","M","M","?","R","BOSS","M","?","M","M","$","R","E","R","T","R","E","M","R","?","R","BOSS"],"build_version":"2018-10-11","purchased_purges":2,"victory":true,"max_hp_per_floor":[70,75,75,75,75,75,75,75,75,75,75,75,75,75,75,75,75,75,75,75,75,80,80,80,80,80,80,80,80,80,80,80,80,80,80,80,80,80,80,80,80,80,80,80,80,80,80,80,80,80],"card_choices":[{"not_picked":["Deadly Poison","Prepared"],"picked":"Noxious Fumes","floor":1.0},{"not_picked":["Concentrate","Caltrops","Cloak And Dagger"],"picked":"SKIP","floor":4.0},{"not_picked":["Outmaneuver","Dagger Spray","Accuracy"],"picked":"SKIP","floor":5.0},{"not_picked":["Prepared","Cloak And Dagger"],"picked":"Leg Sweep","floor":8.0},{"not_picked":["PiercingWail","Dagger Spray","Sucker Punch"],"picked":"SKIP","floor":13.0},{"not_picked":["Flechettes","Riddle With Holes","Caltrops"],"picked":"SKIP","floor":14.0},{"not_picked":["Venomology","Envenom"],"picked":"Adrenaline","floor":16.0},{"not_picked":["Reflex","Deflect+1","Flying Knee"],"picked":"SKIP","floor":18},{"not_picked":["Cloak And Dagger+1","Outmaneuver+1"],"picked":"Calculated Gamble+1","floor":20},{"not_picked":["Bullet Time","Predator+1"],"picked":"Backflip","floor":22},{"not_picked":["Backflip","Predator"],"picked":"Dodge and Roll+1","floor":24},{"not_picked":["Terror","Distraction"],"picked":"PiercingWail+1","floor":29},{"not_picked":["Setup","All Out Attack+1"],"picked":"Well Laid Plans","floor":30},{"not_picked":["Dagger Spray+1","Outmaneuver+1","Riddle With Holes"],"picked":"SKIP","floor":31},{"not_picked":["Grand Finale","A Thousand Cuts"],"picked":"Night Terror","floor":33},{"not_picked":["Noxious Fumes+1","Finisher","Well Laid Plans"],"picked":"SKIP","floor":35},{"not_picked":["Dark Shackles","Forethought"],"picked":"Flash of Steel","floor":36},{"not_picked":["Forethought","Metamorphosis"],"picked":"Master of Strategy","floor":36},{"not_picked":["Sadistic Nature","PanicButton"],"picked":"The Bomb","floor":36},{"not_picked":["Acrobatics","Slice","Noxious Fumes"],"picked":"SKIP","floor":37},{"not_picked":["Slice+1","Dodge and Roll"],"picked":"Backflip+1","floor":38},{"not_picked":["Underhanded Strike+1","Backstab+1"],"picked":"Escape Plan+1","floor":41},{"not_picked":["Deflect","Envenom","Cloak And Dagger"],"picked":"SKIP","floor":45},{"not_picked":["Poisoned Stab","Sucker Punch+1"],"picked":"Backflip","floor":46},{"not_picked":["Dagger Throw","Leg Sweep"],"picked":"Reflex+1","floor":48}],"player_experience":314606,"relics_obtained":[{"floor":9.0,"key":"Gremlin Horn"},{"floor":13.0,"key":"Mummified Hand"},{"floor":26,"key":"Vajra"},{"floor":41,"key":"Ancient Tea Set"},{"floor":41,"key":"War Paint"},{"floor":43,"key":"Sundial"},{"floor":45,"key":"Matryoshka"},{"floor":45,"key":"Frozen Egg 2"}],"event_choices":[{"event_name":"Big Fish","player_choice":"Donut","floor":2.0,"damage_taken":0.0},{"event_name":"Living Wall","player_choice":"Grow","floor":11.0,"damage_taken":0.0},{"event_name":"Back to Basics","player_choice":"Simplicity","floor":19,"damage_taken":0},{"event_name":"The Library","player_choice":"Read","floor":28,"damage_taken":0},{"event_name":"SensoryStone","player_choice":"Memory 3","floor":36,"damage_taken":0}],"is_beta":false,"boss_relics":[{"not_picked":["Pandora\u0027s Box","Calling Bell"],"picked":"Black Star"},{"not_picked":["White Beast Statue","Astrolabe"],"picked":"Fusion Hammer"}],"items_purged_floors":[3,39],"is_endless":false,"potions_floor_spawned":[1,13,14,20,29,33,41,45,48],"ascension_level":0}