{"gold_per_floor":[16,31,31,50,100,100,114,127,127,127,127,147,147,167,167,167],"floor_reached":16,"playtime":395,"items_purged":[],"score":188,"play_id":"c4201834-fa34-450e-982f-5664f0ca54b6","local_time":"20190806111817","is_ascension_mode":true,"campfire_choices":[{"data":"Sever Soul","floor":6.0,"key":"SMITH"},{"data":"Dark Embrace","floor":11,"key":"SMITH"},{"data":"Disarm","floor":15,"key":"SMITH"}],"neow_cost":"NO_GOLD","seed_source_timestamp":0,"circlet_count":0,"master_deck":["AscendersBane","Strike_R","Strike_R","Defend_R","Defend_R","Defend_R","Defend_R","Bash","Dark Embrace+1","Sever Soul+1","Power Through","Disarm+1"],"special_seed":0,"relics":["Burning Blood","Shuriken","Golden Idol"],"potions_floor_usage":[12,16],"damage_taken":[{"damage":8.0,"enemies":"Jaw Worm","floor":1.0,"turns":5.0},{"damage":7.0,"enemies":"Cultist","floor":2.0,"turns":4.0},{"damage":5.0,"enemies":"Small Slimes","floor":4.0,"turns":3.0},{"damage":16.0,"enemies":"Looter","floor":7.0,"turns":4.0},{"damage":22.0,"enemies":"Large Slime","floor":8.0,"turns":9.0},{"damage":15,"enemies":"Lots of Slimes","floor":12,"turns":4},{"damage":8,"enemies":"Blue Slaver","floor":14,"turns":6},{"damage":28,"enemies":"Hexaghost","floor":16,"turns":9}],"seed_played":"-7685193347941325919","potions_obtained":[{"floor":2.0,"key":"FairyPotion"},{"floor":4.0,"key":"Poison Potion"},{"floor":12,"key":"FairyPotion"},{"floor":14,"key":"Strength Potion"}],"is_trial":false,"path_per_floor":["M","M","$","M","?","R","M","M","T","?","R","M","?","M","R","B"],"character_chosen":"IRONCLAD","items_purchased":[],"campfire_rested":0,"item_purchase_floors":[],"current_hp_per_floor":[66,65,65,66,66,66,56,40,40,40,40,31,24,22,22,0],"gold":167,"neow_bonus":"TRANSFORM_TWO_CARDS","is_prod":false,"is_daily":false,"chose_seed":false,"campfire_upgraded":3,"win_rate":0,"timestamp":1565061497,"path_taken":["M","M","$","M","?","R","M","?","T","?","R","M","?","M","R","BOSS"],"build_version":"2019-07-17","purchased_purges":0,"victory":false,"max_hp_per_floor":[75,75,75,75,75,75,75,75,75,68,68,68,68,68,68,68],"card_choices":[{"not_picked":["Clash","Iron Wave","Flex"],"picked":"SKIP","floor":1.0},{"not_picked":["Anger","Iron Wave","Hemokinesis"],"picked":"SKIP","floor":2.0},{"not_picked":["Sever Soul","Iron Wave","Anger"],"picked":"SKIP","floor":4.0},{"not_picked":["Cleave","Body Slam"],"picked":"Power Through","floor":7.0},{"not_picked":["Thunderclap","Wild Strike","Perfected Strike"],"picked":"SKIP","floor":8.0},{"not_picked":["Berserk","Hemokinesis"],"picked":"Disarm","floor":12},{"not_picked":["Fire Breathing","Flex","Infernal Blade"],"picked":"SKIP","floor":14}],"player_experience":734469,"relics_obtained":[{"floor":9.0,"key":"Shuriken"}],"event_choices":[{"damage_healed":0.0,"max_hp_gain":0.0,"max_hp_loss":0.0,"gold_gain":50.0,"event_name":"Golden Shrine","player_choice":"Pray","floor":5.0,"gold_loss":0.0,"damage_taken":0.0},{"damage_healed":0.0,"max_hp_gain":0.0,"max_hp_loss":7.0,"gold_gain":0.0,"event_name":"Golden Idol","player_choice":"Lose Max HP","floor":10.0,"gold_loss":0.0,"damage_taken":0.0,"relics_obtained":["Golden Idol"]},{"cards_removed":["Strike_R"],"damage_healed":0,"gold_gain":0,"player_choice":"Card Removal","damage_taken":7,"max_hp_gain":0,"max_hp_loss":0,"event_name":"Golden Wing","floor":13,"gold_loss":0}],"is_beta":false,"boss_relics":[],"items_purged_floors":[],"is_endless":false,"potions_floor_spawned":[2,4,7,12,14],"killed_by":"Hexaghost","ascension_level":20}