{"gold_per_floor":[110,35,35,55,13,13,13,13,93,121,45,73,73,85,85,158,158,177,193,17,17,17,17],"floor_reached":23,"playtime":564,"items_purged":["Strike_B","Strike_B"],"score":390,"play_id":"c8c70079-41f3-4f58-a30d-fa94b3f5e6ac","local_time":"20190226230000","is_ascension_mode":true,"campfire_choices":[{"data":"Zap","floor":6.0,"key":"SMITH"},{"data":"Turbo","floor":8.0,"key":"SMITH"},{"data":"Consume","floor":13.0,"key":"SMITH"},{"data":"Chaos","floor":15.0,"key":"SMITH"}],"neow_cost":"TEN_PERCENT_HP_LOSS","seed_source_timestamp":788434736043275,"circlet_count":0,"master_deck":["AscendersBane","Defend_B","Defend_B","Defend_B","Defend_B+1","Zap+1","Dualcast+1","Ball Lightning","Compile Driver","Turbo+1","Heatsinks","Consume+1","Blizzard","Core Surge","Chaos+1","Echo Form","Conserve Battery","Double Energy","Capacitor","Ghostly","Ghostly","Ghostly"],"special_seed":0,"relics":["Cracked Core","FossilizedHelix","Tiny Chest","War Paint","Pantograph","Coffee Dripper"],"potions_floor_usage":[23],"damage_taken":[{"damage":0.0,"enemies":"2 Louse","floor":1.0,"turns":2.0},{"damage":0.0,"enemies":"Cultist","floor":4.0,"turns":3.0},{"damage":5.0,"enemies":"Lagavulin","floor":10.0,"turns":7.0},{"damage":38.0,"enemies":"3 Sentries","floor":12.0,"turns":7.0},{"damage":0.0,"enemies":"Jaw Worm","floor":14.0,"turns":2.0},{"damage":13.0,"enemies":"The Guardian","floor":16.0,"turns":10.0},{"damage":14.0,"enemies":"Shell Parasite","floor":18.0,"turns":4.0},{"damage":22.0,"enemies":"Spheric Guardian","floor":19.0,"turns":4.0},{"damage":32,"enemies":"Gremlin Leader","floor":23,"turns":5}],"seed_played":"-8608006755187157823","potions_obtained":[{"floor":10.0,"key":"SteroidPotion"},{"floor":16.0,"key":"Dexterity Potion"},{"floor":19.0,"key":"Block Potion"}],"is_trial":false,"path_per_floor":["M","$","?","M","$","R","?","R","T","E","$","E","R","M","R","B",null,"M","M","$","?","?","E"],"character_chosen":"DEFECT","items_purchased":["Heatsinks","Blizzard","Capacitor"],"campfire_rested":0,"item_purchase_floors":[5,11,20],"current_hp_per_floor":[64,64,64,64,64,64,57,57,57,52,52,14,14,14,14,26,55,41,19,19,19,19,0],"gold":17,"neow_bonus":"ONE_RARE_RELIC","is_prod":false,"is_daily":false,"chose_seed":false,"campfire_upgraded":4,"win_rate":0,"timestamp":1551193200,"path_taken":["M","$","?","M","?","R","?","R","T","E","$","E","R","M","R","BOSS","M","M","$","?","?","E"],"build_version":"2019-01-23","purchased_purges":2,"victory":false,"max_hp_per_floor":[64,64,64,64,64,64,64,64,64,64,64,64,64,64,64,64,64,64,64,64,32,32,32],"card_choices":[{"not_picked":["Sweeping Beam","Melter"],"picked":"Ball Lightning","floor":1.0},{"not_picked":["Heatsinks","Stack"],"picked":"Turbo","floor":4.0},{"not_picked":["Reprogram","Chill"],"picked":"Consume","floor":10.0},{"not_picked":["Doom and Gloom","Buffer"],"picked":"Core Surge","floor":12.0},{"not_picked":["Auto Shields","Barrage"],"picked":"Chaos","floor":14.0},{"not_picked":["Machine Learning","Reboot"],"picked":"Echo Form","floor":16.0},{"not_picked":["Doom and Gloom+1","Rebound"],"picked":"Conserve Battery","floor":18.0},{"not_picked":["Loop","Cold Snap"],"picked":"Double Energy","floor":19.0}],"player_experience":1009376,"relics_obtained":[{"floor":9.0,"key":"Tiny Chest"},{"floor":10.0,"key":"War Paint"},{"floor":12.0,"key":"Pantograph"}],"event_choices":[{"damage_healed":0.0,"max_hp_gain":0.0,"max_hp_loss":0.0,"gold_gain":0.0,"cards_transformed":["Strike_B"],"event_name":"Transmorgrifier","player_choice":"Transformed","floor":3.0,"gold_loss":0.0,"damage_taken":0.0,"cards_obtained":["Compile Driver"]},{"cards_removed":["Strike_B"],"damage_healed":0.0,"max_hp_gain":0.0,"max_hp_loss":0.0,"gold_gain":0.0,"event_name":"Golden Wing","player_choice":"Card Removal","floor":7.0,"gold_loss":0.0,"damage_taken":7.0},{"damage_healed":0.0,"max_hp_gain":0.0,"max_hp_loss":32.0,"gold_gain":0.0,"event_name":"Ghosts","player_choice":"Became a Ghost","floor":21.0,"gold_loss":0.0,"damage_taken":0.0,"cards_obtained":["Ghostly","Ghostly","Ghostly"]},{"damage_healed":0.0,"max_hp_gain":0.0,"max_hp_loss":0.0,"gold_gain":0.0,"event_name":"Vampires","player_choice":"Ignored","floor":22.0,"gold_loss":0.0,"damage_taken":0.0}],"is_beta":false,"boss_relics":[{"not_picked":["FrozenCore","White Beast Statue"],"picked":"Coffee Dripper"}],"items_purged_floors":[2,20],"is_endless":false,"potions_floor_spawned":[10,16,18,19],"killed_by":"Gremlin Leader","ascension_level":20}