{"gold_per_floor":[14,27,27,40,56,56,69,69,95,95,112,122,122,140,140,236,236,253,178,192,192,207,207,233,233,233,233,265,165,165,165,165,263,263,278,297,312,323,342,342,369,369,415,429,441,441,461,195,195,195],"floor_reached":50,"playtime":1380,"items_purged":["Strike_R","Strike_R+1","Strike_R+1"],"score":744,"play_id":"2c588cfc-7eaf-4175-bd7b-8512d5b40e68","local_time":"20181009221213","is_ascension_mode":true,"campfire_choices":[{"data":"Clash","floor":6,"key":"SMITH"},{"data":"Bash","floor":8,"key":"SMITH"},{"data":"Strike_R","floor":10,"key":"SMITH"},{"data":"Strike_R","floor":13,"key":"SMITH"},{"data":"Clash","floor":15,"key":"SMITH"},{"data":"Strike_R","floor":23,"key":"SMITH"},{"data":"Impervious","floor":25,"key":"SMITH"},{"floor":27,"key":"REST"},{"floor":32,"key":"REST"},{"floor":40,"key":"REST"},{"floor":42,"key":"REST"},{"floor":46,"key":"REST"},{"floor":49,"key":"REST"}],"neow_cost":"NO_GOLD","seed_source_timestamp":40639233875735,"circlet_count":0,"master_deck":["Bash+1","Clash+1","Clash+1","Impervious+1","Offering","Uppercut","Flame Barrier+1","Barricade","Discovery"],"relics":["Burning Blood","Bag of Marbles","Empty Cage","Orichalcum","Red Mask","Darkstone Periapt","Runic Cube","Juzu Bracelet","Centennial Puzzle"],"potions_floor_usage":[11,22,38,41,44,50,50,50],"damage_taken":[{"damage":7,"enemies":"Jaw Worm","floor":1,"turns":3},{"damage":1,"enemies":"Cultist","floor":2,"turns":3},{"damage":9,"enemies":"2 Louse","floor":4,"turns":2},{"damage":14,"enemies":"Red Slaver","floor":5,"turns":2},{"damage":16,"enemies":"Lots of Slimes","floor":7,"turns":4},{"damage":3,"enemies":"Large Slime","floor":11,"turns":3},{"damage":8,"enemies":"Blue Slaver","floor":12,"turns":2},{"damage":0,"enemies":"3 Louse","floor":14,"turns":1},{"damage":67,"enemies":"Slime Boss","floor":16,"turns":8},{"damage":0,"enemies":"Chosen","floor":18,"turns":3},{"damage":12,"enemies":"3 Byrds","floor":20,"turns":4},{"damage":0,"enemies":"Snake Plant","floor":22,"turns":3},{"damage":0,"enemies":"Gremlin Leader","floor":24,"turns":3},{"damage":0,"enemies":"Masked Bandits","floor":28,"turns":2},{"damage":37,"enemies":"Collector","floor":33,"turns":5},{"damage":13,"enemies":"3 Darklings","floor":35,"turns":4},{"damage":24,"enemies":"3 Shapes","floor":36,"turns":2},{"damage":6,"enemies":"3 Darklings","floor":37,"turns":3},{"damage":6,"enemies":"Reptomancer","floor":38,"turns":3},{"damage":40,"enemies":"4 Shapes","floor":39,"turns":2},{"damage":33,"enemies":"Nemesis","floor":41,"turns":3},{"damage":9,"enemies":"Maw","floor":44,"turns":6},{"damage":6,"enemies":"Transient","floor":45,"turns":5},{"damage":17,"enemies":"3 Darklings","floor":47,"turns":7},{"damage":84,"enemies":"Time Eater","floor":50,"turns":10}],"seed_played":"-4919564709057133738","potions_obtained":[{"floor":2,"key":"BloodPotion"},{"floor":4,"key":"Swift Potion"},{"floor":7,"key":"EssenceOfSteel"},{"floor":12,"key":"SpeedPotion"},{"floor":24,"key":"Swift Potion"},{"floor":37,"key":"Swift Potion"},{"floor":38,"key":"Dexterity Potion"},{"floor":45,"key":"Energy Potion"}],"is_trial":false,"path_per_floor":["M","M","?","M","M","R","M","R","T","R","M","M","R","M","R","B",null,"M","$","M","?","M","R","E","R","T","R","?","$","?","T","R","B",null,"M","M","M","M","M","R","E","R","T","M","M","R","M","$","R"],"character_chosen":"IRONCLAD","items_purchased":["Discovery","Strength Potion"],"campfire_rested":6,"item_purchase_floors":[48,48],"current_hp_per_floor":[71,76,76,73,65,65,55,55,55,55,66,64,64,70,70,9,62,68,68,62,62,68,68,74,74,74,80,80,80,80,80,80,49,72,65,47,47,47,13,37,10,34,34,31,31,55,44,44,68,0],"gold":195,"neow_bonus":"REMOVE_TWO","is_prod":false,"is_daily":false,"chose_seed":false,"campfire_upgraded":7,"win_rate":0,"timestamp":1539094333,"path_taken":["M","M","?","?","M","R","M","R","T","R","M","M","R","?","R","BOSS","M","$","M","?","M","R","E","R","T","R","?","$","?","?","R","BOSS","M","M","?","M","M","R","E","R","T","M","M","R","M","?","R","BOSS"],"build_version":"2018-10-04v2","purchased_purges":3,"victory":false,"max_hp_per_floor":[80,80,80,80,80,80,80,80,80,80,80,80,80,80,80,80,80,80,80,80,80,80,80,80,80,80,80,80,80,80,80,80,80,80,80,80,80,80,80,80,80,80,80,80,80,80,80,80,80,80],"card_choices":[{"not_picked":["Armaments","Anger","Blood for Blood"],"picked":"SKIP","floor":1},{"not_picked":["Anger","Shrug It Off"],"picked":"Clash","floor":2},{"not_picked":["Headbutt","Rupture","Flex"],"picked":"SKIP","floor":4},{"not_picked":["Shrug It Off","Clothesline","True Grit"],"picked":"SKIP","floor":5},{"not_picked":["Cleave","Reckless Charge","Pummel"],"picked":"SKIP","floor":7},{"not_picked":["Heavy Blade","Evolve","Feel No Pain"],"picked":"SKIP","floor":11},{"not_picked":["Barricade","Pommel Strike","Armaments"],"picked":"SKIP","floor":12},{"not_picked":["Perfected Strike","Iron Wave"],"picked":"Clash","floor":14},{"not_picked":["Brutality","Exhume"],"picked":"Impervious","floor":16},{"not_picked":["Metallicize","Second Wind+1","Wild Strike"],"picked":"SKIP","floor":18},{"not_picked":["Pommel Strike","Shrug It Off+1","Reckless Charge"],"picked":"SKIP","floor":20},{"not_picked":["Iron Wave","Flex+1","Sentinel"],"picked":"SKIP","floor":22},{"not_picked":["Flame Barrier","Searing Blow","Entrench"],"picked":"SKIP","floor":24},{"not_picked":["Demon Form","Dark Embrace"],"picked":"Offering","floor":33},{"not_picked":["Feel No Pain+1","Headbutt","Perfected Strike"],"picked":"SKIP","floor":35},{"not_picked":["Headbutt","Whirlwind","Blood for Blood+1"],"picked":"SKIP","floor":36},{"not_picked":["Heavy Blade+1","Perfected Strike"],"picked":"Uppercut","floor":37},{"not_picked":["Havoc+1","Rage","Warcry+1"],"picked":"SKIP","floor":38},{"not_picked":["Headbutt","True Grit+1","Combust"],"picked":"SKIP","floor":39},{"not_picked":["Shrug It Off+1","Clothesline","Fire Breathing"],"picked":"SKIP","floor":41},{"not_picked":["Havoc","Sword Boomerang","Shrug It Off+1"],"picked":"SKIP","floor":44},{"not_picked":["Warcry","Flex+1"],"picked":"Flame Barrier+1","floor":45},{"not_picked":["Burning Pact+1","Dropkick"],"picked":"Barricade","floor":47}],"player_experience":62153,"relics_obtained":[{"floor":9,"key":"Bag of Marbles"},{"floor":24,"key":"Orichalcum"},{"floor":28,"key":"Red Mask"},{"floor":31,"key":"Darkstone Periapt"},{"floor":41,"key":"Juzu Bracelet"},{"floor":43,"key":"Centennial Puzzle"}],"event_choices":[{"event_name":"Purifier","player_choice":"One Purge","floor":3,"damage_taken":0},{"event_name":"Vampires","player_choice":"Ignored","floor":21,"damage_taken":0},{"event_name":"Masked Bandits","player_choice":"Fought Bandits","floor":28,"damage_taken":0},{"event_name":"Back to Basics","player_choice":"Elegance","floor":30,"damage_taken":0}],"is_beta":false,"boss_relics":[{"not_picked":["Busted Crown","Fusion Hammer"],"picked":"Empty Cage"},{"not_picked":["Velvet Choker","Astrolabe"],"picked":"Runic Cube"}],"items_purged_floors":[19,29,48],"is_endless":false,"potions_floor_spawned":[2,4,7,12,24,37,38,39,45],"killed_by":"Time Eater","ascension_level":9}