{"gold_per_floor":[113,127,52,52,52,52,64,80,105,105,105,5,5,18,18,107,107,107],"floor_reached":18,"playtime":492,"items_purged":["Strike_G","Strike_G"],"score":300,"play_id":"7d16dff6-f199-46cf-85ed-00c599754301","local_time":"20190204134410","is_ascension_mode":true,"campfire_choices":[{"data":"Impatience","floor":6.0,"key":"SMITH"},{"data":"Neutralize","floor":11.0,"key":"SMITH"},{"data":"Bane","floor":15.0,"key":"SMITH"}],"neow_cost":"NONE","seed_source_timestamp":7108777911255,"circlet_count":0,"master_deck":["AscendersBane","Defend_G","Defend_G","Defend_G","Defend_G","Defend_G","Strike_G","Survivor","Neutralize+1","Impatience+1","Bane+1","Adrenaline"],"special_seed":0,"relics":["Ring of the Snake","Golden Idol","Eternal Feather"],"potions_floor_usage":[],"damage_taken":[{"damage":0.0,"enemies":"Small Slimes","floor":1.0,"turns":3.0},{"damage":2.0,"enemies":"2 Louse","floor":2.0,"turns":3.0},{"damage":11.0,"enemies":"Cultist","floor":7.0,"turns":5.0},{"damage":1.0,"enemies":"2 Fungi Beasts","floor":8.0,"turns":6.0},{"damage":0.0,"enemies":"Blue Slaver","floor":14.0,"turns":8.0},{"damage":12.0,"enemies":"The Guardian","floor":16.0,"turns":11.0},{"damage":55,"enemies":"Chosen","floor":18,"turns":9}],"seed_played":"-7077594416306711914","potions_obtained":[{"floor":1.0,"key":"PowerPotion"},{"floor":7.0,"key":"FairyPotion"},{"floor":14.0,"key":"Strength Potion"}],"is_trial":false,"path_per_floor":["M","M","$","?","?","R","M","M","T","?","R","$","?","M","R","B",null,"M"],"character_chosen":"THE_SILENT","items_purchased":[],"campfire_rested":0,"item_purchase_floors":[],"current_hp_per_floor":[59,57,57,57,57,57,46,45,45,45,45,45,45,45,45,33,53,0],"gold":107,"neow_bonus":"RANDOM_COLORLESS","is_prod":false,"is_daily":false,"chose_seed":false,"campfire_upgraded":3,"win_rate":0,"timestamp":1549259050,"path_taken":["M","M","$","?","?","R","M","?","T","?","R","$","?","M","R","BOSS","M"],"build_version":"2019-01-23","purchased_purges":2,"victory":false,"max_hp_per_floor":[66,66,66,66,66,66,66,66,66,66,66,66,60,60,60,60,60,60],"card_choices":[{"not_picked":["Dagger Throw","Sucker Punch","Noxious Fumes"],"picked":"SKIP","floor":1.0},{"not_picked":["Outmaneuver","Prepared","Poisoned Stab"],"picked":"SKIP","floor":2.0},{"not_picked":["Envenom","Poisoned Stab","Dodge and Roll"],"picked":"SKIP","floor":7.0},{"not_picked":["Dodge and Roll","Dagger Spray","After Image"],"picked":"SKIP","floor":8.0},{"not_picked":["Slice","Outmaneuver","Bane"],"picked":"SKIP","floor":14.0},{"not_picked":["Slice","Outmaneuver"],"picked":"Bane","floor":14.0},{"not_picked":["Corpse Explosion","Burst"],"picked":"Adrenaline","floor":16.0}],"player_experience":1411931,"relics_obtained":[],"event_choices":[{"cards_removed":["Strike_G"],"damage_healed":0.0,"max_hp_gain":0.0,"max_hp_loss":0.0,"gold_gain":0.0,"event_name":"Living Wall","player_choice":"Forget","floor":4.0,"gold_loss":0.0,"damage_taken":0.0},{"cards_removed":["Strike_G"],"damage_healed":0.0,"max_hp_gain":0.0,"max_hp_loss":0.0,"gold_gain":0.0,"event_name":"Purifier","player_choice":"Purged","floor":5.0,"gold_loss":0.0,"damage_taken":0.0},{"damage_healed":0.0,"max_hp_gain":0.0,"max_hp_loss":0.0,"gold_gain":0.0,"event_name":"Liars Game","player_choice":"Ignored","floor":10.0,"gold_loss":0.0,"damage_taken":0.0},{"damage_healed":0.0,"max_hp_gain":0.0,"max_hp_loss":6.0,"gold_gain":0.0,"event_name":"Golden Idol","player_choice":"Lose Max HP","floor":13.0,"gold_loss":0.0,"damage_taken":0.0,"relics_obtained":["Golden Idol"]}],"is_beta":true,"boss_relics":[{"not_picked":["Calling Bell","Snecko Eye"],"picked":"Eternal Feather"}],"items_purged_floors":[3,12],"is_endless":false,"potions_floor_spawned":[1,7,14],"killed_by":"Chosen","ascension_level":20}