{"gold_per_floor":[117,117,128,19,19,48,48,74,74,74,106,116,131,142,142,216,216,226,276,276,112,128,155,155,111,111,140,40,40,54,54,54,125,125,137,137,147,158,206,206],"floor_reached":40,"playtime":3470,"items_purged":["Pain","Doubt"],"score":909,"play_id":"2cc9c344-ed00-4031-bba8-e7d585fed9e9","local_time":"20190713184852","is_ascension_mode":true,"campfire_choices":[{"floor":7,"key":"REST"},{"data":"Dark Embrace","floor":15,"key":"SMITH"},{"data":"Combust","floor":32,"key":"SMITH"}],"neow_cost":"TEN_PERCENT_HP_LOSS","seed_source_timestamp":332712049227113,"circlet_count":0,"master_deck":["AscendersBane","Defend_R+1","Defend_R+1","Defend_R+1","Defend_R+1","Bash","Dark Embrace+1","Reaper","Headbutt","Shrug It Off","Evolve","Power Through","Havoc","Iron Wave","Inflame","Flame Barrier","Spot Weakness","Twin Strike","Reaper","Shrug It Off","Feel No Pain","Combust+1","Shrug It Off","Feel No Pain","Exhume","Shrug It Off","Battle Trance","Burning Pact","Shockwave"],"relics":["Burning Blood","PreservedInsect","Meat on the Bone","Pear","Vajra","Cursed Key","WarpedTongs","Regal Pillow","Pen Nib","Red Skull","Fusion Hammer","WingedGreaves"],"potions_floor_usage":[8,16,23,27,35,38,39,40],"damage_taken":[{"damage":19,"enemies":"Jaw Worm","floor":1,"turns":4},{"damage":1,"enemies":"Small Slimes","floor":3,"turns":3},{"damage":37,"enemies":"3 Sentries","floor":6,"turns":10},{"damage":32,"enemies":"Gremlin Nob","floor":8,"turns":4},{"damage":22,"enemies":"3 Sentries","floor":11,"turns":10},{"damage":9,"enemies":"Cultist","floor":12,"turns":6},{"damage":0,"enemies":"Exordium Wildlife","floor":13,"turns":7},{"damage":18,"enemies":"Lots of Slimes","floor":14,"turns":5},{"damage":64,"enemies":"Slime Boss","floor":16,"turns":12},{"damage":39,"enemies":"Shell Parasite","floor":18,"turns":5},{"damage":35,"enemies":"Spheric Guardian","floor":22,"turns":6},{"damage":46,"enemies":"Gremlin Leader","floor":23,"turns":7},{"damage":44,"enemies":"Slavers","floor":27,"turns":4},{"damage":30,"enemies":"3 Cultists","floor":30,"turns":5},{"damage":111,"enemies":"Collector","floor":33,"turns":13},{"damage":19,"enemies":"Orb Walker","floor":35,"turns":5},{"damage":6,"enemies":"3 Shapes","floor":37,"turns":3},{"damage":46,"enemies":"Maw","floor":38,"turns":9},{"damage":74,"enemies":"2 Orb Walkers","floor":39,"turns":6},{"damage":54,"enemies":"Giant Head","floor":40,"turns":5}],"seed_played":"-2460194229859249687","potions_obtained":[{"floor":6,"key":"Strength Potion"},{"floor":11,"key":"FearPotion"},{"floor":12,"key":"LiquidBronze"},{"floor":22,"key":"AttackPotion"},{"floor":27,"key":"SteroidPotion"},{"floor":33,"key":"AttackPotion"},{"floor":35,"key":"SpeedPotion"},{"floor":38,"key":"GamblersBrew"}],"is_trial":false,"path_per_floor":["M","?","M","$","?","E","R","E","T","?","E","M","M","M","R","B",null,"M","?","?","$","M","E","?","$","T","E","$","?","M","?","R","B",null,"M","?","M","M","?","E"],"character_chosen":"IRONCLAD","items_purchased":["Shrug It Off","Evolve","Feel No Pain","Feel No Pain"],"campfire_rested":1,"item_purchase_floors":[4,4,21,25],"current_hp_per_floor":[55,35,48,48,41,22,42,25,35,35,43,57,70,78,78,46,70,61,61,61,61,52,53,53,53,53,69,69,69,78,78,78,28,66,65,65,78,78,42,0],"gold":206,"neow_bonus":"TRANSFORM_TWO_CARDS","is_prod":false,"is_daily":false,"chose_seed":false,"campfire_upgraded":2,"win_rate":0,"timestamp":1563036532,"path_taken":["M","?","M","$","?","E","R","E","T","?","E","?","M","M","R","BOSS","M","?","?","$","?","E","?","$","T","E","$","?","M","?","R","BOSS","M","?","?","M","?","E"],"build_version":"2019-07-05","purchased_purges":2,"victory":false,"max_hp_per_floor":[68,68,68,68,68,68,68,68,78,78,78,78,78,78,78,78,78,78,78,78,78,78,78,78,78,78,78,78,78,78,78,78,78,78,78,78,78,78,78,78],"card_choices":[{"not_picked":["Armaments","Reckless Charge"],"picked":"Headbutt","floor":1},{"not_picked":["Pommel Strike","True Grit","Fire Breathing"],"picked":"SKIP","floor":3},{"not_picked":["Juggernaut","Perfected Strike"],"picked":"Power Through","floor":6},{"not_picked":["Entrench","Anger"],"picked":"Havoc","floor":8},{"not_picked":["Flex","Dark Embrace"],"picked":"Inflame","floor":11},{"not_picked":["Warcry","Armaments"],"picked":"Flame Barrier","floor":12},{"not_picked":["Body Slam","Armaments"],"picked":"Spot Weakness","floor":13},{"not_picked":["Flex","Clothesline"],"picked":"Twin Strike","floor":14},{"not_picked":["Fiend Fire","Juggernaut"],"picked":"Reaper","floor":16},{"not_picked":["Heavy Blade","Rampage"],"picked":"Shrug It Off","floor":18},{"not_picked":["Headbutt+1","Clash"],"picked":"Combust","floor":22},{"not_picked":["Warcry","Carnage"],"picked":"Shrug It Off","floor":23},{"not_picked":["Rampage+1","Sentinel","Bludgeon"],"picked":"SKIP","floor":27},{"not_picked":["Clash","Entrench","Armaments"],"picked":"SKIP","floor":30},{"not_picked":["Immolate","Juggernaut"],"picked":"Exhume","floor":33},{"not_picked":["Reckless Charge+1","Cleave"],"picked":"Shrug It Off","floor":35},{"not_picked":["True Grit+1","Clothesline"],"picked":"Battle Trance","floor":37},{"not_picked":["Clash+1","Combust"],"picked":"Burning Pact","floor":38},{"not_picked":["Inflame","Perfected Strike"],"picked":"Shockwave","floor":39}],"player_experience":694556,"relics_obtained":[{"floor":6,"key":"PreservedInsect"},{"floor":8,"key":"Meat on the Bone"},{"floor":9,"key":"Pear"},{"floor":11,"key":"Vajra"},{"floor":23,"key":"Regal Pillow"},{"floor":26,"key":"Pen Nib"},{"floor":27,"key":"Red Skull"},{"floor":39,"key":"WingedGreaves"}],"event_choices":[{"damage_healed":0,"gold_gain":0,"player_choice":"Entered Light","damage_taken":20,"max_hp_gain":0,"max_hp_loss":0,"event_name":"Shining Light","floor":2,"gold_loss":0,"cards_upgraded":["Defend_R","Strike_R"]},{"cards_removed":["Strike_R"],"damage_healed":0,"gold_gain":0,"player_choice":"Card Removal","damage_taken":7,"max_hp_gain":0,"max_hp_loss":0,"event_name":"Golden Wing","floor":5,"gold_loss":0},{"damage_healed":0,"gold_gain":0,"cards_transformed":["Strike_R"],"player_choice":"Transformed","damage_taken":0,"max_hp_gain":0,"max_hp_loss":0,"event_name":"Transmorgrifier","floor":10,"gold_loss":0,"cards_obtained":["Iron Wave"]},{"damage_healed":0,"gold_gain":50,"player_choice":"Stole From Cult","damage_taken":0,"max_hp_gain":0,"max_hp_loss":0,"event_name":"Nest","floor":19,"gold_loss":0},{"damage_healed":0,"gold_gain":0,"player_choice":"Rummage","damage_taken":0,"relics_obtained":["WarpedTongs"],"max_hp_gain":0,"max_hp_loss":0,"event_name":"Accursed Blacksmith","floor":20,"gold_loss":0,"cards_obtained":["Pain"]},{"damage_healed":0,"gold_gain":0,"player_choice":"Simplicity","damage_taken":0,"max_hp_gain":0,"max_hp_loss":0,"event_name":"Back to Basics","floor":24,"gold_loss":0,"cards_upgraded":["Defend_R","Defend_R","Defend_R"]},{"damage_healed":0,"gold_gain":0,"player_choice":"Ignored","damage_taken":0,"max_hp_gain":0,"max_hp_loss":0,"event_name":"Vampires","floor":31,"gold_loss":0},{"cards_removed":["Strike_R"],"damage_healed":0,"gold_gain":0,"player_choice":"Purged","damage_taken":0,"max_hp_gain":0,"max_hp_loss":0,"event_name":"Purifier","floor":36,"gold_loss":0},{"damage_healed":0,"gold_gain":0,"player_choice":"Fight","damage_taken":0,"max_hp_gain":0,"max_hp_loss":0,"event_name":"Mysterious Sphere","floor":39,"gold_loss":0}],"is_beta":false,"boss_relics":[{"not_picked":["Runic Pyramid","Empty Cage"],"picked":"Cursed Key"},{"not_picked":["Runic Dome","Runic Cube"],"picked":"Fusion Hammer"}],"items_purged_floors":[21,28],"is_endless":false,"potions_floor_spawned":[6,11,12,14,22,27,33,35,38],"killed_by":"Giant Head","ascension_level":20}