{"gold_per_floor":[119,119,129,55,69,69,69,84,84,9,26,26,26,45,45,45],"floor_reached":16,"playtime":409,"items_purged":["Strike_G"],"score":184,"play_id":"3e53a811-b211-496a-ada7-8c9bb6c51ddf","local_time":"20190323233638","is_ascension_mode":true,"campfire_choices":[{"data":"Deadly Poison","floor":6,"key":"SMITH"},{"data":"Prepared","floor":15,"key":"SMITH"}],"neow_cost":"NONE","seed_source_timestamp":13738037853740,"circlet_count":0,"master_deck":["AscendersBane","Defend_G","Defend_G","Defend_G","Defend_G","Defend_G","Strike_G","Strike_G","Strike_G","Survivor","Neutralize","Acrobatics+1","Tactician","Deadly Poison+1","Backflip","Prepared+1"],"relics":["Ring of the Snake","NeowsBlessing","Kunai"],"potions_floor_usage":[16],"damage_taken":[{"damage":0,"enemies":"Small Slimes","floor":1,"turns":1},{"damage":0,"enemies":"Cultist","floor":3,"turns":1},{"damage":0,"enemies":"Jaw Worm","floor":5,"turns":1},{"damage":3,"enemies":"3 Louse","floor":8,"turns":5},{"damage":0,"enemies":"Blue Slaver","floor":11,"turns":5},{"damage":9,"enemies":"2 Fungi Beasts","floor":14,"turns":4},{"damage":28,"enemies":"Slime Boss","floor":16,"turns":11}],"seed_played":"9023383651873609932","potions_obtained":[{"floor":3,"key":"EssenceOfSteel"},{"floor":5,"key":"SteroidPotion"},{"floor":11,"key":"GhostInAJar"}],"is_trial":false,"path_per_floor":["M","?","M","$","M","R","$","M","T","$","M","$","?","M","R","B"],"character_chosen":"THE_SILENT","items_purchased":["Tactician"],"campfire_rested":0,"item_purchase_floors":[4],"current_hp_per_floor":[59,59,59,59,59,59,59,56,56,56,56,56,56,47,47,19],"gold":45,"neow_bonus":"THREE_ENEMY_KILL","is_prod":false,"is_daily":false,"chose_seed":false,"campfire_upgraded":2,"win_rate":0,"timestamp":1553355398,"path_taken":["M","?","M","?","?","R","$","M","T","$","M","?","?","M","R","BOSS"],"build_version":"2019-01-23","purchased_purges":1,"victory":false,"max_hp_per_floor":[66,66,66,66,66,66,66,66,66,66,66,66,66,66,66,66],"card_choices":[{"not_picked":["Bane","Poisoned Stab"],"picked":"Acrobatics","floor":1},{"not_picked":["Outmaneuver","Dagger Spray","Backflip"],"picked":"SKIP","floor":3},{"not_picked":["Dodge and Roll","Outmaneuver"],"picked":"Deadly Poison","floor":5},{"not_picked":["Sucker Punch","Dash"],"picked":"Backflip","floor":8},{"not_picked":["Masterful Stab","Cloak And Dagger","Dagger Spray"],"picked":"SKIP","floor":11},{"not_picked":["Masterful Stab","Cloak And Dagger","Dagger Spray"],"picked":"SKIP","floor":11},{"not_picked":["Setup","Poisoned Stab"],"picked":"Prepared","floor":14}],"player_experience":1486073,"relics_obtained":[{"floor":9,"key":"Kunai"}],"event_choices":[{"damage_healed":0,"gold_gain":0,"player_choice":"Upgraded","damage_taken":0,"max_hp_gain":0,"max_hp_loss":0,"event_name":"Upgrade Shrine","floor":2,"gold_loss":0,"cards_upgraded":["Acrobatics"]},{"cards_removed":["Strike_G"],"damage_healed":0,"gold_gain":0,"player_choice":"Forget","damage_taken":0,"max_hp_gain":0,"max_hp_loss":0,"event_name":"Living Wall","floor":13,"gold_loss":0}],"is_beta":false,"boss_relics":[],"items_purged_floors":[10],"is_endless":false,"potions_floor_spawned":[3,5,8,11],"killed_by":"Slime Boss","ascension_level":20}