{"gold_per_floor":[117,117,73,94,112,112,112,128,128,128,163,163,183,208,208,302,302,302,302,302,302,4,4,4,4,4,4,4,4,4,4,4,4,4,4,4,4,4,4,4,4,4,4,4,4,4,4,4,4,4,4],"floor_reached":52,"playtime":2754,"items_purged":["Strike_R"],"score":2040,"play_id":"252b75f7-25dc-49cc-a687-ceb86fdbf8b3","local_time":"20190126162938","is_ascension_mode":true,"campfire_choices":[{"data":"Inflame","floor":7.0,"key":"SMITH"},{"data":"Limit Break","floor":10.0,"key":"SMITH"},{"data":"Bash","floor":15.0,"key":"SMITH"},{"data":"Sword Boomerang","floor":25.0,"key":"SMITH"},{"floor":29.0,"key":"REST"},{"floor":32.0,"key":"REST"},{"data":"Double Tap","floor":40.0,"key":"SMITH"},{"data":"Offering","floor":42.0,"key":"SMITH"},{"data":"Impervious","floor":47.0,"key":"SMITH"},{"floor":49.0,"key":"REST"}],"neow_cost":"NONE","seed_source_timestamp":25456887056828,"circlet_count":0,"master_deck":["AscendersBane","Strike_R","Strike_R","Defend_R+1","Defend_R","Defend_R+1","Defend_R","Bash+1","Limit Break+1","Inflame+1","Pummel+1","Impervious+1","Headbutt","Flex+1","Sword Boomerang+1","Shrug It Off+1","Double Tap+1","Evolve","Offering+1","Intimidate+1"],"special_seed":0,"relics":["Burning Blood","Golden Idol","Pear","Kunai","Ectoplasm","theJungle:BirthdayCakeSlice","Brimstone","Darkstone Periapt","theJungle:WildMango","War Paint","Bottled Tornado","Oddly Smooth Stone","Runic Pyramid","Paper Frog","Red Skull"],"potions_floor_usage":[51],"damage_taken":[{"damage":9.0,"enemies":"Jaw Worm","floor":1.0,"turns":6.0},{"damage":3.0,"enemies":"2 Louse","floor":4.0,"turns":3.0},{"damage":6.0,"enemies":"Cultist","floor":5.0,"turns":3.0},{"damage":18.0,"enemies":"2 Fungi Beasts","floor":8.0,"turns":4.0},{"damage":32.0,"enemies":"Gremlin Nob","floor":11.0,"turns":4.0},{"damage":10.0,"enemies":"Large Slime","floor":13.0,"turns":7.0},{"damage":2.0,"enemies":"3 Louse","floor":14.0,"turns":7.0},{"damage":39.0,"enemies":"Hexaghost","floor":16.0,"turns":6.0},{"damage":31.0,"enemies":"Shell Parasite","floor":18.0,"turns":4.0},{"damage":19.0,"enemies":"theJungle:GiantWrat","floor":20.0,"turns":3.0},{"damage":10.0,"enemies":"theJungle:SlimyTreeVines","floor":21.0,"turns":3.0},{"damage":0.0,"enemies":"theJungle:MamaSnecko","floor":23.0,"turns":4.0},{"damage":0.0,"enemies":"theJungle:Lyon","floor":30.0,"turns":2.0},{"damage":18.0,"enemies":"theJungle:2_Phrogs","floor":31.0,"turns":3.0},{"damage":75.0,"enemies":"theJungle:FunGuy","floor":33.0,"turns":4.0},{"damage":11.0,"enemies":"Orb Walker","floor":35.0,"turns":2.0},{"damage":4.0,"enemies":"3 Darklings","floor":37.0,"turns":4.0},{"damage":6.0,"enemies":"Transient","floor":39.0,"turns":6.0},{"damage":6.0,"enemies":"Maw","floor":41.0,"turns":4.0},{"damage":6.0,"enemies":"Nemesis","floor":45.0,"turns":3.0},{"damage":23.0,"enemies":"4 Shapes","floor":48.0,"turns":4.0},{"damage":61,"enemies":"Awakened One","floor":50,"turns":5},{"damage":11,"enemies":"Donu and Deca","floor":51,"turns":3}],"seed_played":"8193792327947923224","potions_obtained":[{"floor":4.0,"key":"Dexterity Potion"},{"floor":13.0,"key":"PowerPotion"},{"floor":14.0,"key":"Strength Potion"},{"floor":20.0,"key":"LiquidBronze"},{"floor":21.0,"key":"FearPotion"},{"floor":33.0,"key":"Fire Potion"},{"floor":39.0,"key":"Ancient Potion"},{"floor":45.0,"key":"AttackPotion"},{"floor":48.0,"key":"FairyPotion"}],"is_trial":false,"path_per_floor":["M","?","$","M","M","?","R","M","T","R","E","?","M","M","R","B",null,"M","?","M","M","$","E","?","R","T","?","T","R","M","E","R","B",null,"M","?","M","$","M","R","M","R","T","$","E","$","R","M","R","B","B",null],"character_chosen":"IRONCLAD","items_purchased":["Inflame","Brimstone"],"campfire_rested":3,"item_purchase_floors":[3,22],"current_hp_per_floor":[65,65,65,68,68,68,68,56,66,66,40,40,36,40,40,7,60,35,40,27,23,23,29,43,43,43,28,28,57,63,51,80,11,76,71,71,73,73,73,73,73,73,73,73,73,73,73,56,85,30,25],"gold":4,"neow_bonus":"ONE_RANDOM_RARE_CARD","is_prod":false,"is_daily":false,"chose_seed":false,"campfire_upgraded":7,"win_rate":0,"timestamp":1548491378,"path_taken":["M","?","$","M","M","?","R","M","T","R","E","?","?","M","R","BOSS","M","?","M","M","$","E","?","R","T","?","?","R","?","E","R","BOSS","M","?","M","$","M","R","M","R","T","$","E","$","R","M","R","BOSS","BOSS"],"build_version":"2019-01-23","purchased_purges":1,"victory":true,"max_hp_per_floor":[75,68,68,68,68,68,68,68,78,78,78,78,78,78,78,78,78,78,83,83,83,83,83,97,97,97,97,97,97,97,97,97,97,97,97,97,97,97,97,97,97,97,97,97,97,97,97,97,97,97,97],"card_choices":[{"not_picked":["Wild Strike","Feel No Pain","Twin Strike"],"picked":"SKIP","floor":1.0},{"not_picked":["Clothesline","Carnage","Bloodletting"],"picked":"SKIP","floor":4.0},{"not_picked":["Havoc","Heavy Blade","Cleave"],"picked":"SKIP","floor":5.0},{"not_picked":["Uppercut","Infernal Blade"],"picked":"Pummel","floor":8.0},{"not_picked":["Double Tap","True Grit"],"picked":"Impervious","floor":11.0},{"not_picked":["Headbutt","Infernal Blade","Carnage"],"picked":"SKIP","floor":13.0},{"not_picked":["Infernal Blade","Carnage"],"picked":"Headbutt","floor":13.0},{"not_picked":["Clash","Hemokinesis","Thunderclap"],"picked":"SKIP","floor":14.0},{"not_picked":["Seeing Red","Second Wind"],"picked":"Flex+1","floor":18.0},{"not_picked":["Clothesline","Twin Strike"],"picked":"Sword Boomerang","floor":20.0},{"not_picked":["Anger","Clash"],"picked":"Shrug It Off+1","floor":21.0},{"not_picked":["Sentinel","Battle Trance"],"picked":"Double Tap","floor":23.0},{"not_picked":["Warcry","Body Slam+1","Feel No Pain"],"picked":"SKIP","floor":30.0},{"not_picked":["Dual Wield","Warcry"],"picked":"Evolve","floor":31.0},{"not_picked":["Barricade","Demon Form"],"picked":"Offering","floor":33.0},{"not_picked":["Havoc","Body Slam","Clothesline"],"picked":"SKIP","floor":35.0},{"not_picked":["Body Slam","Feel No Pain"],"picked":"Intimidate+1","floor":37.0},{"not_picked":["Armaments","Warcry","Pommel Strike"],"picked":"SKIP","floor":39.0},{"not_picked":["Iron Wave","Carnage","Corruption"],"picked":"SKIP","floor":41.0},{"not_picked":["Rampage","Clothesline","Wild Strike"],"picked":"SKIP","floor":45.0},{"not_picked":["Sever Soul","Heavy Blade","Clothesline"],"picked":"SKIP","floor":48.0}],"player_experience":2279620,"relics_obtained":[{"floor":9.0,"key":"Pear"},{"floor":11.0,"key":"Kunai"},{"floor":23.0,"key":"Darkstone Periapt"},{"floor":26.0,"key":"War Paint"},{"floor":28.0,"key":"Bottled Tornado"},{"floor":31.0,"key":"Oddly Smooth Stone"},{"floor":43.0,"key":"Paper Frog"},{"floor":45.0,"key":"Red Skull"}],"event_choices":[{"damage_healed":0.0,"max_hp_gain":0.0,"max_hp_loss":7.0,"gold_gain":0.0,"event_name":"Golden Idol","player_choice":"Lose Max HP","floor":2.0,"gold_loss":0.0,"damage_taken":0.0,"relics_obtained":["Golden Idol"]},{"damage_healed":0.0,"max_hp_gain":0.0,"max_hp_loss":0.0,"gold_gain":0.0,"event_name":"Liars Game","player_choice":"Ignored","floor":6.0,"gold_loss":0.0,"damage_taken":0.0},{"damage_healed":0.0,"max_hp_gain":0.0,"max_hp_loss":0.0,"gold_gain":0.0,"event_name":"Upgrade Shrine","player_choice":"Upgraded","floor":12.0,"gold_loss":0.0,"damage_taken":0.0,"cards_upgraded":["Pummel"]},{"cards_removed":["Strike_R"],"damage_healed":0.0,"max_hp_gain":0.0,"max_hp_loss":0.0,"gold_gain":0.0,"event_name":"Falling","player_choice":"Removed Attack","floor":36.0,"gold_loss":0.0,"damage_taken":0.0}],"is_beta":false,"boss_relics":[{"not_picked":["White Beast Statue","Black Star"],"picked":"Ectoplasm"},{"not_picked":["Empty Cage","Mark of Pain"],"picked":"Runic Pyramid"}],"items_purged_floors":[22],"is_endless":false,"potions_floor_spawned":[4,13,14,16,20,21,23,33,39,41,45,48],"ascension_level":20}