{"gold_per_floor":[119,119,136,154,164,196,196,221,221,246,246],"floor_reached":11,"playtime":217,"items_purged":[],"score":186,"play_id":"6bc8cc2c-63f8-4233-b863-0f9ddbc95c77","local_time":"20190217105206","is_ascension_mode":true,"campfire_choices":[{"data":"Darkness","floor":7,"key":"SMITH"}],"neow_cost":"NONE","seed_source_timestamp":402488278965044,"circlet_count":0,"master_deck":["AscendersBane","Strike_B","Strike_B","Strike_B","Strike_B","Defend_B","Defend_B","Defend_B","Defend_B","Zap","Dualcast","Conserve Battery","Streamline","Darkness+1","Recycle","Self Repair","Go for the Eyes","Self Repair+1"],"relics":["Cracked Core","NeowsBlessing","Mango","Orichalcum","Frozen Egg 2","Unceasing Top"],"potions_floor_usage":[10],"damage_taken":[{"damage":0,"enemies":"Jaw Worm","floor":1,"turns":1},{"damage":0,"enemies":"2 Louse","floor":3,"turns":1},{"damage":0,"enemies":"Cultist","floor":4,"turns":1},{"damage":2,"enemies":"Blue Slaver","floor":5,"turns":5},{"damage":41,"enemies":"Gremlin Nob","floor":6,"turns":4},{"damage":15,"enemies":"Lagavulin","floor":8,"turns":5},{"damage":22,"enemies":"Gremlin Nob","floor":10,"turns":4},{"damage":12,"enemies":"3 Louse","floor":11,"turns":1}],"seed_played":"3510975252460735883","potions_obtained":[{"floor":1,"key":"SteroidPotion"},{"floor":6,"key":"GamblersBrew"}],"is_trial":false,"path_per_floor":["M","?","M","M","M","E","R","E","T","E","M"],"character_chosen":"DEFECT","items_purchased":[],"campfire_rested":0,"item_purchase_floors":[],"current_hp_per_floor":[64,64,64,64,62,35,35,27,27,12,0],"gold":246,"neow_bonus":"THREE_ENEMY_KILL","is_prod":false,"is_daily":false,"chose_seed":false,"campfire_upgraded":1,"win_rate":0,"timestamp":1550371926,"path_taken":["M","?","M","M","M","E","R","E","T","E","M"],"build_version":"2019-01-23","purchased_purges":0,"victory":false,"max_hp_per_floor":[71,71,71,71,71,85,85,85,85,85,85],"card_choices":[{"not_picked":["White Noise","Gash"],"picked":"Conserve Battery","floor":1},{"not_picked":["Ball Lightning","Auto Shields"],"picked":"Streamline","floor":3},{"not_picked":["Leap","Tempest"],"picked":"Darkness","floor":4},{"not_picked":["Rebound","Ball Lightning"],"picked":"Recycle","floor":5},{"not_picked":["Beam Cell","Sweeping Beam"],"picked":"Self Repair","floor":6},{"not_picked":["Steam","Sweeping Beam"],"picked":"Go for the Eyes","floor":8},{"not_picked":["Fusion","Chaos"],"picked":"Self Repair+1","floor":10}],"player_experience":799620,"relics_obtained":[{"floor":6,"key":"Mango"},{"floor":8,"key":"Orichalcum"},{"floor":9,"key":"Frozen Egg 2"},{"floor":10,"key":"Unceasing Top"}],"event_choices":[{"damage_healed":0,"gold_gain":0,"player_choice":"Ignored","damage_taken":0,"max_hp_gain":0,"max_hp_loss":0,"event_name":"Liars Game","floor":2,"gold_loss":0}],"is_beta":false,"boss_relics":[],"items_purged_floors":[],"is_endless":false,"potions_floor_spawned":[1,6,8],"killed_by":"3 Louse","ascension_level":20}