{"path_per_floor":["M","M","?","M","?","R","M","R","T","M","E","R","T","M","R","B",null,"M","M","?"],"character_chosen":"THE_SILENT","items_purchased":[],"gold_per_floor":[360,370,370,388,388,388,406,406,436,457,490,490,515,533,533,656,656,677,690,690],"floor_reached":21,"campfire_rested":1,"playtime":1033,"current_hp_per_floor":[35,35,35,35,40,40,40,40,40,33,12,34,34,36,36,7,81,78,48,32],"items_purged":[],"gold":690,"score":181,"play_id":"09698a80-38ab-4c5b-89e7-c79824da665e","is_prod":false,"is_daily":false,"is_ascension_mode":false,"campfire_upgraded":3,"path_taken":["M","M","?","?","?","R","M","R","T","M","E","R","?","M","R","BOSS","M","M","?","M"],"build_version":"2018-02-15-PROD1","purchased_purges":0,"victory":false,"master_deck":["Defend_G","Defend_G","Defend_G","Defend_G","Defend_G","Strike_G","Strike_G","Strike_G","Strike_G","Strike_G","Survivor","Neutralize","Finisher+1","Escape Plan","Injury","Calculated Gamble+1","Finisher","A Thousand Cuts+1","Tools of the Trade","Infinite Blades","Distraction","Distraction","Wraith Form"],"max_hp_per_floor":[70,70,70,70,75,75,75,75,75,75,75,75,75,77,77,77,81,83,83,83],"relics":["Ring of the Snake","Golden Idol","Tiny Chest","Singing Bowl","Happy Flower","Orrery","Enchiridion"],"card_choices":[{"not_picked":["Dagger Spray","Backflip"],"picked":"Finisher"},{"not_picked":["Slice","Backflip"],"picked":"Escape Plan"},{"not_picked":["Dagger Spray","Heel Hook"],"picked":"Calculated Gamble"},{"not_picked":["Heel Hook","Bane"],"picked":"Finisher"},{"not_picked":["Slice","Deadly Poison"],"picked":"A Thousand Cuts"},{"not_picked":["Corpse Explosion","Venomology"],"picked":"Tools of the Trade"},{"not_picked":["Outmaneuver","Dodge and Roll"],"picked":"Infinite Blades"},{"not_picked":["PiercingWail","Outmaneuver"],"picked":"Distraction"},{"not_picked":["Sucker Punch","Quick Slash"],"picked":"Distraction"},{"not_picked":["Sucker Punch","Dagger Spray"],"picked":"Wraith Form"}],"player_experience":81513,"potions_floor_usage":[11,11,16],"damage_taken":[{"damage":0,"enemies":"Small Slimes","floor":1,"turns":6},{"damage":0,"enemies":"Cultist","floor":2,"turns":4},{"damage":0,"enemies":"Jaw Worm","floor":4,"turns":3},{"damage":0,"enemies":"2 Fungi Beasts","floor":7,"turns":3},{"damage":7,"enemies":"Looter","floor":10,"turns":3},{"damage":21,"enemies":"3 Sentries","floor":11,"turns":7},{"damage":0,"enemies":"Blue Slaver","floor":14,"turns":4},{"damage":29,"enemies":"Slime Boss","floor":16,"turns":12},{"damage":5,"enemies":"Chosen","floor":18,"turns":6},{"damage":30,"enemies":"Spheric Guardian","floor":19,"turns":6},{"damage":32,"enemies":"Centurion and Healer","floor":21,"turns":3}],"event_choices":[{"event_name":"Golden Idol","player_choice":"Take Wound","floor":3,"damage_taken":0},{"event_name":"Big Fish","player_choice":"Donut","floor":5,"damage_taken":0},{"event_name":"Cursed Tome","player_choice":"Obtained Book","floor":20,"damage_taken":0}],"boss_relics":[{"not_picked":["Calling Bell","Snecko Eye"],"picked":"Orrery"}],"potions_floor_spawned":[4,7,14],"seed_played":"7100569738681676727","killed_by":"Centurion and Healer","ascension_level":0,"is_trial":false}