{"gold_per_floor":[118,128,128,128,128,169,169,208,208,224,259,259,272,306,306,401,401,421,421,421,336,336,336],"floor_reached":23,"playtime":711,"items_purged":[],"score":480,"play_id":"1618588c-19ec-4b93-aa37-de9110fd4a08","local_time":"20190316205623","is_ascension_mode":true,"campfire_choices":[{"data":"Noxious Fumes","floor":7.0,"key":"SMITH"},{"floor":12.0,"key":"REST"},{"data":"Deadly Poison","floor":15.0,"key":"SMITH"}],"neow_cost":"NONE","seed_source_timestamp":35963163265369,"circlet_count":0,"master_deck":["AscendersBane","Defend_G","Defend_G","Defend_G","Defend_G","Defend_G","Strike_G","Strike_G","Strike_G","Strike_G","Survivor","Neutralize","Caltrops","Deadly Poison+1","Noxious Fumes+1","Concentrate","After Image","PiercingWail","Footwork"],"special_seed":0,"relics":["Ring of the Snake","NeowsBlessing","Bloody Idol","Darkstone Periapt","Bottled Lightning","Happy Flower","Oddly Smooth Stone","Calipers","Runic Dome","Frozen Egg 2","Pantograph"],"potions_floor_usage":[23],"damage_taken":[{"damage":0.0,"enemies":"Cultist","floor":1.0,"turns":1.0},{"damage":0.0,"enemies":"Small Slimes","floor":2.0,"turns":1.0},{"damage":0.0,"enemies":"Gremlin Nob","floor":6.0,"turns":1.0},{"damage":16.0,"enemies":"3 Sentries","floor":8.0,"turns":8.0},{"damage":0.0,"enemies":"2 Louse","floor":10.0,"turns":4.0},{"damage":33.0,"enemies":"Gremlin Nob","floor":11.0,"turns":6.0},{"damage":8.0,"enemies":"Looter","floor":13.0,"turns":4.0},{"damage":5.0,"enemies":"Lagavulin","floor":14.0,"turns":9.0},{"damage":4.0,"enemies":"Hexaghost","floor":16.0,"turns":9.0},{"damage":16.0,"enemies":"Shell Parasite","floor":18.0,"turns":6.0},{"damage":35,"enemies":"Slavers","floor":23,"turns":3}],"seed_played":"3377607883883261117","potions_obtained":[{"floor":2.0,"key":"FearPotion"},{"floor":6.0,"key":"Ancient Potion"},{"floor":10.0,"key":"FearPotion"},{"floor":13.0,"key":"SpeedPotion"}],"is_trial":false,"path_per_floor":["M","M","?","?","?","E","R","E","T","M","E","R","M","E","R","B",null,"M","?","?","?","T","E"],"character_chosen":"THE_SILENT","items_purchased":[],"campfire_rested":1,"item_purchase_floors":[],"current_hp_per_floor":[59,59,59,52,52,52,52,36,36,36,3,21,13,8,8,4,46,30,30,30,30,30,0],"gold":336,"neow_bonus":"THREE_ENEMY_KILL","is_prod":false,"is_daily":false,"chose_seed":false,"campfire_upgraded":2,"win_rate":0,"timestamp":1552740983,"path_taken":["M","?","?","?","?","E","R","E","T","M","E","R","M","E","R","BOSS","M","?","?","?","?","E"],"build_version":"2019-01-23","purchased_purges":0,"victory":false,"max_hp_per_floor":[66,66,66,66,60,60,60,60,60,60,60,60,60,60,60,60,60,60,60,60,60,60,60],"card_choices":[{"not_picked":["Flying Knee","Heel Hook"],"picked":"Caltrops","floor":1.0},{"not_picked":["Deflect","Terror"],"picked":"Reflex","floor":2.0},{"not_picked":["Backflip","Deadly Poison"],"picked":"Noxious Fumes","floor":6.0},{"not_picked":["Prepared","Riddle With Holes","Deadly Poison"],"picked":"SKIP","floor":8.0},{"not_picked":["Deadly Poison","Concentrate","Endless Agony"],"picked":"SKIP","floor":10.0},{"not_picked":["Deadly Poison","Endless Agony"],"picked":"Concentrate","floor":10.0},{"not_picked":["Dagger Spray","Envenom"],"picked":"After Image","floor":11.0},{"not_picked":["Distraction","Slice","Terror"],"picked":"SKIP","floor":13.0},{"not_picked":["Quick Slash","Slice"],"picked":"PiercingWail","floor":14.0},{"not_picked":["Prepared+1","Dodge and Roll","Deflect"],"picked":"SKIP","floor":18.0}],"player_experience":3637161,"relics_obtained":[{"floor":6.0,"key":"Darkstone Periapt"},{"floor":8.0,"key":"Bottled Lightning"},{"floor":9.0,"key":"Happy Flower"},{"floor":11.0,"key":"Oddly Smooth Stone"},{"floor":14.0,"key":"Calipers"},{"floor":22.0,"key":"Pantograph"}],"event_choices":[{"damage_healed":0.0,"max_hp_gain":0.0,"max_hp_loss":0.0,"gold_gain":0.0,"cards_transformed":["Reflex"],"event_name":"Living Wall","player_choice":"Change","floor":3.0,"gold_loss":0.0,"damage_taken":0.0,"cards_obtained":["Deadly Poison"]},{"cards_removed":["Strike_G"],"damage_healed":0.0,"max_hp_gain":0.0,"max_hp_loss":0.0,"gold_gain":0.0,"event_name":"Golden Wing","player_choice":"Card Removal","floor":4.0,"gold_loss":0.0,"damage_taken":7.0},{"damage_healed":0.0,"max_hp_gain":0.0,"max_hp_loss":6.0,"gold_gain":0.0,"event_name":"Golden Idol","player_choice":"Lose Max HP","floor":5.0,"gold_loss":0.0,"damage_taken":0.0,"relics_obtained":["Golden Idol"]},{"damage_healed":0.0,"max_hp_gain":0.0,"max_hp_loss":0.0,"gold_gain":0.0,"event_name":"The Library","player_choice":"Read","floor":19.0,"gold_loss":0.0,"damage_taken":0.0,"cards_obtained":["Footwork"]},{"damage_healed":0.0,"max_hp_gain":0.0,"max_hp_loss":0.0,"gold_gain":0.0,"event_name":"Forgotten Altar","player_choice":"Gave Idol","floor":20.0,"relics_lost":["Golden Idol"],"gold_loss":0.0,"damage_taken":0.0,"relics_obtained":["Bloody Idol"]},{"damage_healed":0.0,"max_hp_gain":0.0,"max_hp_loss":0.0,"gold_gain":0.0,"event_name":"Addict","player_choice":"Obtained Relic","floor":21.0,"gold_loss":85.0,"damage_taken":0.0,"relics_obtained":["Frozen Egg 2"]}],"is_beta":false,"boss_relics":[{"not_picked":["Sozu","Velvet Choker"],"picked":"Runic Dome"}],"items_purged_floors":[],"is_endless":false,"potions_floor_spawned":[2,6,10,13],"killed_by":"Slavers","ascension_level":20}