{"gold_per_floor":[112,112,62,10,29,29,43,43,68,80,255,180,180,199,199,300,300,316,350,350,361,376,376,388,388,388,388,400,300,300,314,314,418,418,431,151,151,1,1,36,36,52,52,52,71,293,293,311,311,311],"floor_reached":51,"playtime":1082,"items_purged":["Doubt","Defend_B","Defend_B+1","Ball Lightning"],"score":740,"play_id":"b67c31b3-72de-41c6-b885-8619822f26bc","local_time":"20190617205325","is_ascension_mode":false,"campfire_choices":[{"data":"Zap","floor":6.0,"key":"SMITH"},{"data":"Coolheaded","floor":8.0,"key":"SMITH"},{"data":"Streamline","floor":13.0,"key":"SMITH"},{"data":"Dualcast","floor":15.0,"key":"SMITH"},{"data":"Turbo","floor":23.0,"key":"SMITH"},{"data":"Darkness","floor":30.0,"key":"SMITH"},{"data":"Skim","floor":32.0,"key":"SMITH"},{"data":"Coolheaded","floor":41,"key":"SMITH"},{"data":"Buffer","floor":44,"key":"SMITH"},{"data":"Machine Learning","floor":49,"key":"SMITH"}],"neow_cost":"NONE","seed_source_timestamp":31284517340883,"circlet_count":0,"master_deck":["Zap+1","Dualcast+1","Skim+1","Turbo+1","Coolheaded+1","Streamline+1","Seek","Doom and Gloom+1","Gash","Machine Learning+1","Skim+1","Darkness+1","Gash","Seek","Buffer+1","Coolheaded+1","Loop+1","Defragment+1"],"special_seed":0,"relics":["Cracked Core","Whetstone","War Paint","Orichalcum","Busted Crown","Red Mask","Letter Opener","Empty Cage","Strawberry","Omamori","Symbiotic Virus"],"potions_floor_usage":[],"damage_taken":[{"damage":0.0,"enemies":"Small Slimes","floor":1.0,"turns":2.0},{"damage":0.0,"enemies":"2 Louse","floor":5.0,"turns":2.0},{"damage":0.0,"enemies":"Cultist","floor":7.0,"turns":2.0},{"damage":0.0,"enemies":"3 Louse","floor":10.0,"turns":2.0},{"damage":5.0,"enemies":"Looter","floor":14.0,"turns":2.0},{"damage":10.0,"enemies":"The Guardian","floor":16.0,"turns":8.0},{"damage":2.0,"enemies":"2 Thieves","floor":18.0,"turns":3.0},{"damage":0.0,"enemies":"Masked Bandits","floor":19.0,"turns":2.0},{"damage":0.0,"enemies":"Chosen","floor":21.0,"turns":3.0},{"damage":8.0,"enemies":"Shelled Parasite and Fungi","floor":22.0,"turns":3.0},{"damage":7.0,"enemies":"Snecko","floor":24.0,"turns":4.0},{"damage":0.0,"enemies":"Sentry and Sphere","floor":28.0,"turns":2.0},{"damage":5.0,"enemies":"Shelled Parasite and Fungi","floor":31.0,"turns":2.0},{"damage":17.0,"enemies":"Collector","floor":33.0,"turns":5.0},{"damage":0,"enemies":"3 Darklings","floor":35,"turns":2},{"damage":0,"enemies":"Giant Head","floor":40,"turns":5},{"damage":0,"enemies":"Orb Walker","floor":42,"turns":1},{"damage":0,"enemies":"3 Darklings","floor":45,"turns":2},{"damage":0,"enemies":"4 Shapes","floor":48,"turns":2},{"damage":51,"enemies":"Time Eater","floor":50,"turns":7}],"seed_played":"4986053987882744031","potions_obtained":[{"floor":5.0,"key":"EssenceOfSteel"},{"floor":7.0,"key":"GamblersBrew"},{"floor":14.0,"key":"FairyPotion"},{"floor":19.0,"key":"EssenceOfSteel"},{"floor":21.0,"key":"Swift Potion"},{"floor":33.0,"key":"SteroidPotion"},{"floor":35,"key":"Energy Potion"}],"is_trial":false,"path_per_floor":["M","?","?","?","M","R","M","R","T","M","?","$","R","M","R","B",null,"M","?","?","M","M","R","M","?","T","?","M","$","R","M","R","B",null,"M","$","?","$","$","E","R","M","T","R","M","?","?","M","R","B",null],"character_chosen":"DEFECT","items_purchased":["Strawberry"],"campfire_rested":0,"item_purchase_floors":[36],"current_hp_per_floor":[75,68,68,68,68,68,68,68,68,68,68,68,68,63,63,53,75,73,73,73,73,65,65,58,58,58,58,58,58,58,53,53,36,75,75,82,82,82,82,82,82,82,82,82,82,82,82,82,82,31],"gold":311,"neow_bonus":"RANDOM_COMMON_RELIC","is_prod":false,"is_daily":false,"chose_seed":false,"campfire_upgraded":10,"win_rate":0,"timestamp":1560776005,"path_taken":["M","?","?","?","M","R","?","R","T","M","?","$","R","M","R","BOSS","M","?","?","M","?","R","M","?","T","?","M","$","R","M","R","BOSS","M","$","?","?","$","E","R","M","T","R","?","?","?","M","R","BOSS"],"build_version":"2019-01-23","purchased_purges":4,"victory":true,"max_hp_per_floor":[75,75,75,75,75,75,75,75,75,75,75,75,75,75,75,75,75,75,75,75,75,75,75,75,75,75,75,75,75,75,75,75,75,75,75,82,82,82,82,82,82,82,82,82,82,82,82,82,82,82],"card_choices":[{"not_picked":["Rebound","Ball Lightning"],"picked":"Skim","floor":1.0},{"not_picked":["Beam Cell","Compile Driver"],"picked":"Turbo","floor":5.0},{"not_picked":["Compile Driver","Conserve Battery"],"picked":"Coolheaded","floor":7.0},{"not_picked":["Genetic Algorithm","Double Energy"],"picked":"Streamline","floor":10.0},{"not_picked":["Steam","Lockon","Turbo"],"picked":"SKIP","floor":14.0},{"not_picked":["Creative AI","Reboot"],"picked":"Seek","floor":16.0},{"not_picked":["Doom and Gloom+1"],"picked":"SKIP","floor":18.0},{"not_picked":[],"picked":"Doom and Gloom+1","floor":18.0},{"not_picked":["Chaos"],"picked":"SKIP","floor":21.0},{"not_picked":[],"picked":"Gash","floor":22.0},{"not_picked":["Streamline+1"],"picked":"SKIP","floor":24.0},{"not_picked":[],"picked":"Darkness","floor":28.0},{"not_picked":[],"picked":"Gash","floor":31.0},{"not_picked":[],"picked":"Seek","floor":33.0},{"not_picked":["Ball Lightning"],"picked":"SKIP","floor":35},{"not_picked":["Static Discharge"],"picked":"SKIP","floor":40},{"not_picked":[],"picked":"Loop+1","floor":42},{"not_picked":["Reinforced Body+1"],"picked":"SKIP","floor":45},{"not_picked":[],"picked":"Defragment+1","floor":48}],"player_experience":5365027,"relics_obtained":[{"floor":9.0,"key":"Orichalcum"},{"floor":19.0,"key":"Red Mask"},{"floor":26.0,"key":"Letter Opener"},{"floor":40,"key":"Omamori"},{"floor":43,"key":"Symbiotic Virus"}],"event_choices":[{"cards_removed":["Strike_B"],"damage_healed":0.0,"max_hp_gain":0.0,"max_hp_loss":0.0,"gold_gain":0.0,"event_name":"Golden Wing","player_choice":"Card Removal","floor":2.0,"gold_loss":0.0,"damage_taken":7.0},{"cards_removed":["Defend_B"],"damage_healed":0.0,"max_hp_gain":0.0,"max_hp_loss":0.0,"gold_gain":0.0,"event_name":"The Cleric","player_choice":"Card Removal","floor":3.0,"gold_loss":50.0,"damage_taken":0.0},{"damage_healed":0.0,"max_hp_gain":0.0,"max_hp_loss":0.0,"gold_gain":0.0,"event_name":"WeMeetAgain","player_choice":"Paid Gold","floor":4.0,"gold_loss":52.0,"damage_taken":0.0,"relics_obtained":["War Paint"]},{"damage_healed":0.0,"max_hp_gain":0.0,"max_hp_loss":0.0,"gold_gain":175.0,"event_name":"Liars Game","player_choice":"AGREE","floor":11.0,"gold_loss":0.0,"damage_taken":0.0,"cards_obtained":["Doubt"]},{"damage_healed":0.0,"max_hp_gain":0.0,"max_hp_loss":0.0,"gold_gain":0.0,"event_name":"Masked Bandits","player_choice":"Fought Bandits","floor":19.0,"gold_loss":0.0,"damage_taken":0.0},{"damage_healed":0.0,"max_hp_gain":0.0,"max_hp_loss":0.0,"gold_gain":0.0,"event_name":"The Mausoleum","player_choice":"Ignored","floor":20.0,"gold_loss":0.0,"damage_taken":0.0},{"damage_healed":0.0,"max_hp_gain":0.0,"max_hp_loss":0.0,"gold_gain":0.0,"cards_transformed":["Strike_B","Defend_B"],"event_name":"Drug Dealer","player_choice":"Became Test Subject","floor":25.0,"gold_loss":0.0,"damage_taken":0.0,"cards_obtained":["Machine Learning","Ball Lightning"]},{"damage_healed":0.0,"max_hp_gain":0.0,"max_hp_loss":0.0,"gold_gain":0.0,"event_name":"The Library","player_choice":"Read","floor":27.0,"gold_loss":0.0,"damage_taken":0.0,"cards_obtained":["Skim"]},{"damage_healed":0,"gold_gain":0,"player_choice":"2 cards matched","damage_taken":0,"max_hp_gain":0,"max_hp_loss":0,"event_name":"Match and Keep!","floor":37,"gold_loss":0,"cards_obtained":["Buffer","Coolheaded"]},{"damage_healed":0,"gold_gain":222,"player_choice":"Wore Mask","damage_taken":0,"max_hp_gain":0,"max_hp_loss":0,"event_name":"Tomb of Lord Red Mask","floor":46,"gold_loss":0},{"damage_healed":0,"gold_gain":0,"player_choice":"Ignored","damage_taken":0,"max_hp_gain":0,"max_hp_loss":0,"event_name":"Mysterious Sphere","floor":47,"gold_loss":0}],"is_beta":false,"boss_relics":[{"not_picked":["Nuclear Battery","Orrery"],"picked":"Busted Crown"},{"not_picked":["Runic Dome","Astrolabe"],"picked":"Empty Cage"}],"items_purged_floors":[12,29,36,38],"is_endless":false,"potions_floor_spawned":[5,7,14,19,21,33,35,42,45],"ascension_level":0}