{"gold_per_floor":[111,111,128,145,162,189,189,215,240,240,259,259,293,317,317,396,396,416,168,198,213,163,163,181,181,181,181,181,197,222,255,255,333,333,344,197,211,230,250,250,262,288,288,288,103,453,453,486,486,486,486,486,486,77,106,106],"floor_reached":57,"playtime":2789,"items_purged":["Strike_R","Strike_R","Strike_R+1","Bash+1","Strike_R+1"],"score":3246,"play_id":"7bf61579-f0ad-4f82-b36d-80832890c347","local_time":"20190527144419","is_ascension_mode":true,"campfire_choices":[{"data":"Rampage","floor":7.0,"key":"SMITH"},{"data":"Disarm","floor":10.0,"key":"SMITH"},{"data":"Bash","floor":12.0,"key":"SMITH"},{"data":"Fiend Fire","floor":15.0,"key":"SMITH"},{"data":"Uppercut","floor":23.0,"key":"SMITH"},{"data":"Entrench","floor":25.0,"key":"SMITH"},{"data":"Evolve","floor":27.0,"key":"SMITH"},{"data":"Power Through","floor":32.0,"key":"SMITH"},{"data":"Dark Embrace","floor":40.0,"key":"SMITH"},{"data":"Body Slam","floor":44.0,"key":"SMITH"},{"floor":47.0,"key":"RECALL"},{"data":"Impervious","floor":49.0,"key":"SMITH"},{"data":"Fiend Fire","floor":53,"key":"SMITH"}],"neow_cost":"NONE","seed_source_timestamp":87848242897273,"circlet_count":0,"master_deck":["AscendersBane","Defend_R+1","Defend_R+1","Defend_R","Defend_R","Rampage+1","Disarm+1","Shrug It Off","Fiend Fire+1","Impervious+1","Power Through+1","Uppercut+1","Evolve+1","Entrench+1","Second Wind+1","Dark Embrace+1","Body Slam+1","Offering+1","Bloodletting+1","Offering+1","Fiend Fire+1"],"special_seed":0,"relics":["Burning Blood","Regal Pillow","Oddly Smooth Stone","PreservedInsect","Bag of Preparation","War Paint","Bag of Marbles","Runic Dome","Membership Card","Red Mask","Toxic Egg 2","Centennial Puzzle","Whetstone","Orrery","Shuriken","ClockworkSouvenir","Old Coin","Molten Egg 2","Lantern","Bronze Scales","OrangePellets","Orichalcum"],"potions_floor_usage":[],"damage_taken":[{"damage":4.0,"enemies":"Small Slimes","floor":1.0,"turns":4.0},{"damage":2.0,"enemies":"Cultist","floor":3.0,"turns":4.0},{"damage":6.0,"enemies":"Jaw Worm","floor":4.0,"turns":5.0},{"damage":17.0,"enemies":"3 Louse","floor":5.0,"turns":6.0},{"damage":26.0,"enemies":"Lagavulin","floor":6.0,"turns":8.0},{"damage":30.0,"enemies":"3 Sentries","floor":8.0,"turns":10.0},{"damage":4.0,"enemies":"Blue Slaver","floor":11.0,"turns":5.0},{"damage":5.0,"enemies":"Lagavulin","floor":13.0,"turns":7.0},{"damage":17.0,"enemies":"Hexaghost","floor":16.0,"turns":9.0},{"damage":3.0,"enemies":"3 Byrds","floor":18.0,"turns":7.0},{"damage":26.0,"enemies":"Masked Bandits","floor":20.0,"turns":7.0},{"damage":0.0,"enemies":"Chosen","floor":21.0,"turns":2.0},{"damage":2.0,"enemies":"Snecko","floor":24.0,"turns":4.0},{"damage":28.0,"enemies":"Sentry and Sphere","floor":29.0,"turns":9.0},{"damage":4.0,"enemies":"Book of Stabbing","floor":31.0,"turns":4.0},{"damage":0.0,"enemies":"Champ","floor":33.0,"turns":10.0},{"damage":24.0,"enemies":"3 Darklings","floor":35.0,"turns":9.0},{"damage":10.0,"enemies":"3 Shapes","floor":37.0,"turns":5.0},{"damage":3.0,"enemies":"Maw","floor":38.0,"turns":8.0},{"damage":9.0,"enemies":"Spire Growth","floor":39.0,"turns":4.0},{"damage":9.0,"enemies":"Writhing Mass","floor":41.0,"turns":4.0},{"damage":6.0,"enemies":"Giant Head","floor":42.0,"turns":7.0},{"damage":15.0,"enemies":"2 Orb Walkers","floor":46.0,"turns":3.0},{"damage":9.0,"enemies":"Reptomancer","floor":48.0,"turns":1.0},{"damage":12.0,"enemies":"Donu and Deca","floor":50.0,"turns":6.0},{"damage":15,"enemies":"Time Eater","floor":51,"turns":8},{"damage":15,"enemies":"Shield and Spear","floor":55,"turns":1},{"damage":15,"enemies":"The Heart","floor":56,"turns":8}],"seed_played":"-7789921687821216886","potions_obtained":[{"floor":1.0,"key":"Fire Potion"},{"floor":5.0,"key":"SteroidPotion"},{"floor":11.0,"key":"Energy Potion"},{"floor":21.0,"key":"FearPotion"},{"floor":31.0,"key":"PowerPotion"},{"floor":33.0,"key":"EssenceOfSteel"},{"floor":46.0,"key":"GamblersBrew"}],"is_trial":false,"path_per_floor":["M","?","M","M","M","E","R","E","T","R","M","R","E","T","R","B",null,"M","$","?","M","$","R","M","R","T","R","?","M","T","E","R","B",null,"M","$","M","M","M","R","M","E","T","R","$","?","R","E","R","B","B",null,"R","$","E","B",null],"character_chosen":"IRONCLAD","items_purchased":["Membership Card","Offering+1","ClockworkSouvenir","Lantern","Bronze Scales","OrangePellets","GamblersBrew"],"campfire_rested":0,"item_purchase_floors":[19,36,45,54,54,54,54],"current_hp_per_floor":[70,70,74,74,63,43,43,19,19,19,21,21,22,22,22,11,59,62,62,42,48,48,48,52,52,52,52,52,30,30,32,32,38,66,48,48,44,47,44,44,41,41,41,41,41,32,32,29,29,23,14,60,60,60,51,42],"gold":106,"neow_bonus":"RANDOM_COMMON_RELIC","is_prod":false,"is_daily":false,"chose_seed":false,"campfire_upgraded":12,"win_rate":0,"timestamp":1558939459,"path_taken":["M","?","M","?","M","E","R","E","T","R","M","R","E","?","R","BOSS","M","$","?","M","$","R","M","R","T","R","?","M","?","E","R","BOSS","M","$","M","M","?","R","M","E","T","R","$","?","R","E","R","BOSS","BOSS","R","$","E","BOSS"],"build_version":"2019-01-23","purchased_purges":5,"victory":true,"max_hp_per_floor":[75,75,75,75,75,75,75,75,75,75,75,75,75,75,75,75,75,75,75,75,75,75,75,75,75,75,75,75,75,75,75,75,75,75,75,75,75,75,75,75,75,75,75,75,75,75,75,75,75,75,75,75,75,75,75,75],"card_choices":[{"not_picked":["Clothesline","Havoc"],"picked":"Rampage","floor":1.0},{"not_picked":["Perfected Strike","Sever Soul","Twin Strike"],"picked":"SKIP","floor":3.0},{"not_picked":["Shrug It Off","Searing Blow"],"picked":"Disarm","floor":4.0},{"not_picked":["Clothesline","Warcry","Havoc"],"picked":"SKIP","floor":5.0},{"not_picked":["Iron Wave","Dropkick","Anger"],"picked":"SKIP","floor":6.0},{"not_picked":["Sentinel","Havoc"],"picked":"Shrug It Off","floor":8.0},{"not_picked":["Perfected Strike","Rampage","Clash"],"picked":"SKIP","floor":11.0},{"not_picked":["Hemokinesis","Iron Wave"],"picked":"Fiend Fire","floor":13.0},{"not_picked":["Fiend Fire","Berserk"],"picked":"Impervious","floor":16.0},{"not_picked":["Wild Strike","Perfected Strike"],"picked":"Power Through","floor":18.0},{"not_picked":["Body Slam+1","Havoc"],"picked":"Uppercut","floor":20.0},{"not_picked":["Clothesline","Anger"],"picked":"Evolve","floor":21.0},{"not_picked":["Havoc","Shrug It Off"],"picked":"Entrench","floor":24.0},{"not_picked":["Thunderclap","Rupture","Dual Wield+1"],"picked":"SKIP","floor":29.0},{"not_picked":["Clothesline","Inflame","Blood for Blood"],"picked":"SKIP","floor":31.0},{"not_picked":["Bludgeon","Demon Form"],"picked":"Dark Embrace","floor":33.0},{"not_picked":["Reckless Charge","Spot Weakness+1"],"picked":"Body Slam","floor":34.0},{"not_picked":["Clash","Spot Weakness+1","Headbutt+1"],"picked":"SKIP","floor":35.0},{"not_picked":["Bloodletting+1","Ghostly Armor+1","Cleave"],"picked":"SKIP","floor":37.0},{"not_picked":["Ghostly Armor+1","Cleave"],"picked":"Bloodletting+1","floor":37.0},{"not_picked":["Headbutt","Combust","Flex+1"],"picked":"SKIP","floor":38.0},{"not_picked":["Flex+1","Armaments+1"],"picked":"Offering+1","floor":39.0},{"not_picked":["Flex+1","Entrench+1","Shrug It Off+1"],"picked":"SKIP","floor":41.0},{"not_picked":["Headbutt","Pommel Strike+1"],"picked":"Fiend Fire","floor":42.0},{"not_picked":["Clash","Searing Blow","Rage+1"],"picked":"SKIP","floor":48.0},{"not_picked":["Combust+1","Perfected Strike+1","Armaments+1"],"picked":"SKIP","floor":55}],"player_experience":4877536,"relics_obtained":[{"floor":6.0,"key":"Oddly Smooth Stone"},{"floor":8.0,"key":"PreservedInsect"},{"floor":9.0,"key":"Bag of Preparation"},{"floor":13.0,"key":"War Paint"},{"floor":14.0,"key":"Bag of Marbles"},{"floor":20.0,"key":"Red Mask"},{"floor":26.0,"key":"Toxic Egg 2"},{"floor":30.0,"key":"Centennial Puzzle"},{"floor":31.0,"key":"Whetstone"},{"floor":42.0,"key":"Shuriken"},{"floor":46.0,"key":"Old Coin"},{"floor":48.0,"key":"Molten Egg 2"},{"floor":55,"key":"Orichalcum"}],"event_choices":[{"cards_removed":["Strike_R"],"damage_healed":0.0,"max_hp_gain":0.0,"max_hp_loss":0.0,"gold_gain":0.0,"event_name":"Bonfire Elementals","player_choice":"Offered Basic","floor":2.0,"gold_loss":0.0,"damage_taken":0.0},{"damage_healed":0.0,"max_hp_gain":0.0,"max_hp_loss":0.0,"gold_gain":0.0,"event_name":"Masked Bandits","player_choice":"Fought Bandits","floor":20.0,"gold_loss":0.0,"damage_taken":0.0},{"damage_healed":0.0,"max_hp_gain":0.0,"max_hp_loss":0.0,"gold_gain":0.0,"event_name":"The Library","player_choice":"Read","floor":28.0,"gold_loss":0.0,"damage_taken":0.0,"cards_obtained":["Second Wind"]},{"damage_healed":0.0,"max_hp_gain":0.0,"max_hp_loss":0.0,"gold_gain":0.0,"event_name":"Mysterious Sphere","player_choice":"Fight","floor":46.0,"gold_loss":0.0,"damage_taken":0.0}],"is_beta":false,"boss_relics":[{"not_picked":["Runic Cube","Busted Crown"],"picked":"Runic Dome"},{"not_picked":["Snecko Eye","Calling Bell"],"picked":"Orrery"}],"items_purged_floors":[19,22,36,45,54],"is_endless":false,"potions_floor_spawned":[1,5,11,21,31,33,39,42,46,55],"ascension_level":20}