{"gold_per_floor":[109,121,121,132,142,142,69,86,131,131,151,151,180,197,197,300,300,316,316,241,141,141,141,156,156,156,167,167,180,180,199,199,297,297,314,325,338,338,3,3,17,31,31,31,41,41,65,83,83,83],"floor_reached":51,"playtime":1496,"items_purged":["Strike_R","Strike_R","Defend_R"],"score":703,"play_id":"752e62c3-3032-41b7-8018-1e3deb7a2566","local_time":"20181123213812","is_ascension_mode":false,"campfire_choices":[{"data":"Metallicize","floor":6.0,"key":"SMITH"},{"data":"Dual Wield","floor":10.0,"key":"SMITH"},{"data":"Bludgeon","floor":12.0,"key":"SMITH"},{"data":"Bash","floor":15.0,"key":"SMITH"},{"data":"Disarm","floor":23.0,"key":"SMITH"},{"data":"Battle Trance","floor":28.0,"key":"SMITH"},{"data":"Burning Pact","floor":30.0,"key":"SMITH"},{"data":"Clash","floor":32.0,"key":"SMITH"},{"data":"Offering","floor":40,"key":"SMITH"},{"data":"Fiend Fire","floor":44,"key":"SMITH"},{"data":"Carnage","floor":46,"key":"SMITH"},{"data":"Defend_R","floor":49,"key":"SMITH"}],"neow_cost":"NONE","seed_source_timestamp":18616829494196,"circlet_count":0,"master_deck":["Defend_R+1","Defend_R","Defend_R","Bash+1","Carnage+1","Dual Wield+1","Metallicize+1","Disarm+1","Evolve+1","Bludgeon+1","Clash+1","Burning Pact+1","Offering+1","Battle Trance+1","Infernal Blade+1","Dual Wield+1","Fiend Fire+1","Uppercut+1","Inflame+1","Second Wind+1"],"special_seed":0,"relics":["Coffee Dripper","Ancient Tea Set","Shuriken","Sozu","Omamori","Orichalcum","Empty Cage","Lee\u0027s Waffle","Matryoshka","Bag of Preparation","PreservedInsect"],"potions_floor_usage":[33],"damage_taken":[{"damage":0.0,"enemies":"Small Slimes","floor":1.0,"turns":3.0},{"damage":0.0,"enemies":"Cultist","floor":2.0,"turns":2.0},{"damage":1.0,"enemies":"Jaw Worm","floor":4.0,"turns":2.0},{"damage":3.0,"enemies":"Exordium Thugs","floor":5.0,"turns":5.0},{"damage":7.0,"enemies":"Blue Slaver","floor":8.0,"turns":3.0},{"damage":6.0,"enemies":"3 Louse","floor":11.0,"turns":2.0},{"damage":8.0,"enemies":"Gremlin Nob","floor":13.0,"turns":3.0},{"damage":0.0,"enemies":"Red Slaver","floor":14.0,"turns":1.0},{"damage":0.0,"enemies":"Slime Boss","floor":16.0,"turns":5.0},{"damage":6.0,"enemies":"Spheric Guardian","floor":18.0,"turns":3.0},{"damage":6.0,"enemies":"3 Byrds","floor":24.0,"turns":4.0},{"damage":6.0,"enemies":"Cultist and Chosen","floor":27.0,"turns":3.0},{"damage":6.0,"enemies":"Snake Plant","floor":29.0,"turns":1.0},{"damage":6.0,"enemies":"Centurion and Healer","floor":31.0,"turns":3.0},{"damage":32,"enemies":"Collector","floor":33,"turns":3},{"damage":6,"enemies":"Orb Walker","floor":35,"turns":1},{"damage":18,"enemies":"3 Shapes","floor":36,"turns":3},{"damage":8,"enemies":"Writhing Mass","floor":37,"turns":3},{"damage":6,"enemies":"3 Darklings","floor":41,"turns":9},{"damage":6,"enemies":"Spire Growth","floor":42,"turns":2},{"damage":8,"enemies":"Transient","floor":45,"turns":5},{"damage":10,"enemies":"4 Shapes","floor":48,"turns":8},{"damage":58,"enemies":"Donu and Deca","floor":50,"turns":14}],"seed_played":"6816051869008922666","potions_obtained":[{"floor":1.0,"key":"Strength Potion"},{"floor":2.0,"key":"GamblersBrew"},{"floor":8.0,"key":"GamblersBrew"},{"floor":11.0,"key":"AttackPotion"}],"is_trial":false,"path_per_floor":["M","M","?","M","M","R","$","M","T","R","M","R","E","M","R","B",null,"M","?","$","$","?","R","M","?","T","M","R","M","R","M","R","B",null,"M","M","M","?","$","R","M","M","T","R","M","R","T","M","R","B",null],"character_chosen":"IRONCLAD","items_purchased":["Evolve","Lee\u0027s Waffle"],"campfire_rested":0,"item_purchase_floors":[7,39],"current_hp_per_floor":[80,80,80,79,76,76,76,69,69,69,63,63,55,55,55,55,80,74,74,74,74,59,59,53,53,53,47,47,41,41,35,35,3,85,79,61,53,53,92,92,86,80,80,80,72,72,72,62,62,4],"gold":83,"neow_bonus":"BOSS_RELIC","is_prod":false,"is_daily":false,"chose_seed":false,"campfire_upgraded":12,"win_rate":0,"timestamp":1542980292,"path_taken":["M","M","?","M","M","R","?","M","T","R","M","R","E","M","R","BOSS","M","?","?","$","?","R","M","?","T","M","R","M","R","?","R","BOSS","M","M","?","?","$","R","M","M","T","R","M","R","?","M","R","BOSS"],"build_version":"2018-11-15","purchased_purges":3,"victory":true,"max_hp_per_floor":[80,80,80,80,80,80,80,80,80,80,80,80,80,80,80,80,80,80,80,80,80,85,85,85,85,85,85,85,85,85,85,85,85,85,85,85,85,85,92,92,92,92,92,92,92,92,92,92,92,92],"card_choices":[{"not_picked":["Corruption","Havoc"],"picked":"Carnage","floor":1.0},{"not_picked":["True Grit","Dual Wield","Bloodletting"],"picked":"SKIP","floor":2.0},{"not_picked":["True Grit","Bloodletting"],"picked":"Dual Wield","floor":2.0},{"not_picked":["Havoc","Perfected Strike"],"picked":"Metallicize","floor":4.0},{"not_picked":["Hemokinesis","Anger"],"picked":"Disarm","floor":5.0},{"not_picked":["True Grit","Spot Weakness"],"picked":"Bludgeon","floor":8.0},{"not_picked":["Perfected Strike","Twin Strike"],"picked":"Clash","floor":11.0},{"not_picked":["Feel No Pain","Sword Boomerang"],"picked":"Burning Pact","floor":13.0},{"not_picked":["Perfected Strike","Shrug It Off","Bloodletting"],"picked":"SKIP","floor":14.0},{"not_picked":["Juggernaut","Berserk"],"picked":"Offering","floor":16.0},{"not_picked":["Headbutt","Shrug It Off"],"picked":"Battle Trance","floor":18.0},{"not_picked":["Perfected Strike","True Grit"],"picked":"Infernal Blade+1","floor":24.0},{"not_picked":["Heavy Blade+1","Twin Strike+1","Rage+1"],"picked":"SKIP","floor":27.0},{"not_picked":["Headbutt","Intimidate"],"picked":"Dual Wield+1","floor":29.0},{"not_picked":["Sever Soul","Twin Strike","True Grit"],"picked":"SKIP","floor":31.0},{"not_picked":["Demon Form","Dark Embrace"],"picked":"Fiend Fire","floor":33},{"not_picked":["Cleave","Intimidate","Twin Strike+1"],"picked":"SKIP","floor":35},{"not_picked":["Headbutt","True Grit+1"],"picked":"Uppercut+1","floor":36},{"not_picked":["Intimidate+1","Clash"],"picked":"Inflame+1","floor":37},{"not_picked":["True Grit+1","Warcry"],"picked":"Second Wind+1","floor":41},{"not_picked":["Sword Boomerang+1","Rampage","Havoc"],"picked":"SKIP","floor":42},{"not_picked":["Hemokinesis","Seeing Red+1","Rampage"],"picked":"SKIP","floor":45},{"not_picked":["Feel No Pain","Rupture","Havoc+1"],"picked":"SKIP","floor":48}],"player_experience":1123579,"relics_obtained":[{"floor":9.0,"key":"Ancient Tea Set"},{"floor":13.0,"key":"Shuriken"},{"floor":26.0,"key":"Orichalcum"},{"floor":43,"key":"Matryoshka"},{"floor":47,"key":"Bag of Preparation"},{"floor":47,"key":"PreservedInsect"}],"event_choices":[{"cards_removed":["Strike_R"],"damage_healed":0.0,"max_hp_gain":0.0,"max_hp_loss":0.0,"gold_gain":0.0,"event_name":"Bonfire Elementals","player_choice":"Offered Basic","floor":3.0,"gold_loss":0.0,"damage_taken":0.0},{"damage_healed":0.0,"max_hp_gain":0.0,"max_hp_loss":0.0,"gold_gain":0.0,"event_name":"WeMeetAgain","player_choice":"Gave Potion","floor":19.0,"gold_loss":0.0,"damage_taken":0.0,"relics_obtained":["Omamori"]},{"damage_healed":0.0,"max_hp_gain":5.0,"max_hp_loss":0.0,"gold_gain":0.0,"event_name":"Forgotten Altar","player_choice":"Shed Blood","floor":22.0,"gold_loss":0.0,"damage_taken":20.0},{"damage_healed":0.0,"max_hp_gain":0.0,"max_hp_loss":0.0,"gold_gain":0.0,"event_name":"Upgrade Shrine","player_choice":"Upgraded","floor":25.0,"gold_loss":0.0,"damage_taken":0.0,"cards_upgraded":["Evolve"]},{"damage_healed":0,"gold_gain":0,"player_choice":"Ignored","damage_taken":0,"max_hp_gain":0,"max_hp_loss":0,"event_name":"Mysterious Sphere","floor":38,"gold_loss":0}],"is_beta":false,"boss_relics":[{"not_picked":["Ectoplasm","Orrery"],"picked":"Sozu"},{"not_picked":["Astrolabe","Runic Dome"],"picked":"Empty Cage"}],"items_purged_floors":[20,21,39],"is_endless":false,"potions_floor_spawned":[1,2,8,11,27,33,36,41,42,48],"ascension_level":0}