{"path_per_floor":["M","M","M","M","M","R","?","E","T","M","$","R","E","M","R","B",null,"M","?","M","M","M","E","M","E","T","T","M","R","M","M","R","B",null,"M","?","$","M","?","R","E","$","T","E","?","?","?","M","R","B"],"character_chosen":"IRONCLAD","items_purchased":["War Paint","Matryoshka","Ice Cream","Corruption+1","Strawberry","Shockwave"],"gold_per_floor":[114,129,144,159,174,174,249,279,279,294,114,114,144,189,189,289,289,304,304,319,334,349,379,394,424,474,499,514,514,529,544,544,644,644,659,659,94,109,155,155,185,0,0,30,30,30,0,15,15,15],"floor_reached":51,"campfire_rested":0,"playtime":2109,"item_purchase_floors":[11,37,37,37,42,42],"current_hp_per_floor":[81,83,82,84,86,85,74,80,80,85,84,83,82,81,80,79,78,81,80,83,85,83,88,91,92,91,90,97,96,99,98,97,96,95,94,93,92,95,96,95,94,100,99,100,105,104,103,102,101,105],"items_purged":["Demon Form"],"gold":15,"score":1286,"play_id":"114fe155-753e-4a3b-9c8e-0a7915a4ff5a","local_time":"20180612113606","daily_mods":["Shiny","Terminal","Vintage"],"is_prod":false,"is_daily":true,"chose_seed":false,"is_ascension_mode":false,"campfire_upgraded":7,"win_rate":0,"timestamp":1528774566,"campfire_choices":[{"data":"Feed","floor":6,"key":"SMITH"},{"data":"Immolate","floor":12,"key":"SMITH"},{"data":"Inflame","floor":15,"key":"SMITH"},{"data":"Exhume","floor":29,"key":"SMITH"},{"data":"Dark Embrace","floor":32,"key":"SMITH"},{"data":"Barricade","floor":40,"key":"SMITH"},{"data":"Shockwave","floor":49,"key":"SMITH"}],"path_taken":["M","M","M","M","M","R","?","E","T","M","$","R","E","M","R","BOSS","M","?","M","M","M","E","M","E","T","?","M","R","M","M","R","BOSS","M","?","$","M","?","R","E","$","T","E","?","?","?","M","R","BOSS"],"build_version":"2018-06-08","seed_source_timestamp":0,"purchased_purges":1,"victory":true,"master_deck":["Double Tap+1","Bludgeon","Feed+1","Limit Break+1","Barricade+1","Fiend Fire","Dark Embrace+1","Impervious","Juggernaut","Reaper","Exhume+1","Offering","Immolate+1","Inflame+1","Feel No Pain","Impervious","Shrug It Off+1","Corruption+1","Entrench+1","Shockwave+1"],"max_hp_per_floor":[81,83,82,84,86,85,84,83,82,85,84,83,82,81,80,79,78,81,80,83,86,85,88,91,92,91,90,97,96,99,98,97,96,95,94,93,92,95,96,95,94,100,99,100,105,104,103,102,101,105],"relics":["Burning Blood","Omamori","The Courier","Unceasing Top","Question Card","Champion Belt","Molten Egg 2","Mercury Hourglass","Paper Frog","War Paint","Bird Faced Urn","Tiny Chest","Singing Bowl","Black Star","Shuriken","Happy Flower","Blood Vial","Ornamental Fan","Kunai","Bottled Flame","Bronze Scales","Turnip","Charon\u0027s Ashes","Regal Pillow","Boot","Potion Belt","Centennial Puzzle","Bag of Marbles","Bag of Preparation","Philosopher\u0027s Stone","Frozen Egg 2","Matryoshka","Ice Cream","Bottled Lightning","Du-Vu Doll","Pen Nib","Anchor","Strawberry","Smiling Mask","Red Skull","Orichalcum","Juzu Bracelet","Sundial","Red Mask","Art of War"],"card_choices":[{"not_picked":["Shrug It Off","Wild Strike","Metallicize"],"picked":"Inflame","floor":8},{"not_picked":["Heavy Blade+1","Intimidate","Havoc"],"picked":"Feel No Pain","floor":13},{"not_picked":["Dark Embrace","Demon Form","Immolate+1"],"picked":"Impervious","floor":16},{"not_picked":["Havoc+1","Twin Strike+1","Disarm"],"picked":"Shrug It Off+1","floor":23},{"not_picked":["Immolate+1","Flex","Wild Strike+1","Intimidate"],"picked":"Singing Bowl","floor":25},{"not_picked":["Barricade","Demon Form","Exhume"],"picked":"Limit Break","floor":33},{"not_picked":["Power Through+1","Sword Boomerang+1","Sever Soul+1","Headbutt+1"],"picked":"Singing Bowl","floor":39},{"not_picked":["Impervious","Warcry+1","Havoc+1"],"picked":"Entrench+1","floor":41},{"not_picked":["Havoc","Clash+1","Second Wind+1","Rupture+1"],"picked":"Singing Bowl","floor":44},{"not_picked":["Shockwave","Inflame+1","Clothesline+1","True Grit+1"],"picked":"Singing Bowl","floor":45}],"player_experience":577067,"potions_floor_usage":[16,20,22,23,33,33,48,50,50,50],"damage_taken":[{"damage":1,"enemies":"2 Louse","floor":1,"turns":2},{"damage":0,"enemies":"Small Slimes","floor":2,"turns":2},{"damage":4,"enemies":"Cultist","floor":3,"turns":2},{"damage":4,"enemies":"Exordium Wildlife","floor":4,"turns":2},{"damage":4,"enemies":"Blue Slaver","floor":5,"turns":1},{"damage":0,"enemies":"3 Sentries","floor":8,"turns":1},{"damage":0,"enemies":"3 Louse","floor":10,"turns":1},{"damage":10,"enemies":"Lagavulin","floor":13,"turns":6},{"damage":5,"enemies":"Exordium Thugs","floor":14,"turns":2},{"damage":36,"enemies":"The Guardian","floor":16,"turns":8},{"damage":9,"enemies":"Spheric Guardian","floor":18,"turns":4},{"damage":7,"enemies":"2 Thieves","floor":20,"turns":4},{"damage":29,"enemies":"Centurion and Healer","floor":21,"turns":6},{"damage":11,"enemies":"3 Cultists","floor":22,"turns":4},{"damage":4,"enemies":"Book of Stabbing","floor":23,"turns":6},{"damage":4,"enemies":"Snecko","floor":24,"turns":5},{"damage":0,"enemies":"Slavers","floor":25,"turns":1},{"damage":4,"enemies":"Cultist and Chosen","floor":28,"turns":4},{"damage":0,"enemies":"Sentry and Sphere","floor":30,"turns":3},{"damage":0,"enemies":"3 Cultists","floor":31,"turns":1},{"damage":10,"enemies":"Champ","floor":33,"turns":10},{"damage":0,"enemies":"3 Darklings","floor":35,"turns":1},{"damage":4,"enemies":"Flame Bruiser 1 Orb","floor":38,"turns":1},{"damage":0,"floor":39,"turns":1},{"damage":0,"enemies":"2 Orb Walkers","floor":41,"turns":1},{"damage":11,"enemies":"Nemesis","floor":44,"turns":7},{"damage":8,"floor":45,"turns":4},{"damage":22,"enemies":"Transient","floor":48,"turns":5},{"damage":4,"enemies":"Awakened One","floor":50,"turns":8}],"relics_obtained":[{"floor":1,"key":"Omamori"},{"floor":2,"key":"The Courier"},{"floor":3,"key":"Unceasing Top"},{"floor":4,"key":"Question Card"},{"floor":5,"key":"Champion Belt"},{"floor":8,"key":"Molten Egg 2"},{"floor":9,"key":"Mercury Hourglass"},{"floor":10,"key":"Paper Frog"},{"floor":13,"key":"Bird Faced Urn"},{"floor":14,"key":"Tiny Chest"},{"floor":16,"key":"Singing Bowl"},{"floor":18,"key":"Shuriken"},{"floor":20,"key":"Happy Flower"},{"floor":21,"key":"Blood Vial"},{"floor":22,"key":"Ornamental Fan"},{"floor":23,"key":"Kunai"},{"floor":23,"key":"Bottled Flame"},{"floor":24,"key":"Bronze Scales"},{"floor":25,"key":"Turnip"},{"floor":25,"key":"Charon\u0027s Ashes"},{"floor":26,"key":"Regal Pillow"},{"floor":27,"key":"Boot"},{"floor":28,"key":"Potion Belt"},{"floor":30,"key":"Centennial Puzzle"},{"floor":31,"key":"Bag of Marbles"},{"floor":33,"key":"Bag of Preparation"},{"floor":35,"key":"Frozen Egg 2"},{"floor":38,"key":"Bottled Lightning"},{"floor":39,"key":"Du-Vu Doll"},{"floor":41,"key":"Pen Nib"},{"floor":41,"key":"Anchor"},{"floor":43,"key":"Smiling Mask"},{"floor":43,"key":"Red Skull"},{"floor":44,"key":"Orichalcum"},{"floor":44,"key":"Juzu Bracelet"},{"floor":45,"key":"Sundial"},{"floor":48,"key":"Art of War"}],"event_choices":[{"event_name":"World of Goop","player_choice":"Gather Gold","floor":7,"damage_taken":0},{"event_name":"Purifier","player_choice":"One Purge","floor":19,"damage_taken":0},{"event_name":"Falling","player_choice":"Removed Skill","floor":36,"damage_taken":0},{"event_name":"Mysterious Sphere","player_choice":"Fight","floor":39,"damage_taken":0},{"event_name":"MindBloom","player_choice":"Fight","floor":45,"damage_taken":0},{"event_name":"Purifier","player_choice":"One Purge","floor":46,"damage_taken":0},{"event_name":"Tomb of Lord Red Mask","player_choice":"Paid","floor":47,"damage_taken":0}],"boss_relics":[{"not_picked":["Tiny House","Eternal Feather"],"picked":"Black Star"},{"not_picked":["Black Blood","Orrery"],"picked":"Philosopher\u0027s Stone"}],"items_purged_floors":[11],"potions_floor_spawned":[1,13,14,16,20,22,24,30,31,33,44,45,48],"seed_played":"1328188015315742708","ascension_level":0,"potions_obtained":[{"floor":1,"key":"GamblersBrew"},{"floor":13,"key":"BloodPotion"},{"floor":14,"key":"Weak Potion"},{"floor":16,"key":"SkillPotion"},{"floor":20,"key":"AttackPotion"},{"floor":22,"key":"Weak Potion"},{"floor":24,"key":"AttackPotion"},{"floor":30,"key":"Regen Potion"},{"floor":31,"key":"Explosive Potion"},{"floor":33,"key":"SteroidPotion"},{"floor":44,"key":"EssenceOfSteel"},{"floor":45,"key":"AttackPotion"},{"floor":48,"key":"Fruit Juice"}],"is_trial":false}