{"gold_per_floor":[111,261,186,26,44,44,70,70,93,93,168,168,13,33,33,124,124,143,143,156,80,95,20,20,20],"floor_reached":25,"playtime":477,"items_purged":["Strike_B"],"score":444,"play_id":"05badd65-796d-40a1-96ae-5d4860ecdb7a","local_time":"20190224203113","is_ascension_mode":true,"campfire_choices":[{"data":"Doom and Gloom","floor":6,"key":"SMITH"},{"data":"Zap","floor":10,"key":"SMITH"},{"data":"Dualcast","floor":12,"key":"SMITH"},{"data":"Darkness","floor":15,"key":"SMITH"},{"data":"Defragment","floor":24,"key":"SMITH"}],"neow_cost":"NONE","seed_source_timestamp":606871103909172,"circlet_count":0,"master_deck":["AscendersBane","Strike_B","Strike_B","Defend_B","Defend_B","Defend_B","Defend_B","Zap+1","Dualcast+1","Doom and Gloom+1","Turbo","All For One","Darkness+1","Cold Snap","Echo Form","Compile Driver","Defragment+1","Loop","Steam+1"],"relics":["Cracked Core","NeowsBlessing","Bag of Preparation","Torii","Golden Idol","Potion Belt","Runic Dome"],"potions_floor_usage":[16],"damage_taken":[{"damage":0,"enemies":"Small Slimes","floor":1,"turns":1},{"damage":0,"enemies":"2 Louse","floor":5,"turns":1},{"damage":0,"enemies":"3 Sentries","floor":7,"turns":1},{"damage":0,"enemies":"Cultist","floor":14,"turns":2},{"damage":6,"enemies":"Hexaghost","floor":16,"turns":7},{"damage":0,"enemies":"Spheric Guardian","floor":18,"turns":3},{"damage":22,"enemies":"3 Byrds","floor":20,"turns":4},{"damage":6,"enemies":"Sentry and Sphere","floor":22,"turns":3},{"damage":32,"enemies":"Shelled Parasite and Fungi","floor":25,"turns":2}],"seed_played":"-5990679030711120559","potions_obtained":[{"floor":1,"key":"Fire Potion"},{"floor":7,"key":"Ancient Potion"},{"floor":16,"key":"Poison Potion"},{"floor":18,"key":"Energy Potion"},{"floor":19,"key":"PowerPotion"},{"floor":22,"key":"Weak Potion"}],"is_trial":false,"path_per_floor":["M","?","?","$","M","R","E","?","T","R","?","R","$","M","R","B",null,"M","?","M","$","M","?","R","M"],"character_chosen":"DEFECT","items_purchased":["Bag of Preparation","Darkness","Loop"],"campfire_rested":0,"item_purchase_floors":[4,13,21],"current_hp_per_floor":[64,64,64,64,64,64,64,64,64,64,53,53,53,53,53,47,60,60,60,38,38,32,32,32,0],"gold":20,"neow_bonus":"THREE_ENEMY_KILL","is_prod":false,"is_daily":false,"chose_seed":false,"campfire_upgraded":5,"win_rate":0,"timestamp":1551011473,"path_taken":["M","?","?","$","M","R","E","?","T","R","?","R","$","M","R","BOSS","M","?","?","$","M","?","R","M"],"build_version":"2019-01-23","purchased_purges":1,"victory":false,"max_hp_per_floor":[71,71,71,71,71,71,71,64,64,64,64,64,64,64,64,64,64,64,64,64,64,64,64,64,64],"card_choices":[{"not_picked":["Static Discharge","Barrage"],"picked":"Doom and Gloom","floor":1},{"not_picked":["Sunder","Gash"],"picked":"Turbo","floor":5},{"not_picked":["Gash","Rip and Tear"],"picked":"All For One","floor":7},{"not_picked":["Compile Driver","FTL"],"picked":"Cold Snap","floor":14},{"not_picked":["Multi-Cast","Meteor Strike"],"picked":"Echo Form","floor":16},{"not_picked":["Consume","Heatsinks"],"picked":"Compile Driver","floor":18},{"not_picked":["Leap","Ball Lightning"],"picked":"Defragment","floor":20},{"not_picked":["Cold Snap","Tempest"],"picked":"Steam+1","floor":22}],"player_experience":977722,"relics_obtained":[{"floor":7,"key":"Torii"},{"floor":9,"key":"Potion Belt"}],"event_choices":[{"damage_healed":0,"gold_gain":150,"player_choice":"AGREE","damage_taken":0,"max_hp_gain":0,"max_hp_loss":0,"event_name":"Liars Game","floor":2,"gold_loss":0,"cards_obtained":["Doubt"]},{"cards_removed":["Doubt"],"damage_healed":0,"gold_gain":0,"player_choice":"Card Removal","damage_taken":0,"max_hp_gain":0,"max_hp_loss":0,"event_name":"The Cleric","floor":3,"gold_loss":75},{"damage_healed":0,"gold_gain":0,"player_choice":"Lose Max HP","damage_taken":0,"relics_obtained":["Golden Idol"],"max_hp_gain":0,"max_hp_loss":7,"event_name":"Golden Idol","floor":8,"gold_loss":0},{"damage_healed":0,"gold_gain":75,"player_choice":"Gather Gold","damage_taken":11,"max_hp_gain":0,"max_hp_loss":0,"event_name":"World of Goop","floor":11,"gold_loss":0},{"damage_healed":0,"gold_gain":0,"player_choice":"Got Potions","damage_taken":0,"max_hp_gain":0,"max_hp_loss":0,"event_name":"Lab","floor":19,"gold_loss":0},{"cards_removed":["Strike_B"],"damage_healed":0,"gold_gain":0,"player_choice":"Gave Gold","damage_taken":0,"max_hp_gain":0,"max_hp_loss":0,"event_name":"Beggar","floor":23,"gold_loss":75}],"is_beta":false,"boss_relics":[{"not_picked":["Fusion Hammer","Velvet Choker"],"picked":"Runic Dome"}],"items_purged_floors":[13],"is_endless":false,"potions_floor_spawned":[1,7,16,18,22],"killed_by":"Shelled Parasite and Fungi","ascension_level":20}