{"path_per_floor":["M","?","$","M","M","E","R","E","T","M","?","$","?","E","R","B",null,"M","?","?","M","$","R","M","E","T","$","?","M","?","$","R"],"character_chosen":"IRONCLAD","items_purchased":["Offering"],"gold_per_floor":[109,74,74,86,100,131,131,158,158,173,248,10,10,35,35,132,132,144,69,69,84,84,84,100,125,150,50,50,64,64,64,64],"floor_reached":33,"campfire_rested":2,"playtime":1073,"current_hp_per_floor":[44,64,64,62,67,35,59,59,59,56,45,45,45,48,48,17,87,74,74,74,71,71,71,62,16,16,16,16,20,20,20,46],"items_purged":["Defend_R","Defend_R"],"gold":64,"score":281,"play_id":"89ffaa41-6a71-43a0-9fe9-70a2c0eee270","local_time":"20180318173635","is_prod":false,"is_daily":false,"is_ascension_mode":false,"campfire_upgraded":2,"timestamp":1521390995,"path_taken":["M","?","?","M","M","E","R","E","T","M","?","$","?","E","R","BOSS","M","?","?","M","$","R","M","E","T","$","?","M","?","?","R","BOSS"],"build_version":"2018-03-15v3","purchased_purges":2,"victory":false,"master_deck":["Strike_R","Strike_R","Strike_R","Strike_R","Defend_R","Bash","Searing Blow+3","Dropkick","Clash","Rampage","Clash","Offering","Shrug It Off","Berserk","Rupture","Thunderclap","Rupture+1","Flex+1"],"max_hp_per_floor":[80,80,80,80,80,80,80,80,80,80,80,80,80,87,87,87,87,87,87,87,87,87,87,87,87,87,87,87,87,87,87,87],"relics":["Burning Blood","Champion Belt","Blood Vial","Juzu Bracelet","Lantern","Strawberry","Philosopher\u0027s Stone","Charon\u0027s Ashes","Art of War"],"card_choices":[{"not_picked":["Power Through","Heavy Blade"],"picked":"Searing Blow"},{"not_picked":["Inflame","Ghostly Armor"],"picked":"Dropkick"},{"not_picked":["Entrench","Sever Soul"],"picked":"Clash"},{"not_picked":["Body Slam","Seeing Red"],"picked":"Rampage"},{"not_picked":["Dropkick","Armaments"],"picked":"Clash"},{"not_picked":["Clothesline","Dark Embrace"],"picked":"Shrug It Off"},{"not_picked":["Brutality","Feed"],"picked":"Berserk"},{"not_picked":["Pommel Strike","Reckless Charge"],"picked":"Rupture"},{"not_picked":["Perfected Strike","Intimidate"],"picked":"Thunderclap"},{"not_picked":["Clothesline","Wild Strike"],"picked":"Rupture"},{"not_picked":["Shrug It Off","Wild Strike"],"picked":"Flex"}],"player_experience":169309,"potions_floor_usage":[29,33,33,33],"damage_taken":[{"damage":2.0,"enemies":"Small Slimes","floor":1.0,"turns":4.0},{"damage":8.0,"enemies":"Jaw Worm","floor":4.0,"turns":4.0},{"damage":1.0,"enemies":"Cultist","floor":5.0,"turns":3.0},{"damage":38.0,"enemies":"3 Sentries","floor":6.0,"turns":11.0},{"damage":8.0,"enemies":"Gremlin Nob","floor":8.0,"turns":3.0},{"damage":11.0,"enemies":"Exordium Thugs","floor":10.0,"turns":4.0},{"damage":12.0,"enemies":"Lagavulin","floor":14.0,"turns":3.0},{"damage":39.0,"enemies":"Hexaghost","floor":16.0,"turns":9.0},{"damage":19.0,"enemies":"Chosen","floor":18.0,"turns":3.0},{"damage":11.0,"enemies":"Spheric Guardian","floor":21.0,"turns":3.0},{"damage":17,"enemies":"Snake Plant","floor":24,"turns":3},{"damage":54,"enemies":"Gremlin Leader","floor":25,"turns":3},{"damage":4,"enemies":"Centurion and Healer","floor":29,"turns":3},{"damage":62,"enemies":"Champ","floor":33,"turns":5}],"event_choices":[{"event_name":"The Cleric","player_choice":"Healed","floor":2.0,"damage_taken":0.0},{"event_name":"World of Goop","player_choice":"Gather Gold","floor":11.0,"damage_taken":0.0},{"event_name":"Upgrade Shrine","player_choice":"Upgraded","floor":13.0,"damage_taken":0.0},{"event_name":"Beggar","player_choice":"Gave Gold","floor":19.0,"damage_taken":0.0},{"event_name":"Drug Dealer","player_choice":"Ignored","floor":20.0,"damage_taken":0.0},{"event_name":"Cursed Tome","player_choice":"Ignored","floor":28,"damage_taken":0},{"event_name":"Back to Basics","player_choice":"Elegance","floor":30,"damage_taken":0}],"boss_relics":[],"potions_floor_spawned":[1,5,6,10,16,18,21,29],"seed_played":"-2284488052225016701","killed_by":"Champ","ascension_level":0,"is_trial":false}