{"gold_per_floor":[117,117,137,9,20,20,31,59,141,168,168,181,181,195,195,273,273,284,284,284,302,83,83,83,116,139,164,181,213,213,247,247,322,322,341,341,60,111,127,154,29,29,56,76,76,76,36,46,46,46,46,46,46,46,74,74],"floor_reached":57,"playtime":3178,"items_purged":["Decay","Flechettes","Survivor+1"],"score":3007,"play_id":"b0f7b544-ec19-437f-8ec7-c03b5bb3436f","local_time":"20190215192850","is_ascension_mode":true,"campfire_choices":[{"data":"Neutralize","floor":6.0,"key":"SMITH"},{"data":"Noxious Fumes","floor":11.0,"key":"SMITH"},{"data":"Wraith Form v2","floor":13.0,"key":"SMITH"},{"data":"Survivor","floor":15.0,"key":"SMITH"},{"data":"Tools of the Trade","floor":23.0,"key":"SMITH"},{"data":"Footwork","floor":30.0,"key":"SMITH"},{"floor":32.0,"key":"RECALL"},{"data":"Noxious Fumes","floor":42.0,"key":"SMITH"},{"data":"After Image","floor":46.0,"key":"SMITH"},{"data":"Backstab","floor":49.0,"key":"SMITH"},{"floor":53.0,"key":"REST"}],"neow_cost":"NONE","seed_source_timestamp":38411178074752,"circlet_count":0,"master_deck":["AscendersBane","Neutralize+1","Backstab+1","Noxious Fumes+1","Acrobatics+1","PiercingWail+1","Wraith Form v2+1","Deadly Poison+1","After Image+1","Burst+1","Night Terror+1","Tools of the Trade+1","Footwork+1","Blur+1","Corpse Explosion+1","Noxious Fumes+1","Bullet Time+1","Bullet Time+1","Escape Plan+1","Reprogram+1","Master of Strategy+1","Thinking Ahead+1","Reflex+1","Madness+1","Concentrate+1","Double Energy+1","Parasite","Madness+1","Catalyst+1","Hologram+1","Reprogram+1"],"special_seed":0,"relics":["Ring of the Snake","Bag of Marbles","Toxic Egg 2","Tiny Chest","Happy Flower","Pandora\u0027s Box","PrismaticShard","Matryoshka","Blood Vial","Bottled Lightning","Frozen Egg 2","Gremlin Horn","Cursed Key","WingedGreaves","PreservedInsect","Oddly Smooth Stone","Omamori","Centennial Puzzle"],"potions_floor_usage":[56],"damage_taken":[{"damage":8.0,"enemies":"Cultist","floor":1.0,"turns":5.0},{"damage":1.0,"enemies":"Small Slimes","floor":3.0,"turns":2.0},{"damage":0.0,"enemies":"2 Louse","floor":5.0,"turns":2.0},{"damage":9.0,"enemies":"Large Slime","floor":7.0,"turns":7.0},{"damage":14.0,"enemies":"3 Sentries","floor":8.0,"turns":8.0},{"damage":20.0,"enemies":"Gremlin Nob","floor":10.0,"turns":4.0},{"damage":0.0,"enemies":"Exordium Wildlife","floor":12.0,"turns":4.0},{"damage":3.0,"enemies":"Looter","floor":14.0,"turns":3.0},{"damage":2.0,"enemies":"Hexaghost","floor":16.0,"turns":9.0},{"damage":0.0,"enemies":"Spheric Guardian","floor":18.0,"turns":3.0},{"damage":3.0,"enemies":"2 Thieves","floor":21.0,"turns":4.0},{"damage":0.0,"enemies":"Slavers","floor":25.0,"turns":2.0},{"damage":2.0,"enemies":"Book of Stabbing","floor":27.0,"turns":4.0},{"damage":0.0,"enemies":"Chosen and Byrds","floor":28.0,"turns":6.0},{"damage":0.0,"enemies":"Slavers","floor":29.0,"turns":3.0},{"damage":0.0,"enemies":"Gremlin Leader","floor":31.0,"turns":5.0},{"damage":0.0,"enemies":"Collector","floor":33.0,"turns":6.0},{"damage":0.0,"enemies":"3 Darklings","floor":35.0,"turns":3.0},{"damage":24.0,"enemies":"2 Orb Walkers","floor":38.0,"turns":4.0},{"damage":0.0,"enemies":"Orb Walker","floor":39.0,"turns":3.0},{"damage":2.0,"enemies":"Reptomancer","floor":40.0,"turns":5.0},{"damage":18.0,"enemies":"Spire Growth","floor":44.0,"turns":5.0},{"damage":0.0,"enemies":"Sphere and 2 Shapes","floor":48.0,"turns":3.0},{"damage":26.0,"enemies":"Time Eater","floor":50.0,"turns":6.0},{"damage":1.0,"enemies":"Awakened One","floor":51.0,"turns":5.0},{"damage":13.0,"enemies":"Shield and Spear","floor":55.0,"turns":5.0},{"damage":21,"enemies":"The Heart","floor":56,"turns":6}],"seed_played":"-1329580294743658250","potions_obtained":[{"floor":3.0,"key":"SpeedPotion"},{"floor":7.0,"key":"PowerPotion"},{"floor":12.0,"key":"SkillPotion"},{"floor":14.0,"key":"Swift Potion"},{"floor":16.0,"key":"EssenceOfSteel"},{"floor":29.0,"key":"Block Potion"},{"floor":38.0,"key":"LiquidBronze"}],"is_trial":false,"path_per_floor":["M","?","M","$","M","R","M","E","T","E","R","M","R","M","R","B",null,"M","?","?","M","$","R","?","E","T","E","M","E","R","E","R","B",null,"M","?","$","?","M","E","$","R","T","M","?","R","$","M","R","B","B",null,"R","$","E","B",null],"character_chosen":"THE_SILENT","items_purchased":["AttackPotion","PrismaticShard","Reflex+1","Madness+1","Catalyst+1"],"campfire_rested":1,"item_purchase_floors":[4,22,37,37,47],"current_hp_per_floor":[51,51,50,50,50,50,41,27,27,7,7,7,7,4,4,2,50,50,50,32,29,29,29,29,29,29,29,31,33,33,35,35,37,63,65,65,65,43,45,45,45,45,45,29,55,55,55,55,55,29,30,49,55,55,42,23],"gold":74,"neow_bonus":"RANDOM_COMMON_RELIC","is_prod":false,"is_daily":false,"chose_seed":false,"campfire_upgraded":9,"win_rate":0,"timestamp":1550230130,"path_taken":["M","?","?","$","M","R","M","E","T","E","R","?","R","M","R","BOSS","M","?","?","M","$","R","?","E","T","E","M","E","R","E","R","BOSS","M","?","$","?","M","E","?","R","T","M","?","R","?","?","R","BOSS","BOSS","R","$","E","BOSS"],"build_version":"2019-01-23","purchased_purges":3,"victory":true,"max_hp_per_floor":[66,66,66,66,66,66,66,66,66,66,66,66,66,66,66,66,66,66,66,71,71,71,71,71,71,71,71,71,71,71,71,71,71,71,71,67,67,67,67,67,67,67,67,67,55,55,55,55,55,55,55,55,55,55,55,55],"card_choices":[{"not_picked":["Backflip","Bane"],"picked":"Backstab","floor":1.0},{"not_picked":["Flying Knee","Outmaneuver","PiercingWail"],"picked":"SKIP","floor":3.0},{"not_picked":["Deflect","Quick Slash","Blade Dance"],"picked":"SKIP","floor":5.0},{"not_picked":["All Out Attack","Blur"],"picked":"Noxious Fumes","floor":7.0},{"not_picked":["Dagger Throw","Finisher"],"picked":"Acrobatics","floor":8.0},{"not_picked":["Bane","Flying Knee"],"picked":"PiercingWail+1","floor":10.0},{"not_picked":["Expertise+1","Prepared+1"],"picked":"Wraith Form v2","floor":12.0},{"not_picked":["Eviscerate","PiercingWail+1"],"picked":"Deadly Poison+1","floor":14.0},{"not_picked":["Envenom","Adrenaline+1"],"picked":"After Image","floor":16.0},{"not_picked":["Bouncing Flask+1","Noxious Fumes"],"picked":"Escape Plan+1","floor":18.0},{"not_picked":["Backstab","Caltrops","Prepared+1"],"picked":"SKIP","floor":21.0},{"not_picked":["Melter","Stack+1","Anger"],"picked":"SKIP","floor":25.0},{"not_picked":["Masterful Stab","Feel No Pain"],"picked":"Reprogram+1","floor":27.0},{"not_picked":["Streamline","Beam Cell","Flex+1"],"picked":"SKIP","floor":28.0},{"not_picked":["Dash+1","Clash","Twin Strike"],"picked":"SKIP","floor":29.0},{"not_picked":["Clash","PanicButton+1"],"picked":"Master of Strategy+1","floor":31.0},{"not_picked":["Bludgeon","Transmutation+1"],"picked":"Thinking Ahead+1","floor":33.0},{"not_picked":["Underhanded Strike+1","Glacier+1","PiercingWail+1"],"picked":"SKIP","floor":35.0},{"not_picked":["Sentinel+1","Cleave"],"picked":"Concentrate+1","floor":38.0},{"not_picked":["Cloak And Dagger+1","Barrage","Storm of Steel+1"],"picked":"SKIP","floor":39.0},{"not_picked":["Metallicize+1","Dodge and Roll+1"],"picked":"Double Energy+1","floor":40.0},{"not_picked":["Cold Snap","Force Field+1"],"picked":"Madness+1","floor":44.0},{"not_picked":["Steam+1","Blizzard"],"picked":"Hologram+1","floor":48.0},{"not_picked":["Expertise+1","Dagger Spray+1"],"picked":"Reprogram+1","floor":55.0}],"player_experience":2784817,"relics_obtained":[{"floor":8.0,"key":"Toxic Egg 2"},{"floor":9.0,"key":"Tiny Chest"},{"floor":10.0,"key":"Happy Flower"},{"floor":25.0,"key":"Matryoshka"},{"floor":26.0,"key":"Blood Vial"},{"floor":27.0,"key":"Bottled Lightning"},{"floor":29.0,"key":"Frozen Egg 2"},{"floor":31.0,"key":"Gremlin Horn"},{"floor":38.0,"key":"WingedGreaves"},{"floor":40.0,"key":"PreservedInsect"},{"floor":43.0,"key":"Oddly Smooth Stone"},{"floor":43.0,"key":"Omamori"},{"floor":55.0,"key":"Centennial Puzzle"}],"event_choices":[{"damage_healed":0.0,"max_hp_gain":0.0,"max_hp_loss":0.0,"gold_gain":0.0,"event_name":"Wheel of Change","player_choice":"Cursed","floor":2.0,"gold_loss":0.0,"damage_taken":0.0,"cards_obtained":["Decay"]},{"damage_healed":0.0,"max_hp_gain":0.0,"max_hp_loss":0.0,"gold_gain":0.0,"event_name":"Vampires","player_choice":"Ignored","floor":19.0,"gold_loss":0.0,"damage_taken":0.0},{"damage_healed":0.0,"max_hp_gain":5.0,"max_hp_loss":0.0,"gold_gain":0.0,"event_name":"Forgotten Altar","player_choice":"Shed Blood","floor":20.0,"gold_loss":0.0,"damage_taken":23.0},{"damage_healed":0.0,"max_hp_gain":0.0,"max_hp_loss":0.0,"gold_gain":0.0,"event_name":"The Mausoleum","player_choice":"Ignored","floor":24.0,"gold_loss":0.0,"damage_taken":0.0},{"damage_healed":0.0,"max_hp_gain":0.0,"max_hp_loss":4.0,"gold_gain":0.0,"event_name":"Winding Halls","player_choice":"Max HP","floor":36.0,"gold_loss":0.0,"damage_taken":0.0},{"damage_healed":0.0,"max_hp_gain":0.0,"max_hp_loss":0.0,"gold_gain":0.0,"event_name":"Mysterious Sphere","player_choice":"Fight","floor":38.0,"gold_loss":0.0,"damage_taken":0.0},{"damage_healed":55.0,"max_hp_gain":0.0,"max_hp_loss":12.0,"gold_gain":0.0,"event_name":"The Moai Head","player_choice":"Heal","floor":45.0,"gold_loss":0.0,"damage_taken":0.0}],"is_beta":false,"boss_relics":[{"not_picked":["White Beast Statue","Orrery"],"picked":"Pandora\u0027s Box"},{"not_picked":["Ring of the Serpent","Velvet Choker"],"picked":"Cursed Key"}],"items_purged_floors":[4,37,41],"is_endless":false,"potions_floor_spawned":[3,7,12,14,16,25,28,29,38,40],"ascension_level":20}