{"path_per_floor":["M","M","$","M","$","R","M","R","T","R","?","R","T","E","R","B",null,"M","M","$","M","?","R","M","R","T","R","M","?"],"character_chosen":"THE_SILENT","items_purchased":["Deadly Poison","Bane","Deadly Poison","Catalyst"],"gold_per_floor":[116,128,57,67,16,16,32,32,32,32,96,96,174,203,203,302,302,322,337,223,242,492,492,511,511,511,511,525,525,525],"floor_reached":30,"campfire_rested":1,"playtime":957,"item_purchase_floors":[3,3,5,20],"current_hp_per_floor":[63,63,63,63,63,63,59,59,59,59,42,42,42,34,34,9,55,52,51,51,21,21,21,20,20,20,41,8,8,0],"items_purged":["Strike_G"],"gold":525,"score":331,"play_id":"130cf3b2-bf4d-40cb-bcb2-05a77812f513","local_time":"20180611230614","is_prod":false,"is_daily":false,"chose_seed":false,"is_ascension_mode":true,"campfire_upgraded":7,"win_rate":0,"timestamp":1528729574,"campfire_choices":[{"data":"Neutralize","floor":6,"key":"SMITH"},{"data":"Deadly Poison","floor":8,"key":"SMITH"},{"data":"Deadly Poison","floor":10,"key":"SMITH"},{"data":"Bane","floor":12,"key":"SMITH"},{"data":"Tools of the Trade","floor":15,"key":"SMITH"},{"data":"Footwork","floor":23,"key":"SMITH"},{"data":"Catalyst","floor":25,"key":"SMITH"},{"floor":27,"key":"REST"}],"path_taken":["M","?","?","M","$","R","M","R","T","R","?","R","?","E","R","BOSS","M","M","$","M","?","R","M","R","T","R","M","?","M"],"build_version":"2018-06-08","seed_source_timestamp":51956330776776,"purchased_purges":1,"victory":false,"master_deck":["Defend_G","Defend_G","Defend_G","Defend_G","Defend_G","Strike_G","Strike_G","Strike_G","Strike_G","Survivor","Neutralize+1","Deflect","Cloak And Dagger","Deadly Poison+1","Bane+1","Dagger Throw","Deadly Poison+1","Tools of the Trade+1","Adrenaline","Injury","Footwork+1","Catalyst+1","Regret"],"max_hp_per_floor":[70,70,70,70,70,70,70,70,70,70,70,70,70,70,70,70,70,70,70,70,70,70,70,70,70,70,70,72,72,72],"relics":["Ring of the Snake","Blue Candle","Matryoshka","Omamori","Paper Crane","Bag of Marbles","Calling Bell","Potion Belt","Centennial Puzzle","Torii","Singing Bowl","Boot"],"card_choices":[{"not_picked":["Blade Dance","Dodge and Roll"],"picked":"Deflect","floor":1},{"not_picked":["Dash","Expertise"],"picked":"Cloak And Dagger","floor":2},{"not_picked":["Acrobatics","Reflex"],"picked":"Dagger Throw","floor":4},{"not_picked":["Backflip","PiercingWail","Flying Knee"],"picked":"SKIP","floor":7},{"not_picked":["Dodge and Roll","Accuracy"],"picked":"Tools of the Trade","floor":14},{"not_picked":["Envenom","Corpse Explosion"],"picked":"Adrenaline","floor":16},{"not_picked":["Slice+1","Malaise"],"picked":"Footwork","floor":18},{"not_picked":["Slice+1","Cloak And Dagger","Expertise+1"],"picked":"SKIP","floor":19},{"not_picked":["Dodge and Roll","Prepared","Heel Hook"],"picked":"SKIP","floor":21},{"not_picked":["Cloak And Dagger","Acrobatics+1","Flechettes"],"picked":"SKIP","floor":24},{"not_picked":["Quick Slash+1","A Thousand Cuts","Deadly Poison+1"],"picked":"Singing Bowl","floor":28}],"player_experience":573570,"potions_floor_usage":[14,16,18,30],"damage_taken":[{"damage":0,"enemies":"Cultist","floor":1,"turns":6},{"damage":0,"enemies":"Jaw Worm","floor":2,"turns":8},{"damage":0,"enemies":"Small Slimes","floor":4,"turns":4},{"damage":4,"enemies":"2 Fungi Beasts","floor":7,"turns":3},{"damage":17,"enemies":"Gremlin Nob","floor":11,"turns":4},{"damage":8,"enemies":"Gremlin Nob","floor":14,"turns":4},{"damage":25,"enemies":"Slime Boss","floor":16,"turns":12},{"damage":3,"enemies":"2 Thieves","floor":18,"turns":5},{"damage":1,"enemies":"Shell Parasite","floor":19,"turns":5},{"damage":30,"enemies":"Sentry and Sphere","floor":21,"turns":7},{"damage":1,"enemies":"Snake Plant","floor":24,"turns":6},{"damage":35,"enemies":"Cultist and Chosen","floor":28,"turns":8},{"damage":9,"enemies":"Sentry and Sphere","floor":30,"turns":3}],"relics_obtained":[{"floor":9,"key":"Blue Candle"},{"floor":11,"key":"Matryoshka"},{"floor":13,"key":"Omamori"},{"floor":13,"key":"Paper Crane"},{"floor":14,"key":"Bag of Marbles"},{"floor":17,"key":"Potion Belt"},{"floor":17,"key":"Centennial Puzzle"},{"floor":17,"key":"Torii"},{"floor":26,"key":"Singing Bowl"},{"floor":26,"key":"Boot"}],"event_choices":[{"event_name":"Dead Adventurer","player_choice":"Searched \u00272\u0027 times","floor":11,"damage_taken":0},{"event_name":"Golden Shrine","player_choice":"Desecrate","floor":22,"damage_taken":0},{"event_name":"Ghosts","player_choice":"Ignored","floor":29,"damage_taken":0}],"boss_relics":[{"not_picked":["Velvet Choker","Pandora\u0027s Box"],"picked":"Calling Bell"}],"items_purged_floors":[20],"potions_floor_spawned":[1,7,11,14,24],"seed_played":"-625345334653098406","killed_by":"Sentry and Sphere","ascension_level":9,"potions_obtained":[{"floor":1,"key":"Block Potion"},{"floor":7,"key":"Dexterity Potion"},{"floor":11,"key":"PowerPotion"},{"floor":14,"key":"Poison Potion"},{"floor":24,"key":"Swift Potion"}],"is_trial":false}