{"gold_per_floor":[19,19,94,94,114,114,148,148,148,21,35,67,67,100,100,200,200,220,220,220,220,120,120,120,120,120,134,134,154,184,200,200,298,298,314,17,17,36,36,65,65,65,65,65,91,106,106,106],"floor_reached":48,"playtime":1734,"items_purged":["Defend_R","Strike_R","Strike_R"],"score":870,"play_id":"36741918-6bcc-418d-9d2f-61e6d33035ba","local_time":"20180922005400","is_ascension_mode":true,"campfire_choices":[{"data":"Bash","floor":6.0,"key":"SMITH"},{"floor":8.0,"key":"REST"},{"data":"True Grit","floor":15.0,"key":"SMITH"},{"data":"Barricade","floor":23.0,"key":"SMITH"},{"data":"Madness","floor":25.0,"key":"SMITH"},{"data":"Demon Form","floor":28.0,"key":"SMITH"},{"floor":32.0,"key":"REST"},{"data":"Body Slam","floor":41.0,"key":"SMITH"},{"data":"Juggernaut","floor":42.0,"key":"SMITH"},{"floor":44.0,"key":"REST"},{"data":"Power Through","floor":47.0,"key":"SMITH"}],"neow_cost":"NO_GOLD","seed_source_timestamp":43121614048514,"circlet_count":0,"master_deck":["Strike_R","Strike_R","Defend_R+1","Defend_R+1","Bash+1","AscendersBane","Power Through+1","Thunderclap","True Grit+1","Feed","Demon Form+1","Immolate","Barricade+1","Madness+1","Flame Barrier+1","Juggernaut+1","Entrench+1","Shrug It Off+1","Body Slam+1","Evolve","Discovery+1","Disarm+1","Metallicize+1","Shrug It Off+1"],"special_seed":0,"relics":["Burning Blood","War Paint","Torii","Blue Candle","Lantern","Dodecahedron","Runic Dome","Shovel","MutagenicStrength","Toxic Egg 2","Self Forming Clay","Sozu","Prayer Wheel","WingedGreaves","Bottled Lightning","Ornamental Fan"],"potions_floor_usage":[],"damage_taken":[{"damage":12.0,"enemies":"Jaw Worm","floor":1.0,"turns":3.0},{"damage":6.0,"enemies":"Cultist","floor":5.0,"turns":3.0},{"damage":39.0,"enemies":"3 Sentries","floor":7.0,"turns":19.0},{"damage":0.0,"enemies":"Small Slimes","floor":11.0,"turns":4.0},{"damage":35.0,"enemies":"Lagavulin","floor":12.0,"turns":12.0},{"damage":13.0,"enemies":"3 Sentries","floor":14.0,"turns":11.0},{"damage":7.0,"enemies":"Hexaghost","floor":16.0,"turns":9.0},{"damage":13.0,"enemies":"Chosen","floor":18.0,"turns":4.0},{"damage":23.0,"enemies":"Spheric Guardian","floor":27.0,"turns":7.0},{"damage":9.0,"enemies":"3 Cultists","floor":29.0,"turns":5.0},{"damage":30.0,"enemies":"Slavers","floor":30.0,"turns":5.0},{"damage":10.0,"enemies":"Snecko","floor":31.0,"turns":5.0},{"damage":52.0,"enemies":"Collector","floor":33.0,"turns":9.0},{"damage":12.0,"enemies":"3 Shapes","floor":35.0,"turns":1.0},{"damage":6.0,"enemies":"3 Darklings","floor":38.0,"turns":4.0},{"damage":0.0,"enemies":"Mind Bloom Boss Battle","floor":39.0,"turns":7.0},{"damage":64.0,"enemies":"2 Orb Walkers","floor":40.0,"turns":6.0},{"damage":1.0,"enemies":"Nemesis","floor":45.0,"turns":7.0},{"damage":0.0,"enemies":"Maw","floor":46.0,"turns":6.0},{"damage":74,"enemies":"2 Orb Walkers","floor":48,"turns":5}],"seed_played":"-6441854593046421478","potions_obtained":[{"floor":1.0,"key":"Dexterity Potion"},{"floor":2.0,"key":"Dexterity Potion"},{"floor":11.0,"key":"Swift Potion"},{"floor":14.0,"key":"GamblersBrew"},{"floor":27.0,"key":"Swift Potion"},{"floor":30.0,"key":"GamblersBrew"},{"floor":31.0,"key":"AttackPotion"},{"floor":33.0,"key":"GamblersBrew"}],"is_trial":false,"path_per_floor":["M","?","?","?","M","R","E","R","T","$","M","E","?","E","R","B",null,"M","?","?","T","$","R","?","R","T","M","R","M","E","M","R","B",null,"M","$","?","M","?","E","R","R","T","R","E","M","R"],"character_chosen":"IRONCLAD","items_purchased":["True Grit","Shrug It Off+1","Body Slam","Evolve"],"campfire_rested":3,"item_purchase_floors":[10,36,36,36],"current_hp_per_floor":[66,66,55,48,48,48,15,39,39,39,45,16,42,35,35,37,72,68,68,68,68,68,68,68,68,68,54,54,51,30,29,57,11,74,71,71,71,71,80,22,22,22,22,52,57,63,63,0],"gold":106,"neow_bonus":"REMOVE_TWO","is_prod":false,"is_daily":false,"chose_seed":false,"campfire_upgraded":8,"win_rate":0,"timestamp":1537548840,"path_taken":["M","?","?","?","M","R","E","R","T","$","?","E","?","E","R","BOSS","M","?","?","?","$","R","?","R","T","M","R","M","E","M","R","BOSS","M","$","?","M","?","E","R","R","T","R","E","?","R","E"],"build_version":"2018-09-20","purchased_purges":3,"victory":false,"max_hp_per_floor":[80,80,80,80,80,80,80,80,80,80,80,80,80,80,80,83,83,86,86,86,86,86,86,86,86,86,89,89,89,92,95,95,95,95,98,98,98,98,101,101,101,101,101,101,101,101,101,101],"card_choices":[{"not_picked":["Anger","Clash"],"picked":"Power Through","floor":1.0},{"not_picked":["Clash","Wild Strike","Perfected Strike"],"picked":"SKIP","floor":5.0},{"not_picked":["Perfected Strike","Sentinel"],"picked":"Thunderclap","floor":7.0},{"not_picked":["Sword Boomerang","Dropkick","Rage"],"picked":"SKIP","floor":11.0},{"not_picked":["Iron Wave","Anger"],"picked":"Feed","floor":12.0},{"not_picked":["Headbutt","Corruption"],"picked":"Demon Form","floor":14.0},{"not_picked":["Brutality","Berserk"],"picked":"Immolate","floor":16.0},{"not_picked":["Anger","Blood for Blood+1","Twin Strike"],"picked":"SKIP","floor":18.0},{"not_picked":["Warcry+1","Hemokinesis+1","Headbutt"],"picked":"SKIP","floor":27.0},{"not_picked":["Rage+1","Twin Strike","Rupture+1"],"picked":"SKIP","floor":29.0},{"not_picked":["Reckless Charge","Spot Weakness+1"],"picked":"Flame Barrier+1","floor":30.0},{"not_picked":["Sentinel+1","Hemokinesis","Searing Blow"],"picked":"SKIP","floor":31.0},{"not_picked":["Barricade","Feed"],"picked":"Juggernaut","floor":33.0},{"not_picked":["Warcry+1","Thunderclap+1"],"picked":"Entrench+1","floor":35.0},{"not_picked":["Impatience+1","HandOfGreed"],"picked":"Discovery+1","floor":37.0},{"not_picked":["Anger+1","Hemokinesis+1","Twin Strike+1"],"picked":"SKIP","floor":38.0},{"not_picked":["Cleave+1","Wild Strike+1"],"picked":"Disarm+1","floor":39.0},{"not_picked":["Pommel Strike","Headbutt+1"],"picked":"Metallicize+1","floor":40.0},{"not_picked":["Pommel Strike","Feed","Havoc+1"],"picked":"SKIP","floor":45.0},{"not_picked":["Infernal Blade+1","Cleave+1"],"picked":"Shrug It Off+1","floor":46.0},{"not_picked":["Sword Boomerang+1","Armaments+1","Flex+1"],"picked":"SKIP","floor":46.0}],"player_experience":81647,"relics_obtained":[{"floor":7.0,"key":"Torii"},{"floor":9.0,"key":"Blue Candle"},{"floor":12.0,"key":"Lantern"},{"floor":14.0,"key":"Dodecahedron"},{"floor":21.0,"key":"Shovel"},{"floor":26.0,"key":"Toxic Egg 2"},{"floor":30.0,"key":"Self Forming Clay"},{"floor":39.0,"key":"Prayer Wheel"},{"floor":40.0,"key":"WingedGreaves"},{"floor":43.0,"key":"Bottled Lightning"},{"floor":45.0,"key":"Ornamental Fan"}],"event_choices":[{"event_name":"The Lab","player_choice":"Got Potions","floor":2.0,"damage_taken":0.0},{"event_name":"World of Goop","player_choice":"Gather Gold","floor":3.0,"damage_taken":0.0},{"event_name":"Scrap Ooze","player_choice":"success","floor":4.0,"damage_taken":7.0},{"event_name":"Big Fish","player_choice":"Banana","floor":13.0,"damage_taken":0.0},{"event_name":"Cursed Tome","player_choice":"Ignored","floor":19.0,"damage_taken":0.0},{"event_name":"Match and Keep!","player_choice":"2 cards matched","floor":20.0,"damage_taken":0.0},{"event_name":"Drug Dealer","player_choice":"Inject Mutagens","floor":24.0,"damage_taken":0.0},{"event_name":"SensoryStone","player_choice":"Memory 1","floor":37.0,"damage_taken":0.0},{"event_name":"MindBloom","player_choice":"Fight","floor":39.0,"damage_taken":0.0}],"is_beta":false,"boss_relics":[{"not_picked":["Runic Pyramid","White Beast Statue"],"picked":"Runic Dome"},{"not_picked":["Busted Crown","Empty Cage"],"picked":"Sozu"}],"items_purged_floors":[10,22,36],"is_endless":false,"potions_floor_spawned":[1,5,11,14,27,30,31,33,35,40],"killed_by":"2 Orb Walkers","ascension_level":11}