{"gold_per_floor":[119,294,304,379,390,401,429,429,429,442,442,468,468,488,488,586,586,606,177,192,212,225,253,57,57,84,103,103,118,136,36,36,36],"floor_reached":33,"playtime":2676,"items_purged":["Writhe","Injury"],"score":281,"play_id":"8f499708-2eec-43b3-9958-be7817a51f68","local_time":"20190803003141","is_ascension_mode":false,"campfire_choices":[{"floor":8,"key":"REST"},{"data":"Armaments","floor":11,"key":"SMITH"},{"floor":15,"key":"REST"},{"floor":25,"key":"REST"},{"floor":28,"key":"REST"},{"floor":32,"key":"REST"}],"neow_cost":"NONE","seed_source_timestamp":441974771683800,"circlet_count":0,"master_deck":["Strike_R","Strike_R","Strike_R","Strike_R","Defend_R","Defend_R","Defend_R","Defend_R","Bash","Perfected Strike","Perfected Strike","Iron Wave","Combust","Armaments+1","Flex+1","Cleave","Flame Barrier+1","Impervious+1","Clothesline+1","Flex+1","Intimidate+1","Blood for Blood","Entrench+1","Battle Trance+1","Reboot+1","Acrobatics+1","Slice+1"],"relics":["Burning Blood","NeowsBlessing","Self Forming Clay","Toxic Egg 2","Kunai","WarpedTongs","Astrolabe","Sling","Blood Vial","Lantern","PrismaticShard","Oddly Smooth Stone"],"potions_floor_usage":[23],"damage_taken":[{"damage":0,"enemies":"Small Slimes","floor":1,"turns":1},{"damage":0,"enemies":"Jaw Worm","floor":3,"turns":1},{"damage":0,"enemies":"Cultist","floor":5,"turns":1},{"damage":11,"enemies":"Red Slaver","floor":6,"turns":3},{"damage":46,"enemies":"Lagavulin","floor":7,"turns":6},{"damage":14,"enemies":"Blue Slaver","floor":10,"turns":4},{"damage":24,"enemies":"Gremlin Nob","floor":12,"turns":4},{"damage":6,"enemies":"Gremlin Gang","floor":14,"turns":4},{"damage":46,"enemies":"Slime Boss","floor":16,"turns":9},{"damage":13,"enemies":"Spheric Guardian","floor":18,"turns":4},{"damage":11,"enemies":"3 Byrds","floor":20,"turns":4},{"damage":17,"enemies":"3 Cultists","floor":21,"turns":6},{"damage":28,"enemies":"Snake Plant","floor":22,"turns":6},{"damage":41,"enemies":"Slavers","floor":23,"turns":5},{"damage":31,"enemies":"Sentry and Sphere","floor":27,"turns":6},{"damage":16,"enemies":"3 Cultists","floor":29,"turns":5},{"damage":23,"enemies":"Chosen and Byrds","floor":30,"turns":8},{"damage":37,"enemies":"Automaton","floor":33,"turns":4}],"seed_played":"-3780404863655458726","potions_obtained":[{"floor":3,"key":"LiquidBronze"},{"floor":5,"key":"Strength Potion"},{"floor":6,"key":"Block Potion"},{"floor":29,"key":"SneckoOil"}],"is_trial":false,"path_per_floor":["M","?","M","?","M","M","E","R","T","M","R","E","?","M","R","B",null,"M","$","M","M","M","E","$","R","T","M","R","M","M","$","R","B"],"character_chosen":"IRONCLAD","items_purchased":["Sling","Blood Vial","PrismaticShard"],"campfire_rested":5,"item_purchase_floors":[19,19,24],"current_hp_per_floor":[80,80,80,69,75,70,30,54,54,46,46,28,28,28,52,12,80,73,73,70,61,41,8,8,32,32,9,33,25,10,10,34,0],"gold":36,"neow_bonus":"THREE_ENEMY_KILL","is_prod":false,"is_daily":false,"chose_seed":false,"campfire_upgraded":1,"win_rate":0.0,"timestamp":1564813901,"path_taken":["M","?","M","?","M","M","E","R","T","M","R","E","?","?","R","BOSS","M","$","M","M","M","E","?","R","T","M","R","?","M","$","R","BOSS"],"build_version":"2019-07-17","purchased_purges":2,"victory":false,"max_hp_per_floor":[80,80,80,80,80,80,80,80,80,80,80,80,80,80,80,80,80,80,80,80,80,80,80,80,80,80,80,80,80,80,80,80,80],"card_choices":[{"not_picked":["Sword Boomerang","Headbutt"],"picked":"Perfected Strike","floor":1},{"not_picked":["Dropkick","Uppercut"],"picked":"Perfected Strike","floor":3},{"not_picked":["Clash","Anger"],"picked":"Iron Wave","floor":5},{"not_picked":["Thunderclap","Clothesline"],"picked":"Combust","floor":6},{"not_picked":["Seeing Red","Clash"],"picked":"Armaments","floor":7},{"not_picked":["Cleave","Warcry+1"],"picked":"Flex+1","floor":10},{"not_picked":["Clash","Heavy Blade"],"picked":"Cleave","floor":12},{"not_picked":["Body Slam","Twin Strike"],"picked":"Flame Barrier+1","floor":14},{"not_picked":["Fiend Fire","Double Tap+1"],"picked":"Impervious+1","floor":16},{"not_picked":["Clothesline+1","Sword Boomerang"],"picked":"Flex+1","floor":18},{"not_picked":["Anger","Sword Boomerang"],"picked":"Intimidate+1","floor":20},{"not_picked":["Body Slam","Combust"],"picked":"Blood for Blood","floor":21},{"not_picked":["Dropkick","Corruption"],"picked":"Entrench+1","floor":22},{"not_picked":["Heavy Blade","Sword Boomerang+1"],"picked":"Battle Trance+1","floor":23},{"not_picked":["Hologram+1","Outmaneuver+1"],"picked":"Reboot+1","floor":27},{"not_picked":["Iron Wave","Static Discharge"],"picked":"Acrobatics+1","floor":29},{"not_picked":["Go for the Eyes","Blood for Blood+1"],"picked":"Slice+1","floor":30}],"player_experience":22630,"relics_obtained":[{"floor":7,"key":"Self Forming Clay"},{"floor":9,"key":"Toxic Egg 2"},{"floor":12,"key":"Kunai"},{"floor":23,"key":"Lantern"},{"floor":26,"key":"Oddly Smooth Stone"}],"event_choices":[{"damage_healed":0,"gold_gain":175,"player_choice":"AGREE","damage_taken":0,"max_hp_gain":0,"max_hp_loss":0,"event_name":"Liars Game","floor":2,"gold_loss":0,"cards_obtained":["Doubt"]},{"damage_healed":0,"gold_gain":75,"player_choice":"Gather Gold","damage_taken":11,"max_hp_gain":0,"max_hp_loss":0,"event_name":"World of Goop","floor":4,"gold_loss":0},{"damage_healed":0,"gold_gain":0,"player_choice":"Rummage","damage_taken":0,"relics_obtained":["WarpedTongs"],"max_hp_gain":0,"max_hp_loss":0,"event_name":"Accursed Blacksmith","floor":13,"gold_loss":0,"cards_obtained":["Pain"]}],"is_beta":false,"boss_relics":[{"not_picked":["Calling Bell","Ectoplasm"],"picked":"Astrolabe"}],"items_purged_floors":[19,31],"is_endless":false,"potions_floor_spawned":[3,5,6,7,20,22,29],"killed_by":"Automaton","ascension_level":0}