{"gold_per_floor":[10,10,30,49,59,59,76,109,134,134,134,134,34,47,47,120,120,136,147,163,73,173,173,223,251,251,270,270,270,288,288],"floor_reached":31,"playtime":1366,"items_purged":["Strike_B","Strike_B"],"score":614,"play_id":"dda0ed3b-1c4f-4855-9099-8b242b4b3456","local_time":"20190419154209","is_ascension_mode":true,"campfire_choices":[{"data":"Defragment","floor":6.0,"key":"SMITH"},{"data":"Consume","floor":10.0,"key":"SMITH"},{"data":"Dualcast","floor":12.0,"key":"SMITH"},{"data":"Coolheaded","floor":15.0,"key":"SMITH"},{"floor":23.0,"key":"REST"},{"data":"Defragment","floor":28.0,"key":"SMITH"}],"neow_cost":"NO_GOLD","seed_source_timestamp":97744726010363,"circlet_count":0,"master_deck":["AscendersBane","Strike_B+1","Strike_B","Defend_B","Defend_B","Defend_B","Defend_B","Zap","Dualcast+1","Undo+1","Defragment+1","Consume+1","Amplify","Ball Lightning","Cold Snap","Coolheaded+1","Buffer","Loop+1","Defragment+1","Coolheaded+1","Pain","Turbo","Hologram"],"special_seed":0,"relics":["Cracked Core","Bird Faced Urn","Ornamental Fan","Smiling Mask","Lantern","Cursed Key","Ginger","Sundial","PreservedInsect"],"potions_floor_usage":[30],"damage_taken":[{"damage":10.0,"enemies":"Small Slimes","floor":1.0,"turns":3.0},{"damage":0.0,"enemies":"Jaw Worm","floor":3.0,"turns":4.0},{"damage":1.0,"enemies":"Cultist","floor":4.0,"turns":4.0},{"damage":4.0,"enemies":"3 Louse","floor":5.0,"turns":5.0},{"damage":8.0,"enemies":"2 Fungi Beasts","floor":7.0,"turns":4.0},{"damage":18.0,"enemies":"3 Sentries","floor":8.0,"turns":5.0},{"damage":0.0,"enemies":"Large Slime","floor":14.0,"turns":4.0},{"damage":0.0,"enemies":"Slime Boss","floor":16.0,"turns":8.0},{"damage":0.0,"enemies":"Spheric Guardian","floor":18.0,"turns":4.0},{"damage":8.0,"enemies":"Shell Parasite","floor":19.0,"turns":6.0},{"damage":20.0,"enemies":"Shelled Parasite and Fungi","floor":20.0,"turns":9.0},{"damage":20.0,"enemies":"Colosseum Slavers","floor":22.0,"turns":4.0},{"damage":39.0,"enemies":"Colosseum Nobs","floor":22.0,"turns":7.0},{"damage":9.0,"enemies":"Book of Stabbing","floor":25.0,"turns":5.0},{"damage":6.0,"enemies":"Snecko","floor":27.0,"turns":6.0},{"damage":23,"enemies":"Chosen and Byrds","floor":30,"turns":6},{"damage":17,"enemies":"Slavers","floor":31,"turns":1}],"seed_played":"236839673920564700","potions_obtained":[{"floor":1.0,"key":"PowerPotion"},{"floor":3.0,"key":"Energy Potion"},{"floor":14.0,"key":"Swift Potion"},{"floor":22.0,"key":"Weak Potion"},{"floor":25.0,"key":"Poison Potion"},{"floor":30,"key":"Poison Potion"}],"is_trial":false,"path_per_floor":["M","?","M","M","M","R","M","E","T","R","T","R","$","M","R","B",null,"M","M","M","$","?","R","?","E","T","M","R","?","M","E"],"character_chosen":"DEFECT","items_purchased":["Coolheaded","Defragment"],"campfire_rested":1,"item_purchase_floors":[13,21],"current_hp_per_floor":[54,33,33,34,32,32,26,20,20,20,20,20,20,22,22,24,59,65,61,45,45,4,25,25,24,24,26,26,26,9,0],"gold":288,"neow_bonus":"ONE_RARE_RELIC","is_prod":false,"is_daily":false,"chose_seed":false,"campfire_upgraded":5,"win_rate":0,"timestamp":1555659729,"path_taken":["M","?","M","M","M","R","M","E","T","R","?","R","?","M","R","BOSS","M","?","M","$","?","R","?","E","T","M","R","?","M","E"],"build_version":"2019-01-23","purchased_purges":2,"victory":false,"max_hp_per_floor":[71,71,71,71,71,71,71,71,71,71,71,71,71,71,71,71,71,71,71,71,71,71,71,71,71,71,71,71,71,71,71],"card_choices":[{"not_picked":["Force Field","Hologram"],"picked":"Undo","floor":1.0},{"not_picked":["Coolheaded","Hologram"],"picked":"Defragment","floor":3.0},{"not_picked":["Coolheaded","Reprogram"],"picked":"Consume","floor":4.0},{"not_picked":["Rebound","Ball Lightning"],"picked":"Amplify","floor":5.0},{"not_picked":["Reprogram","Beam Cell"],"picked":"Ball Lightning","floor":7.0},{"not_picked":["Compile Driver","Gash"],"picked":"Cold Snap","floor":8.0},{"not_picked":["Leap","Doom and Gloom","Ball Lightning"],"picked":"SKIP","floor":14.0},{"not_picked":["All For One","Rainbow"],"picked":"Buffer","floor":16.0},{"not_picked":["Stack","Consume","Cold Snap"],"picked":"SKIP","floor":18.0},{"not_picked":["Sweeping Beam+1","Compile Driver","Stack"],"picked":"SKIP","floor":19.0},{"not_picked":["Conserve Battery","Leap"],"picked":"Loop+1","floor":20.0},{"not_picked":["Steam","Storm"],"picked":"Coolheaded+1","floor":22.0},{"not_picked":["Beam Cell","Sunder","Leap"],"picked":"SKIP","floor":25.0},{"not_picked":["Streamline","Steam"],"picked":"Turbo","floor":27.0},{"not_picked":["Steam Power","Rebound"],"picked":"Hologram","floor":30}],"player_experience":4404148,"relics_obtained":[{"floor":8.0,"key":"Ornamental Fan"},{"floor":9.0,"key":"Smiling Mask"},{"floor":11.0,"key":"Lantern"},{"floor":22.0,"key":"Ginger"},{"floor":22.0,"key":"Sundial"},{"floor":25.0,"key":"PreservedInsect"}],"event_choices":[{"damage_healed":0.0,"max_hp_gain":0.0,"max_hp_loss":0.0,"gold_gain":0.0,"event_name":"Shining Light","player_choice":"Entered Light","floor":2.0,"gold_loss":0.0,"damage_taken":21.0,"cards_upgraded":["Undo","Strike_B"]},{"damage_healed":0.0,"max_hp_gain":0.0,"max_hp_loss":0.0,"gold_gain":0.0,"event_name":"Colosseum","player_choice":"Fight","floor":22.0,"gold_loss":0.0,"damage_taken":0.0},{"damage_healed":0.0,"max_hp_gain":0.0,"max_hp_loss":0.0,"gold_gain":0.0,"event_name":"Colosseum","player_choice":"Fought Nobs","floor":22.0,"gold_loss":0.0,"damage_taken":0.0},{"damage_healed":0.0,"max_hp_gain":0.0,"max_hp_loss":0.0,"gold_gain":50.0,"event_name":"Nest","player_choice":"Stole From Cult","floor":24.0,"gold_loss":0.0,"damage_taken":0.0},{"damage_healed":0.0,"max_hp_gain":0.0,"max_hp_loss":0.0,"gold_gain":0.0,"event_name":"The Mausoleum","player_choice":"Ignored","floor":29.0,"gold_loss":0.0,"damage_taken":0.0}],"is_beta":false,"boss_relics":[{"not_picked":["Eternal Feather","Philosopher\u0027s Stone"],"picked":"Cursed Key"}],"items_purged_floors":[13,21],"is_endless":false,"potions_floor_spawned":[1,3,4,14,22,22,25,30],"killed_by":"Slavers","ascension_level":20}