{"gold_per_floor":[116,116,116,57,207,235,235,260,260,272,291,304,334,259,259,330,330,340,340,358,241,260,260,33,68,95,95,120,120,150,163,163,240,240,257,257,257,257,269,299,299,331,358,372,404,454,294,324,324,324,324,324,324,27,55,55],"floor_reached":57,"playtime":3622,"items_purged":["Strike_G","Glass Knife","Masterful Stab"],"score":3584,"play_id":"dc62e19b-2815-404a-a5c2-bbba3701c784","local_time":"20190419071924","is_ascension_mode":true,"campfire_choices":[{"data":"Cloak And Dagger","floor":15.0,"key":"SMITH"},{"data":"Outmaneuver","floor":23.0,"key":"SMITH"},{"data":"Blade Dance","floor":29.0,"key":"SMITH"},{"data":"Tactician","floor":32.0,"key":"SMITH"},{"data":"Burst","floor":41.0,"key":"SMITH"},{"floor":49.0,"key":"RECALL"},{"data":"Footwork","floor":53.0,"key":"SMITH"}],"neow_cost":"NONE","seed_source_timestamp":0,"circlet_count":0,"master_deck":["AscendersBane","Survivor","Neutralize+1","Terror","Blade Dance+1","Night Terror+1","Cloak And Dagger+1","Corpse Explosion","Burst+1","Prepared+1","Infinite Blades","Outmaneuver+1","After Image","Tactician+1","PiercingWail+1","After Image","Concentrate+1","Backflip+1","A Thousand Cuts","Footwork+1","Acrobatics+1","Finesse+1","Chrysalis+1","Dark Shackles+1","Caltrops","Calculated Gamble+1","Accuracy+1","Leg Sweep+1","Outmaneuver+1"],"special_seed":0,"relics":["Ring of the Snake","NeowsBlessing","Dead Branch","Ornamental Fan","Omamori","Sundial","Bag of Preparation","Busted Crown","Membership Card","Mercury Hourglass","Juzu Bracelet","Toxic Egg 2","Girya","Pandora\u0027s Box","Dodecahedron","Darkstone Periapt","Potion Belt","FossilizedHelix","Lee\u0027s Waffle","Dream Catcher","Snake Skull","TheAbacus","Whetstone"],"potions_floor_usage":[56,56,56],"damage_taken":[{"damage":0.0,"enemies":"Small Slimes","floor":1.0,"turns":1.0},{"damage":0.0,"enemies":"Gremlin Nob","floor":6.0,"turns":1.0},{"damage":0.0,"enemies":"Lagavulin","floor":8.0,"turns":1.0},{"damage":0.0,"enemies":"Jaw Worm","floor":10.0,"turns":3.0},{"damage":3.0,"enemies":"2 Louse","floor":11.0,"turns":4.0},{"damage":0.0,"enemies":"Blue Slaver","floor":12.0,"turns":5.0},{"damage":16.0,"enemies":"3 Sentries","floor":13.0,"turns":9.0},{"damage":0.0,"enemies":"Hexaghost","floor":16.0,"turns":9.0},{"damage":0.0,"enemies":"2 Thieves","floor":18.0,"turns":2.0},{"damage":0.0,"enemies":"3 Byrds","floor":20.0,"turns":2.0},{"damage":0.0,"enemies":"Snecko","floor":22.0,"turns":5.0},{"damage":4.0,"enemies":"Book of Stabbing","floor":25.0,"turns":5.0},{"damage":14.0,"enemies":"Slavers","floor":28.0,"turns":2.0},{"damage":7.0,"enemies":"Gremlin Leader","floor":30.0,"turns":6.0},{"damage":0.0,"enemies":"Snake Plant","floor":31.0,"turns":4.0},{"damage":0.0,"enemies":"Collector","floor":33.0,"turns":6.0},{"damage":0.0,"enemies":"3 Darklings","floor":35.0,"turns":3.0},{"damage":0.0,"enemies":"Orb Walker","floor":39.0,"turns":3.0},{"damage":12.0,"enemies":"Nemesis","floor":40.0,"turns":8.0},{"damage":0.0,"enemies":"Reptomancer","floor":42.0,"turns":6.0},{"damage":0.0,"enemies":"3 Darklings","floor":44.0,"turns":1.0},{"damage":0.0,"enemies":"Giant Head","floor":45.0,"turns":6.0},{"damage":0.0,"enemies":"2 Orb Walkers","floor":46.0,"turns":3.0},{"damage":0.0,"enemies":"Reptomancer","floor":48.0,"turns":5.0},{"damage":0.0,"enemies":"Time Eater","floor":50.0,"turns":12.0},{"damage":0.0,"enemies":"Donu and Deca","floor":51.0,"turns":6.0},{"damage":0.0,"enemies":"Shield and Spear","floor":55.0,"turns":2.0},{"damage":9,"enemies":"The Heart","floor":56,"turns":8}],"seed_played":"-3233493409157831107","potions_obtained":[{"floor":10.0,"key":"Block Potion"},{"floor":11.0,"key":"Energy Potion"},{"floor":16.0,"key":"Block Potion"},{"floor":22.0,"key":"SneckoOil"},{"floor":25.0,"key":"AttackPotion"},{"floor":33.0,"key":"Swift Potion"},{"floor":39.0,"key":"Fire Potion"},{"floor":40.0,"key":"Dexterity Potion"},{"floor":42.0,"key":"LiquidBronze"},{"floor":45.0,"key":"PowerPotion"}],"is_trial":false,"path_per_floor":["M","?","T","$","?","E","?","E","T","M","M","M","E","?","R","B",null,"M","?","M","$","M","R","$","E","T","?","E","R","E","M","R","B",null,"M","?","?","?","M","E","R","E","T","M","E","?","$","E","R","B","B",null,"R","$","E","B",null],"character_chosen":"THE_SILENT","items_purchased":["Blade Dance","Infinite Blades","Membership Card","Lee\u0027s Waffle","Leg Sweep+1","Snake Skull","TheAbacus"],"campfire_rested":0,"item_purchase_floors":[4,21,24,47,54,54,54],"current_hp_per_floor":[59,59,59,59,59,59,39,39,39,39,36,36,20,20,20,20,55,55,55,55,55,55,55,55,51,51,51,37,37,30,30,30,30,57,57,47,47,47,47,35,35,35,35,35,35,35,70,70,70,70,70,70,70,70,70,61],"gold":55,"neow_bonus":"THREE_ENEMY_KILL","is_prod":false,"is_daily":false,"chose_seed":false,"campfire_upgraded":6,"win_rate":0,"timestamp":1555629564,"path_taken":["M","?","?","$","?","E","?","E","T","M","M","?","E","?","R","BOSS","M","?","?","$","M","R","$","E","T","?","E","R","E","M","R","BOSS","M","?","?","?","M","E","R","E","T","M","E","?","$","E","R","BOSS","BOSS","R","$","E","BOSS"],"build_version":"2019-01-23","purchased_purges":3,"victory":true,"max_hp_per_floor":[66,66,66,66,66,66,66,66,66,66,66,66,66,66,66,66,66,66,66,66,66,66,66,66,66,66,66,66,66,66,66,66,66,66,66,66,63,63,63,63,63,63,63,63,63,63,70,70,70,70,70,70,70,70,70,70],"card_choices":[{"not_picked":["PiercingWail","Dagger Throw"],"picked":"Acrobatics","floor":1.0},{"not_picked":["Blur","Expertise"],"picked":"Night Terror","floor":6.0},{"not_picked":["Deadly Poison","Masterful Stab","Expertise"],"picked":"SKIP","floor":8.0},{"not_picked":["Expertise","Dodge and Roll","All Out Attack"],"picked":"SKIP","floor":10.0},{"not_picked":["Dash","Poisoned Stab","Deflect"],"picked":"SKIP","floor":11.0},{"not_picked":["Catalyst","Underhanded Strike"],"picked":"Cloak And Dagger","floor":12.0},{"not_picked":["Poisoned Stab","Blade Dance"],"picked":"Corpse Explosion","floor":13.0},{"not_picked":["Bullet Time","Venomology"],"picked":"Burst","floor":16.0},{"not_picked":[],"picked":"Prepared+1","floor":18.0},{"not_picked":["Skewer"],"picked":"SKIP","floor":20.0},{"not_picked":[],"picked":"Outmaneuver","floor":22.0},{"not_picked":["Slice"],"picked":"SKIP","floor":25.0},{"not_picked":["Blade Dance"],"picked":"SKIP","floor":28.0},{"not_picked":[],"picked":"PiercingWail+1","floor":30.0},{"not_picked":["Slice+1"],"picked":"SKIP","floor":31.0},{"not_picked":[],"picked":"After Image","floor":33.0},{"not_picked":[],"picked":"Acrobatics+1","floor":35.0},{"not_picked":[],"picked":"Finesse+1","floor":36.0},{"not_picked":[],"picked":"Chrysalis+1","floor":36.0},{"not_picked":[],"picked":"Dark Shackles+1","floor":36.0},{"not_picked":["Eviscerate"],"picked":"SKIP","floor":39.0},{"not_picked":["Die Die Die"],"picked":"SKIP","floor":40.0},{"not_picked":[],"picked":"Caltrops","floor":42.0},{"not_picked":[],"picked":"Calculated Gamble+1","floor":44.0},{"not_picked":["Blade Dance+1"],"picked":"SKIP","floor":45.0},{"not_picked":[],"picked":"Accuracy+1","floor":48.0},{"not_picked":[],"picked":"Outmaneuver+1","floor":55.0}],"player_experience":4396699,"relics_obtained":[{"floor":3.0,"key":"Dead Branch"},{"floor":6.0,"key":"Ornamental Fan"},{"floor":8.0,"key":"Omamori"},{"floor":9.0,"key":"Sundial"},{"floor":13.0,"key":"Bag of Preparation"},{"floor":25.0,"key":"Mercury Hourglass"},{"floor":26.0,"key":"Juzu Bracelet"},{"floor":28.0,"key":"Toxic Egg 2"},{"floor":30.0,"key":"Girya"},{"floor":40.0,"key":"Dodecahedron"},{"floor":42.0,"key":"Darkstone Periapt"},{"floor":45.0,"key":"Potion Belt"},{"floor":46.0,"key":"FossilizedHelix"},{"floor":48.0,"key":"Dream Catcher"},{"floor":55.0,"key":"Whetstone"}],"event_choices":[{"damage_healed":0.0,"max_hp_gain":0.0,"max_hp_loss":0.0,"gold_gain":0.0,"cards_transformed":["Acrobatics"],"event_name":"Living Wall","player_choice":"Change","floor":2.0,"gold_loss":0.0,"damage_taken":0.0,"cards_obtained":["Terror"]},{"damage_healed":0.0,"max_hp_gain":0.0,"max_hp_loss":0.0,"gold_gain":150.0,"event_name":"Liars Game","player_choice":"AGREE","floor":5.0,"gold_loss":0.0,"damage_taken":0.0,"cards_obtained":["Doubt"]},{"damage_healed":0.0,"max_hp_gain":0.0,"max_hp_loss":0.0,"gold_gain":0.0,"event_name":"Shining Light","player_choice":"Entered Light","floor":7.0,"gold_loss":0.0,"damage_taken":20.0,"cards_upgraded":["Defend_G","Night Terror"]},{"cards_removed":["Doubt"],"damage_healed":0.0,"max_hp_gain":0.0,"max_hp_loss":0.0,"gold_gain":0.0,"event_name":"The Cleric","player_choice":"Card Removal","floor":14.0,"gold_loss":75.0,"damage_taken":0.0},{"cards_removed":["Strike_G"],"damage_healed":0.0,"max_hp_gain":0.0,"max_hp_loss":0.0,"gold_gain":0.0,"event_name":"Bonfire Elementals","player_choice":"Offered Basic","floor":19.0,"gold_loss":0.0,"damage_taken":0.0},{"damage_healed":0.0,"max_hp_gain":0.0,"max_hp_loss":0.0,"gold_gain":0.0,"cards_transformed":["Strike_G","Strike_G"],"event_name":"Drug Dealer","player_choice":"Became Test Subject","floor":27.0,"gold_loss":0.0,"damage_taken":0.0,"cards_obtained":["After Image","Tactician"]},{"damage_healed":0.0,"max_hp_gain":0.0,"max_hp_loss":0.0,"gold_gain":0.0,"event_name":"SensoryStone","player_choice":"Memory 3","floor":36.0,"gold_loss":0.0,"damage_taken":10.0},{"damage_healed":0.0,"max_hp_gain":0.0,"max_hp_loss":3.0,"gold_gain":0.0,"event_name":"Winding Halls","player_choice":"Max HP","floor":37.0,"gold_loss":0.0,"damage_taken":0.0},{"damage_healed":0.0,"max_hp_gain":0.0,"max_hp_loss":0.0,"gold_gain":0.0,"event_name":"SecretPortal","player_choice":"Ignored","floor":38.0,"gold_loss":0.0,"damage_taken":0.0},{"damage_healed":0.0,"max_hp_gain":0.0,"max_hp_loss":0.0,"gold_gain":0.0,"event_name":"Mysterious Sphere","player_choice":"Fight","floor":46.0,"gold_loss":0.0,"damage_taken":0.0}],"is_beta":false,"boss_relics":[{"not_picked":["Velvet Choker","Lizard Tail"],"picked":"Busted Crown"},{"not_picked":["Tiny House","Eternal Feather"],"picked":"Pandora\u0027s Box"}],"items_purged_floors":[21,47,54],"is_endless":false,"potions_floor_spawned":[10,11,12,16,22,25,33,39,40,42,45],"ascension_level":20}