{"gold_per_floor":[110,3,13,13,29,29,0,0,75,105,105,105,105,105,105,105],"floor_reached":16,"playtime":432,"items_purged":[],"score":192,"play_id":"05191501-f94b-4ecd-841b-a3d207bdcd53","local_time":"20190204194854","is_ascension_mode":true,"campfire_choices":[{"data":"A Thousand Cuts","floor":6.0,"key":"SMITH"},{"data":"Cloak And Dagger","floor":8.0,"key":"SMITH"},{"data":"Neutralize","floor":11.0,"key":"SMITH"},{"data":"Footwork","floor":15,"key":"SMITH"}],"neow_cost":"NONE","seed_source_timestamp":38218151600936,"circlet_count":0,"master_deck":["AscendersBane","Defend_G","Defend_G","Defend_G","Defend_G","Defend_G","Strike_G","Strike_G","Survivor","Neutralize+1","A Thousand Cuts+1","Cloak And Dagger+1","Footwork+1","Acrobatics","Blur"],"special_seed":0,"relics":["Ring of the Snake","Pear","Juzu Bracelet"],"potions_floor_usage":[16],"damage_taken":[{"damage":4.0,"enemies":"Jaw Worm","floor":1.0,"turns":6.0},{"damage":4.0,"enemies":"Cultist","floor":3.0,"turns":6.0},{"damage":3.0,"enemies":"2 Louse","floor":5.0,"turns":4.0},{"damage":3.0,"enemies":"Looter","floor":7.0,"turns":4.0},{"damage":43.0,"enemies":"Gremlin Nob","floor":10.0,"turns":5.0},{"damage":0,"enemies":"Hexaghost","floor":16,"turns":6}],"seed_played":"2171299151295713627","potions_obtained":[{"floor":1.0,"key":"Swift Potion"},{"floor":10.0,"key":"Poison Potion"}],"is_trial":false,"path_per_floor":["M","$","M","$","M","R","M","R","T","E","R","?","?","?","R","B"],"character_chosen":"THE_SILENT","items_purchased":["Cloak And Dagger","Footwork"],"campfire_rested":0,"item_purchase_floors":[2,2],"current_hp_per_floor":[55,55,51,51,48,48,45,45,55,12,12,12,5,5,5,5],"gold":105,"neow_bonus":"ONE_RANDOM_RARE_CARD","is_prod":false,"is_daily":false,"chose_seed":false,"campfire_upgraded":4,"win_rate":0,"timestamp":1549280934,"path_taken":["M","$","M","$","M","R","M","R","T","E","R","?","?","?","R","BOSS"],"build_version":"2019-01-23","purchased_purges":0,"victory":false,"max_hp_per_floor":[66,66,66,66,66,66,66,66,76,76,76,76,76,76,76,76],"card_choices":[{"not_picked":["Skewer","PiercingWail","Underhanded Strike"],"picked":"SKIP","floor":1.0},{"not_picked":["Quick Slash","Dagger Spray"],"picked":"Acrobatics","floor":3.0},{"not_picked":["Eviscerate","Phantasmal Killer","Deadly Poison"],"picked":"SKIP","floor":5.0},{"not_picked":["Backflip","Slice"],"picked":"Blur","floor":7.0},{"not_picked":["Deadly Poison","Sucker Punch","Acrobatics"],"picked":"SKIP","floor":10.0}],"player_experience":2519886,"relics_obtained":[{"floor":9.0,"key":"Pear"},{"floor":10.0,"key":"Juzu Bracelet"}],"event_choices":[{"cards_removed":["Strike_G"],"damage_healed":0.0,"max_hp_gain":0.0,"max_hp_loss":0.0,"gold_gain":0.0,"event_name":"Purifier","player_choice":"Purged","floor":12.0,"gold_loss":0.0,"damage_taken":0.0},{"cards_removed":["Strike_G"],"damage_healed":0.0,"max_hp_gain":0.0,"max_hp_loss":0.0,"gold_gain":0.0,"event_name":"Golden Wing","player_choice":"Card Removal","floor":13.0,"gold_loss":0.0,"damage_taken":7.0},{"cards_removed":["Strike_G"],"damage_healed":0,"gold_gain":0,"player_choice":"Forget","damage_taken":0,"max_hp_gain":0,"max_hp_loss":0,"event_name":"Living Wall","floor":14,"gold_loss":0}],"is_beta":false,"boss_relics":[],"items_purged_floors":[],"is_endless":false,"potions_floor_spawned":[1,10],"killed_by":"Hexaghost","ascension_level":20}