{"gold_per_floor":[111,128,147,72,17,49,49,79,105,105,105,118,118,132,132,208,208,224,274,285,285,295,295,60,60,60,60,60,60,89,101,101,178,178,194,213,223,270,290,317,317,351,396,396,396,423,436,451,451,451,451,451,451,65,92,92],"floor_reached":57,"playtime":2200,"items_purged":["Defend_G","Survivor"],"score":3390,"play_id":"a1ccacd2-b41a-4bc4-8ec1-02e2503ec264","local_time":"20190224184106","is_ascension_mode":true,"campfire_choices":[{"data":"Acrobatics","floor":7.0,"key":"SMITH"},{"floor":10.0,"key":"REST"},{"floor":13.0,"key":"REST"},{"data":"Bouncing Flask","floor":15.0,"key":"SMITH"},{"data":"Grand Finale","floor":23.0,"key":"SMITH"},{"data":"Neutralize","floor":25.0,"key":"SMITH"},{"data":"Adrenaline","floor":29.0,"key":"SMITH"},{"floor":32.0,"key":"RECALL"},{"data":"Defend_G","floor":45,"key":"PURGE"},{"data":"Defend_G","floor":49,"key":"PURGE"},{"data":"Neutralize+1","floor":53,"key":"PURGE"}],"neow_cost":"PERCENT_DAMAGE","seed_source_timestamp":21124651638107,"circlet_count":0,"master_deck":["AscendersBane","Grand Finale+1","Noxious Fumes","Backflip","Acrobatics+1","Adrenaline+1","Bouncing Flask+1","Adrenaline+1","Distraction+1","Setup+1","Tactician+1","Acrobatics+1"],"special_seed":0,"relics":["Ring of the Snake","Juzu Bracelet","Happy Flower","Astrolabe","Omamori","Toxic Egg 2","Pocketwatch","Empty Cage","Peace Pipe","Whetstone","Smiling Mask","Calipers","Kunai"],"potions_floor_usage":[56,56],"damage_taken":[{"damage":4.0,"enemies":"Jaw Worm","floor":1.0,"turns":7.0},{"damage":0.0,"enemies":"Small Slimes","floor":2.0,"turns":4.0},{"damage":0.0,"enemies":"2 Louse","floor":3.0,"turns":3.0},{"damage":3.0,"enemies":"Lagavulin","floor":6.0,"turns":10.0},{"damage":26.0,"enemies":"3 Sentries","floor":8.0,"turns":10.0},{"damage":8.0,"enemies":"Exordium Wildlife","floor":12.0,"turns":9.0},{"damage":6.0,"enemies":"3 Louse","floor":14.0,"turns":9.0},{"damage":20.0,"enemies":"The Guardian","floor":16.0,"turns":7.0},{"damage":0.0,"enemies":"2 Thieves","floor":18.0,"turns":2.0},{"damage":0.0,"enemies":"Chosen","floor":20.0,"turns":3.0},{"damage":0.0,"enemies":"Sentry and Sphere","floor":22.0,"turns":1.0},{"damage":0.0,"enemies":"Gremlin Leader","floor":30.0,"turns":2.0},{"damage":18.0,"enemies":"Cultist and Chosen","floor":31.0,"turns":7.0},{"damage":0.0,"enemies":"Automaton","floor":33.0,"turns":3.0},{"damage":0,"enemies":"3 Darklings","floor":35,"turns":1},{"damage":0,"enemies":"3 Shapes","floor":36,"turns":1},{"damage":0,"enemies":"Transient","floor":37,"turns":1},{"damage":0,"enemies":"2 Orb Walkers","floor":38,"turns":1},{"damage":0,"enemies":"4 Shapes","floor":39,"turns":1},{"damage":0,"enemies":"Nemesis","floor":40,"turns":1},{"damage":0,"enemies":"Reptomancer","floor":42,"turns":1},{"damage":0,"enemies":"Nemesis","floor":46,"turns":1},{"damage":0,"enemies":"Spire Growth","floor":47,"turns":1},{"damage":0,"enemies":"Jaw Worm Horde","floor":48,"turns":1},{"damage":0,"enemies":"Donu and Deca","floor":50,"turns":1},{"damage":0,"enemies":"Awakened One","floor":51,"turns":2},{"damage":0,"enemies":"Shield and Spear","floor":55,"turns":1},{"damage":61,"enemies":"The Heart","floor":56,"turns":5}],"seed_played":"1226571444787089161","potions_obtained":[{"floor":1.0,"key":"Weak Potion"},{"floor":3.0,"key":"Energy Potion"},{"floor":12.0,"key":"SteroidPotion"},{"floor":16.0,"key":"SkillPotion"},{"floor":20.0,"key":"LiquidBronze"},{"floor":39,"key":"SpeedPotion"},{"floor":42,"key":"Swift Potion"}],"is_trial":false,"path_per_floor":["M","M","M","?","$","E","R","E","T","R","?","M","R","M","R","B",null,"M","?","M","?","M","R","$","R","T","?","?","R","E","M","R","B",null,"M","M","M","?","M","E","?","E","T","?","R","E","M","M","R","B","B",null,"R","$","E","B",null],"character_chosen":"THE_SILENT","items_purchased":["Backflip","Omamori","Calipers"],"campfire_rested":2,"item_purchase_floors":[5,24,54],"current_hp_per_floor":[40,40,40,40,40,37,37,11,11,30,30,22,41,35,35,15,53,53,53,53,53,53,53,53,53,53,53,53,53,53,35,35,35,58,58,58,58,58,58,58,58,58,58,58,58,58,58,58,58,58,58,62,62,62,62,1],"gold":92,"neow_bonus":"THREE_RARE_CARDS","is_prod":false,"is_daily":false,"chose_seed":false,"campfire_upgraded":5,"win_rate":0,"timestamp":1551004866,"path_taken":["M","M","M","?","$","E","R","E","T","R","?","M","R","M","R","BOSS","M","?","M","?","M","R","$","R","T","?","?","R","E","M","R","BOSS","M","M","M","?","M","E","?","E","T","?","R","E","M","M","R","BOSS","BOSS","R","$","E","BOSS"],"build_version":"2019-01-23","purchased_purges":2,"victory":true,"max_hp_per_floor":[66,66,66,66,66,66,66,66,66,66,66,66,66,66,66,66,66,66,66,66,66,66,66,66,66,66,66,66,66,66,66,66,66,66,66,66,66,66,66,66,66,66,66,63,63,63,63,63,63,63,63,63,63,63,63,63],"card_choices":[{"not_picked":["Burst","Adrenaline"],"picked":"Grand Finale","floor":0.0},{"not_picked":["Flying Knee","Outmaneuver"],"picked":"Noxious Fumes","floor":1.0},{"not_picked":["Heel Hook","Prepared","Cloak And Dagger"],"picked":"SKIP","floor":2.0},{"not_picked":["Skewer","Prepared"],"picked":"Backflip","floor":3.0},{"not_picked":["Caltrops","Blade Dance"],"picked":"Acrobatics","floor":6.0},{"not_picked":["Corpse Explosion","Dodge and Roll"],"picked":"Adrenaline","floor":8.0},{"not_picked":["Blade Dance","Backflip"],"picked":"Bouncing Flask","floor":12.0},{"not_picked":["Poisoned Stab","Bane","Dagger Spray"],"picked":"SKIP","floor":14.0},{"not_picked":["Dagger Throw","Sucker Punch","Dodge and Roll"],"picked":"SKIP","floor":18.0},{"not_picked":["Dagger Spray","Deadly Poison+1","Dagger Throw+1"],"picked":"SKIP","floor":20.0},{"not_picked":["Cloak And Dagger","Choke","Deflect"],"picked":"SKIP","floor":22.0},{"not_picked":["Prepared+1","Infinite Blades","Backflip+1"],"picked":"SKIP","floor":30.0},{"not_picked":["Deflect+1","Sucker Punch","Noxious Fumes"],"picked":"SKIP","floor":31.0},{"not_picked":["Underhanded Strike","Accuracy"],"picked":"Acrobatics+1","floor":35},{"not_picked":["Quick Slash","Dagger Spray","Flying Knee"],"picked":"SKIP","floor":36},{"not_picked":["Escape Plan+1","Outmaneuver+1","Prepared+1"],"picked":"SKIP","floor":37},{"not_picked":["Dagger Throw","Blade Dance+1","Blur+1"],"picked":"SKIP","floor":39},{"not_picked":["Backstab+1","Accuracy","Eviscerate"],"picked":"SKIP","floor":40},{"not_picked":["Skewer","Night Terror+1","Cloak And Dagger+1"],"picked":"SKIP","floor":42},{"not_picked":["Night Terror+1","Bouncing Flask+1","Bane+1"],"picked":"SKIP","floor":46},{"not_picked":["Acrobatics+1","Deadly Poison+1","Predator"],"picked":"SKIP","floor":47},{"not_picked":["Concentrate+1","Prepared+1","Accuracy"],"picked":"SKIP","floor":48},{"not_picked":["Prepared+1","Tactician+1","Burst+1"],"picked":"SKIP","floor":55}],"player_experience":3100147,"relics_obtained":[{"floor":6.0,"key":"Juzu Bracelet"},{"floor":8.0,"key":"Happy Flower"},{"floor":26.0,"key":"Toxic Egg 2"},{"floor":30.0,"key":"Pocketwatch"},{"floor":38,"key":"Peace Pipe"},{"floor":42,"key":"Whetstone"},{"floor":43,"key":"Smiling Mask"},{"floor":55,"key":"Kunai"}],"event_choices":[{"cards_removed":["Strike_G"],"damage_healed":0.0,"max_hp_gain":0.0,"max_hp_loss":0.0,"gold_gain":0.0,"event_name":"The Cleric","player_choice":"Card Removal","floor":4.0,"gold_loss":75.0,"damage_taken":0.0},{"damage_healed":0.0,"max_hp_gain":0.0,"max_hp_loss":0.0,"gold_gain":0.0,"event_name":"Shining Light","player_choice":"Ignored","floor":11.0,"gold_loss":0.0,"damage_taken":0.0},{"damage_healed":0.0,"max_hp_gain":0.0,"max_hp_loss":0.0,"gold_gain":50.0,"event_name":"Nest","player_choice":"Stole From Cult","floor":19.0,"gold_loss":0.0,"damage_taken":0.0},{"cards_removed":["Strike_G"],"damage_healed":0.0,"max_hp_gain":0.0,"max_hp_loss":0.0,"gold_gain":0.0,"event_name":"Back to Basics","player_choice":"Elegance","floor":21.0,"gold_loss":0.0,"damage_taken":0.0},{"damage_healed":0.0,"max_hp_gain":0.0,"max_hp_loss":0.0,"gold_gain":0.0,"event_name":"The Library","player_choice":"Read","floor":27.0,"gold_loss":0.0,"damage_taken":0.0,"cards_obtained":["Tactician"]},{"damage_healed":0.0,"max_hp_gain":0.0,"max_hp_loss":0.0,"gold_gain":0.0,"event_name":"Beggar","player_choice":"Ignored","floor":28.0,"gold_loss":0.0,"damage_taken":0.0},{"damage_healed":0,"gold_gain":0,"player_choice":"Fight","damage_taken":0,"max_hp_gain":0,"max_hp_loss":0,"event_name":"Mysterious Sphere","floor":38,"gold_loss":0},{"cards_removed":["Backflip"],"damage_healed":0,"gold_gain":0,"player_choice":"Removed Skill","damage_taken":0,"max_hp_gain":0,"max_hp_loss":0,"event_name":"Falling","floor":41,"gold_loss":0},{"damage_healed":0,"gold_gain":0,"player_choice":"Max HP","damage_taken":0,"max_hp_gain":0,"max_hp_loss":3,"event_name":"Winding Halls","floor":44,"gold_loss":0}],"is_beta":false,"boss_relics":[{"not_picked":["Fusion Hammer","Velvet Choker"],"picked":"Astrolabe"},{"not_picked":["Pandora\u0027s Box","White Beast Statue"],"picked":"Empty Cage"}],"items_purged_floors":[24,54],"is_endless":false,"potions_floor_spawned":[1,3,12,16,20,33,36,38,39,42,47],"ascension_level":20}