{"gold_per_floor":[109,109,123,123,123,123,143,143,168,183,196,196,235,20,20,113,113,129,179,179,135,18,18,18,18,18,18,42,42,58,77,77,170,170,193,193,217,240,263,263,263,296,296,334,347,362,487,487,487,487],"floor_reached":50,"playtime":3033,"items_purged":[],"score":1175,"play_id":"ad230db8-93c6-4367-9e89-e665e730c304","local_time":"20190317133306","is_ascension_mode":true,"campfire_choices":[{"data":"Backstab","floor":6.0,"key":"SMITH"},{"data":"Prepared","floor":8.0,"key":"SMITH"},{"data":"Calculated Gamble","floor":15.0,"key":"SMITH"},{"data":"Calculated Gamble","floor":23.0,"key":"SMITH"},{"data":"Well Laid Plans","floor":29.0,"key":"SMITH"},{"data":"Corpse Explosion","floor":32.0,"key":"SMITH"},{"data":"Acrobatics","floor":40.0,"key":"SMITH"},{"floor":49.0,"key":"REST"}],"neow_cost":"TEN_PERCENT_HP_LOSS","seed_source_timestamp":296931237956682,"circlet_count":0,"master_deck":["AscendersBane","Defend_G","Defend_G+1","Defend_G","Defend_G","Survivor","Neutralize","Backstab+1","Reflex+1","Choke","Prepared+1","Acrobatics","Calculated Gamble+1","Noxious Fumes","Well Laid Plans","Escape Plan","Flechettes","After Image","Well Laid Plans+1","Calculated Gamble+1","Footwork","Corpse Explosion+1","Adrenaline","Acrobatics+1","PiercingWail","Blur","Writhe","Setup+1","Calculated Gamble+1","Distraction+1","Madness","Madness"],"special_seed":0,"relics":["Ring of the Snake","Torii","Golden Idol","Bag of Marbles","Girya","Cursed Key","Empty Cage","Happy Flower","Ornamental Fan","Shovel"],"potions_floor_usage":[50,50],"damage_taken":[{"damage":2.0,"enemies":"Jaw Worm","floor":1.0,"turns":7.0},{"damage":0.0,"enemies":"2 Louse","floor":3.0,"turns":3.0},{"damage":0.0,"enemies":"Small Slimes","floor":7.0,"turns":2.0},{"damage":0.0,"enemies":"Looter","floor":10.0,"turns":1.0},{"damage":0.0,"enemies":"Exordium Thugs","floor":11.0,"turns":4.0},{"damage":15.0,"enemies":"3 Sentries","floor":13.0,"turns":12.0},{"damage":0.0,"enemies":"The Guardian","floor":16.0,"turns":14.0},{"damage":11.0,"enemies":"Chosen","floor":18.0,"turns":4.0},{"damage":11.0,"enemies":"2 Thieves","floor":28.0,"turns":2.0},{"damage":15.0,"enemies":"Cultist and Chosen","floor":30.0,"turns":8.0},{"damage":1.0,"enemies":"Snecko","floor":31.0,"turns":4.0},{"damage":1.0,"enemies":"Automaton","floor":33.0,"turns":10.0},{"damage":2.0,"enemies":"Orb Walker","floor":35.0,"turns":4.0},{"damage":1.0,"enemies":"3 Darklings","floor":37.0,"turns":3.0},{"damage":24.0,"enemies":"Maw","floor":38.0,"turns":7.0},{"damage":0.0,"enemies":"Spire Growth","floor":39.0,"turns":5.0},{"damage":12.0,"enemies":"Nemesis","floor":42.0,"turns":15.0},{"damage":16.0,"enemies":"Reptomancer","floor":44.0,"turns":6.0},{"damage":2.0,"enemies":"Transient","floor":45.0,"turns":6.0},{"damage":2.0,"enemies":"4 Shapes","floor":46.0,"turns":3.0},{"damage":0.0,"enemies":"Mind Bloom Boss Battle","floor":47.0,"turns":8.0},{"damage":16,"enemies":"Time Eater","floor":50,"turns":5}],"seed_played":"2446894735757882752","potions_obtained":[{"floor":1.0,"key":"SteroidPotion"},{"floor":3.0,"key":"Dexterity Potion"},{"floor":28.0,"key":"Dexterity Potion"},{"floor":33.0,"key":"Weak Potion"},{"floor":39.0,"key":"EssenceOfSteel"},{"floor":44.0,"key":"Swift Potion"},{"floor":47.0,"key":"EntropicBrew"}],"is_trial":false,"path_per_floor":["M","?","M","?","?","R","M","R","T","M","M","?","E","$","R","B",null,"M","?","T","$","$","R","$","?","T","?","M","R","M","M","R","B",null,"M","?","M","M","M","R","?","E","T","E","M","M","?","?","R","B"],"character_chosen":"THE_SILENT","items_purchased":["Well Laid Plans","Escape Plan","Flechettes","Well Laid Plans","Calculated Gamble","Footwork"],"campfire_rested":1,"item_purchase_floors":[14,14,14,21,22,22],"current_hp_per_floor":[57,54,54,54,38,38,38,38,38,38,38,54,39,39,39,39,50,39,39,39,39,39,39,39,39,39,39,28,28,13,12,12,11,43,41,41,40,16,16,16,44,32,32,16,14,12,12,4,17,1],"gold":487,"neow_bonus":"ONE_RARE_RELIC","is_prod":false,"is_daily":false,"chose_seed":false,"campfire_upgraded":7,"win_rate":0,"timestamp":1552797186,"path_taken":["M","?","M","?","?","R","M","R","T","M","M","?","E","?","R","BOSS","M","?","?","?","$","R","$","?","T","?","?","R","M","M","R","BOSS","M","?","?","M","M","R","?","E","T","E","M","M","?","?","R","BOSS"],"build_version":"2019-01-23","purchased_purges":0,"victory":false,"max_hp_per_floor":[60,54,54,54,54,54,54,54,54,54,54,54,54,54,54,54,54,54,54,54,54,54,54,54,54,54,54,54,54,54,54,54,54,54,54,54,54,54,54,54,44,44,44,44,44,44,44,44,44,44],"card_choices":[{"not_picked":["Quick Slash","All Out Attack"],"picked":"Backstab","floor":1.0},{"not_picked":["Heel Hook","Slice"],"picked":"Reflex","floor":3.0},{"not_picked":["Backstab","Poisoned Stab"],"picked":"Prepared","floor":7.0},{"not_picked":["Underhanded Strike","Quick Slash"],"picked":"Acrobatics","floor":10.0},{"not_picked":["Slice","Bane"],"picked":"Calculated Gamble","floor":11.0},{"not_picked":["Prepared","Crippling Poison"],"picked":"Noxious Fumes","floor":13.0},{"not_picked":["Phantasmal Killer","Storm of Steel"],"picked":"After Image","floor":16.0},{"not_picked":["Dagger Spray","Acrobatics","Deadly Poison"],"picked":"SKIP","floor":18.0},{"not_picked":["Poisoned Stab","Dodge and Roll+1","Bane"],"picked":"SKIP","floor":28.0},{"not_picked":["Poisoned Stab","Dodge and Roll+1","Bane"],"picked":"SKIP","floor":28.0},{"not_picked":["Deflect","Escape Plan","Dagger Throw"],"picked":"SKIP","floor":30.0},{"not_picked":["Flying Knee","Unload"],"picked":"Acrobatics","floor":31.0},{"not_picked":["Dagger Throw","Accuracy"],"picked":"PiercingWail","floor":35.0},{"not_picked":["Dagger Spray","Underhanded Strike+1","Dodge and Roll"],"picked":"SKIP","floor":37.0},{"not_picked":["All Out Attack","Dash","Blade Dance"],"picked":"SKIP","floor":38.0},{"not_picked":["Slice+1","Finisher+1"],"picked":"Blur","floor":39.0},{"not_picked":["Terror","Flechettes","Dagger Spray"],"picked":"SKIP","floor":42.0},{"not_picked":["Envenom","Deflect+1","PiercingWail"],"picked":"SKIP","floor":44.0},{"not_picked":["Backflip","Deadly Poison"],"picked":"Setup+1","floor":45.0},{"not_picked":["Quick Slash","Deflect+1"],"picked":"Calculated Gamble+1","floor":46.0},{"not_picked":["Bane","Flying Knee+1"],"picked":"Distraction+1","floor":47.0}],"player_experience":129539,"relics_obtained":[{"floor":9.0,"key":"Bag of Marbles"},{"floor":13.0,"key":"Girya"},{"floor":42.0,"key":"Happy Flower"},{"floor":44.0,"key":"Ornamental Fan"},{"floor":47.0,"key":"Shovel"}],"event_choices":[{"damage_healed":0.0,"max_hp_gain":0.0,"max_hp_loss":6.0,"gold_gain":0.0,"event_name":"Golden Idol","player_choice":"Lose Max HP","floor":2.0,"gold_loss":0.0,"damage_taken":0.0,"relics_obtained":["Golden Idol"]},{"damage_healed":0.0,"max_hp_gain":0.0,"max_hp_loss":0.0,"gold_gain":0.0,"cards_transformed":["Strike_G"],"event_name":"Living Wall","player_choice":"Change","floor":4.0,"gold_loss":0.0,"damage_taken":0.0,"cards_obtained":["Choke"]},{"damage_healed":0.0,"max_hp_gain":0.0,"max_hp_loss":0.0,"gold_gain":0.0,"event_name":"Shining Light","player_choice":"Entered Light","floor":5.0,"gold_loss":0.0,"damage_taken":16.0,"cards_upgraded":["Defend_G","Reflex"]},{"damage_healed":18.0,"max_hp_gain":0.0,"max_hp_loss":0.0,"gold_gain":0.0,"event_name":"Big Fish","player_choice":"Banana","floor":12.0,"gold_loss":0.0,"damage_taken":0.0},{"damage_healed":0.0,"max_hp_gain":0.0,"max_hp_loss":0.0,"gold_gain":50.0,"event_name":"Nest","player_choice":"Stole From Cult","floor":19.0,"gold_loss":0.0,"damage_taken":0.0},{"damage_healed":0.0,"max_hp_gain":0.0,"max_hp_loss":0.0,"gold_gain":0.0,"cards_transformed":["Strike_G","Strike_G"],"event_name":"Drug Dealer","player_choice":"Became Test Subject","floor":25.0,"gold_loss":0.0,"damage_taken":0.0,"cards_obtained":["Corpse Explosion","Adrenaline"]},{"damage_healed":0.0,"max_hp_gain":0.0,"max_hp_loss":0.0,"gold_gain":0.0,"event_name":"Cursed Tome","player_choice":"Ignored","floor":27.0,"gold_loss":0.0,"damage_taken":0.0},{"cards_removed":["Defend_G"],"damage_healed":0.0,"max_hp_gain":0.0,"max_hp_loss":0.0,"gold_gain":0.0,"event_name":"Purifier","player_choice":"Purged","floor":36.0,"gold_loss":0.0,"damage_taken":0.0},{"damage_healed":44.0,"max_hp_gain":0.0,"max_hp_loss":10.0,"gold_gain":0.0,"event_name":"The Moai Head","player_choice":"Heal","floor":41.0,"gold_loss":0.0,"damage_taken":0.0},{"damage_healed":0.0,"max_hp_gain":0.0,"max_hp_loss":0.0,"gold_gain":0.0,"event_name":"MindBloom","player_choice":"Fight","floor":47.0,"gold_loss":0.0,"damage_taken":0.0},{"damage_healed":0.0,"max_hp_gain":0.0,"max_hp_loss":0.0,"gold_gain":0.0,"event_name":"Winding Halls","player_choice":"Embrace Madness","floor":48.0,"gold_loss":0.0,"damage_taken":8.0,"cards_obtained":["Madness","Madness"]}],"is_beta":false,"boss_relics":[{"not_picked":["Lizard Tail","Snecko Eye"],"picked":"Cursed Key"},{"not_picked":["Eternal Feather","Fusion Hammer"],"picked":"Empty Cage"}],"items_purged_floors":[],"is_endless":false,"potions_floor_spawned":[1,3,7,28,33,39,44,47],"killed_by":"Time Eater","ascension_level":20}