{"gold_per_floor":[113,113,128,128,144,144,5,18,41,56,119,136,154,186,186,282,282,292,292,312,329,309,309,321,340,410,439,439,439,439,450,450,450],"floor_reached":33,"playtime":3116,"items_purged":[],"score":271,"play_id":"e3e9f774-d378-4bcb-b1d7-4b8768362600","local_time":"20190709132214","is_ascension_mode":false,"campfire_choices":[{"data":"Infinite Blades","floor":6,"key":"SMITH"},{"floor":15,"key":"REST"},{"data":"Venomology","floor":23,"key":"SMITH"},{"floor":30,"key":"REST"},{"floor":32,"key":"REST"}],"neow_cost":"NONE","seed_source_timestamp":1433306663331074,"circlet_count":0,"master_deck":["Strike_G+1","Strike_G+1","Strike_G+1","Strike_G+1","Strike_G+1","Defend_G+1","Defend_G+1","Defend_G+1","Survivor","Neutralize","Infinite Blades+1","PiercingWail","Poisoned Stab","Well Laid Plans","All Out Attack","Backflip","Quick Slash","Leg Sweep","Deadly Poison","Dash","Venomology+1","Skewer+1","Leg Sweep+1","Riddle With Holes+1","Backstab","Escape Plan","Dagger Throw+1","Backstab","Distraction","Dagger Throw+1"],"relics":["Ring of the Snake","NeowsBlessing","Smiling Mask","Orichalcum","Oddly Smooth Stone","Astrolabe","Enchiridion","Sundial","Dodecahedron"],"potions_floor_usage":[11,11,11,14,14,20,21,24,24,24,24,25,27,27,33,33,33],"damage_taken":[{"damage":0,"enemies":"Cultist","floor":1,"turns":1},{"damage":0,"enemies":"2 Louse","floor":3,"turns":1},{"damage":0,"enemies":"Jaw Worm","floor":5,"turns":1},{"damage":4,"enemies":"Looter","floor":8,"turns":3},{"damage":5,"enemies":"Gremlin Gang","floor":10,"turns":3},{"damage":10,"enemies":"Gremlin Nob","floor":11,"turns":3},{"damage":2,"enemies":"Blue Slaver","floor":12,"turns":4},{"damage":12,"enemies":"Exordium Thugs","floor":13,"turns":6},{"damage":12,"enemies":"Gremlin Nob","floor":14,"turns":5},{"damage":44,"enemies":"Slime Boss","floor":16,"turns":16},{"damage":4,"enemies":"Chosen","floor":18,"turns":4},{"damage":1,"enemies":"3 Byrds","floor":20,"turns":5},{"damage":13,"enemies":"Cultist and Chosen","floor":21,"turns":7},{"damage":0,"enemies":"Centurion and Healer","floor":24,"turns":6},{"damage":2,"enemies":"Chosen and Byrds","floor":25,"turns":6},{"damage":26,"enemies":"Book of Stabbing","floor":27,"turns":6},{"damage":5,"enemies":"Cultist and Chosen","floor":31,"turns":5},{"damage":50,"enemies":"Automaton","floor":33,"turns":6}],"seed_played":"5598828160118496238","potions_obtained":[{"floor":2,"key":"LiquidBronze"},{"floor":2,"key":"Weak Potion"},{"floor":2,"key":"Energy Potion"},{"floor":3,"key":"SkillPotion"},{"floor":5,"key":"AttackPotion"},{"floor":11,"key":"Ancient Potion"},{"floor":13,"key":"Strength Potion"},{"floor":18,"key":"Fire Potion"},{"floor":20,"key":"GhostInAJar"},{"floor":22,"key":"Block Potion"},{"floor":31,"key":"SteroidPotion"}],"is_trial":false,"path_per_floor":["M","?","M","$","M","R","$","M","T","M","?","M","M","E","R","B",null,"M","?","M","M","?","R","M","M","T","E","?","?","R","M","R","B"],"character_chosen":"THE_SILENT","items_purchased":["Calculated Gamble","Well Laid Plans"],"campfire_rested":3,"item_purchase_floors":[7,7],"current_hp_per_floor":[70,70,70,70,70,70,70,66,66,61,51,49,37,25,46,2,70,66,50,49,36,36,36,36,34,34,8,8,8,29,24,45,0],"gold":450,"neow_bonus":"THREE_ENEMY_KILL","is_prod":false,"is_daily":false,"chose_seed":false,"campfire_upgraded":2,"win_rate":0.0,"timestamp":1562667734,"path_taken":["M","?","?","$","M","R","$","M","T","?","?","M","M","E","R","BOSS","M","?","M","M","?","R","M","?","T","E","?","?","R","M","R","BOSS"],"build_version":"2019-07-05","purchased_purges":0,"victory":false,"max_hp_per_floor":[70,70,70,70,70,70,70,70,70,70,70,70,70,70,70,70,70,70,70,70,70,70,70,70,70,70,70,70,70,70,70,70,70],"card_choices":[{"not_picked":["Acrobatics","Calculated Gamble"],"picked":"Infinite Blades","floor":1},{"not_picked":["Deadly Poison","Blade Dance"],"picked":"PiercingWail","floor":3},{"not_picked":["All Out Attack","Deflect"],"picked":"Poisoned Stab","floor":5},{"not_picked":["Sucker Punch","Underhanded Strike"],"picked":"All Out Attack","floor":8},{"not_picked":["Dagger Throw","Blade Dance"],"picked":"Backflip","floor":10},{"not_picked":["Wraith Form v2","Flechettes"],"picked":"Quick Slash","floor":11},{"not_picked":["Bane","Slice"],"picked":"Leg Sweep","floor":12},{"not_picked":["Terror","Endless Agony"],"picked":"Deadly Poison","floor":13},{"not_picked":["Heel Hook","Prepared"],"picked":"Dash","floor":14},{"not_picked":["Envenom","Burst"],"picked":"Venomology","floor":16},{"not_picked":["All Out Attack","Sucker Punch"],"picked":"Backstab","floor":18},{"not_picked":["PiercingWail","Dagger Throw+1"],"picked":"Escape Plan","floor":20},{"not_picked":["Tactician","Prepared"],"picked":"Dagger Throw+1","floor":21},{"not_picked":["Venomology","Acrobatics"],"picked":"Backstab","floor":24},{"not_picked":["Skewer+1","Caltrops+1"],"picked":"Sucker Punch","floor":25},{"not_picked":["Masterful Stab","Well Laid Plans"],"picked":"Distraction","floor":27},{"not_picked":["Flying Knee","Prepared"],"picked":"Dagger Throw+1","floor":31}],"player_experience":30345,"relics_obtained":[{"floor":9,"key":"Smiling Mask"},{"floor":11,"key":"Orichalcum"},{"floor":14,"key":"Oddly Smooth Stone"},{"floor":19,"key":"Enchiridion"},{"floor":26,"key":"Sundial"},{"floor":27,"key":"Dodecahedron"}],"event_choices":[{"damage_healed":0,"gold_gain":0,"player_choice":"Got Potions","damage_taken":0,"max_hp_gain":0,"max_hp_loss":0,"event_name":"Lab","floor":2,"gold_loss":0},{"damage_healed":0,"gold_gain":0,"player_choice":"Searched \u00271\u0027 times","damage_taken":0,"max_hp_gain":0,"max_hp_loss":0,"event_name":"Dead Adventurer","floor":11,"gold_loss":0},{"damage_healed":0,"gold_gain":0,"player_choice":"Obtained Book","damage_taken":16,"max_hp_gain":0,"max_hp_loss":0,"event_name":"Cursed Tome","floor":19,"gold_loss":0},{"damage_healed":0,"gold_gain":0,"player_choice":"Bought 1 Potion","damage_taken":0,"max_hp_gain":0,"max_hp_loss":0,"event_name":"The Woman in Blue","floor":22,"gold_loss":0},{"damage_healed":0,"gold_gain":0,"player_choice":"Simplicity","damage_taken":0,"max_hp_gain":0,"max_hp_loss":0,"event_name":"Back to Basics","floor":28,"gold_loss":0,"cards_upgraded":["Strike_G","Strike_G","Strike_G","Strike_G","Strike_G","Defend_G","Defend_G","Defend_G"]},{"cards_removed":["Sucker Punch"],"damage_healed":0,"gold_gain":0,"player_choice":"Purged","damage_taken":0,"max_hp_gain":0,"max_hp_loss":0,"event_name":"Purifier","floor":29,"gold_loss":0}],"is_beta":false,"boss_relics":[{"not_picked":["Ectoplasm","Black Star"],"picked":"Astrolabe"}],"items_purged_floors":[],"is_endless":false,"potions_floor_spawned":[3,5,11,13,18,20,31],"killed_by":"Automaton","ascension_level":0}