{"path_per_floor":["M","M","?","M","M","E","R","M","T","R","$","E","M","?","R","B",null,"M","?","M","$","M"],"character_chosen":"THE_SILENT","items_purchased":["Paper Crane","Flying Knee","Toy Ornithopter"],"gold_per_floor":[112,122,197,215,233,266,266,286,335,335,31,62,75,75,75,172,172,186,213,225,30,48,48],"floor_reached":23,"campfire_rested":3,"playtime":1423,"item_purchase_floors":[],"current_hp_per_floor":[66,66,55,55,50,33,54,33,33,54,54,38,32,37,59,15,75,52,16,1,1,9,0],"items_purged":[],"gold":48,"score":203,"play_id":"09b941ee-111e-4aad-a54e-688d8dab414e","local_time":"20180525230321","is_prod":false,"is_daily":false,"chose_seed":false,"is_ascension_mode":false,"campfire_upgraded":0,"win_rate":0.0,"timestamp":1527282201,"campfire_choices":[{"floor":7.0,"key":"REST"},{"floor":10.0,"key":"REST"},{"floor":15.0,"key":"REST"}],"path_taken":["M","?","?","?","M","E","R","M","T","R","?","E","M","?","R","BOSS","M","?","M","$","M","M"],"build_version":"2018-05-24","seed_source_timestamp":0,"purchased_purges":0,"victory":false,"master_deck":["Defend_G+1","Defend_G","Defend_G","Defend_G","Defend_G","Strike_G","Strike_G","Strike_G","Strike_G","Strike_G","Survivor+1","Neutralize","Poisoned Stab","Underhanded Strike","Sucker Punch","Reflex","Burst","Skewer","Flying Knee","Backstab","Deadly Poison","Envenom","Outmaneuver","Infinite Blades","Escape Plan+1","Crippling Poison"],"max_hp_per_floor":[70,70,70,70,70,70,70,70,70,70,70,70,70,75,75,75,75,75,75,75,75,75,75],"relics":["Ring of the Snake","Matryoshka","Oddly Smooth Stone","War Paint","Paper Crane","Potion Belt","White Beast Statue","Red Mask","Toy Ornithopter"],"card_choices":[{"not_picked":["Sucker Punch","Acrobatics"],"picked":"Poisoned Stab","floor":1.0},{"not_picked":["Flying Knee","Sucker Punch"],"picked":"Underhanded Strike","floor":2.0},{"not_picked":["Quick Slash","Underhanded Strike"],"picked":"Sucker Punch","floor":4.0},{"not_picked":["Underhanded Strike","Poisoned Stab"],"picked":"Reflex","floor":5.0},{"not_picked":["Backflip","Prepared"],"picked":"Burst","floor":6.0},{"not_picked":["PiercingWail","Underhanded Strike"],"picked":"Skewer","floor":8.0},{"not_picked":["Slice","Deflect"],"picked":"Backstab","floor":12.0},{"not_picked":["Finisher","Outmaneuver"],"picked":"Deadly Poison","floor":13.0},{"not_picked":["Wraith Form v2","After Image"],"picked":"Envenom","floor":16.0},{"not_picked":["Dodge and Roll","Deadly Poison"],"picked":"Outmaneuver","floor":18.0},{"not_picked":["Predator","Quick Slash"],"picked":"Infinite Blades","floor":19.0},{"not_picked":["Poisoned Stab","Slice"],"picked":"Escape Plan+1","floor":20},{"not_picked":["Dodge and Roll","Underhanded Strike+1"],"picked":"Crippling Poison","floor":22}],"player_experience":62542,"potions_floor_usage":[20,22,22,22,23],"damage_taken":[{"damage":4.0,"enemies":"Cultist","floor":1.0,"turns":5.0},{"damage":0.0,"enemies":"Small Slimes","floor":2.0,"turns":4.0},{"damage":0.0,"enemies":"2 Louse","floor":4.0,"turns":4.0},{"damage":5.0,"enemies":"Gremlin Gang","floor":5.0,"turns":4.0},{"damage":17.0,"enemies":"Gremlin Nob","floor":6.0,"turns":5.0},{"damage":21.0,"enemies":"Exordium Thugs","floor":8.0,"turns":6.0},{"damage":16.0,"enemies":"3 Sentries","floor":12.0,"turns":8.0},{"damage":6.0,"enemies":"Blue Slaver","floor":13.0,"turns":2.0},{"damage":44.0,"enemies":"Slime Boss","floor":16.0,"turns":17.0},{"damage":23.0,"enemies":"Chosen","floor":18.0,"turns":6.0},{"damage":36.0,"enemies":"Masked Bandits","floor":19.0,"turns":10.0},{"damage":15,"enemies":"Spheric Guardian","floor":20,"turns":9},{"damage":1,"enemies":"Snake Plant","floor":22,"turns":5},{"damage":13,"enemies":"Centurion and Healer","floor":23,"turns":3}],"relics_obtained":[{"floor":6.0,"key":"Matryoshka"},{"floor":9.0,"key":"Oddly Smooth Stone"},{"floor":9.0,"key":"War Paint"},{"floor":12.0,"key":"Potion Belt"},{"floor":19.0,"key":"Red Mask"}],"event_choices":[{"event_name":"World of Goop","player_choice":"Gather Gold","floor":3.0,"damage_taken":0.0},{"event_name":"Big Fish","player_choice":"Donut","floor":14.0,"damage_taken":0.0},{"event_name":"Masked Bandits","player_choice":"Fought over 186 gold","floor":19.0,"damage_taken":0.0}],"boss_relics":[],"items_purged_floors":[],"potions_floor_spawned":[2,6,12,16,18,19,20,22],"seed_played":"7829023446537322000","killed_by":"Centurion and Healer","ascension_level":0,"potions_obtained":[{"floor":2.0,"key":"GhostInAJar"},{"floor":6.0,"key":"Ancient Potion"},{"floor":12.0,"key":"SpeedPotion"},{"floor":16.0,"key":"GamblersBrew"},{"floor":18.0,"key":"Weak Potion"},{"floor":19.0,"key":"GhostInAJar"},{"floor":20,"key":"SteroidPotion"},{"floor":22,"key":"Weak Potion"}],"is_trial":false}