{"gold_per_floor":[112,112,124,124,144,144,163,163,163,195,195,270,152,164,164,236,236,236],"floor_reached":18,"playtime":467,"items_purged":["Strike_B"],"score":345,"play_id":"e0cef1b8-eb3b-4d09-9e53-3edab6952f78","local_time":"20190310014851","is_ascension_mode":true,"campfire_choices":[{"data":"Dualcast","floor":6.0,"key":"SMITH"},{"data":"Zap","floor":8.0,"key":"SMITH"},{"data":"Capacitor","floor":11.0,"key":"SMITH"},{"floor":15,"key":"REST"}],"neow_cost":"NONE","seed_source_timestamp":49386187213123,"circlet_count":0,"master_deck":["AscendersBane","Defend_B","Defend_B","Defend_B","Zap+1","Dualcast+1","Purity","Ball Lightning","Ball Lightning","Capacitor+1","Self Repair","Glacier","Ball Lightning","Echo Form","Heatsinks+1","Hyperbeam+1","Ball Lightning+1"],"special_seed":0,"relics":["Cracked Core","Thread and Needle","Astrolabe"],"potions_floor_usage":[16],"damage_taken":[{"damage":2.0,"enemies":"Jaw Worm","floor":1.0,"turns":3.0},{"damage":9.0,"enemies":"2 Louse","floor":3.0,"turns":2.0},{"damage":0.0,"enemies":"Small Slimes","floor":5.0,"turns":2.0},{"damage":10.0,"enemies":"Gremlin Gang","floor":7.0,"turns":4.0},{"damage":30.0,"enemies":"Lagavulin","floor":10.0,"turns":6.0},{"damage":5,"enemies":"Large Slime","floor":14,"turns":6},{"damage":5,"enemies":"The Guardian","floor":16,"turns":12},{"damage":7,"enemies":"Shell Parasite","floor":18,"turns":2}],"seed_played":"-7809023395977945932","potions_obtained":[{"floor":3.0,"key":"GamblersBrew"},{"floor":16,"key":"SteroidPotion"}],"is_trial":false,"path_per_floor":["M","?","M","?","M","R","M","R","T","E","R","?","$","M","R","B",null,"M"],"character_chosen":"DEFECT","items_purchased":["Glacier"],"campfire_rested":1,"item_purchase_floors":[13],"current_hp_per_floor":[62,67,58,51,51,51,41,41,41,18,18,7,7,2,24,26,64,57],"gold":236,"neow_bonus":"RANDOM_COLORLESS","is_prod":false,"is_daily":false,"chose_seed":false,"campfire_upgraded":3,"win_rate":0,"timestamp":1552153731,"path_taken":["M","?","M","?","M","R","M","R","T","E","R","?","$","M","R","BOSS","M"],"build_version":"2019-01-23","purchased_purges":1,"victory":false,"max_hp_per_floor":[71,76,76,76,76,76,76,76,76,76,76,76,76,76,76,76,76,76],"card_choices":[{"not_picked":["Reprogram","FTL"],"picked":"Ball Lightning","floor":1.0},{"not_picked":["Stack","Hello World"],"picked":"Ball Lightning","floor":3.0},{"not_picked":["Tempest","Chill"],"picked":"Capacitor","floor":5.0},{"not_picked":["Stack","Cold Snap"],"picked":"Self Repair","floor":7.0},{"not_picked":["Steam","Sunder","Stack"],"picked":"SKIP","floor":10.0},{"not_picked":["Conserve Battery","Go for the Eyes"],"picked":"Ball Lightning","floor":14},{"not_picked":["Meteor Strike","Hyperbeam"],"picked":"Echo Form","floor":16}],"player_experience":3453954,"relics_obtained":[{"floor":10.0,"key":"Thread and Needle"}],"event_choices":[{"damage_healed":0.0,"max_hp_gain":5.0,"max_hp_loss":0.0,"gold_gain":0.0,"event_name":"Big Fish","player_choice":"Donut","floor":2.0,"gold_loss":0.0,"damage_taken":0.0},{"cards_removed":["Strike_B"],"damage_healed":0.0,"max_hp_gain":0.0,"max_hp_loss":0.0,"gold_gain":0.0,"event_name":"Golden Wing","player_choice":"Card Removal","floor":4.0,"gold_loss":0.0,"damage_taken":7.0},{"damage_healed":0.0,"max_hp_gain":0.0,"max_hp_loss":0.0,"gold_gain":75.0,"event_name":"World of Goop","player_choice":"Gather Gold","floor":12.0,"gold_loss":0.0,"damage_taken":11.0}],"is_beta":false,"boss_relics":[{"not_picked":["Eternal Feather","Orrery"],"picked":"Astrolabe"}],"items_purged_floors":[13],"is_endless":false,"potions_floor_spawned":[3,16],"killed_by":"Shell Parasite","ascension_level":20}