{"gold_per_floor":[117,292,292,302,15,15,25,359,359,376,403,403,91,106,106,210,210,221,238,248,6,36,36,1,21,21,39,39,0,0,99,99,203,203,220,220,220,220,237,237,253,272,272,494,512,532,532,532,532,532],"floor_reached":51,"playtime":3641,"items_purged":["Doubt","Strike_B","Strike_B"],"score":682,"play_id":"6ffb17b0-b926-4cc0-b616-64423f2853f9","local_time":"20190613232509","is_ascension_mode":false,"campfire_choices":[{"data":"Dualcast","floor":6.0,"key":"SMITH"},{"data":"Consume","floor":12.0,"key":"SMITH"},{"data":"Apotheosis","floor":15.0,"key":"SMITH"},{"data":"Heatsinks","floor":23,"key":"SMITH"},{"data":"Capacitor","floor":30,"key":"SMITH"},{"data":"Capacitor","floor":32,"key":"SMITH"},{"floor":40,"key":"RECALL"},{"data":"Capacitor","floor":47,"key":"SMITH"}],"neow_cost":"NONE","seed_source_timestamp":39581559502908,"circlet_count":0,"master_deck":["Defend_B+1","Defend_B+1","Defend_B+1","Zap+1","Dualcast+1","White Noise+1","Fission+1","Conserve Battery+1","Skim+1","Capacitor+1","Coolheaded+1","Consume+1","Hologram+1","Heatsinks+1","Electrodynamics+1","Apotheosis+1","Double Energy+1","Creative AI+1","Capacitor+1","Skim+1","Purity+1","Recycle+1","White Noise+1","Defragment+1","Aggregate+1","Glacier+1","Double Energy+1","Creative AI+1","Capacitor+1","Capacitor+1"],"special_seed":0,"relics":["Cracked Core","Old Coin","StoneCalendar","Unceasing Top","White Beast Statue","Red Mask","Pear","Coffee Dripper","Mark of the Bloom","Gremlin Horn"],"potions_floor_usage":[18,20,20,27,50,50,50],"damage_taken":[{"damage":1.0,"enemies":"Small Slimes","floor":1.0,"turns":4.0},{"damage":6.0,"enemies":"Jaw Worm","floor":4.0,"turns":5.0},{"damage":0.0,"enemies":"Cultist","floor":7.0,"turns":5.0},{"damage":1.0,"enemies":"Lagavulin","floor":8.0,"turns":8.0},{"damage":11.0,"enemies":"Lots of Slimes","floor":10.0,"turns":6.0},{"damage":10.0,"enemies":"3 Sentries","floor":11.0,"turns":7.0},{"damage":7.0,"enemies":"Exordium Thugs","floor":14.0,"turns":3.0},{"damage":8.0,"enemies":"The Guardian","floor":16.0,"turns":8.0},{"damage":2,"enemies":"Chosen","floor":18,"turns":6},{"damage":6,"enemies":"Shell Parasite","floor":19,"turns":4},{"damage":0,"enemies":"Centurion and Healer","floor":20,"turns":3},{"damage":7,"enemies":"Masked Bandits","floor":22,"turns":3},{"damage":10,"enemies":"Shelled Parasite and Fungi","floor":25,"turns":7},{"damage":11,"enemies":"Sentry and Sphere","floor":27,"turns":6},{"damage":22,"enemies":"Collector","floor":33,"turns":7},{"damage":0,"enemies":"3 Shapes","floor":35,"turns":4},{"damage":0,"enemies":"Orb Walker","floor":39,"turns":1},{"damage":0,"enemies":"Writhing Mass","floor":41,"turns":4},{"damage":0,"enemies":"3 Darklings","floor":42,"turns":2},{"damage":0,"enemies":"Transient","floor":45,"turns":5},{"damage":0,"enemies":"Writhing Mass","floor":46,"turns":2},{"damage":28,"enemies":"Time Eater","floor":50,"turns":9}],"seed_played":"-8136487802913976347","potions_obtained":[{"floor":1.0,"key":"FearPotion"},{"floor":4.0,"key":"Ancient Potion"},{"floor":16.0,"key":"Strength Potion"},{"floor":18,"key":"Energy Potion"},{"floor":19,"key":"Energy Potion"},{"floor":20,"key":"Block Potion"},{"floor":22,"key":"FearPotion"},{"floor":25,"key":"FearPotion"},{"floor":27,"key":"FocusPotion"},{"floor":33,"key":"Explosive Potion"},{"floor":35,"key":"Block Potion"},{"floor":41,"key":"SpeedPotion"}],"is_trial":false,"path_per_floor":["M","?","?","M","$","R","M","E","T","M","E","R","$","M","R","B",null,"M","M","M","$","?","R","$","M","T","M","?","$","R","?","R","B",null,"M","?","?","?","M","R","M","M","T","?","M","M","R","?","R","B",null],"character_chosen":"DEFECT","items_purchased":["Skim","Capacitor","Coolheaded","Cold Snap","Apotheosis","Double Energy","Skim","Purity","Recycle","Double Energy"],"campfire_rested":0,"item_purchase_floors":[5,5,5,5,13,13,21,21,24,29],"current_hp_per_floor":[74,74,74,68,68,68,68,67,67,56,46,46,46,39,39,31,75,73,67,67,67,60,60,60,50,60,49,49,49,49,49,49,27,85,85,85,81,81,81,81,81,81,81,81,81,81,81,81,81,53],"gold":532,"neow_bonus":"REMOVE_CARD","is_prod":false,"is_daily":false,"chose_seed":false,"campfire_upgraded":7,"win_rate":0,"timestamp":1560439509,"path_taken":["M","?","?","M","$","R","M","E","T","?","E","R","$","M","R","BOSS","M","M","M","?","?","R","?","?","T","M","?","$","R","?","R","BOSS","M","?","?","?","M","R","M","M","T","?","M","M","R","?","R","BOSS"],"build_version":"2019-01-23","purchased_purges":3,"victory":true,"max_hp_per_floor":[75,75,75,75,75,75,75,75,75,75,75,75,75,75,75,75,75,75,75,75,75,75,75,75,75,85,85,85,85,85,85,85,85,85,85,85,81,81,81,81,81,81,81,81,81,81,81,81,81,81],"card_choices":[{"not_picked":["Melter","Streamline"],"picked":"White Noise","floor":1.0},{"not_picked":["Steam","Turbo","Barrage"],"picked":"SKIP","floor":4.0},{"not_picked":["Storm","Gash"],"picked":"Consume","floor":7.0},{"not_picked":["Doom and Gloom","Beam Cell"],"picked":"Hologram","floor":8.0},{"not_picked":["Doom and Gloom","Blizzard"],"picked":"Heatsinks","floor":10.0},{"not_picked":["Barrage","Blizzard"],"picked":"Electrodynamics","floor":11.0},{"not_picked":["FTL","Rebound","Streamline"],"picked":"SKIP","floor":14.0},{"not_picked":["Thunder Strike","Multi-Cast"],"picked":"Creative AI","floor":16.0},{"not_picked":["Hologram","Ball Lightning","Streamline"],"picked":"SKIP","floor":18},{"not_picked":["Stack","Compile Driver+1","Doom and Gloom"],"picked":"SKIP","floor":19},{"not_picked":["Steam","Hello World+1"],"picked":"Capacitor","floor":20},{"not_picked":["Redo","Gash+1"],"picked":"White Noise+1","floor":25},{"not_picked":["Redo","Beam Cell"],"picked":"Defragment+1","floor":27},{"not_picked":["Rainbow","Thunder Strike"],"picked":"Creative AI","floor":33},{"not_picked":["Hologram+1","Doom and Gloom"],"picked":"Capacitor","floor":35},{"not_picked":["Darkness+1","Rebound+1","Beam Cell"],"picked":"SKIP","floor":39},{"not_picked":["Leap","Sweeping Beam"],"picked":"Capacitor","floor":41},{"not_picked":["Meteor Strike","Rip and Tear+1","Leap"],"picked":"SKIP","floor":42},{"not_picked":["Steam Power+1","Sweeping Beam","Aggregate+1"],"picked":"SKIP","floor":45},{"not_picked":["Beam Cell","Stack","Double Energy"],"picked":"SKIP","floor":46}],"player_experience":5168637,"relics_obtained":[{"floor":8.0,"key":"Old Coin"},{"floor":9.0,"key":"StoneCalendar"},{"floor":11.0,"key":"Unceasing Top"},{"floor":22,"key":"Red Mask"},{"floor":26,"key":"Pear"},{"floor":43,"key":"Gremlin Horn"}],"event_choices":[{"damage_healed":0.0,"max_hp_gain":0.0,"max_hp_loss":0.0,"gold_gain":175.0,"event_name":"Liars Game","player_choice":"AGREE","floor":2.0,"gold_loss":0.0,"damage_taken":0.0,"cards_obtained":["Doubt"]},{"damage_healed":0.0,"max_hp_gain":0.0,"max_hp_loss":0.0,"gold_gain":0.0,"event_name":"Match and Keep!","player_choice":"2 cards matched","floor":3.0,"gold_loss":0.0,"damage_taken":0.0,"cards_obtained":["Fission","Conserve Battery"]},{"damage_healed":0,"gold_gain":0,"player_choice":"Fought Bandits","damage_taken":0,"max_hp_gain":0,"max_hp_loss":0,"event_name":"Masked Bandits","floor":22,"gold_loss":0},{"damage_healed":0,"gold_gain":0,"cards_transformed":["Strike_B","Defend_B"],"player_choice":"Became Test Subject","damage_taken":0,"max_hp_gain":0,"max_hp_loss":0,"event_name":"Drug Dealer","floor":28,"gold_loss":0,"cards_obtained":["Aggregate","Glacier"]},{"damage_healed":0,"gold_gain":99,"player_choice":"Stole From Cult","damage_taken":0,"max_hp_gain":0,"max_hp_loss":0,"event_name":"Nest","floor":31,"gold_loss":0},{"cards_removed":["Cold Snap"],"damage_healed":0,"gold_gain":0,"player_choice":"Removed Attack","damage_taken":0,"max_hp_gain":0,"max_hp_loss":0,"event_name":"Falling","floor":36,"gold_loss":0},{"damage_healed":0,"gold_gain":0,"player_choice":"Max HP","damage_taken":0,"max_hp_gain":0,"max_hp_loss":4,"event_name":"Winding Halls","floor":37,"gold_loss":0},{"damage_healed":0,"gold_gain":0,"player_choice":"Upgrade","damage_taken":0,"relics_obtained":["Mark of the Bloom"],"max_hp_gain":0,"max_hp_loss":0,"event_name":"MindBloom","floor":38,"gold_loss":0,"cards_upgraded":["Defend_B","Defend_B","Defend_B","Zap","White Noise","Fission","Conserve Battery","Skim","Coolheaded","Hologram","Electrodynamics","Double Energy","Creative AI","Skim","Purity","Recycle","Aggregate","Glacier","Double Energy","Creative AI","Capacitor"]},{"damage_healed":0,"gold_gain":222,"player_choice":"Wore Mask","damage_taken":0,"max_hp_gain":0,"max_hp_loss":0,"event_name":"Tomb of Lord Red Mask","floor":44,"gold_loss":0},{"damage_healed":0,"gold_gain":0,"player_choice":"Ignored","damage_taken":0,"max_hp_gain":0,"max_hp_loss":0,"event_name":"Upgrade Shrine","floor":48,"gold_loss":0}],"is_beta":false,"boss_relics":[{"not_picked":["Tiny House","Black Star"],"picked":"White Beast Statue"},{"not_picked":["Snecko Eye","Calling Bell"],"picked":"Coffee Dripper"}],"items_purged_floors":[5,13,21],"is_endless":false,"potions_floor_spawned":[1,4,16,18,19,20,22,25,27,33,35,39,41,42,45,46],"ascension_level":0}