{"path_per_floor":["M","?","?","?","?","R","E","$","T","$","M","M","T","M","R","B",null,"M","?","$","M","M","R","M","E","T","$","R","M","?","M","R"],"character_chosen":"DEFECT","items_purchased":["Bird Faced Urn","Loop","Hello World","FTL","Storm"],"gold_per_floor":[109,284,359,359,359,359,390,103,103,32,55,70,124,148,148,269,269,287,287,64,77,97,97,111,155,155,78,78,93,93,111,111,111],"floor_reached":33,"campfire_rested":3,"playtime":1325,"item_purchase_floors":[],"current_hp_per_floor":[72,72,61,61,61,61,29,29,29,29,31,24,24,19,39,30,69,69,69,69,69,62,62,56,18,18,18,38,32,55,27,47,0],"items_purged":["Strike_B"],"gold":111,"score":265,"play_id":"db280fb3-fb4b-413d-bd49-9b6bc960859e","local_time":"20180527184330","is_prod":false,"is_daily":false,"chose_seed":false,"is_ascension_mode":false,"campfire_upgraded":2,"win_rate":0,"timestamp":1527439410,"campfire_choices":[{"data":"Zap","floor":6.0,"key":"SMITH"},{"floor":15.0,"key":"REST"},{"data":"Loop","floor":23.0,"key":"SMITH"},{"floor":28.0,"key":"REST"},{"floor":32,"key":"REST"}],"path_taken":["M","?","?","?","?","R","E","?","T","$","M","M","?","M","R","BOSS","M","?","$","M","M","R","M","E","T","$","R","M","?","?","R","BOSS"],"build_version":"2018-05-25","seed_source_timestamp":0,"purchased_purges":1,"victory":false,"master_deck":["Strike_B","Strike_B+1","Strike_B+1","Defend_B","Defend_B","Defend_B","Defend_B","Zap+1","Dualcast","Coolheaded","Consume","Loop+1","FTL","Tempest","Buffer","Turbo","Writhe","Hello World","FTL","Storm","Redo"],"max_hp_per_floor":[75,75,75,69,69,69,69,69,69,69,69,69,69,69,69,69,69,69,69,69,69,69,69,69,69,69,69,69,69,69,69,69,69],"relics":["Cracked Core","Golden Idol","Whetstone","Bird Faced Urn","Mercury Hourglass","DataDisk","Lizard Tail","Mummified Hand","Potion Belt","Dodecahedron"],"card_choices":[{"not_picked":["Steam","Beam Cell"],"picked":"Coolheaded","floor":1.0},{"not_picked":["Streamline","Heatsinks"],"picked":"Consume","floor":7.0},{"not_picked":["Go for the Eyes","Ball Lightning"],"picked":"FTL","floor":11.0},{"not_picked":["Redo","Ball Lightning"],"picked":"Tempest","floor":12.0},{"not_picked":["Sweeping Beam","Reinforced Body","Stack"],"picked":"SKIP","floor":14.0},{"not_picked":["Seek","Rainbow"],"picked":"Buffer","floor":16.0},{"not_picked":["Beam Cell","Rebound"],"picked":"Turbo","floor":18.0},{"not_picked":["Go for the Eyes","Darkness","Chill"],"picked":"SKIP","floor":21.0},{"not_picked":["Chill","Reprogram","Coolheaded"],"picked":"SKIP","floor":22.0},{"not_picked":["Chaos","Compile Driver","Doom and Gloom"],"picked":"SKIP","floor":24.0},{"not_picked":["Ball Lightning","Barrage","BootSequence"],"picked":"SKIP","floor":25.0},{"not_picked":["Recycle","Go for the Eyes"],"picked":"Redo","floor":29.0},{"not_picked":["Rebound","Hyperbeam","Rip and Tear"],"picked":"SKIP","floor":31}],"player_experience":77709,"potions_floor_usage":[],"damage_taken":[{"damage":3.0,"enemies":"2 Louse","floor":1.0,"turns":2.0},{"damage":32.0,"enemies":"Gremlin Nob","floor":7.0,"turns":4.0},{"damage":0.0,"enemies":"Small Slimes","floor":11.0,"turns":2.0},{"damage":9.0,"enemies":"Jaw Worm","floor":12.0,"turns":3.0},{"damage":5.0,"enemies":"Gremlin Gang","floor":14.0,"turns":3.0},{"damage":11.0,"enemies":"Slime Boss","floor":16.0,"turns":7.0},{"damage":0.0,"enemies":"Spheric Guardian","floor":18.0,"turns":3.0},{"damage":0.0,"enemies":"Chosen","floor":21.0,"turns":4.0},{"damage":7.0,"enemies":"Snecko","floor":22.0,"turns":4.0},{"damage":12.0,"enemies":"3 Cultists","floor":24.0,"turns":4.0},{"damage":46.0,"enemies":"Book of Stabbing","floor":25.0,"turns":5.0},{"damage":21.0,"enemies":"Centurion and Healer","floor":29.0,"turns":3.0},{"damage":32,"enemies":"Snake Plant","floor":31,"turns":3},{"damage":103,"enemies":"Collector","floor":33,"turns":9}],"relics_obtained":[{"floor":7.0,"key":"Whetstone"},{"floor":9.0,"key":"Mercury Hourglass"},{"floor":13.0,"key":"DataDisk"},{"floor":25.0,"key":"Potion Belt"},{"floor":26.0,"key":"Dodecahedron"}],"event_choices":[{"event_name":"Liars Game","player_choice":"agreed","floor":2.0,"damage_taken":0.0},{"event_name":"World of Goop","player_choice":"Gather Gold","floor":3.0,"damage_taken":0.0},{"event_name":"Golden Idol","player_choice":"Lose Max HP","floor":4.0,"damage_taken":0.0},{"event_name":"Living Wall","player_choice":"Forget","floor":5.0,"damage_taken":0.0},{"event_name":"The Mausoleum","player_choice":"Yes","floor":19.0,"damage_taken":0.0},{"event_name":"The Library","player_choice":"Heal","floor":30,"damage_taken":0}],"boss_relics":[],"items_purged_floors":[],"potions_floor_spawned":[11,14,16,24,29,31],"seed_played":"-4389417763138099852","killed_by":"Collector","ascension_level":0,"potions_obtained":[{"floor":11.0,"key":"PowerPotion"},{"floor":14.0,"key":"FocusPotion"},{"floor":16.0,"key":"Swift Potion"},{"floor":24.0,"key":"Regen Potion"},{"floor":29.0,"key":"Strength Potion"},{"floor":31,"key":"Swift Potion"}],"is_trial":false}