{"gold_per_floor":[117,131,131,141,157,186,71,71,98,98],"floor_reached":10,"playtime":325,"items_purged":["Strike_G"],"score":136,"play_id":"9f8791fb-5e64-490b-8441-0b0d6a8ba920","local_time":"20181120190915","is_ascension_mode":true,"campfire_choices":[{"data":"Glass Knife","floor":8,"key":"SMITH"}],"neow_cost":"TEN_PERCENT_HP_LOSS","seed_source_timestamp":1303214240200,"circlet_count":0,"master_deck":["AscendersBane","Defend_G","Defend_G","Defend_G","Defend_G","Defend_G","Strike_G","Strike_G","Strike_G","Strike_G","Survivor","Neutralize+1","Backflip","Dash","Glass Knife+1","Tactician"],"special_seed":0,"relics":["Ring of the Snake","Tough Bandages","Centennial Puzzle","Happy Flower"],"potions_floor_usage":[6,10],"damage_taken":[{"damage":0,"enemies":"Small Slimes","floor":1,"turns":4},{"damage":0,"enemies":"Cultist","floor":2,"turns":5},{"damage":1,"enemies":"2 Louse","floor":4,"turns":3},{"damage":18,"enemies":"Exordium Wildlife","floor":5,"turns":9},{"damage":38,"enemies":"Gremlin Nob","floor":6,"turns":5},{"damage":0,"enemies":"3 Sentries","floor":10,"turns":2}],"seed_played":"4343215782717459178","potions_obtained":[{"floor":1,"key":"PowerPotion"},{"floor":4,"key":"Dexterity Potion"}],"is_trial":false,"path_per_floor":["M","M","?","M","M","E","$","R","T","E"],"character_chosen":"THE_SILENT","items_purchased":["Tactician"],"campfire_rested":0,"item_purchase_floors":[7],"current_hp_per_floor":[59,59,59,58,40,2,2,2,2,2],"gold":98,"neow_bonus":"ONE_RARE_RELIC","is_prod":false,"is_daily":false,"chose_seed":false,"campfire_upgraded":1,"win_rate":0,"timestamp":1542712155,"path_taken":["M","M","?","M","M","E","$","R","T","E"],"build_version":"2018-11-15","purchased_purges":1,"victory":false,"max_hp_per_floor":[60,60,60,60,60,60,60,60,60,60],"card_choices":[{"not_picked":["Expertise","Cloak And Dagger","Outmaneuver"],"picked":"SKIP","floor":1},{"not_picked":["Deflect","Dagger Spray"],"picked":"Backflip","floor":2},{"not_picked":["Skewer","Backstab","Setup"],"picked":"SKIP","floor":4},{"not_picked":["Endless Agony","Heel Hook"],"picked":"Dash","floor":5},{"not_picked":["All Out Attack","Bullet Time"],"picked":"Glass Knife","floor":6}],"player_experience":1118972,"relics_obtained":[{"floor":6,"key":"Centennial Puzzle"},{"floor":9,"key":"Happy Flower"}],"event_choices":[{"damage_healed":0,"gold_gain":0,"player_choice":"Upgraded","damage_taken":0,"max_hp_gain":0,"max_hp_loss":0,"event_name":"Upgrade Shrine","floor":3,"gold_loss":0,"cards_upgraded":["Neutralize"]}],"is_beta":true,"boss_relics":[],"items_purged_floors":[7],"is_endless":false,"potions_floor_spawned":[1,4],"killed_by":"3 Sentries","ascension_level":20}