{"gold_per_floor":[113,131,131,57,57,86,104,132,132,132,57,82,98,111,111,212,212,229,229,246,246,246],"floor_reached":22,"playtime":555,"items_purged":["Strike_B"],"score":486,"play_id":"7f565e05-b070-4a7d-bff2-f1394568f40a","local_time":"20181026135423","is_ascension_mode":true,"campfire_choices":[{"data":"Beam Cell","floor":10,"key":"SMITH"},{"data":"Zap","floor":15,"key":"SMITH"}],"neow_cost":"NONE","seed_source_timestamp":80993637059865,"circlet_count":0,"master_deck":["Strike_B+1","Strike_B+1","Defend_B","Defend_B","Defend_B","Defend_B","Zap+1","Dualcast","AscendersBane","Beam Cell+1","Barrage","Seek","Ball Lightning","Coolheaded","Go for the Eyes","Hologram","Streamline","Capacitor","Reboot"],"relics":["Cracked Core","NeowsBlessing","Vajra","Blue Candle","Whetstone","Art of War","Pocketwatch","Runic Dome"],"potions_floor_usage":[8,22,22],"damage_taken":[{"damage":0,"enemies":"Cultist","floor":1,"turns":1},{"damage":0,"enemies":"Small Slimes","floor":2,"turns":1},{"damage":0,"enemies":"Gremlin Nob","floor":6,"turns":1},{"damage":2,"enemies":"Jaw Worm","floor":7,"turns":3},{"damage":22,"enemies":"3 Sentries","floor":8,"turns":5},{"damage":0,"enemies":"Gremlin Nob","floor":12,"turns":2},{"damage":9,"enemies":"3 Louse","floor":13,"turns":2},{"damage":12,"enemies":"Exordium Wildlife","floor":14,"turns":3},{"damage":0,"enemies":"Slime Boss","floor":16,"turns":5},{"damage":3,"enemies":"Chosen","floor":18,"turns":3},{"damage":7,"enemies":"3 Byrds","floor":20,"turns":4},{"damage":14,"enemies":"Colosseum Slavers","floor":22,"turns":2},{"damage":31,"enemies":"Colosseum Nobs","floor":22,"turns":3}],"seed_played":"5524925329609449567","potions_obtained":[{"floor":1,"key":"Regen Potion"},{"floor":8,"key":"SneckoOil"},{"floor":12,"key":"Block Potion"},{"floor":16,"key":"PowerPotion"}],"is_trial":false,"path_per_floor":["M","M","?","$","?","E","M","E","T","R","$","E","M","M","R","B",null,"M","?","M","?"],"character_chosen":"DEFECT","items_purchased":["Seek"],"campfire_rested":0,"item_purchase_floors":[4],"current_hp_per_floor":[68,68,65,65,65,65,63,53,53,53,53,53,44,32,32,32,64,61,61,54,40,0],"gold":246,"neow_bonus":"THREE_ENEMY_KILL","is_prod":false,"is_daily":false,"chose_seed":false,"campfire_upgraded":2,"win_rate":0,"timestamp":1540533263,"path_taken":["M","?","?","$","?","E","M","E","T","R","?","E","M","?","R","BOSS","M","?","?","?","?"],"build_version":"2018-10-25","purchased_purges":1,"victory":false,"max_hp_per_floor":[75,75,75,75,75,75,75,75,75,75,75,75,75,75,75,75,75,75,75,75,80,80],"card_choices":[{"not_picked":["Rip and Tear","Rebound"],"picked":"Beam Cell","floor":1},{"not_picked":["Leap","Reprogram"],"picked":"Barrage","floor":2},{"not_picked":["Stack","Meteor Strike"],"picked":"Coolheaded","floor":6},{"not_picked":["Beam Cell","Streamline"],"picked":"Go for the Eyes","floor":7},{"not_picked":["Blizzard","Conserve Battery"],"picked":"Hologram","floor":8},{"not_picked":["Rebound","Redo"],"picked":"Streamline","floor":12},{"not_picked":["Cold Snap","Chill"],"picked":"Capacitor","floor":13},{"not_picked":["Barrage","Redo","Go for the Eyes"],"picked":"SKIP","floor":14},{"not_picked":["Thunder Strike","Fission"],"picked":"Reboot","floor":16},{"not_picked":["Streamline","Storm","Melter"],"picked":"SKIP","floor":18},{"not_picked":["Loop","Ball Lightning","Rebound"],"picked":"SKIP","floor":20}],"player_experience":398956,"relics_obtained":[{"floor":6,"key":"Blue Candle"},{"floor":8,"key":"Whetstone"},{"floor":9,"key":"Art of War"},{"floor":12,"key":"Pocketwatch"}],"event_choices":[{"damage_healed":0,"gold_gain":0,"player_choice":"Success","damage_taken":3,"relics_obtained":["Vajra"],"max_hp_gain":0,"max_hp_loss":0,"event_name":"Scrap Ooze","floor":3,"gold_loss":0},{"damage_healed":0,"gold_gain":0,"cards_transformed":["Strike_B"],"player_choice":"Change","damage_taken":0,"max_hp_gain":0,"max_hp_loss":0,"event_name":"Living Wall","floor":5,"gold_loss":0,"cards_obtained":["Ball Lightning"]},{"damage_healed":0,"gold_gain":0,"player_choice":"Ignored","damage_taken":0,"max_hp_gain":0,"max_hp_loss":0,"event_name":"Vampires","floor":19,"gold_loss":0},{"damage_healed":0,"gold_gain":0,"player_choice":"Shed Blood","damage_taken":19,"max_hp_gain":5,"max_hp_loss":0,"event_name":"Forgotten Altar","floor":21,"gold_loss":0},{"damage_healed":0,"gold_gain":0,"player_choice":"Fight","damage_taken":0,"max_hp_gain":0,"max_hp_loss":0,"event_name":"Colosseum","floor":22,"gold_loss":0},{"damage_healed":0,"gold_gain":0,"player_choice":"Fought Nobs","damage_taken":0,"max_hp_gain":0,"max_hp_loss":0,"event_name":"Colosseum","floor":22,"gold_loss":0}],"is_beta":false,"boss_relics":[{"not_picked":["Ectoplasm","Calling Bell"],"picked":"Runic Dome"}],"items_purged_floors":[11],"is_endless":false,"potions_floor_spawned":[1,8,12,16,22],"killed_by":"Colosseum Nobs","ascension_level":12}