{"path_per_floor":["M","?","?","?","M","R","M","R","T","$","M","M","M","M","R"],"character_chosen":"THE_SILENT","items_purchased":[],"gold_per_floor":[109,109,109,109,133,133,147,147,147,72,90,113,136,152,152,152],"floor_reached":16,"campfire_rested":0,"playtime":463,"item_purchase_floors":[],"current_hp_per_floor":[57,57,64,46,46,46,46,46,46,46,46,46,29,19,19,0],"items_purged":["Strike_G"],"gold":152,"score":160,"play_id":"8f575dae-1e3e-4550-b635-8333341eae59","local_time":"20180615171910","is_prod":false,"is_daily":false,"chose_seed":false,"is_ascension_mode":true,"campfire_upgraded":3,"win_rate":0,"timestamp":1529054350,"campfire_choices":[{"data":"Neutralize","floor":6,"key":"SMITH"},{"data":"Sucker Punch","floor":8,"key":"SMITH"},{"data":"Noxious Fumes","floor":15,"key":"SMITH"}],"path_taken":["M","?","?","?","M","R","M","R","T","?","M","M","M","?","R","BOSS"],"build_version":"2018-06-14v2","seed_source_timestamp":28372270231941,"purchased_purges":1,"victory":false,"master_deck":["Defend_G","Defend_G","Defend_G","Defend_G","Defend_G","Strike_G","Strike_G","Strike_G","Survivor","Neutralize+1","AscendersBane","Dagger Throw","Deflect","Sucker Punch+1","Noxious Fumes+1","Well Laid Plans","Escape Plan","Slice"],"max_hp_per_floor":[66,66,73,73,73,73,73,73,73,73,73,73,73,73,73,73],"relics":["Ring of the Snake","Strawberry","Golden Idol","Sundial"],"card_choices":[{"not_picked":["Sucker Punch","Underhanded Strike"],"picked":"Dagger Throw","floor":1},{"not_picked":["Heel Hook","Riddle With Holes","Expertise"],"picked":"SKIP","floor":5},{"not_picked":["Blade Dance","Crippling Poison"],"picked":"Sucker Punch","floor":7},{"not_picked":["Bane","Endless Agony"],"picked":"Noxious Fumes","floor":11},{"not_picked":["Sucker Punch","Noxious Fumes"],"picked":"Well Laid Plans","floor":12},{"not_picked":["Quick Slash","Storm of Steel"],"picked":"Escape Plan","floor":13},{"not_picked":["Backstab","Dagger Spray"],"picked":"Slice","floor":14}],"player_experience":612942,"potions_floor_usage":[14,16,16],"damage_taken":[{"damage":2,"enemies":"Small Slimes","floor":1,"turns":4},{"damage":0,"enemies":"Jaw Worm","floor":5,"turns":3},{"damage":0,"enemies":"2 Louse","floor":7,"turns":2},{"damage":0,"enemies":"2 Fungi Beasts","floor":11,"turns":5},{"damage":0,"enemies":"Red Slaver","floor":12,"turns":5},{"damage":17,"enemies":"Large Slime","floor":13,"turns":8},{"damage":10,"enemies":"Gremlin Gang","floor":14,"turns":4},{"damage":22,"enemies":"Hexaghost","floor":16,"turns":11}],"relics_obtained":[{"floor":9,"key":"Sundial"}],"event_choices":[{"event_name":"Living Wall","player_choice":"Change","floor":2,"damage_taken":0},{"event_name":"Accursed Blacksmith","player_choice":"Rummage","floor":3,"damage_taken":0},{"event_name":"Golden Idol","player_choice":"Take Damage","floor":4,"damage_taken":0}],"boss_relics":[],"items_purged_floors":[10],"is_endless":false,"potions_floor_spawned":[11,12,14],"seed_played":"-7699586784361723946","killed_by":"Hexaghost","ascension_level":14,"potions_obtained":[{"floor":11,"key":"Explosive Potion"},{"floor":12,"key":"SkillPotion"},{"floor":14,"key":"Explosive Potion"}],"is_trial":false}