{"gold_per_floor":[112,124,143,155,155,155,171,171,223,223,223,223,246,18,18,144,144,160,184,99,122,221,221,17,17,17,17,33,58,58,78,78,199,199,219,219,232,245,245,245,288,288,288,288,288,288,91,105,105,105],"floor_reached":51,"playtime":1355,"items_purged":["Strike_G","Strike_G","Defend_G"],"score":667,"play_id":"e3031216-8f90-4ff2-82e5-a7072c5a0964","local_time":"20181031183449","is_ascension_mode":false,"campfire_choices":[{"data":"Neutralize","floor":6,"key":"SMITH"},{"data":"Catalyst","floor":8,"key":"SMITH"},{"data":"Deadly Poison","floor":10,"key":"SMITH"},{"data":"Adrenaline","floor":15,"key":"SMITH"},{"data":"Accuracy","floor":23,"key":"SMITH"},{"data":"Cloak And Dagger","floor":27,"key":"SMITH"},{"data":"Defend_G","floor":30,"key":"SMITH"},{"data":"Blade Dance","floor":32,"key":"SMITH"},{"data":"Infinite Blades","floor":40,"key":"SMITH"},{"data":"Infinite Blades","floor":44,"key":"SMITH"},{"data":"Backflip","floor":46,"key":"SMITH"},{"floor":49,"key":"REST"}],"neow_cost":"NONE","seed_source_timestamp":31292539958193,"circlet_count":0,"master_deck":["Defend_G+1","Defend_G","Defend_G","Strike_G","Strike_G","Survivor+1","Neutralize+1","Catalyst+1","All Out Attack+1","Predator","Adrenaline+1","Infinite Blades+1","Accuracy+1","Infinite Blades+1","Cloak And Dagger+1","Deflect+1","Blade Dance+1","Corpse Explosion","Backflip+1","Infinite Blades"],"relics":["Ring of the Snake","Snake Skull","Kunai","Anchor","Golden Idol","Sozu","Strawberry","Centennial Puzzle","Cursed Key","Meat on the Bone"],"potions_floor_usage":[21,48,50],"damage_taken":[{"damage":0,"enemies":"2 Louse","floor":1,"turns":3},{"damage":0,"enemies":"Small Slimes","floor":2,"turns":4},{"damage":4,"enemies":"Cultist","floor":3,"turns":5},{"damage":2,"enemies":"Large Slime","floor":4,"turns":7},{"damage":3,"enemies":"Looter","floor":7,"turns":3},{"damage":0,"enemies":"Blue Slaver","floor":13,"turns":2},{"damage":19,"enemies":"Slime Boss","floor":16,"turns":12},{"damage":0,"enemies":"3 Byrds","floor":18,"turns":4},{"damage":0,"enemies":"Shell Parasite","floor":19,"turns":3},{"damage":0,"enemies":"Cultist and Chosen","floor":21,"turns":4},{"damage":4,"enemies":"Centurion and Healer","floor":28,"turns":5},{"damage":4,"enemies":"Shelled Parasite and Fungi","floor":29,"turns":3},{"damage":1,"enemies":"Sentry and Sphere","floor":31,"turns":4},{"damage":15,"enemies":"Automaton","floor":33,"turns":9},{"damage":0,"enemies":"3 Darklings","floor":35,"turns":2},{"damage":5,"enemies":"3 Shapes","floor":37,"turns":2},{"damage":1,"enemies":"Maw","floor":38,"turns":7},{"damage":3,"enemies":"Nemesis","floor":41,"turns":5},{"damage":20,"enemies":"Writhing Mass","floor":48,"turns":7},{"damage":54,"enemies":"Time Eater","floor":50,"turns":12}],"seed_played":"-753359367770330631","potions_obtained":[{"floor":1,"key":"Explosive Potion"},{"floor":7,"key":"FearPotion"},{"floor":13,"key":"Dexterity Potion"},{"floor":16,"key":"Block Potion"}],"is_trial":false,"path_per_floor":["M","M","M","M","?","R","M","R","T","R","?","?","M","$","R","B",null,"M","M","?","M","?","R","$","?","T","R","M","M","R","M","R","B",null,"M","?","M","M","?","R","E","?","T","R","T","R","$","M","R","B"],"character_chosen":"THE_SILENT","items_purchased":["Adrenaline","Infinite Blades","Infinite Blades","Cloak And Dagger","Infinite Blades"],"campfire_rested":1,"item_purchase_floors":[14,14,24,24,47],"current_hp_per_floor":[70,70,66,64,57,57,54,54,54,54,40,40,40,40,40,21,65,65,65,72,72,72,72,72,72,72,72,68,64,64,63,63,48,72,72,72,67,66,66,66,63,63,63,63,63,63,63,43,63,21],"gold":105,"neow_bonus":"RANDOM_COMMON_RELIC","is_prod":false,"is_daily":false,"chose_seed":false,"campfire_upgraded":11,"win_rate":0,"timestamp":1540982089,"path_taken":["M","M","M","M","?","R","M","R","T","R","?","?","M","$","R","BOSS","M","M","?","?","?","R","$","?","T","R","?","M","R","M","R","BOSS","M","?","?","M","?","R","E","?","T","R","?","R","$","M","R","BOSS"],"build_version":"2018-10-25v2","purchased_purges":3,"victory":true,"max_hp_per_floor":[70,70,70,70,70,70,70,70,70,70,70,65,65,65,65,65,65,65,65,72,72,72,72,72,72,72,72,72,72,72,72,72,72,72,72,72,72,72,68,68,68,68,68,68,68,68,68,68,68,68],"card_choices":[{"not_picked":["Deflect","Poisoned Stab"],"picked":"Catalyst","floor":1},{"not_picked":["Dagger Spray","Prepared","Underhanded Strike"],"picked":"SKIP","floor":2},{"not_picked":["Phantasmal Killer","Slice"],"picked":"All Out Attack","floor":3},{"not_picked":["Underhanded Strike","Dagger Spray"],"picked":"Predator","floor":4},{"not_picked":["Poisoned Stab","Setup"],"picked":"Deadly Poison","floor":7},{"not_picked":["Accuracy","Slice","Dagger Spray"],"picked":"SKIP","floor":13},{"not_picked":["Dagger Throw+1","Quick Slash","Blur"],"picked":"SKIP","floor":18},{"not_picked":["PiercingWail","Calculated Gamble"],"picked":"Accuracy","floor":19},{"not_picked":["Eviscerate+1","Dagger Throw","Deflect"],"picked":"SKIP","floor":21},{"not_picked":["Underhanded Strike","Flying Knee+1","Sucker Punch"],"picked":"SKIP","floor":28},{"not_picked":["Blur","Dagger Spray"],"picked":"Deflect+1","floor":29},{"not_picked":["Slice","Bouncing Flask+1"],"picked":"Blade Dance","floor":31},{"not_picked":["Phantasmal Killer","Night Terror"],"picked":"Corpse Explosion","floor":33},{"not_picked":["Dagger Spray","Sucker Punch","Bane"],"picked":"SKIP","floor":35},{"not_picked":["Dodge and Roll+1","Setup"],"picked":"Backflip","floor":37},{"not_picked":["Deflect","Prepared","Tools of the Trade"],"picked":"SKIP","floor":38},{"not_picked":["Dagger Throw+1","Poisoned Stab+1","Outmaneuver+1"],"picked":"SKIP","floor":41},{"not_picked":["Backstab","PiercingWail","Outmaneuver+1"],"picked":"SKIP","floor":48}],"player_experience":785907,"relics_obtained":[{"floor":9,"key":"Anchor"},{"floor":26,"key":"Centennial Puzzle"},{"floor":41,"key":"Meat on the Bone"}],"event_choices":[{"damage_healed":0,"gold_gain":0,"player_choice":"Success","damage_taken":7,"relics_obtained":["Kunai"],"max_hp_gain":0,"max_hp_loss":0,"event_name":"Scrap Ooze","floor":5,"gold_loss":0},{"damage_healed":0,"gold_gain":0,"player_choice":"Entered Light","damage_taken":14,"max_hp_gain":0,"max_hp_loss":0,"event_name":"Shining Light","floor":11,"gold_loss":0,"cards_upgraded":["All Out Attack","Survivor"]},{"damage_healed":0,"gold_gain":0,"player_choice":"Lose Max HP","damage_taken":0,"relics_obtained":["Golden Idol"],"max_hp_gain":0,"max_hp_loss":5,"event_name":"Golden Idol","floor":12,"gold_loss":0},{"damage_healed":0,"gold_gain":0,"player_choice":"Obtained Relic","damage_taken":0,"relics_obtained":["Strawberry"],"max_hp_gain":0,"max_hp_loss":0,"event_name":"Addict","floor":20,"gold_loss":85},{"damage_healed":0,"gold_gain":99,"player_choice":"Stole From Cult","damage_taken":0,"max_hp_gain":0,"max_hp_loss":0,"event_name":"Nest","floor":22,"gold_loss":0},{"cards_removed":["Strike_G"],"damage_healed":0,"gold_gain":0,"player_choice":"Elegance","damage_taken":0,"max_hp_gain":0,"max_hp_loss":0,"event_name":"Back to Basics","floor":25,"gold_loss":0},{"cards_removed":["Deadly Poison"],"damage_healed":0,"gold_gain":0,"player_choice":"Removed Skill","damage_taken":0,"max_hp_gain":0,"max_hp_loss":0,"event_name":"Falling","floor":36,"gold_loss":0},{"damage_healed":0,"gold_gain":0,"player_choice":"Max HP","damage_taken":0,"max_hp_gain":0,"max_hp_loss":4,"event_name":"Winding Halls","floor":39,"gold_loss":0},{"cards_removed":["Defend_G"],"damage_healed":0,"gold_gain":0,"player_choice":"Purged","damage_taken":0,"max_hp_gain":0,"max_hp_loss":0,"event_name":"Purifier","floor":42,"gold_loss":0}],"is_beta":false,"boss_relics":[{"not_picked":["Busted Crown","Snecko Eye"],"picked":"Sozu"},{"not_picked":["Lizard Tail","Black Star"],"picked":"Cursed Key"}],"items_purged_floors":[14,24,47],"is_endless":false,"potions_floor_spawned":[1,7,13,16,21,28,31,33,35,37,38,48],"ascension_level":0}