{"gold_per_floor":[118,118,134,134,151,151,166,197,221,241,252,7,7,17,17,117,117,133,144,162,175,186,186,206,206,206,220,220],"floor_reached":28,"playtime":2610,"items_purged":[],"score":228,"play_id":"8a7e3be3-ac13-4873-b53f-4bd3ce9c4ef8","local_time":"20190803142210","is_ascension_mode":false,"campfire_choices":[{"floor":6,"key":"REST"},{"floor":15,"key":"REST"},{"floor":23,"key":"REST"},{"floor":25,"key":"REST"}],"neow_cost":"NONE","seed_source_timestamp":491869123291600,"circlet_count":0,"master_deck":["Strike_R","Strike_R","Strike_R","Defend_R+1","Defend_R","Defend_R","Defend_R","Bash","Thunderclap","Pommel Strike","Headbutt","Shockwave","Cleave","Entrench","Armaments","Sever Soul+1","Uppercut","Heavy Blade","Fiend Fire","Clumsy","Clumsy","Decay","Hemokinesis+1","Entrench+1","Flex","Twin Strike+1","Dual Wield+1","Sever Soul+1","Cleave","Seeing Red","Burning Pact+1"],"relics":["Fusion Hammer","Happy Flower","Anchor","Lee\u0027s Waffle","Calling Bell","Dream Catcher","Paper Frog","Incense Burner","Red Skull"],"potions_floor_usage":[16,22,22],"damage_taken":[{"damage":0,"enemies":"Small Slimes","floor":1,"turns":3},{"damage":0,"enemies":"2 Louse","floor":3,"turns":3},{"damage":0,"enemies":"Cultist","floor":5,"turns":2},{"damage":7,"enemies":"2 Fungi Beasts","floor":7,"turns":2},{"damage":18,"enemies":"3 Sentries","floor":8,"turns":6},{"damage":0,"enemies":"3 Louse","floor":10,"turns":2},{"damage":0,"enemies":"Looter","floor":11,"turns":2},{"damage":0,"enemies":"Lots of Slimes","floor":14,"turns":2},{"damage":18,"enemies":"Slime Boss","floor":16,"turns":7},{"damage":21,"enemies":"3 Byrds","floor":18,"turns":6},{"damage":2,"enemies":"Chosen","floor":19,"turns":3},{"damage":29,"enemies":"Shelled Parasite and Fungi","floor":20,"turns":5},{"damage":39,"enemies":"Sentry and Sphere","floor":21,"turns":6},{"damage":0,"enemies":"Centurion and Healer","floor":22,"turns":4},{"damage":19,"enemies":"Snecko","floor":24,"turns":4},{"damage":13,"enemies":"Chosen and Byrds","floor":27,"turns":4},{"damage":35,"enemies":"Book of Stabbing","floor":28,"turns":3}],"seed_played":"1864476685986909762","potions_obtained":[{"floor":7,"key":"Ancient Potion"},{"floor":8,"key":"Poison Potion"},{"floor":10,"key":"Fruit Juice"},{"floor":16,"key":"AttackPotion"},{"floor":22,"key":"Regen Potion"},{"floor":24,"key":"Weak Potion"}],"is_trial":false,"path_per_floor":["M","?","M","?","M","R","M","E","T","M","M","$","?","M","R","B",null,"M","M","M","M","M","R","M","R","T","M","E"],"character_chosen":"IRONCLAD","items_purchased":["Uppercut","Lee\u0027s Waffle"],"campfire_rested":4,"item_purchase_floors":[12,12],"current_hp_per_floor":[80,73,73,73,73,80,73,55,55,55,55,87,70,70,87,74,92,71,69,40,1,1,28,9,36,36,23,0],"gold":220,"neow_bonus":"BOSS_RELIC","is_prod":false,"is_daily":false,"chose_seed":false,"campfire_upgraded":0,"win_rate":0.0,"timestamp":1564863730,"path_taken":["M","?","M","?","M","R","M","E","T","M","?","$","?","M","R","BOSS","M","M","M","M","M","R","M","R","T","M","E"],"build_version":"2019-07-17","purchased_purges":0,"victory":false,"max_hp_per_floor":[80,80,80,80,80,80,80,80,80,80,80,87,87,87,87,92,92,92,92,92,92,92,92,92,92,92,92,92],"card_choices":[{"not_picked":["Sword Boomerang","Warcry"],"picked":"Thunderclap","floor":1},{"not_picked":["Body Slam","Inflame"],"picked":"Pommel Strike","floor":3},{"not_picked":["Sword Boomerang","Reckless Charge"],"picked":"Shockwave","floor":5},{"not_picked":["Burning Pact","Rage"],"picked":"Cleave","floor":7},{"not_picked":["Clothesline","Sword Boomerang"],"picked":"Entrench","floor":8},{"not_picked":["Evolve","Hemokinesis"],"picked":"Armaments","floor":10},{"not_picked":["Sword Boomerang","Fire Breathing"],"picked":"Sever Soul","floor":11},{"not_picked":["Armaments","Pommel Strike"],"picked":"Heavy Blade","floor":14},{"not_picked":["Feed","Immolate"],"picked":"Fiend Fire","floor":16},{"not_picked":["Cleave","Perfected Strike"],"picked":"Hemokinesis+1","floor":18},{"not_picked":["Thunderclap","True Grit"],"picked":"Entrench+1","floor":19},{"not_picked":["Pommel Strike","Whirlwind"],"picked":"Flex","floor":20},{"not_picked":["Cleave+1","Thunderclap"],"picked":"Twin Strike+1","floor":21},{"not_picked":["Twin Strike","Corruption"],"picked":"Dual Wield+1","floor":22},{"not_picked":["Flame Barrier","Clash"],"picked":"Sever Soul+1","floor":23},{"not_picked":["Bludgeon","Iron Wave"],"picked":"Cleave","floor":24},{"not_picked":["Combust","Entrench"],"picked":"Seeing Red","floor":25},{"not_picked":["Shockwave","Clothesline"],"picked":"Burning Pact+1","floor":27}],"player_experience":27079,"relics_obtained":[{"floor":8,"key":"Happy Flower"},{"floor":9,"key":"Anchor"},{"floor":17,"key":"Dream Catcher"},{"floor":17,"key":"Paper Frog"},{"floor":17,"key":"Incense Burner"},{"floor":26,"key":"Red Skull"}],"event_choices":[{"cards_removed":["Strike_R"],"damage_healed":0,"gold_gain":0,"player_choice":"Card Removal","damage_taken":7,"max_hp_gain":0,"max_hp_loss":0,"event_name":"Golden Wing","floor":2,"gold_loss":0},{"damage_healed":0,"gold_gain":0,"cards_transformed":["Strike_R"],"player_choice":"Transformed","damage_taken":0,"max_hp_gain":0,"max_hp_loss":0,"event_name":"Transmorgrifier","floor":4,"gold_loss":0,"cards_obtained":["Headbutt"]},{"damage_healed":0,"gold_gain":0,"player_choice":"Entered Light","damage_taken":17,"max_hp_gain":0,"max_hp_loss":0,"event_name":"Shining Light","floor":13,"gold_loss":0,"cards_upgraded":["Defend_R","Sever Soul"]}],"is_beta":false,"boss_relics":[{"not_picked":["Empty Cage","Lizard Tail"],"picked":"Calling Bell"}],"items_purged_floors":[],"is_endless":false,"potions_floor_spawned":[7,8,10,11,14,16,19,22,24,27],"killed_by":"Book of Stabbing","ascension_level":0}