{"gold_per_floor":[113,125,125,143,143,143,143,143,143,143],"floor_reached":10,"playtime":168,"items_purged":[],"score":112,"play_id":"6ac474b2-3832-4b67-a9d0-e93f528da981","local_time":"20190116200915","is_ascension_mode":true,"campfire_choices":[{"data":"Chaos","floor":6,"key":"SMITH"},{"data":"Capacitor","floor":8,"key":"SMITH"}],"neow_cost":"NONE","seed_source_timestamp":33272956538682,"circlet_count":0,"master_deck":["AscendersBane","Strike_B","Strike_B","Defend_B","Defend_B","Defend_B","Defend_B","Zap","Dualcast","Multi-Cast","Capacitor+1","Chaos+1"],"special_seed":0,"relics":["Cracked Core","Juzu Bracelet"],"potions_floor_usage":[],"damage_taken":[{"damage":1.0,"enemies":"Cultist","floor":1.0,"turns":3.0},{"damage":2.0,"enemies":"2 Louse","floor":2.0,"turns":2.0},{"damage":7,"enemies":"Small Slimes","floor":4,"turns":3},{"damage":12,"enemies":"Gremlin Nob","floor":10,"turns":3}],"seed_played":"-6329938099754184128","potions_obtained":[{"floor":1.0,"key":"LiquidBronze"},{"floor":2.0,"key":"SteroidPotion"}],"is_trial":false,"path_per_floor":["M","M","?","M","?","R","?","R","T","E"],"character_chosen":"DEFECT","items_purchased":[],"campfire_rested":0,"item_purchase_floors":[],"current_hp_per_floor":[63,61,61,54,49,49,42,42,42,30],"gold":143,"neow_bonus":"ONE_RANDOM_RARE_CARD","is_prod":false,"is_daily":false,"chose_seed":false,"campfire_upgraded":2,"win_rate":0,"timestamp":1547640555,"path_taken":["M","M","?","M","?","R","?","R","T","E"],"build_version":"2019-01-10","purchased_purges":0,"victory":false,"max_hp_per_floor":[71,71,71,71,71,71,71,71,71,71],"card_choices":[{"not_picked":["Double Energy","Compile Driver","Go for the Eyes"],"picked":"SKIP","floor":1.0},{"not_picked":["White Noise","Compile Driver"],"picked":"Capacitor","floor":2.0},{"not_picked":["Ball Lightning","Sweeping Beam"],"picked":"Chaos","floor":4}],"player_experience":1956920,"relics_obtained":[],"event_choices":[{"cards_removed":["Strike_B"],"damage_healed":0,"gold_gain":0,"player_choice":"Forget","damage_taken":0,"max_hp_gain":0,"max_hp_loss":0,"event_name":"Living Wall","floor":3,"gold_loss":0},{"damage_healed":0,"gold_gain":0,"player_choice":"Success","damage_taken":5,"relics_obtained":["Juzu Bracelet"],"max_hp_gain":0,"max_hp_loss":0,"event_name":"Scrap Ooze","floor":5,"gold_loss":0},{"cards_removed":["Strike_B"],"damage_healed":0,"gold_gain":0,"player_choice":"Card Removal","damage_taken":7,"max_hp_gain":0,"max_hp_loss":0,"event_name":"Golden Wing","floor":7,"gold_loss":0}],"is_beta":false,"boss_relics":[],"items_purged_floors":[],"is_endless":false,"potions_floor_spawned":[1,2],"killed_by":"Gremlin Nob","ascension_level":20}