{"gold_per_floor":[11,11,27,37,49,49,78,78,78,78,110,120,134,134],"floor_reached":14,"playtime":409,"items_purged":[],"score":133,"play_id":"9f0ac88c-33ae-41a1-b1f5-55e7ca911d37","local_time":"20181008005323","is_ascension_mode":true,"campfire_choices":[{"data":"Zap","floor":6.0,"key":"SMITH"},{"data":"Self Repair","floor":8.0,"key":"SMITH"},{"floor":10.0,"key":"REST"}],"neow_cost":"NO_GOLD","seed_source_timestamp":471889862034819,"circlet_count":0,"master_deck":["Strike_B","Strike_B+1","Strike_B","Defend_B+1","Defend_B","Defend_B","Zap+1","Dualcast","Blizzard","Self Repair+1","Thunder Strike","Conserve Battery","Ball Lightning","Echo Form"],"special_seed":0,"relics":["Cracked Core","Boot","Bag of Marbles","Sundial"],"potions_floor_usage":[],"damage_taken":[{"damage":7.0,"enemies":"Jaw Worm","floor":1.0,"turns":4.0},{"damage":0.0,"enemies":"Small Slimes","floor":3.0,"turns":3.0},{"damage":1.0,"enemies":"2 Louse","floor":4.0,"turns":3.0},{"damage":2.0,"enemies":"Gremlin Gang","floor":5.0,"turns":4.0},{"damage":44.0,"enemies":"3 Sentries","floor":7.0,"turns":9.0},{"damage":24.0,"enemies":"Gremlin Nob","floor":11.0,"turns":4.0},{"damage":13.0,"enemies":"Blue Slaver","floor":12.0,"turns":3.0},{"damage":11.0,"enemies":"Exordium Thugs","floor":13.0,"turns":3.0},{"damage":22,"enemies":"Gremlin Gang","floor":14,"turns":3}],"seed_played":"3544171141745487361","potions_obtained":[{"floor":1.0,"key":"Energy Potion"},{"floor":4.0,"key":"Swift Potion"}],"is_trial":false,"path_per_floor":["M","?","M","M","M","R","E","R","T","R","E","M","M"],"character_chosen":"DEFECT","items_purchased":[],"campfire_rested":1,"item_purchase_floors":[],"current_hp_per_floor":[61,46,46,45,50,50,13,13,13,35,21,18,17,0],"gold":134,"neow_bonus":"REMOVE_TWO","is_prod":false,"is_daily":false,"chose_seed":false,"campfire_upgraded":2,"win_rate":0,"timestamp":1538931203,"path_taken":["M","?","?","M","M","R","E","R","T","R","E","M","M","M"],"build_version":"2018-10-04v2","purchased_purges":0,"victory":false,"max_hp_per_floor":[75,75,75,75,75,75,75,75,75,75,75,75,75,75],"card_choices":[{"not_picked":["Conserve Battery","Ball Lightning"],"picked":"Blizzard","floor":1.0},{"not_picked":["Sweeping Beam","Hologram","Recycle"],"picked":"SKIP","floor":3.0},{"not_picked":["Scrape","Rip and Tear"],"picked":"Self Repair","floor":4.0},{"not_picked":["Lockon","Melter","Rebound"],"picked":"SKIP","floor":5.0},{"not_picked":["Leap","Go for the Eyes"],"picked":"Thunder Strike","floor":7.0},{"not_picked":["Redo","BootSequence"],"picked":"Conserve Battery","floor":11.0},{"not_picked":["Steam Power","Hologram"],"picked":"Ball Lightning","floor":12.0},{"not_picked":["Turbo","Conserve Battery"],"picked":"Echo Form","floor":13.0}],"player_experience":229596,"relics_obtained":[{"floor":7.0,"key":"Boot"},{"floor":9.0,"key":"Bag of Marbles"},{"floor":11.0,"key":"Sundial"}],"event_choices":[{"event_name":"Shining Light","player_choice":"Entered Light","floor":2.0,"damage_taken":0.0}],"is_beta":false,"boss_relics":[],"items_purged_floors":[],"is_endless":false,"potions_floor_spawned":[1,4],"killed_by":"Gremlin Gang","ascension_level":6}