{"path_per_floor":["M","?","$","M","M","M","R","M","T","R","E","?","R","$","R"],"character_chosen":"THE_SILENT","items_purchased":["Dodecahedron","Backflip"],"gold_per_floor":[114,114,39,57,69,87,87,107,189,189,220,395,395,63,63,63],"floor_reached":16,"campfire_rested":1,"playtime":402,"item_purchase_floors":[14,14],"current_hp_per_floor":[56,56,56,56,56,37,37,36,36,36,7,7,7,7,28,0],"items_purged":["Defend_G","Doubt"],"gold":63,"score":155,"play_id":"648942a1-8cd0-4b83-823b-374cb6d54c7c","local_time":"20180613215425","is_prod":false,"is_daily":false,"chose_seed":false,"is_ascension_mode":true,"campfire_upgraded":3,"win_rate":0,"timestamp":1528898065,"campfire_choices":[{"data":"Deadly Poison","floor":7,"key":"SMITH"},{"data":"Survivor","floor":10,"key":"SMITH"},{"data":"Deadly Poison","floor":13,"key":"SMITH"},{"floor":15,"key":"REST"}],"path_taken":["M","?","?","M","M","M","R","M","T","R","E","?","R","$","R","BOSS"],"build_version":"2018-06-12","seed_source_timestamp":32259838892676,"purchased_purges":2,"victory":false,"master_deck":["Defend_G","Defend_G","Defend_G","Defend_G","Strike_G","Strike_G","Strike_G","Strike_G","Strike_G","Survivor+1","Neutralize+1","AscendersBane","Deadly Poison+1","Poisoned Stab","Backflip","Deflect","Deadly Poison+1","Backflip"],"max_hp_per_floor":[70,70,70,70,70,70,70,70,70,70,70,70,70,70,70,70],"special_seed":17695,"relics":["Ring of the Snake","The Courier","Bird Faced Urn","Dodecahedron"],"card_choices":[{"not_picked":["Cloak And Dagger","PiercingWail"],"picked":"Deadly Poison","floor":1},{"not_picked":["Prepared","Catalyst"],"picked":"Poisoned Stab","floor":4},{"not_picked":["Cloak And Dagger","Dagger Spray"],"picked":"Backflip","floor":5},{"not_picked":["Dagger Spray","Endless Agony","Accuracy"],"picked":"SKIP","floor":6},{"not_picked":["Sucker Punch","Reflex"],"picked":"Deflect","floor":8},{"not_picked":["Choke","Escape Plan"],"picked":"Deadly Poison","floor":11}],"player_experience":586886,"potions_floor_usage":[11,16],"damage_taken":[{"damage":7,"enemies":"Small Slimes","floor":1,"turns":6},{"damage":0,"enemies":"2 Louse","floor":4,"turns":2},{"damage":0,"enemies":"Cultist","floor":5,"turns":3},{"damage":19,"enemies":"Exordium Thugs","floor":6,"turns":6},{"damage":1,"enemies":"Looter","floor":8,"turns":4},{"damage":29,"enemies":"Gremlin Nob","floor":11,"turns":5},{"damage":29,"enemies":"The Guardian","floor":16,"turns":9}],"relics_obtained":[{"floor":9,"key":"The Courier"},{"floor":11,"key":"Bird Faced Urn"}],"event_choices":[{"event_name":"Living Wall","player_choice":"Grow","floor":2,"damage_taken":0},{"event_name":"Liars Game","player_choice":"agreed","floor":12,"damage_taken":0}],"boss_relics":[],"items_purged_floors":[3,14],"potions_floor_spawned":[4,6],"seed_played":"3495292111857980005","killed_by":"The Guardian","ascension_level":11,"potions_obtained":[{"floor":4,"key":"Strength Potion"},{"floor":6,"key":"Explosive Potion"}],"is_trial":false}