{"gold_per_floor":[219,144,144,160,171,171,182,182,230,261,6,6,25,54,54,131,131,148,68,68,88,363,363,392,392,392,427,427],"floor_reached":28,"playtime":1735,"items_purged":["Strike_B"],"score":528,"play_id":"19518c99-b3ed-4b83-a31a-2db5a40107f4","local_time":"20190108195825","is_ascension_mode":true,"campfire_choices":[{"data":"Hologram","floor":6.0,"key":"SMITH"},{"data":"Apotheosis","floor":12.0,"key":"SMITH"},{"floor":15.0,"key":"REST"},{"floor":23.0,"key":"REST"},{"floor":25.0,"key":"REST"}],"neow_cost":"NONE","seed_source_timestamp":28434754417290,"circlet_count":0,"master_deck":["AscendersBane","Strike_B+1","Strike_B","Defend_B","Defend_B","Defend_B","Zap","Dualcast","Hologram+1","Self Repair","Leap","Creative AI","Apotheosis+1","Defragment","Chaos","Regret","Streamline+1","Consume"],"special_seed":0,"relics":["Cracked Core","Nunchaku","Blood Vial","Bag of Preparation","Blue Candle","Fusion Hammer","Whetstone","Gremlin Horn","Ornamental Fan"],"potions_floor_usage":[28],"damage_taken":[{"damage":2.0,"enemies":"Jaw Worm","floor":1.0,"turns":3.0},{"damage":1.0,"enemies":"Cultist","floor":4.0,"turns":4.0},{"damage":3.0,"enemies":"Small Slimes","floor":5.0,"turns":3.0},{"damage":7.0,"enemies":"Looter","floor":7.0,"turns":4.0},{"damage":17.0,"enemies":"Lagavulin","floor":10.0,"turns":8.0},{"damage":1.0,"enemies":"Blue Slaver","floor":13.0,"turns":3.0},{"damage":39.0,"enemies":"Gremlin Nob","floor":14.0,"turns":4.0},{"damage":32.0,"enemies":"The Guardian","floor":16.0,"turns":10.0},{"damage":2.0,"enemies":"Spheric Guardian","floor":18.0,"turns":6.0},{"damage":16.0,"enemies":"2 Thieves","floor":19.0,"turns":4.0},{"damage":36.0,"enemies":"Snake Plant","floor":21.0,"turns":6.0},{"damage":27.0,"enemies":"Gremlin Leader","floor":24.0,"turns":10.0},{"damage":41.0,"enemies":"Slavers","floor":27.0,"turns":5.0},{"damage":15,"enemies":"Cultist and Chosen","floor":28,"turns":5}],"seed_played":"-1368025419445688546","potions_obtained":[{"floor":1.0,"key":"SteroidPotion"},{"floor":7.0,"key":"Block Potion"},{"floor":14.0,"key":"EssenceOfSteel"},{"floor":21.0,"key":"Explosive Potion"},{"floor":24.0,"key":"PowerPotion"},{"floor":27.0,"key":"EssenceOfSteel"}],"is_trial":false,"path_per_floor":["M","?","T","M","M","R","M","?","T","E","$","R","M","E","R","B",null,"M","M","?","M","?","R","E","R","T","E","M"],"character_chosen":"DEFECT","items_purchased":["Apotheosis"],"campfire_rested":3,"item_purchase_floors":[11],"current_hp_per_floor":[62,62,62,61,58,58,58,51,51,43,43,43,54,17,38,15,57,67,63,63,39,39,60,42,63,63,34,21],"gold":427,"neow_bonus":"HUNDRED_GOLD","is_prod":false,"is_daily":false,"chose_seed":false,"campfire_upgraded":2,"win_rate":0,"timestamp":1546948705,"path_taken":["M","?","?","M","?","R","M","?","T","E","$","R","M","E","R","BOSS","M","M","?","M","?","R","E","R","T","E","?"],"build_version":"2019-01-03v4","purchased_purges":1,"victory":false,"max_hp_per_floor":[71,71,71,71,71,71,71,71,71,71,71,71,71,71,71,71,71,71,71,71,71,71,71,71,71,71,71,71],"card_choices":[{"not_picked":["Aggregate","Redo"],"picked":"Hologram","floor":1.0},{"not_picked":["Aggregate","Stack","Lockon"],"picked":"SKIP","floor":4.0},{"not_picked":["Turbo","Steam"],"picked":"Self Repair","floor":5.0},{"not_picked":["Compile Driver","Reprogram"],"picked":"Leap","floor":7.0},{"not_picked":["Stack","Leap"],"picked":"Creative AI","floor":10.0},{"not_picked":["Capacitor","Rip and Tear"],"picked":"Defragment","floor":13.0},{"not_picked":["Storm","Loop","Compile Driver"],"picked":"SKIP","floor":14.0},{"not_picked":["Fusion","Heatsinks","Tempest"],"picked":"SKIP","floor":18.0},{"not_picked":["Barrage","Beam Cell+1","Stack"],"picked":"SKIP","floor":19.0},{"not_picked":["Beam Cell+1","Genetic Algorithm"],"picked":"Chaos","floor":21.0},{"not_picked":["Undo","Self Repair"],"picked":"Streamline","floor":24.0},{"not_picked":["Electrodynamics","Compile Driver"],"picked":"Consume","floor":27.0}],"player_experience":1862230,"relics_obtained":[{"floor":3.0,"key":"Nunchaku"},{"floor":9.0,"key":"Blood Vial"},{"floor":10.0,"key":"Bag of Preparation"},{"floor":14.0,"key":"Blue Candle"},{"floor":24.0,"key":"Whetstone"},{"floor":26.0,"key":"Gremlin Horn"},{"floor":27.0,"key":"Ornamental Fan"}],"event_choices":[{"cards_removed":["Strike_B"],"damage_healed":0.0,"max_hp_gain":0.0,"max_hp_loss":0.0,"gold_gain":0.0,"event_name":"The Cleric","player_choice":"Card Removal","floor":2.0,"gold_loss":75.0,"damage_taken":0.0},{"cards_removed":["Defend_B"],"damage_healed":0.0,"max_hp_gain":0.0,"max_hp_loss":0.0,"gold_gain":0.0,"event_name":"Golden Wing","player_choice":"Card Removal","floor":8.0,"gold_loss":0.0,"damage_taken":7.0},{"damage_healed":0.0,"max_hp_gain":0.0,"max_hp_loss":0.0,"gold_gain":0.0,"event_name":"Cursed Tome","player_choice":"Ignored","floor":20.0,"gold_loss":0.0,"damage_taken":0.0},{"damage_healed":0.0,"max_hp_gain":0.0,"max_hp_loss":0.0,"gold_gain":275.0,"event_name":"Golden Shrine","player_choice":"Desecrate","floor":22.0,"gold_loss":0.0,"damage_taken":0.0,"cards_obtained":["Regret"]}],"is_beta":false,"boss_relics":[{"not_picked":["Ectoplasm","Orrery"],"picked":"Fusion Hammer"}],"items_purged_floors":[11],"is_endless":false,"potions_floor_spawned":[1,7,14,21,24,27],"killed_by":"Cultist and Chosen","ascension_level":20}