{"gold_per_floor":[11,11,31,48,63,63,80,80,104,116,17,30,59,334,334,411,411,424,437,456,80,99,99,130,130,155,189,189,189,205,105,105,178,178,195,70,0,0,16,16,44,44,44,76,89,121,131,144,144,144,144,144,86,121,121],"floor_reached":56,"playtime":2605,"items_purged":["Strike_R","Regret","Bash+1"],"score":2915,"play_id":"8cc0e984-2efc-46a5-942b-e8b1e33113cf","local_time":"20190801024644","is_ascension_mode":true,"campfire_choices":[{"data":"Body Slam","floor":6.0,"key":"SMITH"},{"data":"True Grit","floor":8.0,"key":"SMITH"},{"data":"Evolve","floor":15.0,"key":"SMITH"},{"data":"Barricade","floor":23.0,"key":"SMITH"},{"data":"Havoc","floor":25.0,"key":"SMITH"},{"data":"Shrug It Off","floor":32.0,"key":"SMITH"},{"data":"Second Wind","floor":40.0,"key":"SMITH"},{"floor":42.0,"key":"RECALL"},{"data":"Pommel Strike","floor":49,"key":"SMITH"},{"data":"Finesse","floor":52,"key":"SMITH"}],"neow_cost":"NO_GOLD","seed_source_timestamp":287280886662419,"circlet_count":0,"master_deck":["AscendersBane","Defend_R","Defend_R+1","Defend_R+1","True Grit+1","Impervious","Second Wind+1","Body Slam+1","Havoc+1","Evolve+1","Shrug It Off+1","Barricade+1","Finesse+1","Power Through","Pommel Strike+1","Clash"],"special_seed":0,"relics":["Burning Blood","MawBank","Bronze Scales","Runic Dome","Sundial","Whetstone","Pen Nib","Art of War","Coffee Dripper","Red Mask","Question Card","PreservedInsect","War Paint"],"potions_floor_usage":[55,55],"damage_taken":[{"damage":9.0,"enemies":"2 Louse","floor":1.0,"turns":5.0},{"damage":6.0,"enemies":"Cultist","floor":3.0,"turns":4.0},{"damage":3.0,"enemies":"Small Slimes","floor":4.0,"turns":4.0},{"damage":11.0,"enemies":"2 Fungi Beasts","floor":5.0,"turns":5.0},{"damage":7.0,"enemies":"Exordium Thugs","floor":7.0,"turns":5.0},{"damage":5.0,"enemies":"Lots of Slimes","floor":12.0,"turns":6.0},{"damage":3.0,"enemies":"Gremlin Nob","floor":13.0,"turns":4.0},{"damage":0.0,"enemies":"Slime Boss","floor":16.0,"turns":6.0},{"damage":1.0,"enemies":"3 Byrds","floor":18.0,"turns":4.0},{"damage":6.0,"enemies":"Spheric Guardian","floor":19.0,"turns":7.0},{"damage":0.0,"enemies":"Snake Plant","floor":20.0,"turns":4.0},{"damage":7.0,"enemies":"Centurion and Healer","floor":22.0,"turns":5.0},{"damage":32.0,"enemies":"Slavers","floor":24.0,"turns":6.0},{"damage":15.0,"enemies":"Book of Stabbing","floor":27.0,"turns":5.0},{"damage":9.0,"enemies":"Cultist and Chosen","floor":30.0,"turns":5.0},{"damage":0.0,"enemies":"Collector","floor":33.0,"turns":5.0},{"damage":0.0,"enemies":"3 Shapes","floor":35.0,"turns":4.0},{"damage":28.0,"enemies":"3 Darklings","floor":39.0,"turns":4.0},{"damage":0.0,"enemies":"Giant Head","floor":41.0,"turns":4.0},{"damage":0.0,"enemies":"Reptomancer","floor":44.0,"turns":3.0},{"damage":0.0,"enemies":"Sphere and 2 Shapes","floor":45.0,"turns":5.0},{"damage":32,"enemies":"Nemesis","floor":46,"turns":5},{"damage":0,"enemies":"Transient","floor":47,"turns":6},{"damage":0,"enemies":"4 Shapes","floor":48,"turns":4},{"damage":0,"enemies":"Awakened One","floor":50,"turns":4},{"damage":0,"enemies":"Shield and Spear","floor":54,"turns":3},{"damage":20,"enemies":"The Heart","floor":55,"turns":8}],"seed_played":"-7183317113147314095","potions_obtained":[{"floor":3.0,"key":"LiquidBronze"},{"floor":4.0,"key":"FearPotion"},{"floor":7.0,"key":"Energy Potion"},{"floor":16.0,"key":"GamblersBrew"},{"floor":19.0,"key":"Regen Potion"},{"floor":47,"key":"Ancient Potion"}],"is_trial":false,"path_per_floor":["M","?","M","M","M","R","M","R","T","?","$","M","E","?","R","B",null,"M","M","M","$","M","R","E","R","T","E","?","?","M","$","R","B",null,"M","$","?","?","M","R","E","R","T","E","M","E","M","M","R","B",null,"R","$","E","B",null],"character_chosen":"IRONCLAD","items_purchased":["Evolve","Sundial","Finesse","Clash"],"campfire_rested":0,"item_purchase_floors":[11,21,21,53],"current_hp_per_floor":[65,65,65,68,63,63,62,62,62,62,62,63,66,66,66,72,74,75,75,75,75,74,74,48,48,48,39,39,39,36,36,36,42,67,73,73,73,73,51,51,57,57,57,63,69,43,49,55,55,61,72,72,72,75,67],"gold":121,"neow_bonus":"REMOVE_TWO","is_prod":false,"is_daily":false,"chose_seed":false,"campfire_upgraded":9,"win_rate":0,"timestamp":1564595204,"path_taken":["M","?","M","M","?","R","M","R","T","?","$","M","E","?","R","BOSS","M","?","M","$","M","R","E","R","T","E","?","?","?","$","R","BOSS","M","?","?","?","?","R","E","R","T","E","?","E","M","M","R","BOSS","R","$","E","BOSS"],"build_version":"2019-07-17","purchased_purges":3,"victory":true,"max_hp_per_floor":[75,75,75,75,75,75,75,75,75,75,75,75,75,75,75,75,75,75,75,75,75,75,75,75,75,75,75,75,75,75,75,75,75,75,75,75,75,75,75,75,75,75,75,75,75,75,75,75,75,75,75,75,75,75,75],"card_choices":[{"not_picked":["True Grit","Clothesline","Cleave"],"picked":"SKIP","floor":1.0},{"not_picked":["Clothesline","Cleave"],"picked":"True Grit","floor":1.0},{"not_picked":["Shrug It Off","Dropkick"],"picked":"Impervious","floor":3.0},{"not_picked":["Cleave","Pommel Strike"],"picked":"Second Wind","floor":4.0},{"not_picked":["Reckless Charge","Flex"],"picked":"Body Slam","floor":5.0},{"not_picked":["Twin Strike","Sword Boomerang"],"picked":"Havoc","floor":7.0},{"not_picked":["Clash","Carnage","Dropkick"],"picked":"SKIP","floor":12.0},{"not_picked":["Perfected Strike","Combust"],"picked":"Shrug It Off","floor":13.0},{"not_picked":["Fiend Fire","Feed"],"picked":"Barricade","floor":16.0},{"not_picked":["Clash","Wild Strike+1","Perfected Strike"],"picked":"SKIP","floor":18.0},{"not_picked":["Shrug It Off","Pommel Strike","Headbutt"],"picked":"SKIP","floor":19.0},{"not_picked":["Wild Strike","Perfected Strike","Cleave"],"picked":"SKIP","floor":20.0},{"not_picked":["Shrug It Off","Rupture","Wild Strike"],"picked":"SKIP","floor":22.0},{"not_picked":["Perfected Strike+1","Corruption","Sword Boomerang"],"picked":"SKIP","floor":24.0},{"not_picked":["Anger","Seeing Red","Disarm"],"picked":"SKIP","floor":27.0},{"not_picked":["Anger","Seeing Red","Disarm"],"picked":"SKIP","floor":27.0},{"not_picked":["Infernal Blade","Inflame","Exhume"],"picked":"SKIP","floor":30.0},{"not_picked":["Disarm","Armaments+1","Clothesline"],"picked":"SKIP","floor":35.0},{"not_picked":["Twin Strike","Reckless Charge","Demon Form"],"picked":"SKIP","floor":39.0},{"not_picked":["Body Slam+1","Sentinel+1","Armaments"],"picked":"SKIP","floor":41.0},{"not_picked":["Twin Strike","Warcry","Headbutt","Pommel Strike"],"picked":"SKIP","floor":44.0},{"not_picked":["Twin Strike","Warcry","Headbutt"],"picked":"Pommel Strike","floor":44.0},{"not_picked":["Metallicize","Fire Breathing+1","Inflame","True Grit"],"picked":"SKIP","floor":45.0},{"not_picked":["Flex+1","Shrug It Off","Clash+1","Iron Wave"],"picked":"SKIP","floor":46},{"not_picked":["Flex+1","Shrug It Off","Clash+1","Iron Wave"],"picked":"SKIP","floor":46},{"not_picked":["Disarm","Twin Strike","Entrench","Cleave"],"picked":"SKIP","floor":47},{"not_picked":["Headbutt+1","Seeing Red","Limit Break","Twin Strike"],"picked":"SKIP","floor":48},{"not_picked":["Havoc","Heavy Blade","Thunderclap","Twin Strike"],"picked":"SKIP","floor":54}],"player_experience":709673,"relics_obtained":[{"floor":9.0,"key":"MawBank"},{"floor":13.0,"key":"Bronze Scales"},{"floor":24.0,"key":"Whetstone"},{"floor":26.0,"key":"Pen Nib"},{"floor":27.0,"key":"Art of War"},{"floor":41.0,"key":"Question Card"},{"floor":46,"key":"PreservedInsect"},{"floor":54,"key":"War Paint"}],"event_choices":[{"cards_removed":["Defend_R"],"damage_healed":0.0,"max_hp_gain":0.0,"max_hp_loss":0.0,"gold_gain":0.0,"event_name":"Bonfire Elementals","player_choice":"Offered Basic","floor":2.0,"gold_loss":0.0,"damage_taken":0.0},{"cards_removed":["Strike_R"],"damage_healed":0.0,"max_hp_gain":0.0,"max_hp_loss":0.0,"gold_gain":0.0,"event_name":"Living Wall","player_choice":"Forget","floor":10.0,"gold_loss":0.0,"damage_taken":0.0},{"damage_healed":0.0,"max_hp_gain":0.0,"max_hp_loss":0.0,"gold_gain":275.0,"event_name":"Golden Shrine","player_choice":"Desecrate","floor":14.0,"gold_loss":0.0,"damage_taken":0.0,"cards_obtained":["Regret"]},{"damage_healed":0.0,"max_hp_gain":0.0,"max_hp_loss":0.0,"gold_gain":0.0,"event_name":"The Library","player_choice":"Read","floor":28.0,"gold_loss":0.0,"damage_taken":0.0,"cards_obtained":["Power Through"]},{"cards_removed":["Strike_R"],"damage_healed":0.0,"max_hp_gain":0.0,"max_hp_loss":0.0,"gold_gain":0.0,"event_name":"Purifier","player_choice":"Purged","floor":29.0,"gold_loss":0.0,"damage_taken":0.0},{"damage_healed":0.0,"max_hp_gain":0.0,"max_hp_loss":0.0,"gold_gain":0.0,"event_name":"Tomb of Lord Red Mask","player_choice":"Paid","floor":37.0,"gold_loss":70.0,"damage_taken":0.0,"relics_obtained":["Red Mask"]},{"damage_healed":0.0,"max_hp_gain":0.0,"max_hp_loss":0.0,"gold_gain":0.0,"event_name":"SecretPortal","player_choice":"Ignored","floor":38.0,"gold_loss":0.0,"damage_taken":0.0}],"is_beta":false,"boss_relics":[{"not_picked":["Sozu","Black Star"],"picked":"Runic Dome"},{"not_picked":["Lizard Tail","Eternal Feather"],"picked":"Coffee Dripper"}],"items_purged_floors":[11,31,36],"is_endless":false,"potions_floor_spawned":[3,4,7,16,19,20,22,24,35,41,47,48,54],"ascension_level":19}