{"gold_per_floor":[109,122,47,57,73,73,73,73,73,73,73,91,91,91,91,91],"floor_reached":16,"playtime":433,"items_purged":["Strike_R"],"score":180,"play_id":"bc219213-92a4-4144-8434-692dcd680e0a","local_time":"20190108220818","is_ascension_mode":true,"campfire_choices":[{"data":"Feed","floor":6,"key":"SMITH"},{"data":"Infernal Blade","floor":10,"key":"SMITH"},{"data":"Disarm","floor":13,"key":"SMITH"},{"data":"Hemokinesis","floor":15,"key":"SMITH"}],"neow_cost":"NONE","seed_source_timestamp":38132365089263,"circlet_count":0,"master_deck":["AscendersBane","Strike_R","Strike_R","Strike_R","Strike_R","Defend_R","Defend_R","Defend_R","Defend_R","Bash","Feed+1","Infernal Blade+1","Hemokinesis+1","Shrug It Off","Dual Wield","Disarm+1"],"relics":["Burning Blood","Kunai","Happy Flower"],"potions_floor_usage":[],"damage_taken":[{"damage":9,"enemies":"2 Louse","floor":1,"turns":3},{"damage":1,"enemies":"Cultist","floor":2,"turns":3},{"damage":10,"enemies":"Jaw Worm","floor":4,"turns":3},{"damage":16,"enemies":"Lots of Slimes","floor":5,"turns":6},{"damage":12,"enemies":"2 Fungi Beasts","floor":12,"turns":3},{"damage":68,"enemies":"Hexaghost","floor":16,"turns":11}],"seed_played":"6261082920519743272","potions_obtained":[{"floor":1,"key":"Strength Potion"},{"floor":12,"key":"Ancient Potion"}],"is_trial":false,"path_per_floor":["M","M","$","M","M","R","?","$","T","R","$","M","R","$","R","B"],"character_chosen":"IRONCLAD","items_purchased":[],"campfire_rested":0,"item_purchase_floors":[],"current_hp_per_floor":[68,76,76,75,68,68,68,68,68,68,68,66,66,66,66,0],"gold":91,"neow_bonus":"ONE_RANDOM_RARE_CARD","is_prod":false,"is_daily":false,"chose_seed":false,"campfire_upgraded":4,"win_rate":0,"timestamp":1546956498,"path_taken":["M","M","$","M","M","R","?","?","T","R","$","M","R","$","R","BOSS"],"build_version":"2019-01-03v4","purchased_purges":1,"victory":false,"max_hp_per_floor":[78,81,81,84,87,87,87,87,87,87,87,91,91,91,91,91],"card_choices":[{"not_picked":["Sentinel","Clash"],"picked":"Infernal Blade","floor":1},{"not_picked":["Entrench","Warcry"],"picked":"Hemokinesis","floor":2},{"not_picked":["Shockwave","Sever Soul"],"picked":"Shrug It Off","floor":4},{"not_picked":["Heavy Blade","Pommel Strike"],"picked":"Dual Wield","floor":5},{"not_picked":["Flex","Corruption"],"picked":"Disarm","floor":12}],"player_experience":1866017,"relics_obtained":[{"floor":9,"key":"Happy Flower"}],"event_choices":[{"damage_healed":0,"gold_gain":0,"player_choice":"Gave Potion","damage_taken":0,"relics_obtained":["Kunai"],"max_hp_gain":0,"max_hp_loss":0,"event_name":"WeMeetAgain","floor":7,"gold_loss":0}],"is_beta":false,"boss_relics":[],"items_purged_floors":[3],"is_endless":false,"potions_floor_spawned":[1,12],"killed_by":"Hexaghost","ascension_level":20}