{"gold_per_floor":[118,118,135,146,166,166,176,176,201,201,219,294,294,305,305,408,408,425,439,364,378,392,392,411,411,463,117,117,117,17,32,32,130,130,150,167,42,52,71,71,83,83,83,83,95,122,122,172,172,172],"floor_reached":51,"playtime":4058,"items_purged":["Strike_G","Strike_G","Strike_G"],"score":748,"play_id":"21e7a987-851e-4c9e-82f7-d7f2aec36624","local_time":"20181029184043","is_ascension_mode":false,"campfire_choices":[{"data":"Well Laid Plans","floor":6.0,"key":"SMITH"},{"data":"Bouncing Flask","floor":8.0,"key":"SMITH"},{"data":"Night Terror","floor":10.0,"key":"SMITH"},{"data":"Neutralize","floor":13.0,"key":"SMITH"},{"data":"Noxious Fumes","floor":15.0,"key":"SMITH"},{"data":"Night Terror","floor":23.0,"key":"SMITH"},{"floor":25.0,"key":"REST"},{"data":"Footwork","floor":29.0,"key":"SMITH"},{"data":"Footwork","floor":32.0,"key":"SMITH"},{"data":"Discovery","floor":40,"key":"SMITH"},{"data":"Body Slam","floor":42,"key":"SMITH"},{"data":"Deadly Poison","floor":47,"key":"SMITH"},{"floor":49,"key":"REST"}],"neow_cost":"NONE","seed_source_timestamp":25103622600460,"circlet_count":0,"master_deck":["Defend_G","Defend_G","Defend_G","Defend_G","Defend_G","Strike_G","Survivor","Neutralize+1","Bouncing Flask+1","Well Laid Plans+1","Night Terror+1","Footwork+1","Noxious Fumes+1","Night Terror+1","Deadly Poison+1","Escape Plan","Dodge and Roll+1","Backflip","Footwork+1","Deflect+1","Multi-Cast","Double Tap","Coolheaded+1","Dual Wield+1","Discovery+1","Body Slam+1","Echo Form","Offering","Body Slam+1"],"special_seed":0,"relics":["Ring of the Serpent","PreservedInsect","Regal Pillow","Bag of Marbles","PrismaticShard","Nloth\u0027s Gift","Velvet Choker","Dodecahedron","Bag of Preparation","Shovel"],"potions_floor_usage":[39,46,50],"damage_taken":[{"damage":0.0,"enemies":"Small Slimes","floor":1.0,"turns":3.0},{"damage":0.0,"enemies":"2 Louse","floor":3.0,"turns":3.0},{"damage":0.0,"enemies":"Jaw Worm","floor":4.0,"turns":3.0},{"damage":5.0,"enemies":"3 Louse","floor":5.0,"turns":4.0},{"damage":6.0,"enemies":"Gremlin Gang","floor":7.0,"turns":6.0},{"damage":0.0,"enemies":"Blue Slaver","floor":11.0,"turns":3.0},{"damage":3.0,"enemies":"2 Fungi Beasts","floor":14.0,"turns":4.0},{"damage":0.0,"enemies":"The Guardian","floor":16.0,"turns":8.0},{"damage":14.0,"enemies":"3 Byrds","floor":18.0,"turns":4.0},{"damage":5.0,"enemies":"2 Thieves","floor":19.0,"turns":5.0},{"damage":31.0,"enemies":"Cultist and Chosen","floor":21.0,"turns":7.0},{"damage":1.0,"enemies":"Snecko","floor":22.0,"turns":5.0},{"damage":15.0,"enemies":"Snake Plant","floor":24.0,"turns":5.0},{"damage":10.0,"enemies":"Sentry and Sphere","floor":31.0,"turns":5.0},{"damage":0.0,"enemies":"Automaton","floor":33.0,"turns":12.0},{"damage":0.0,"enemies":"Orb Walker","floor":35.0,"turns":6.0},{"damage":2,"enemies":"3 Darklings","floor":36,"turns":11},{"damage":0,"enemies":"Sphere and 2 Shapes","floor":38,"turns":4},{"damage":0,"enemies":"Spire Growth","floor":39,"turns":8},{"damage":5,"enemies":"Writhing Mass","floor":41,"turns":8},{"damage":0,"enemies":"Maw","floor":45,"turns":7},{"damage":9,"enemies":"Reptomancer","floor":46,"turns":5},{"damage":24,"enemies":"2 Orb Walkers","floor":48,"turns":7},{"damage":17,"enemies":"Time Eater","floor":50,"turns":12}],"seed_played":"-1596654054668065696","potions_obtained":[{"floor":3.0,"key":"SneckoOil"},{"floor":7.0,"key":"Regen Potion"},{"floor":16.0,"key":"PowerPotion"},{"floor":22.0,"key":"Ancient Potion"},{"floor":24.0,"key":"PowerPotion"},{"floor":31.0,"key":"SmokeBomb"},{"floor":36,"key":"Ancient Potion"},{"floor":39,"key":"Dexterity Potion"},{"floor":45,"key":"Ancient Potion"}],"is_trial":false,"path_per_floor":["M","?","M","M","M","R","M","R","T","R","M","?","R","M","R","B",null,"M","M","?","M","M","R","M","R","T","$","?","R","$","M","R","B",null,"M","M","$","M","M","R","M","R","T","$","M","E","R","?","R","B"],"character_chosen":"THE_SILENT","items_purchased":["Footwork","PrismaticShard"],"campfire_rested":2,"item_purchase_floors":[27,27],"current_hp_per_floor":[70,67,67,67,62,62,56,56,56,56,56,45,45,42,42,42,70,56,51,51,20,34,34,19,55,55,55,55,55,55,45,45,45,70,70,68,68,68,68,68,63,63,63,63,63,54,54,30,66,49],"gold":172,"neow_bonus":"RANDOM_COMMON_RELIC","is_prod":false,"is_daily":false,"chose_seed":false,"campfire_upgraded":11,"win_rate":0,"timestamp":1540809643,"path_taken":["M","?","M","M","M","R","M","R","T","R","M","?","R","M","R","BOSS","M","?","?","M","M","R","?","R","T","$","?","R","?","M","R","BOSS","M","M","$","M","M","R","M","R","T","$","M","E","R","?","R","BOSS"],"build_version":"2018-10-25v2","purchased_purges":3,"victory":true,"max_hp_per_floor":[70,70,70,70,70,70,70,70,70,70,70,70,70,70,70,70,70,70,70,70,70,70,70,70,70,70,70,70,70,70,70,70,70,70,70,70,70,70,70,70,70,70,70,70,70,70,70,70,70,70],"card_choices":[{"not_picked":["Bane","Dagger Throw"],"picked":"Bouncing Flask","floor":1.0},{"not_picked":["Backflip","Reflex"],"picked":"Well Laid Plans","floor":3.0},{"not_picked":["Predator","Deflect","Cloak And Dagger"],"picked":"SKIP","floor":4.0},{"not_picked":["Acrobatics","Setup"],"picked":"Night Terror","floor":5.0},{"not_picked":["Dagger Throw","Caltrops","Sucker Punch"],"picked":"SKIP","floor":7.0},{"not_picked":["Dagger Throw","Skewer"],"picked":"Footwork","floor":11.0},{"not_picked":["Blade Dance","Calculated Gamble"],"picked":"Noxious Fumes","floor":14.0},{"not_picked":["Tools of the Trade","Glass Knife"],"picked":"Night Terror","floor":16.0},{"not_picked":["Predator","Calculated Gamble","Finisher+1"],"picked":"SKIP","floor":18.0},{"not_picked":["Calculated Gamble","Setup"],"picked":"Deadly Poison","floor":19.0},{"not_picked":["Quick Slash","Prepared+1"],"picked":"Escape Plan","floor":21.0},{"not_picked":["Eviscerate+1","Deadly Poison"],"picked":"Dodge and Roll+1","floor":22.0},{"not_picked":["Predator","Deflect"],"picked":"Backflip","floor":24.0},{"not_picked":["Feel No Pain","Pommel Strike"],"picked":"Deflect+1","floor":31.0},{"not_picked":["Biased Cognition","Storm of Steel"],"picked":"Multi-Cast","floor":33.0},{"not_picked":["Hologram","Pummel+1"],"picked":"Double Tap","floor":35.0},{"not_picked":["Compile Driver+1","Infernal Blade"],"picked":"Coolheaded+1","floor":36},{"not_picked":["Finisher","Hologram+1"],"picked":"Dual Wield+1","floor":38},{"not_picked":["Cleave","Acrobatics+1"],"picked":"Discovery","floor":39},{"not_picked":["Steam","Dagger Throw"],"picked":"Body Slam","floor":41},{"not_picked":["Forethought","Body Slam+1"],"picked":"Echo Form","floor":45},{"not_picked":["Glass Knife","A Thousand Cuts"],"picked":"Offering","floor":46},{"not_picked":["Second Wind+1","Gash"],"picked":"Body Slam+1","floor":48}],"player_experience":721494,"relics_obtained":[{"floor":9.0,"key":"Regal Pillow"},{"floor":26.0,"key":"Bag of Marbles"},{"floor":43,"key":"Dodecahedron"},{"floor":46,"key":"Bag of Preparation"},{"floor":48,"key":"Shovel"}],"event_choices":[{"damage_healed":0.0,"max_hp_gain":0.0,"max_hp_loss":0.0,"gold_gain":0.0,"event_name":"Scrap Ooze","player_choice":"Success","floor":2.0,"gold_loss":0.0,"damage_taken":3.0,"relics_obtained":["PreservedInsect"]},{"damage_healed":0.0,"max_hp_gain":0.0,"max_hp_loss":0.0,"gold_gain":75.0,"event_name":"World of Goop","player_choice":"Gather Gold","floor":12.0,"gold_loss":0.0,"damage_taken":11.0},{"cards_removed":["Strike_G"],"damage_healed":0.0,"max_hp_gain":0.0,"max_hp_loss":0.0,"gold_gain":0.0,"event_name":"Beggar","player_choice":"Gave Gold","floor":20.0,"gold_loss":75.0,"damage_taken":0.0},{"damage_healed":0.0,"max_hp_gain":0.0,"max_hp_loss":0.0,"gold_gain":0.0,"event_name":"N\u0027loth","player_choice":"Traded Relic","floor":28.0,"relics_lost":["Snake Skull"],"gold_loss":0.0,"damage_taken":0.0,"relics_obtained":["Nloth\u0027s Gift"]},{"damage_healed":0,"gold_gain":0,"player_choice":"Fight","damage_taken":0,"max_hp_gain":0,"max_hp_loss":0,"event_name":"Mysterious Sphere","floor":48,"gold_loss":0}],"is_beta":false,"boss_relics":[{"not_picked":["Snecko Eye","Tiny House"],"picked":"Ring of the Serpent"},{"not_picked":["WristBlade","Fusion Hammer"],"picked":"Velvet Choker"}],"items_purged_floors":[27,30,37],"is_endless":false,"potions_floor_spawned":[3,7,16,22,24,31,36,39,45],"ascension_level":0}