{"path_per_floor":["M","?","M","?","?","E","M","R","T","M","M","R","M","M","R","B",null,"M","M","$","M","M"],"character_chosen":"THE_SILENT","items_purchased":["Madness"],"gold_per_floor":[111,111,125,75,75,109,121,121,121,137,151,151,162,180,180,277,277,290,302,140,155,174],"floor_reached":23,"campfire_rested":1,"playtime":2844,"current_hp_per_floor":[67,67,67,67,60,22,31,31,31,23,21,21,17,10,31,22,70,70,60,60,8,1],"items_purged":["Masterful Stab"],"gold":174,"score":197,"play_id":"e9dfc30e-4834-46a4-8c8d-88baf9bcd6da","is_prod":false,"is_daily":false,"is_ascension_mode":false,"campfire_upgraded":2,"path_taken":["M","?","M","?","?","E","M","R","T","M","M","R","M","M","R","BOSS","M","M","$","M","M","E"],"build_version":"2018-02-22-PROD2","purchased_purges":1,"victory":false,"master_deck":["Defend_G","Defend_G","Defend_G","Defend_G","Survivor","Neutralize","Endless Agony+1","Venomology","Calculated Gamble","Backflip","Distraction+1","Prepared","Unload","Outmaneuver","Wraith Form","Glass Knife+1","Burst+1","Caltrops+1","Underhanded Strike","Choke","Madness","Backflip+1"],"max_hp_per_floor":[70,70,70,70,70,70,70,70,70,70,70,70,70,70,70,70,70,70,70,70,70,70],"relics":["Ring of the Snake","Snake Skull","Vajra","Astrolabe"],"card_choices":[{"not_picked":["Bane","Flechettes"],"picked":"Endless Agony"},{"not_picked":["Acrobatics","Deadly Poison"],"picked":"Calculated Gamble"},{"not_picked":["Noxious Fumes","PiercingWail"],"picked":"Backflip"},{"not_picked":["Catalyst","Outmaneuver"],"picked":"Distraction"},{"not_picked":["Deadly Poison","Acrobatics"],"picked":"Prepared"},{"not_picked":["Deadly Poison","Endless Agony"],"picked":"Unload"},{"not_picked":["Backstab","Acrobatics"],"picked":"Outmaneuver"},{"not_picked":["Eviscerate","Dodge and Roll"],"picked":"Masterful Stab"},{"not_picked":["A Thousand Cuts","Venomology"],"picked":"Wraith Form"},{"not_picked":["Dodge and Roll","Distraction"],"picked":"Underhanded Strike"},{"not_picked":["Noxious Fumes","Dagger Spray"],"picked":"Choke"},{"not_picked":["Prepared","PiercingWail"],"picked":"Backflip"}],"player_experience":32444,"potions_floor_usage":[16,16,19,21,21,21,22,22,22,23],"damage_taken":[{"damage":3.0,"enemies":"Cultist","floor":1.0,"turns":6.0},{"damage":0.0,"enemies":"2 Louse","floor":3.0,"turns":3.0},{"damage":38.0,"enemies":"Lagavulin","floor":6.0,"turns":12.0},{"damage":0.0,"enemies":"Small Slimes","floor":7.0,"turns":4.0},{"damage":8.0,"enemies":"Gremlin Gang","floor":10.0,"turns":7.0},{"damage":2.0,"enemies":"Looter","floor":11.0,"turns":3.0},{"damage":4.0,"enemies":"Blue Slaver","floor":13.0,"turns":3.0},{"damage":7.0,"enemies":"Large Slime","floor":14.0,"turns":13.0},{"damage":24,"enemies":"The Guardian","floor":16,"turns":12},{"damage":0,"enemies":"Spheric Guardian","floor":18,"turns":2},{"damage":10,"enemies":"Chosen","floor":19,"turns":6},{"damage":52,"enemies":"Slaver and Parasite","floor":21,"turns":6},{"damage":16,"enemies":"Snake Plant","floor":22,"turns":4},{"damage":1,"enemies":"Slavers","floor":23,"turns":1}],"event_choices":[{"event_name":"Living Wall","player_choice":"Change","floor":2.0,"damage_taken":0.0},{"event_name":"The Cleric","player_choice":"Card Removal","floor":4.0,"damage_taken":0.0},{"event_name":"Golden Wing","player_choice":"Card Removal","floor":5.0,"damage_taken":0.0}],"boss_relics":[{"not_picked":["Sozu","Philosopher\u0027s Stone"],"picked":"Astrolabe"}],"potions_floor_spawned":[1,6,7,14,16,21],"seed_played":"7621740328192407298","killed_by":"Slavers","ascension_level":0,"is_trial":false}