{"gold_per_floor":[17,29,40,58,72,72,86,86,86,86,97,110,60,60,60,158,158,171,270,270,257,3,3,15,15,15,15,29,59,59,78,78,181,231,250,250,261,67,0,0,34,51,132,150,165,165,177,189,189,189],"floor_reached":51,"playtime":3625,"items_purged":[],"score":695,"play_id":"2e66a492-f6f5-477b-9aa4-3fffced915d0","local_time":"20181015141857","is_ascension_mode":false,"campfire_choices":[{"data":"Noxious Fumes","floor":6.0,"key":"SMITH"},{"data":"Well Laid Plans","floor":8.0,"key":"SMITH"},{"data":"Bouncing Flask","floor":10.0,"key":"SMITH"},{"data":"Night Terror","floor":15.0,"key":"SMITH"},{"data":"Night Terror","floor":23.0,"key":"SMITH"},{"data":"Malaise","floor":25.0,"key":"SMITH"},{"data":"Leg Sweep","floor":27.0,"key":"SMITH"},{"data":"Burst","floor":32.0,"key":"SMITH"},{"data":"Night Terror","floor":40.0,"key":"SMITH"},{"data":"Burst","floor":46.0,"key":"SMITH"},{"data":"Doppelganger","floor":49.0,"key":"SMITH"}],"neow_cost":"NO_GOLD","seed_source_timestamp":10960239477266,"circlet_count":0,"master_deck":["Defend_G","Defend_G","Defend_G","Defend_G","Defend_G","Strike_G+1","Strike_G","Strike_G","Survivor","Neutralize","Burst+1","Well Laid Plans+1","Escape Plan","Poisoned Stab","Bouncing Flask+1","Noxious Fumes+1","Night Terror+1","Night Terror+1","Backflip","Leg Sweep+1","Malaise+1","Backflip","Setup+1","Backstab","Burst+1","Night Terror+1","Escape Plan","Noxious Fumes+1","PiercingWail+1","Concentrate","Doppelganger+1"],"special_seed":0,"relics":["Ring of the Snake","Nunchaku","Strawberry","Coffee Dripper","Question Card","Paper Crane","Sundial","Tiny House","Thread and Needle","ClockworkSouvenir","Red Mask","Omamori","Pantograph"],"potions_floor_usage":[50],"damage_taken":[{"damage":1.0,"enemies":"Jaw Worm","floor":1.0,"turns":8.0},{"damage":0.0,"enemies":"2 Louse","floor":2.0,"turns":4.0},{"damage":0.0,"enemies":"Cultist","floor":3.0,"turns":4.0},{"damage":7.0,"enemies":"Exordium Wildlife","floor":4.0,"turns":12.0},{"damage":11.0,"enemies":"Large Slime","floor":5.0,"turns":9.0},{"damage":2.0,"enemies":"Blue Slaver","floor":7.0,"turns":6.0},{"damage":0.0,"enemies":"2 Fungi Beasts","floor":11.0,"turns":4.0},{"damage":0.0,"enemies":"Exordium Wildlife","floor":12.0,"turns":4.0},{"damage":27.0,"enemies":"Slime Boss","floor":16.0,"turns":7.0},{"damage":1.0,"enemies":"Chosen","floor":18.0,"turns":6.0},{"damage":6.0,"enemies":"2 Thieves","floor":21.0,"turns":4.0},{"damage":0.0,"enemies":"Sentry and Sphere","floor":24.0,"turns":6.0},{"damage":7.0,"enemies":"Centurion and Healer","floor":28.0,"turns":7.0},{"damage":32.0,"enemies":"Gremlin Leader","floor":29.0,"turns":10.0},{"damage":5.0,"enemies":"Shelled Parasite and Fungi","floor":31.0,"turns":6.0},{"damage":19.0,"enemies":"Champ","floor":33.0,"turns":26.0},{"damage":2.0,"enemies":"3 Darklings","floor":35.0,"turns":6.0},{"damage":0.0,"enemies":"3 Shapes","floor":37.0,"turns":6.0},{"damage":13.0,"enemies":"Nemesis","floor":41.0,"turns":11.0},{"damage":7.0,"enemies":"3 Darklings","floor":42.0,"turns":8.0},{"damage":0.0,"enemies":"Transient","floor":44.0,"turns":5.0},{"damage":0.0,"enemies":"Maw","floor":45.0,"turns":9.0},{"damage":0.0,"enemies":"Spire Growth","floor":47.0,"turns":5.0},{"damage":12.0,"enemies":"3 Darklings","floor":48.0,"turns":7.0},{"damage":0,"enemies":"Time Eater","floor":50,"turns":30}],"seed_played":"-5736612293008784832","potions_obtained":[{"floor":2.0,"key":"Dexterity Potion"},{"floor":3.0,"key":"PowerPotion"},{"floor":4.0,"key":"Swift Potion"},{"floor":12.0,"key":"Swift Potion"},{"floor":28.0,"key":"AttackPotion"},{"floor":29.0,"key":"EssenceOfSteel"},{"floor":31.0,"key":"EssenceOfSteel"},{"floor":35.0,"key":"FearPotion"},{"floor":42.0,"key":"Block Potion"},{"floor":47.0,"key":"LiquidBronze"}],"is_trial":false,"path_per_floor":["M","M","M","M","M","R","M","R","T","R","M","M","?","?","R","B",null,"M","?","?","M","$","R","M","R","T","R","M","E","?","M","R","B",null,"M","?","M","$","?","R","E","M","T","M","M","R","M","M","R","B"],"character_chosen":"THE_SILENT","items_purchased":["Question Card","ClockworkSouvenir"],"campfire_rested":0,"item_purchase_floors":[22,38],"current_hp_per_floor":[69,69,69,62,51,51,49,49,49,49,49,49,49,49,49,22,77,76,76,76,70,70,70,70,70,70,70,63,31,31,26,26,7,82,80,80,80,80,80,80,67,60,60,60,60,60,60,48,48,73],"gold":189,"neow_bonus":"THREE_RARE_CARDS","is_prod":false,"is_daily":false,"chose_seed":false,"campfire_upgraded":11,"win_rate":0,"timestamp":1539584337,"path_taken":["M","M","M","M","M","R","M","R","T","R","M","M","?","?","R","BOSS","M","?","?","?","$","R","M","R","T","R","M","E","?","?","R","BOSS","M","?","M","$","?","R","E","?","T","M","M","R","M","M","R","BOSS"],"build_version":"2018-10-11","purchased_purges":0,"victory":true,"max_hp_per_floor":[70,70,70,70,70,70,70,70,70,70,70,70,70,77,77,77,77,77,77,77,77,77,77,77,77,77,77,77,77,77,77,77,77,82,82,82,82,82,82,82,82,82,82,82,82,82,82,82,82,82],"card_choices":[{"not_picked":["Doppelganger","Tools of the Trade"],"picked":"Burst","floor":0.0},{"not_picked":["Dagger Spray","Infinite Blades"],"picked":"Well Laid Plans","floor":1.0},{"not_picked":["Quick Slash","Cloak And Dagger"],"picked":"Escape Plan","floor":2.0},{"not_picked":["Sucker Punch","Dagger Throw"],"picked":"Poisoned Stab","floor":3.0},{"not_picked":["Reflex","Eviscerate"],"picked":"Bouncing Flask","floor":4.0},{"not_picked":["Slice","Flechettes"],"picked":"Noxious Fumes","floor":5.0},{"not_picked":["Finisher","Crippling Poison"],"picked":"Night Terror","floor":7.0},{"not_picked":["PiercingWail","Distraction","Bane"],"picked":"SKIP","floor":11.0},{"not_picked":["Accuracy","Blade Dance","Flechettes"],"picked":"SKIP","floor":12.0},{"not_picked":["Glass Knife","Tools of the Trade"],"picked":"Night Terror","floor":16.0},{"not_picked":["Blade Dance","Dagger Throw"],"picked":"Backflip","floor":18.0},{"not_picked":["Prepared","Deflect"],"picked":"Leg Sweep","floor":21.0},{"not_picked":["Bane","Underhanded Strike+1","Riddle With Holes+1"],"picked":"Malaise","floor":24.0},{"not_picked":["Bane","Poisoned Stab","Acrobatics"],"picked":"Backflip","floor":28.0},{"not_picked":["PiercingWail+1","Poisoned Stab","Dash"],"picked":"Setup+1","floor":29.0},{"not_picked":["Reflex","Outmaneuver","Acrobatics"],"picked":"Burst","floor":31.0},{"not_picked":["Burst","Phantasmal Killer","A Thousand Cuts"],"picked":"Night Terror","floor":33.0},{"not_picked":["Quick Slash+1","Cloak And Dagger","Deflect+1"],"picked":"PiercingWail","floor":35.0},{"not_picked":["Slice+1","Backstab+1","Dodge and Roll"],"picked":"Escape Plan","floor":37.0},{"not_picked":["Cloak And Dagger+1","Quick Slash","Prepared","Outmaneuver"],"picked":"SKIP","floor":41.0},{"not_picked":["PiercingWail","Backstab","Escape Plan"],"picked":"Noxious Fumes+1","floor":42.0},{"not_picked":["Deadly Poison","Skewer+1","Die Die Die"],"picked":"PiercingWail+1","floor":44.0},{"not_picked":["Deflect+1","Bane","Quick Slash+1"],"picked":"Concentrate","floor":45.0},{"not_picked":["Flying Knee","Acrobatics","Poisoned Stab+1","Eviscerate"],"picked":"SKIP","floor":47.0},{"not_picked":["Underhanded Strike+1","Dodge and Roll+1","Cloak And Dagger+1"],"picked":"Doppelganger","floor":48.0}],"player_experience":204036,"relics_obtained":[{"floor":9.0,"key":"Nunchaku"},{"floor":26.0,"key":"Paper Crane"},{"floor":29.0,"key":"Sundial"},{"floor":41.0,"key":"Omamori"},{"floor":43.0,"key":"Pantograph"}],"event_choices":[{"event_name":"The Cleric","player_choice":"Card Removal","floor":13.0,"damage_taken":0.0},{"event_name":"Scrap Ooze","player_choice":"success","floor":14.0,"damage_taken":7.0},{"event_name":"Nest","player_choice":"Stole From Cult","floor":19.0,"damage_taken":0.0},{"event_name":"Vampires","player_choice":"Ignored","floor":20.0,"damage_taken":0.0},{"event_name":"Transmorgrifier","player_choice":"Transform","floor":30.0,"damage_taken":0.0},{"event_name":"WeMeetAgain","player_choice":"Card","floor":36.0,"damage_taken":0.0},{"event_name":"Tomb of Lord Red Mask","player_choice":"Paid","floor":39.0,"damage_taken":0.0}],"is_beta":false,"boss_relics":[{"not_picked":["Ring of the Serpent","Eternal Feather"],"picked":"Coffee Dripper"},{"not_picked":["Pandora\u0027s Box","Black Star"],"picked":"Tiny House"}],"items_purged_floors":[],"is_endless":false,"potions_floor_spawned":[2,3,4,12,28,29,31,35,42,44,45,47],"ascension_level":0}