{"gold_per_floor":[112,62,77,97,113,113,145,145,171,189,189,189,201,93,93,189,189,200,219,219,50,50,50,70,70,95,111,146,164,174,191,191,286,286,303,320,52,62,79,79,79,79,105,205,205,205,216,0,0,0],"floor_reached":51,"playtime":2522,"items_purged":["Strike_B","Strike_B","Defend_B"],"score":746,"play_id":"4a7ec7ad-cdd7-4ea3-853c-d28690d0357b","local_time":"20190614212205","is_ascension_mode":false,"campfire_choices":[{"data":"Chaos","floor":6.0,"key":"SMITH"},{"data":"Zap","floor":8.0,"key":"SMITH"},{"data":"Creative AI","floor":12.0,"key":"SMITH"},{"data":"Static Discharge","floor":15.0,"key":"SMITH"},{"data":"Biased Cognition","floor":23.0,"key":"SMITH"},{"data":"Dualcast","floor":25.0,"key":"SMITH"},{"data":"Heatsinks","floor":32,"key":"SMITH"},{"data":"Skim","floor":40,"key":"SMITH"},{"data":"Skim","floor":46,"key":"SMITH"},{"data":"Coolheaded","floor":49,"key":"SMITH"}],"neow_cost":"NONE","seed_source_timestamp":37177160159215,"circlet_count":0,"master_deck":["Zap+1","Dualcast+1","Auto Shields","Chaos+1","Coolheaded+1","Creative AI+1","Skim+1","Biased Cognition+1","Glacier","Skim+1","Heatsinks+1","Echo Form","Turbo+1","Hologram+1","Electrodynamics"],"special_seed":0,"relics":["Cracked Core","Bag of Marbles","Anchor","Oddly Smooth Stone","Nuclear Battery","Blood Vial","Du-Vu Doll","Empty Cage","Smiling Mask","Calipers","Pantograph","Red Mask"],"potions_floor_usage":[50,50],"damage_taken":[{"damage":0.0,"enemies":"Cultist","floor":1.0,"turns":3.0},{"damage":0.0,"enemies":"2 Louse","floor":3.0,"turns":2.0},{"damage":2.0,"enemies":"Small Slimes","floor":4.0,"turns":3.0},{"damage":19.0,"enemies":"Gremlin Gang","floor":5.0,"turns":7.0},{"damage":26.0,"enemies":"Gremlin Nob","floor":7.0,"turns":4.0},{"damage":1.0,"enemies":"Lots of Slimes","floor":10.0,"turns":3.0},{"damage":0.0,"enemies":"3 Louse","floor":13.0,"turns":5.0},{"damage":14.0,"enemies":"Hexaghost","floor":16.0,"turns":9.0},{"damage":0.0,"enemies":"Spheric Guardian","floor":18.0,"turns":4.0},{"damage":10.0,"enemies":"2 Thieves","floor":19.0,"turns":3.0},{"damage":1.0,"enemies":"3 Cultists","floor":24.0,"turns":5.0},{"damage":4.0,"enemies":"Sentry and Sphere","floor":27.0,"turns":4.0},{"damage":10.0,"enemies":"Book of Stabbing","floor":28.0,"turns":3.0},{"damage":0,"enemies":"Centurion and Healer","floor":29,"turns":10},{"damage":3,"enemies":"3 Cultists","floor":30,"turns":5},{"damage":0,"enemies":"Sentry and Sphere","floor":31,"turns":6},{"damage":11,"enemies":"Champ","floor":33,"turns":11},{"damage":4,"enemies":"3 Shapes","floor":35,"turns":5},{"damage":0,"enemies":"Orb Walker","floor":36,"turns":4},{"damage":1,"enemies":"Sphere and 2 Shapes","floor":38,"turns":3},{"damage":1,"enemies":"Writhing Mass","floor":39,"turns":2},{"damage":0,"enemies":"Mind Bloom Boss Battle","floor":44,"turns":2},{"damage":0,"enemies":"Transient","floor":47,"turns":5},{"damage":0,"enemies":"Awakened One","floor":50,"turns":6}],"seed_played":"2718606265801988560","potions_obtained":[{"floor":4.0,"key":"PowerPotion"},{"floor":7.0,"key":"Swift Potion"},{"floor":10.0,"key":"AttackPotion"},{"floor":16.0,"key":"Dexterity Potion"},{"floor":19.0,"key":"Regen Potion"},{"floor":27.0,"key":"FairyPotion"},{"floor":36,"key":"LiquidBronze"}],"is_trial":false,"path_per_floor":["M","?","M","M","M","R","E","R","T","M","?","R","M","$","R","B",null,"M","M","?","$","?","R","M","R","T","M","E","M","M","M","R","B",null,"M","M","$","M","M","R","?","$","T","?","T","R","M","?","R","B",null],"character_chosen":"DEFECT","items_purchased":["Static Discharge","Glacier","Electrodynamics"],"campfire_rested":0,"item_purchase_floors":[14,21,37],"current_hp_per_floor":[75,75,75,73,54,54,28,28,28,27,20,20,20,20,20,6,75,75,65,65,65,65,65,75,75,75,71,63,65,64,66,66,57,75,71,73,73,74,74,74,74,74,74,75,75,75,75,75,75,75],"gold":0,"neow_bonus":"REMOVE_CARD","is_prod":false,"is_daily":false,"chose_seed":false,"campfire_upgraded":10,"win_rate":0,"timestamp":1560518525,"path_taken":["M","?","M","M","M","R","E","R","T","M","?","R","M","$","R","BOSS","M","M","?","$","?","R","M","R","T","M","E","?","M","?","R","BOSS","M","?","$","M","M","R","?","?","T","?","?","R","M","?","R","BOSS"],"build_version":"2019-01-23","purchased_purges":3,"victory":true,"max_hp_per_floor":[75,75,75,75,75,75,75,75,75,75,75,75,75,75,75,75,75,75,75,75,75,75,75,75,75,75,75,75,75,75,75,75,75,75,75,75,75,75,75,75,75,75,75,75,75,75,75,75,75,75],"card_choices":[{"not_picked":["Rebound","Stack"],"picked":"Auto Shields","floor":1.0},{"not_picked":["Reinforced Body","Chill"],"picked":"Chaos","floor":3.0},{"not_picked":["Reprogram","Leap","Steam"],"picked":"SKIP","floor":4.0},{"not_picked":["Stack","Conserve Battery"],"picked":"Coolheaded","floor":5.0},{"not_picked":["Rebound","Conserve Battery","Force Field"],"picked":"SKIP","floor":7.0},{"not_picked":["Recycle","Double Energy"],"picked":"Creative AI","floor":10.0},{"not_picked":["Go for the Eyes","Loop"],"picked":"Skim","floor":13.0},{"not_picked":["Creative AI","Machine Learning"],"picked":"Biased Cognition","floor":16.0},{"not_picked":["FTL","Ball Lightning","Stack"],"picked":"SKIP","floor":18.0},{"not_picked":["Compile Driver","Conserve Battery","Streamline"],"picked":"SKIP","floor":19.0},{"not_picked":["Hologram","Rebound"],"picked":"Skim","floor":24.0},{"not_picked":["Stack","Coolheaded","Reprogram"],"picked":"SKIP","floor":27.0},{"not_picked":["Tempest","Barrage+1","Sweeping Beam"],"picked":"SKIP","floor":28.0},{"not_picked":["Leap","Compile Driver","Beam Cell"],"picked":"SKIP","floor":29},{"not_picked":["Skim","Go for the Eyes+1"],"picked":"Heatsinks","floor":30},{"not_picked":["Melter","Thunder Strike","Compile Driver"],"picked":"SKIP","floor":31},{"not_picked":["Thunder Strike","Machine Learning"],"picked":"Echo Form","floor":33},{"not_picked":["Loop","Blizzard"],"picked":"Turbo+1","floor":35},{"not_picked":["Rebound+1","Genetic Algorithm+1"],"picked":"Hologram+1","floor":36},{"not_picked":["Undo","Rebound+1","Beam Cell"],"picked":"SKIP","floor":38},{"not_picked":["Undo","Rebound+1","Beam Cell"],"picked":"SKIP","floor":38},{"not_picked":["Tempest+1","Go for the Eyes","Steam"],"picked":"SKIP","floor":39},{"not_picked":["Conserve Battery","Gash","FTL"],"picked":"SKIP","floor":47}],"player_experience":5211424,"relics_obtained":[{"floor":7.0,"key":"Bag of Marbles"},{"floor":9.0,"key":"Anchor"},{"floor":26.0,"key":"Blood Vial"},{"floor":28.0,"key":"Du-Vu Doll"},{"floor":43,"key":"Smiling Mask"},{"floor":44,"key":"Calipers"},{"floor":45,"key":"Pantograph"}],"event_choices":[{"cards_removed":["Strike_B"],"damage_healed":0.0,"max_hp_gain":0.0,"max_hp_loss":0.0,"gold_gain":0.0,"event_name":"The Cleric","player_choice":"Card Removal","floor":2.0,"gold_loss":50.0,"damage_taken":0.0},{"damage_healed":0.0,"max_hp_gain":0.0,"max_hp_loss":0.0,"gold_gain":0.0,"event_name":"Scrap Ooze","player_choice":"Success","floor":11.0,"gold_loss":0.0,"damage_taken":7.0,"relics_obtained":["Oddly Smooth Stone"]},{"damage_healed":0.0,"max_hp_gain":0.0,"max_hp_loss":0.0,"gold_gain":0.0,"event_name":"Vampires","player_choice":"Ignored","floor":20.0,"gold_loss":0.0,"damage_taken":0.0},{"cards_removed":["Defend_B"],"damage_healed":0.0,"max_hp_gain":0.0,"max_hp_loss":0.0,"gold_gain":0.0,"event_name":"Bonfire Elementals","player_choice":"Offered Basic","floor":22.0,"gold_loss":0.0,"damage_taken":0.0},{"cards_removed":["Static Discharge"],"damage_healed":0,"gold_gain":0,"player_choice":"Removed Power","damage_taken":0,"max_hp_gain":0,"max_hp_loss":0,"event_name":"Falling","floor":41,"gold_loss":0},{"damage_healed":0,"gold_gain":0,"player_choice":"Fight","damage_taken":0,"max_hp_gain":0,"max_hp_loss":0,"event_name":"MindBloom","floor":44,"gold_loss":0},{"damage_healed":0,"gold_gain":0,"player_choice":"Paid","damage_taken":0,"relics_obtained":["Red Mask"],"max_hp_gain":0,"max_hp_loss":0,"event_name":"Tomb of Lord Red Mask","floor":48,"gold_loss":216}],"is_beta":false,"boss_relics":[{"not_picked":["FrozenCore","Philosopher\u0027s Stone"],"picked":"Nuclear Battery"},{"not_picked":["Fusion Hammer","Lizard Tail"],"picked":"Empty Cage"}],"items_purged_floors":[14,21,37],"is_endless":false,"potions_floor_spawned":[4,7,10,16,19,27,29,36,47],"ascension_level":0}