{"gold_per_floor":[11,11,31,47,122,156,156,185,185,185],"floor_reached":10,"playtime":211,"items_purged":[],"score":152,"play_id":"388b7512-9de6-43c1-adcc-274392247ee8","local_time":"20190419080145","is_ascension_mode":true,"campfire_choices":[{"data":"Deep Breath","floor":7,"key":"SMITH"}],"neow_cost":"NO_GOLD","seed_source_timestamp":71493473244873,"circlet_count":0,"master_deck":["AscendersBane","Strike_B","Strike_B","Strike_B","Defend_B","Defend_B","Defend_B","Defend_B","Zap","Dualcast","Deep Breath+1","Trip","Cold Snap","White Noise","Heatsinks","Glacier"],"special_seed":0,"relics":["Cracked Core","Symbiotic Virus","Oddly Smooth Stone","Meat on the Bone"],"potions_floor_usage":[6,6],"damage_taken":[{"damage":1.0,"enemies":"2 Louse","floor":1.0,"turns":3.0},{"damage":7,"enemies":"Small Slimes","floor":3,"turns":3},{"damage":4,"enemies":"Cultist","floor":4,"turns":3},{"damage":24,"enemies":"Gremlin Nob","floor":6,"turns":4},{"damage":7,"enemies":"Lagavulin","floor":8,"turns":5},{"damage":6,"enemies":"Lots of Slimes","floor":10,"turns":1}],"seed_played":"-5049421287380706929","potions_obtained":[{"floor":1.0,"key":"SkillPotion"},{"floor":3,"key":"Block Potion"}],"is_trial":false,"path_per_floor":["M","?","M","M","?","E","R","E","T","M"],"character_chosen":"DEFECT","items_purchased":[],"campfire_rested":0,"item_purchase_floors":[],"current_hp_per_floor":[63,56,49,45,34,10,10,3,3,0],"gold":185,"neow_bonus":"RANDOM_COLORLESS_2","is_prod":false,"is_daily":false,"chose_seed":false,"campfire_upgraded":1,"win_rate":0,"timestamp":1555632105,"path_taken":["M","?","M","M","?","E","R","E","T","M"],"build_version":"2019-01-23","purchased_purges":0,"victory":false,"max_hp_per_floor":[71,71,71,71,71,71,71,71,71,71],"card_choices":[{"not_picked":["Hello World","Sweeping Beam","Rebound"],"picked":"SKIP","floor":1.0},{"not_picked":["Stack","Barrage"],"picked":"Cold Snap","floor":3},{"not_picked":["Double Energy","Stack"],"picked":"White Noise","floor":4},{"not_picked":["Turbo","Barrage"],"picked":"Heatsinks","floor":6},{"not_picked":["Rainbow","FTL"],"picked":"Glacier","floor":8}],"player_experience":4400321,"relics_obtained":[{"floor":6,"key":"Symbiotic Virus"},{"floor":8,"key":"Oddly Smooth Stone"},{"floor":9,"key":"Meat on the Bone"}],"event_choices":[{"cards_removed":["Strike_B"],"damage_healed":0.0,"max_hp_gain":0.0,"max_hp_loss":0.0,"gold_gain":0.0,"event_name":"Golden Wing","player_choice":"Card Removal","floor":2.0,"gold_loss":0.0,"damage_taken":7.0},{"damage_healed":0,"gold_gain":75,"player_choice":"Gather Gold","damage_taken":11,"max_hp_gain":0,"max_hp_loss":0,"event_name":"World of Goop","floor":5,"gold_loss":0}],"is_beta":false,"boss_relics":[],"items_purged_floors":[],"is_endless":false,"potions_floor_spawned":[1,3],"killed_by":"Lots of Slimes","ascension_level":20}