{"gold_per_floor":[109,122,47,65,79,79,102,102,129,156,156,44,44,44,44,119,119,132,32,44,44,63,63],"floor_reached":23,"playtime":525,"items_purged":["Strike_G","Strike_G"],"score":378,"play_id":"3ced84a9-0865-479d-8966-3906700a0d27","local_time":"20190419051232","is_ascension_mode":true,"campfire_choices":[{"data":"Skewer","floor":6.0,"key":"SMITH"},{"data":"Neutralize","floor":8.0,"key":"SMITH"},{"data":"Catalyst","floor":11.0,"key":"SMITH"},{"data":"Noxious Fumes","floor":13.0,"key":"SMITH"},{"data":"Deadly Poison","floor":15.0,"key":"SMITH"}],"neow_cost":"TEN_PERCENT_HP_LOSS","seed_source_timestamp":60242401982363,"circlet_count":0,"master_deck":["AscendersBane","Defend_G","Defend_G","Defend_G","Defend_G","Defend_G","Strike_G","Strike_G","Survivor","Neutralize+1","Concentrate","Skewer+1","Catalyst+1","Backstab","Deadly Poison+1","Noxious Fumes+1","Night Terror"],"special_seed":0,"relics":["Ring of the Serpent","Ice Cream","Odd Mushroom","Blood Vial","FaceOfCleric"],"potions_floor_usage":[],"damage_taken":[{"damage":0.0,"enemies":"Cultist","floor":1.0,"turns":4.0},{"damage":7.0,"enemies":"Small Slimes","floor":2.0,"turns":4.0},{"damage":0.0,"enemies":"2 Louse","floor":4.0,"turns":2.0},{"damage":2.0,"enemies":"2 Fungi Beasts","floor":5.0,"turns":4.0},{"damage":24.0,"enemies":"The Mushroom Lair","floor":7.0,"turns":5.0},{"damage":6.0,"enemies":"Gremlin Nob","floor":10.0,"turns":3.0},{"damage":4.0,"enemies":"Hexaghost","floor":16.0,"turns":6.0},{"damage":4.0,"enemies":"Chosen","floor":18.0,"turns":3.0},{"damage":3.0,"enemies":"Spheric Guardian","floor":20.0,"turns":3.0},{"damage":14,"enemies":"3 Cultists","floor":22,"turns":6},{"damage":0,"enemies":"Slavers","floor":23,"turns":1}],"seed_played":"5249141428045538525","potions_obtained":[{"floor":1.0,"key":"SteroidPotion"},{"floor":2.0,"key":"Weak Potion"},{"floor":18.0,"key":"AttackPotion"},{"floor":20.0,"key":"PowerPotion"}],"is_trial":false,"path_per_floor":["M","M","?","M","M","R","?","R","T","E","R","$","R","?","R","B",null,"M","$","M","?","M","E"],"character_chosen":"THE_SILENT","items_purchased":["Noxious Fumes"],"campfire_rested":0,"item_purchase_floors":[12],"current_hp_per_floor":[59,52,52,52,50,50,26,26,26,20,20,20,20,20,20,19,51,50,50,50,50,39,41],"gold":63,"neow_bonus":"ONE_RARE_RELIC","is_prod":false,"is_daily":false,"chose_seed":false,"campfire_upgraded":5,"win_rate":0,"timestamp":1555621952,"path_taken":["M","?","?","M","M","R","?","R","T","E","R","$","R","?","R","BOSS","M","$","?","?","M","E"],"build_version":"2019-01-23","purchased_purges":2,"victory":false,"max_hp_per_floor":[60,60,60,60,60,60,60,60,60,60,60,60,60,60,60,61,61,62,62,63,63,64,64],"card_choices":[{"not_picked":["Flying Knee","Setup"],"picked":"Concentrate","floor":1.0},{"not_picked":["Bane","Flying Knee"],"picked":"Skewer","floor":2.0},{"not_picked":["All Out Attack","Poisoned Stab"],"picked":"Catalyst","floor":4.0},{"not_picked":["Slice","Reflex"],"picked":"Backstab","floor":5.0},{"not_picked":["Tools of the Trade","Underhanded Strike"],"picked":"Deadly Poison","floor":10.0},{"not_picked":["Bullet Time","Tools of the Trade"],"picked":"Night Terror","floor":16.0},{"not_picked":["Skewer","Blur","Dash+1"],"picked":"SKIP","floor":18.0},{"not_picked":["Blur+1","Deadly Poison","Sucker Punch"],"picked":"SKIP","floor":20.0},{"not_picked":["Predator","Cloak And Dagger","Deflect"],"picked":"SKIP","floor":22}],"player_experience":4394316,"relics_obtained":[{"floor":7.0,"key":"Odd Mushroom"},{"floor":10.0,"key":"Blood Vial"}],"event_choices":[{"cards_removed":["Strike_G"],"damage_healed":0.0,"max_hp_gain":0.0,"max_hp_loss":0.0,"gold_gain":0.0,"event_name":"The Cleric","player_choice":"Card Removal","floor":3.0,"gold_loss":75.0,"damage_taken":0.0},{"damage_healed":0.0,"max_hp_gain":0.0,"max_hp_loss":0.0,"gold_gain":0.0,"event_name":"Mushrooms","player_choice":"Fought Mushrooms","floor":7.0,"gold_loss":0.0,"damage_taken":0.0},{"damage_healed":0.0,"max_hp_gain":0.0,"max_hp_loss":0.0,"gold_gain":0.0,"event_name":"FaceTrader","player_choice":"Trade","floor":14.0,"gold_loss":0.0,"damage_taken":0.0,"relics_obtained":["FaceOfCleric"]},{"damage_healed":0.0,"max_hp_gain":0.0,"max_hp_loss":0.0,"gold_gain":0.0,"event_name":"Vampires","player_choice":"Ignored","floor":21.0,"gold_loss":0.0,"damage_taken":0.0}],"is_beta":false,"boss_relics":[{"not_picked":["Tiny House","Eternal Feather"],"picked":"Ring of the Serpent"}],"items_purged_floors":[12,19],"is_endless":false,"potions_floor_spawned":[1,2,18,20],"killed_by":"Slavers","ascension_level":20}