{"gold_per_floor":[114,134,134,145,26,26,61,77,100,118,118,153,153,182,182,259,259,270,0,0,0,19,31,62,62,85,85,104,104,104,4,4,75,75,95,113,133,8,24,24,51,51,51,51,76,76,76,76],"floor_reached":48,"playtime":2278,"items_purged":["Strike_R","Bash+1","Defend_R"],"score":1252,"play_id":"6285839b-a300-4b6c-aede-f774fe4a8614","local_time":"20190601233758","is_ascension_mode":true,"campfire_choices":[{"data":"Hemokinesis","floor":6.0,"key":"SMITH"},{"data":"Battle Trance","floor":11.0,"key":"SMITH"},{"data":"Bash","floor":15.0,"key":"SMITH"},{"data":"Limit Break","floor":25.0,"key":"SMITH"},{"floor":27.0,"key":"REST"},{"data":"Sword Boomerang","floor":30.0,"key":"SMITH"},{"data":"Feel No Pain","floor":32.0,"key":"SMITH"},{"data":"Barricade","floor":40.0,"key":"SMITH"},{"data":"Exhume","floor":42.0,"key":"SMITH"},{"floor":44.0,"key":"RECALL"},{"data":"Brutality","floor":47.0,"key":"SMITH"}],"neow_cost":"PERCENT_DAMAGE","seed_source_timestamp":22646725323326,"circlet_count":0,"master_deck":["AscendersBane","Hemokinesis+1","Sentinel","Ghostly Armor","Battle Trance+1","Second Wind","Rupture","Seeing Red","Rupture","Brutality+1","Limit Break+1","Evolve","Feel No Pain+1","Sword Boomerang+1","Barricade+1","Sentinel+1","Reaper+1","Ghostly Armor+1","Combust+1","Evolve+1","Berserk","Exhume+1","Brutality"],"special_seed":0,"relics":["Burning Blood","Lantern","Bag of Preparation","Art of War","Mark of Pain","Self Forming Clay","Vajra","Nloth\u0027s Gift","Astrolabe","The Courier","Ornamental Fan"],"potions_floor_usage":[48,48],"damage_taken":[{"damage":10.0,"enemies":"Small Slimes","floor":1.0,"turns":4.0},{"damage":5.0,"enemies":"Cultist","floor":2.0,"turns":4.0},{"damage":10.0,"enemies":"Jaw Worm","floor":4.0,"turns":5.0},{"damage":11.0,"enemies":"Lagavulin","floor":7.0,"turns":5.0},{"damage":8.0,"enemies":"Red Slaver","floor":8.0,"turns":3.0},{"damage":5.0,"enemies":"Looter","floor":10.0,"turns":4.0},{"damage":6.0,"enemies":"Gremlin Nob","floor":12.0,"turns":3.0},{"damage":33.0,"enemies":"3 Sentries","floor":14.0,"turns":10.0},{"damage":9.0,"enemies":"Hexaghost","floor":16.0,"turns":7.0},{"damage":12.0,"enemies":"Spheric Guardian","floor":18.0,"turns":5.0},{"damage":6.0,"enemies":"Chosen","floor":22.0,"turns":4.0},{"damage":20.0,"enemies":"Centurion and Healer","floor":23.0,"turns":4.0},{"damage":16.0,"enemies":"Gremlin Leader","floor":24.0,"turns":6.0},{"damage":15.0,"enemies":"Snake Plant","floor":28.0,"turns":3.0},{"damage":20.0,"enemies":"Collector","floor":33.0,"turns":4.0},{"damage":19.0,"enemies":"Orb Walker","floor":35.0,"turns":5.0},{"damage":58.0,"enemies":"3 Darklings","floor":36.0,"turns":5.0},{"damage":18.0,"enemies":"Spire Growth","floor":37.0,"turns":5.0},{"damage":43.0,"enemies":"Transient","floor":39.0,"turns":6.0},{"damage":23.0,"enemies":"Giant Head","floor":41.0,"turns":5.0},{"damage":32.0,"enemies":"Nemesis","floor":45.0,"turns":5.0},{"damage":87,"enemies":"Reptomancer","floor":48,"turns":3}],"seed_played":"1791217648688432579","potions_obtained":[{"floor":2.0,"key":"Block Potion"},{"floor":8.0,"key":"FearPotion"},{"floor":10.0,"key":"GamblersBrew"},{"floor":14.0,"key":"GamblersBrew"},{"floor":23.0,"key":"FearPotion"},{"floor":24.0,"key":"LiquidBronze"},{"floor":36.0,"key":"SpeedPotion"}],"is_trial":false,"path_per_floor":["M","M","?","M","$","R","E","M","T","M","R","E","?","E","R","B",null,"M","$","?","?","M","M","E","R","T","R","M","?","R","$","R","B",null,"M","M","M","$","M","R","E","R","T","R","E","?","R","E"],"character_chosen":"IRONCLAD","items_purchased":["Second Wind","Self Forming Clay"],"campfire_rested":1,"item_purchase_floors":[5,19],"current_hp_per_floor":[46,47,47,43,43,43,38,36,36,37,37,37,37,10,10,7,58,52,52,52,52,52,38,28,28,28,50,41,41,41,41,41,27,63,75,75,75,75,75,75,75,75,75,75,75,71,71,0],"gold":76,"neow_bonus":"TRANSFORM_TWO_CARDS","is_prod":false,"is_daily":false,"chose_seed":false,"campfire_upgraded":9,"win_rate":0,"timestamp":1559403478,"path_taken":["M","M","?","M","$","R","E","?","T","M","R","E","?","E","R","BOSS","M","$","?","?","M","M","E","R","T","R","?","?","R","$","R","BOSS","M","?","M","$","M","R","E","R","T","R","E","?","R","E"],"build_version":"2019-01-23","purchased_purges":3,"victory":false,"max_hp_per_floor":[75,75,75,75,75,75,75,75,75,75,75,75,75,75,75,75,75,75,75,75,75,75,75,75,75,75,75,75,75,75,75,75,75,75,75,75,75,75,75,75,75,75,75,75,75,71,71,71],"card_choices":[{"not_picked":["Wild Strike","Cleave","Body Slam"],"picked":"SKIP","floor":1.0},{"not_picked":["Body Slam","Twin Strike"],"picked":"Ghostly Armor","floor":2.0},{"not_picked":["Sword Boomerang","Metallicize"],"picked":"Battle Trance","floor":4.0},{"not_picked":["Shrug It Off","True Grit"],"picked":"Rupture","floor":7.0},{"not_picked":["Wild Strike","Berserk"],"picked":"Seeing Red","floor":8.0},{"not_picked":["Headbutt","Body Slam","Wild Strike"],"picked":"SKIP","floor":10.0},{"not_picked":["Havoc","Warcry"],"picked":"Rupture","floor":12.0},{"not_picked":["Twin Strike","Iron Wave"],"picked":"Brutality","floor":14.0},{"not_picked":["Bludgeon","Immolate"],"picked":"Limit Break","floor":16.0},{"not_picked":["Heavy Blade","Clothesline+1","True Grit"],"picked":"SKIP","floor":18.0},{"not_picked":["Perfected Strike+1","Body Slam"],"picked":"Feel No Pain","floor":22.0},{"not_picked":["Thunderclap","True Grit+1"],"picked":"Sword Boomerang","floor":23.0},{"not_picked":["Havoc+1","Inflame","Flame Barrier"],"picked":"SKIP","floor":24.0},{"not_picked":["Intimidate","Whirlwind","Heavy Blade+1"],"picked":"SKIP","floor":28.0},{"not_picked":["Demon Form","Immolate"],"picked":"Barricade","floor":33.0},{"not_picked":["Flame Barrier","Headbutt"],"picked":"Combust+1","floor":35.0},{"not_picked":["Flex","Twin Strike"],"picked":"Evolve+1","floor":36.0},{"not_picked":["Anger","Feel No Pain+1"],"picked":"Berserk","floor":37.0},{"not_picked":["Clothesline+1","Perfected Strike+1","Ghostly Armor"],"picked":"SKIP","floor":39.0},{"not_picked":["Sword Boomerang","Seeing Red+1"],"picked":"Exhume","floor":41.0},{"not_picked":["Iron Wave","Thunderclap"],"picked":"Brutality","floor":45.0}],"player_experience":4979300,"relics_obtained":[{"floor":7.0,"key":"Smiling Mask"},{"floor":9.0,"key":"Lantern"},{"floor":12.0,"key":"Bag of Preparation"},{"floor":14.0,"key":"Art of War"},{"floor":24.0,"key":"Vajra"},{"floor":41.0,"key":"The Courier"},{"floor":43.0,"key":"Ornamental Fan"}],"event_choices":[{"cards_removed":["Strike_R"],"damage_healed":0.0,"max_hp_gain":0.0,"max_hp_loss":0.0,"gold_gain":0.0,"event_name":"Purifier","player_choice":"Purged","floor":3.0,"gold_loss":0.0,"damage_taken":0.0},{"damage_healed":0.0,"max_hp_gain":0.0,"max_hp_loss":0.0,"gold_gain":0.0,"event_name":"Liars Game","player_choice":"Ignored","floor":13.0,"gold_loss":0.0,"damage_taken":0.0},{"damage_healed":0.0,"max_hp_gain":0.0,"max_hp_loss":0.0,"gold_gain":0.0,"event_name":"The Library","player_choice":"Read","floor":20.0,"gold_loss":0.0,"damage_taken":0.0,"cards_obtained":["Evolve"]},{"cards_removed":["Strike_R"],"damage_healed":0.0,"max_hp_gain":0.0,"max_hp_loss":0.0,"gold_gain":0.0,"event_name":"Bonfire Elementals","player_choice":"Offered Basic","floor":21.0,"gold_loss":0.0,"damage_taken":0.0},{"damage_healed":0.0,"max_hp_gain":0.0,"max_hp_loss":0.0,"gold_gain":0.0,"event_name":"N\u0027loth","player_choice":"Traded Relic","floor":29.0,"relics_lost":["Smiling Mask"],"gold_loss":0.0,"damage_taken":0.0,"relics_obtained":["Nloth\u0027s Gift"]},{"damage_healed":0.0,"max_hp_gain":0.0,"max_hp_loss":4.0,"gold_gain":0.0,"event_name":"Winding Halls","player_choice":"Max HP","floor":46.0,"gold_loss":0.0,"damage_taken":0.0}],"is_beta":false,"boss_relics":[{"not_picked":["Fusion Hammer","Tiny House"],"picked":"Mark of Pain"},{"not_picked":["Philosopher\u0027s Stone","Coffee Dripper"],"picked":"Astrolabe"}],"items_purged_floors":[5,31,38],"is_endless":false,"potions_floor_spawned":[2,8,10,14,23,24,28,36,37,41],"killed_by":"Reptomancer","ascension_level":20}