{"gold_per_floor":[116,116,126,106,116,116,141,159,159,169,189,189,31,45,45,150,150,135,50,50,50,70,70,70],"floor_reached":24,"playtime":818,"items_purged":["Strike_R"],"score":317,"play_id":"f6f706d6-a608-49a0-9916-d5b9736a4ed7","local_time":"20180922121154","is_ascension_mode":true,"campfire_choices":[{"data":"Metallicize","floor":6.0,"key":"SMITH"},{"data":"Inflame","floor":15,"key":"SMITH"},{"data":"Limit Break","floor":23,"key":"SMITH"}],"neow_cost":"TEN_PERCENT_HP_LOSS","seed_source_timestamp":84821129394985,"circlet_count":0,"master_deck":["Strike_R+1","Strike_R","Strike_R","Defend_R","Defend_R+1","Bash","AscendersBane","Evolve","Shrug It Off","Metallicize+1","Impervious","Feel No Pain","Flex","Spot Weakness","Sword Boomerang","Inflame+1","Limit Break+1","True Grit"],"special_seed":0,"relics":["Burning Blood","Self Forming Clay","The Courier","Runic Pyramid","Mercury Hourglass"],"potions_floor_usage":[16,18],"damage_taken":[{"damage":13.0,"enemies":"Jaw Worm","floor":1.0,"turns":4.0},{"damage":8.0,"enemies":"Small Slimes","floor":3.0,"turns":6.0},{"damage":5.0,"enemies":"2 Louse","floor":5.0,"turns":3.0},{"damage":22.0,"enemies":"Gremlin Nob","floor":7.0,"turns":5.0},{"damage":20.0,"enemies":"Gremlin Gang","floor":8.0,"turns":8.0},{"damage":5.0,"enemies":"Looter","floor":10.0,"turns":5.0},{"damage":15.0,"enemies":"Exordium Thugs","floor":11.0,"turns":8.0},{"damage":5,"enemies":"3 Louse","floor":14,"turns":4},{"damage":5,"enemies":"The Guardian","floor":16,"turns":10},{"damage":32,"enemies":"2 Thieves","floor":18,"turns":4},{"damage":15,"enemies":"3 Byrds","floor":22,"turns":5},{"damage":36,"enemies":"Slavers","floor":24,"turns":3}],"seed_played":"254380234130166046","potions_obtained":[{"floor":1.0,"key":"EntropicBrew"},{"floor":4.0,"key":"SneckoOil"},{"floor":7.0,"key":"FearPotion"},{"floor":10.0,"key":"Fruit Juice"},{"floor":11.0,"key":"Dexterity Potion"},{"floor":18,"key":"Fruit Juice"}],"is_trial":false,"path_per_floor":["M","?","M","?","M","R","E","M","T","M","M","?","$","M","R","B",null,"M","?","$","?","M","R"],"character_chosen":"IRONCLAD","items_purchased":["Sword Boomerang","Inflame"],"campfire_rested":0,"item_purchase_floors":[13,13],"current_hp_per_floor":[65,51,64,64,65,65,49,35,35,41,32,32,32,33,33,34,66,45,45,45,45,36,36,0],"gold":70,"neow_bonus":"REMOVE_TWO","is_prod":false,"is_daily":false,"chose_seed":false,"campfire_upgraded":3,"win_rate":0,"timestamp":1537589514,"path_taken":["M","?","?","?","M","R","E","M","T","?","M","?","$","M","R","BOSS","M","?","$","?","M","R","E"],"build_version":"2018-09-20","purchased_purges":1,"victory":false,"max_hp_per_floor":[72,72,72,72,72,72,72,72,72,77,77,77,77,77,77,77,77,82,82,82,82,82,82,82],"card_choices":[{"not_picked":["Headbutt","Anger"],"picked":"Evolve","floor":1.0},{"not_picked":["Iron Wave","Uppercut"],"picked":"Shrug It Off","floor":3.0},{"not_picked":["Flex","Havoc"],"picked":"Metallicize","floor":5.0},{"not_picked":["Thunderclap","Clash"],"picked":"Impervious","floor":7.0},{"not_picked":["Clothesline","Headbutt"],"picked":"Feel No Pain","floor":8.0},{"not_picked":["Blood for Blood","Heavy Blade"],"picked":"Flex","floor":10.0},{"not_picked":["Iron Wave","Intimidate"],"picked":"Spot Weakness","floor":11.0},{"not_picked":["Fire Breathing","Rampage","Sever Soul"],"picked":"SKIP","floor":14},{"not_picked":["Demon Form","Offering"],"picked":"Limit Break","floor":16},{"not_picked":["Cleave","Sever Soul"],"picked":"True Grit","floor":18},{"not_picked":["Rampage","Cleave","Perfected Strike+1"],"picked":"SKIP","floor":22}],"player_experience":89610,"relics_obtained":[{"floor":7.0,"key":"Self Forming Clay"},{"floor":9.0,"key":"The Courier"}],"event_choices":[{"event_name":"Shining Light","player_choice":"Entered Light","floor":2.0,"damage_taken":0.0},{"event_name":"The Woman in Blue","player_choice":"Bought 1 Potion","floor":4.0,"damage_taken":0.0},{"event_name":"Living Wall","player_choice":"Forget","floor":12,"damage_taken":0},{"event_name":"Addict","player_choice":"Obtained Relic","floor":19,"damage_taken":0},{"event_name":"Ghosts","player_choice":"Ignored","floor":21,"damage_taken":0}],"is_beta":false,"boss_relics":[{"not_picked":["Lizard Tail","Eternal Feather"],"picked":"Runic Pyramid"}],"items_purged_floors":[13],"is_endless":false,"potions_floor_spawned":[1,7,10,11,18],"killed_by":"Slavers","ascension_level":12}