{"gold_per_floor":[111,111,111,36,36,36,49,49,49,49,75,134,154,166,166,241,241,252,252,31,31,306,306,206,177,177,177,177,205,565,581,581,657,657,672,332,347,25,25,25,43,43,70,70,70,95,111,160,160,160,160,160,160,19,47,47],"floor_reached":57,"playtime":2461,"items_purged":["Defend_G","Regret","Strike_G","Strike_G"],"score":3184,"play_id":"e0a7e247-8173-4fe3-a57c-043ccd0a3e20","local_time":"20190405031102","is_ascension_mode":true,"campfire_choices":[{"data":"Neutralize","floor":6.0,"key":"SMITH"},{"data":"Noxious Fumes","floor":8.0,"key":"SMITH"},{"data":"Calculated Gamble","floor":10.0,"key":"SMITH"},{"data":"Bouncing Flask","floor":15.0,"key":"SMITH"},{"data":"Catalyst","floor":23.0,"key":"SMITH"},{"data":"Acrobatics","floor":27.0,"key":"SMITH"},{"data":"Ghostly","floor":32.0,"key":"SMITH"},{"data":"Ghostly","floor":40.0,"key":"SMITH"},{"data":"Setup","floor":42.0,"key":"SMITH"},{"data":"Ghostly","floor":44.0,"key":"SMITH"},{"floor":49.0,"key":"RECALL"},{"data":"Malaise","floor":53,"key":"SMITH"}],"neow_cost":"NONE","seed_source_timestamp":51088662808725,"circlet_count":0,"master_deck":["AscendersBane","Defend_G","Defend_G","Defend_G","Defend_G","Strike_G+1","Strike_G+1","Survivor","Neutralize+1","Calculated Gamble+1","Noxious Fumes+1","Bouncing Flask+1","Well Laid Plans","Leg Sweep","After Image","Catalyst+1","Acrobatics+1","Ghostly+1","Ghostly+1","Ghostly+1","Malaise+1","Catalyst+1","Setup+1","PiercingWail+1","Footwork"],"special_seed":0,"relics":["Ring of the Snake","NeowsBlessing","Whetstone","PreservedInsect","Runic Pyramid","ClockworkSouvenir","Mercury Hourglass","Dead Branch","Coffee Dripper","Lee\u0027s Waffle","Lantern","Art of War","Bag of Marbles","Torii","Sundial"],"potions_floor_usage":[51],"damage_taken":[{"damage":0.0,"enemies":"2 Louse","floor":1.0,"turns":1.0},{"damage":0.0,"enemies":"Small Slimes","floor":7.0,"turns":1.0},{"damage":0.0,"enemies":"3 Sentries","floor":11.0,"turns":1.0},{"damage":8.0,"enemies":"Gremlin Nob","floor":12.0,"turns":3.0},{"damage":0.0,"enemies":"Jaw Worm","floor":13.0,"turns":4.0},{"damage":5.0,"enemies":"Blue Slaver","floor":14.0,"turns":4.0},{"damage":0.0,"enemies":"Hexaghost","floor":16.0,"turns":9.0},{"damage":1.0,"enemies":"Chosen","floor":18.0,"turns":5.0},{"damage":7.0,"enemies":"2 Thieves","floor":25.0,"turns":4.0},{"damage":0.0,"enemies":"Book of Stabbing","floor":29.0,"turns":5.0},{"damage":0.0,"enemies":"Centurion and Healer","floor":31.0,"turns":7.0},{"damage":0.0,"enemies":"Automaton","floor":33.0,"turns":10.0},{"damage":0.0,"enemies":"3 Darklings","floor":35.0,"turns":4.0},{"damage":0.0,"enemies":"Orb Walker","floor":37.0,"turns":4.0},{"damage":0.0,"enemies":"4 Shapes","floor":41.0,"turns":5.0},{"damage":0.0,"enemies":"Nemesis","floor":46.0,"turns":3.0},{"damage":0.0,"enemies":"Sphere and 2 Shapes","floor":47.0,"turns":4.0},{"damage":0.0,"enemies":"2 Orb Walkers","floor":48.0,"turns":4.0},{"damage":0.0,"enemies":"Time Eater","floor":50.0,"turns":6.0},{"damage":29,"enemies":"Awakened One","floor":51,"turns":16},{"damage":3,"enemies":"Shield and Spear","floor":55,"turns":7},{"damage":8,"enemies":"The Heart","floor":56,"turns":8}],"seed_played":"-6190207946218515200","potions_obtained":[{"floor":14.0,"key":"Energy Potion"},{"floor":16.0,"key":"SpeedPotion"},{"floor":29.0,"key":"Strength Potion"},{"floor":33.0,"key":"Explosive Potion"},{"floor":35.0,"key":"Fire Potion"},{"floor":37.0,"key":"AttackPotion"},{"floor":46.0,"key":"Energy Potion"}],"is_trial":false,"path_per_floor":["M","?","?","$","?","R","M","R","T","R","E","?","M","M","R","B",null,"M","?","$","?","?","R","$","M","T","R","?","E","?","M","R","B",null,"M","$","M","$","?","R","M","R","T","R","$","E","M","?","R","B","B",null,"R","$","E","B",null],"character_chosen":"THE_SILENT","items_purchased":["ClockworkSouvenir","Lee\u0027s Waffle","Lantern","Energy Potion","Footwork"],"campfire_rested":0,"item_purchase_floors":[20,36,38,54,54],"current_hp_per_floor":[59,64,64,64,64,64,64,64,64,64,64,56,56,51,51,51,66,65,65,65,65,65,65,65,58,58,58,35,35,5,5,5,5,28,28,42,42,42,42,42,42,42,42,42,42,42,42,42,42,42,13,35,35,35,32,24],"gold":47,"neow_bonus":"THREE_ENEMY_KILL","is_prod":false,"is_daily":false,"chose_seed":false,"campfire_upgraded":11,"win_rate":0,"timestamp":1554405062,"path_taken":["M","?","?","$","?","R","M","R","T","R","E","?","?","M","R","BOSS","M","?","?","?","?","R","$","?","T","R","?","E","?","M","R","BOSS","M","$","M","?","?","R","?","R","T","R","?","E","?","?","R","BOSS","BOSS","R","$","E","BOSS"],"build_version":"2019-01-23","purchased_purges":4,"victory":true,"max_hp_per_floor":[66,71,71,71,71,71,71,71,71,71,71,71,71,71,71,71,71,71,71,71,71,71,71,71,71,71,71,35,35,35,35,35,35,35,35,42,42,42,42,42,42,42,42,42,42,42,42,42,42,42,42,42,42,42,42,42],"card_choices":[{"not_picked":["PiercingWail","Flying Knee","Sucker Punch"],"picked":"SKIP","floor":1.0},{"not_picked":["Cloak And Dagger","Backflip"],"picked":"Noxious Fumes","floor":7.0},{"not_picked":["Concentrate","Flying Knee"],"picked":"Bouncing Flask","floor":11.0},{"not_picked":["Grand Finale","Outmaneuver"],"picked":"Well Laid Plans","floor":12.0},{"not_picked":["Slice","Outmaneuver"],"picked":"Leg Sweep","floor":13.0},{"not_picked":["Concentrate","Terror","Bane"],"picked":"SKIP","floor":14.0},{"not_picked":["Storm of Steel","Venomology"],"picked":"After Image","floor":16.0},{"not_picked":["Sucker Punch","Skewer"],"picked":"Catalyst","floor":18.0},{"not_picked":["Deflect","All Out Attack"],"picked":"Acrobatics","floor":25.0},{"not_picked":["Blade Dance","Endless Agony","Dagger Throw+1"],"picked":"SKIP","floor":29.0},{"not_picked":["Finisher","Accuracy","PiercingWail"],"picked":"SKIP","floor":31.0},{"not_picked":["Adrenaline","Envenom"],"picked":"Malaise","floor":33.0},{"not_picked":["PiercingWail","Leg Sweep+1","Dagger Spray+1"],"picked":"SKIP","floor":35.0},{"not_picked":["Quick Slash","Deflect","Sucker Punch"],"picked":"SKIP","floor":37.0},{"not_picked":["Cloak And Dagger+1","Flying Knee"],"picked":"Setup","floor":41.0},{"not_picked":["Bane+1","Accuracy"],"picked":"PiercingWail+1","floor":46.0},{"not_picked":["Predator","Quick Slash","Underhanded Strike"],"picked":"SKIP","floor":47.0},{"not_picked":["Bouncing Flask","Accuracy","Cloak And Dagger"],"picked":"SKIP","floor":55}],"player_experience":4066546,"relics_obtained":[{"floor":11.0,"key":"Whetstone"},{"floor":26.0,"key":"Mercury Hourglass"},{"floor":29.0,"key":"Dead Branch"},{"floor":43.0,"key":"Art of War"},{"floor":46.0,"key":"Bag of Marbles"},{"floor":48.0,"key":"Torii"},{"floor":55,"key":"Sundial"}],"event_choices":[{"damage_healed":0.0,"max_hp_gain":5.0,"max_hp_loss":0.0,"gold_gain":0.0,"event_name":"Big Fish","player_choice":"Donut","floor":2.0,"gold_loss":0.0,"damage_taken":0.0},{"damage_healed":0.0,"max_hp_gain":0.0,"max_hp_loss":0.0,"gold_gain":0.0,"cards_transformed":["Strike_G"],"event_name":"Living Wall","player_choice":"Change","floor":3.0,"gold_loss":0.0,"damage_taken":0.0,"cards_obtained":["Calculated Gamble"]},{"damage_healed":0.0,"max_hp_gain":0.0,"max_hp_loss":0.0,"gold_gain":0.0,"event_name":"The Cleric","player_choice":"Leave","floor":5.0,"gold_loss":0.0,"damage_taken":0.0},{"damage_healed":0.0,"max_hp_gain":0.0,"max_hp_loss":0.0,"gold_gain":0.0,"event_name":"Dead Adventurer","player_choice":"Searched \u00272\u0027 times","floor":12.0,"gold_loss":0.0,"damage_taken":0.0,"relics_obtained":["PreservedInsect"]},{"damage_healed":0.0,"max_hp_gain":0.0,"max_hp_loss":0.0,"gold_gain":0.0,"event_name":"N\u0027loth","player_choice":"Ignored","floor":19.0,"gold_loss":0.0,"damage_taken":0.0},{"damage_healed":0.0,"max_hp_gain":0.0,"max_hp_loss":0.0,"gold_gain":0.0,"event_name":"Beggar","player_choice":"Ignored","floor":21.0,"gold_loss":0.0,"damage_taken":0.0},{"damage_healed":0.0,"max_hp_gain":0.0,"max_hp_loss":0.0,"gold_gain":275.0,"event_name":"Golden Shrine","player_choice":"Desecrate","floor":22.0,"gold_loss":0.0,"damage_taken":0.0,"cards_obtained":["Regret"]},{"damage_healed":0.0,"max_hp_gain":0.0,"max_hp_loss":36.0,"gold_gain":0.0,"event_name":"Ghosts","player_choice":"Became a Ghost","floor":28.0,"gold_loss":0.0,"damage_taken":0.0,"cards_obtained":["Ghostly","Ghostly","Ghostly"]},{"damage_healed":0.0,"max_hp_gain":0.0,"max_hp_loss":0.0,"gold_gain":360.0,"event_name":"Knowing Skull","player_choice":"GOLD GOLD GOLD GOLD ","floor":30.0,"potions_obtained":[],"gold_loss":0.0,"damage_taken":30.0,"cards_obtained":[]},{"damage_healed":0.0,"max_hp_gain":0.0,"max_hp_loss":0.0,"gold_gain":0.0,"event_name":"Duplicator","player_choice":"Copied","floor":39.0,"gold_loss":0.0,"damage_taken":0.0,"cards_obtained":["Catalyst"]},{"damage_healed":0.0,"max_hp_gain":0.0,"max_hp_loss":0.0,"gold_gain":0.0,"event_name":"Mysterious Sphere","player_choice":"Fight","floor":48.0,"gold_loss":0.0,"damage_taken":0.0}],"is_beta":false,"boss_relics":[{"not_picked":["White Beast Statue","Black Star"],"picked":"Runic Pyramid"},{"not_picked":["Calling Bell","Orrery"],"picked":"Coffee Dripper"}],"items_purged_floors":[4,24,36,38],"is_endless":false,"potions_floor_spawned":[14,16,29,33,35,37,41,46,55],"ascension_level":20}