{"gold_per_floor":[112,112,122,197,197,197,229,243,243,126,126,126,141,182,182,276,276,254,154,154,204,228,228,244,244,244,244,44,44,57,157,157,230,230,244,262,275,275,275,275,275,37,37,47,57,77,77,77,77,77,77],"floor_reached":52,"playtime":2120,"items_purged":["Strike_G","Strike_G","Strike_G","Strike_G"],"score":1841,"play_id":"5a65caac-c9dd-4d3d-b229-e5e8ed4e3231","local_time":"20190216192247","is_ascension_mode":true,"campfire_choices":[{"data":"Neutralize","floor":6.0,"key":"SMITH"},{"data":"Noxious Fumes","floor":12.0,"key":"SMITH"},{"data":"Well Laid Plans","floor":15.0,"key":"SMITH"},{"data":"Dash","floor":23.0,"key":"SMITH"},{"floor":25.0,"key":"RECALL"},{"data":"Footwork","floor":32.0,"key":"SMITH"},{"floor":40.0,"key":"REST"},{"floor":49.0,"key":"REST"}],"neow_cost":"NONE","seed_source_timestamp":9632347754157,"circlet_count":0,"master_deck":["AscendersBane","Defend_G","Defend_G","Defend_G","Defend_G","Defend_G","Strike_G","Survivor","Neutralize+1","Dash+1","Noxious Fumes+1","Adrenaline+1","Ghostly+1","Ghostly+1","Ghostly+1","Deadly Poison+1","Calculated Gamble+1","Footwork+1","Concentrate+1","Dodge and Roll+1","Backflip+1","Flechettes","Catalyst+1"],"special_seed":0,"relics":["Ring of the Snake","NeowsBlessing","Bag of Preparation","Toxic Egg 2","Boot","Happy Flower","Bloody Idol","Pantograph","Runic Pyramid","Pocketwatch","Torii","Bottled Flame","Fusion Hammer","Pear"],"potions_floor_usage":[51],"damage_taken":[{"damage":0.0,"enemies":"Jaw Worm","floor":1.0,"turns":1.0},{"damage":0.0,"enemies":"Small Slimes","floor":3.0,"turns":1.0},{"damage":0.0,"enemies":"Lagavulin","floor":7.0,"turns":1.0},{"damage":3.0,"enemies":"2 Louse","floor":8.0,"turns":3.0},{"damage":0.0,"enemies":"Large Slime","floor":13.0,"turns":6.0},{"damage":14.0,"enemies":"3 Sentries","floor":14.0,"turns":8.0},{"damage":9.0,"enemies":"The Guardian","floor":16.0,"turns":13.0},{"damage":13.0,"enemies":"2 Thieves","floor":18.0,"turns":4.0},{"damage":0.0,"enemies":"3 Byrds","floor":22.0,"turns":6.0},{"damage":1.0,"enemies":"Centurion and Healer","floor":24.0,"turns":7.0},{"damage":5.0,"enemies":"Snecko","floor":30.0,"turns":7.0},{"damage":0.0,"enemies":"Colosseum Slavers","floor":31.0,"turns":5.0},{"damage":4.0,"enemies":"Colosseum Nobs","floor":31.0,"turns":6.0},{"damage":0.0,"enemies":"Automaton","floor":33.0,"turns":10.0},{"damage":0.0,"enemies":"3 Darklings","floor":35.0,"turns":6.0},{"damage":1.0,"enemies":"3 Shapes","floor":36.0,"turns":5.0},{"damage":0.0,"enemies":"Writhing Mass","floor":37.0,"turns":8.0},{"damage":1.0,"enemies":"Transient","floor":44.0,"turns":6.0},{"damage":0.0,"enemies":"3 Darklings","floor":45.0,"turns":4.0},{"damage":0.0,"enemies":"Spire Growth","floor":46.0,"turns":5.0},{"damage":24.0,"enemies":"Awakened One","floor":50.0,"turns":18.0},{"damage":11,"enemies":"Donu and Deca","floor":51,"turns":12}],"seed_played":"-5716674466544322047","potions_obtained":[{"floor":1.0,"key":"SteroidPotion"},{"floor":8.0,"key":"PowerPotion"},{"floor":30.0,"key":"GamblersBrew"},{"floor":33.0,"key":"Fire Potion"},{"floor":37.0,"key":"EssenceOfSteel"},{"floor":44.0,"key":"GhostInAJar"}],"is_trial":false,"path_per_floor":["M","?","M","?","T","R","E","M","T","$","?","R","M","E","R","B",null,"M","$","?","?","M","R","M","R","T","?","$","?","M","?","R","B",null,"M","M","M","?","?","R","?","$","T","M","M","M","$","?","R","B","B",null],"character_chosen":"THE_SILENT","items_purchased":["Noxious Fumes","Footwork","Flechettes"],"campfire_rested":2,"item_purchase_floors":[10,28,42],"current_hp_per_floor":[59,54,54,43,43,43,43,40,40,40,40,40,40,26,26,42,56,43,43,30,27,27,27,26,26,26,26,26,26,26,27,27,30,30,30,30,30,30,30,30,28,28,38,38,38,38,38,38,38,14,27],"gold":77,"neow_bonus":"THREE_ENEMY_KILL","is_prod":false,"is_daily":false,"chose_seed":false,"campfire_upgraded":5,"win_rate":0,"timestamp":1550316167,"path_taken":["M","?","M","?","?","R","E","M","T","$","?","R","M","E","R","BOSS","M","$","?","?","?","R","M","R","T","?","$","?","?","?","R","BOSS","M","M","M","?","?","R","?","$","T","?","M","M","$","?","R","BOSS","BOSS"],"build_version":"2019-01-23","purchased_purges":4,"victory":true,"max_hp_per_floor":[66,66,66,66,66,66,66,66,66,66,60,60,60,60,60,60,60,60,60,30,30,30,30,30,30,30,30,30,30,30,30,30,30,30,30,30,30,30,30,30,28,28,38,38,38,38,38,38,38,38,38],"card_choices":[{"not_picked":["Quick Slash","Underhanded Strike"],"picked":"Dash","floor":1.0},{"not_picked":["Deflect","Sucker Punch","Quick Slash"],"picked":"SKIP","floor":3.0},{"not_picked":["Quick Slash","Slice","Predator"],"picked":"SKIP","floor":7.0},{"not_picked":["Expertise+1","Dagger Spray","Heel Hook"],"picked":"SKIP","floor":8.0},{"not_picked":["PiercingWail+1","Slice"],"picked":"Well Laid Plans","floor":13.0},{"not_picked":["Poisoned Stab","Slice","Underhanded Strike"],"picked":"SKIP","floor":14.0},{"not_picked":["Storm of Steel+1","Doppelganger+1"],"picked":"Adrenaline+1","floor":16.0},{"not_picked":["Underhanded Strike","Quick Slash","Dodge and Roll+1"],"picked":"SKIP","floor":18.0},{"not_picked":["Dagger Throw","Leg Sweep+1"],"picked":"Deadly Poison+1","floor":22.0},{"not_picked":["Cloak And Dagger+1","Noxious Fumes"],"picked":"Calculated Gamble+1","floor":24.0},{"not_picked":["Skewer","All Out Attack","Backstab"],"picked":"SKIP","floor":30.0},{"not_picked":["Crippling Poison+1","Deadly Poison+1"],"picked":"Concentrate+1","floor":35.0},{"not_picked":["Slice+1","Sucker Punch","Dodge and Roll+1"],"picked":"SKIP","floor":36.0},{"not_picked":["Slice+1","Sucker Punch"],"picked":"Dodge and Roll+1","floor":36.0},{"not_picked":["Dagger Spray","Slice"],"picked":"Backflip+1","floor":37.0},{"not_picked":["Masterful Stab","Eviscerate+1","Quick Slash"],"picked":"SKIP","floor":44.0},{"not_picked":["Bane+1","Blur+1"],"picked":"Catalyst+1","floor":45.0},{"not_picked":["Deflect+1","Flying Knee","Underhanded Strike"],"picked":"SKIP","floor":46.0}],"player_experience":1460783,"relics_obtained":[{"floor":5.0,"key":"Toxic Egg 2"},{"floor":7.0,"key":"Boot"},{"floor":9.0,"key":"Happy Flower"},{"floor":14.0,"key":"Pantograph"},{"floor":26.0,"key":"Pocketwatch"},{"floor":31.0,"key":"Torii"},{"floor":31.0,"key":"Bottled Flame"},{"floor":43.0,"key":"Pear"}],"event_choices":[{"damage_healed":0.0,"max_hp_gain":0.0,"max_hp_loss":0.0,"gold_gain":0.0,"event_name":"Scrap Ooze","player_choice":"Success","floor":2.0,"gold_loss":0.0,"damage_taken":5.0,"relics_obtained":["Bag of Preparation"]},{"damage_healed":0.0,"max_hp_gain":0.0,"max_hp_loss":0.0,"gold_gain":75.0,"event_name":"World of Goop","player_choice":"Gather Gold","floor":4.0,"gold_loss":0.0,"damage_taken":11.0},{"damage_healed":0.0,"max_hp_gain":0.0,"max_hp_loss":6.0,"gold_gain":0.0,"event_name":"Golden Idol","player_choice":"Lose Max HP","floor":11.0,"gold_loss":0.0,"damage_taken":0.0,"relics_obtained":["Golden Idol"]},{"damage_healed":0.0,"max_hp_gain":0.0,"max_hp_loss":30.0,"gold_gain":0.0,"event_name":"Ghosts","player_choice":"Became a Ghost","floor":20.0,"gold_loss":0.0,"damage_taken":0.0,"cards_obtained":["Ghostly","Ghostly","Ghostly"]},{"damage_healed":0.0,"max_hp_gain":0.0,"max_hp_loss":0.0,"gold_gain":50.0,"event_name":"FaceTrader","player_choice":"Touch","floor":21.0,"gold_loss":0.0,"damage_taken":3.0},{"damage_healed":0.0,"max_hp_gain":0.0,"max_hp_loss":0.0,"gold_gain":0.0,"event_name":"Forgotten Altar","player_choice":"Gave Idol","floor":27.0,"relics_lost":["Golden Idol"],"gold_loss":0.0,"damage_taken":0.0,"relics_obtained":["Bloody Idol"]},{"damage_healed":0.0,"max_hp_gain":0.0,"max_hp_loss":0.0,"gold_gain":0.0,"event_name":"Match and Keep!","player_choice":"0 cards matched","floor":29.0,"gold_loss":0.0,"damage_taken":0.0,"cards_obtained":[]},{"damage_healed":0.0,"max_hp_gain":0.0,"max_hp_loss":0.0,"gold_gain":0.0,"event_name":"Colosseum","player_choice":"Fight","floor":31.0,"gold_loss":0.0,"damage_taken":0.0},{"damage_healed":0.0,"max_hp_gain":0.0,"max_hp_loss":0.0,"gold_gain":0.0,"event_name":"Colosseum","player_choice":"Fought Nobs","floor":31.0,"gold_loss":0.0,"damage_taken":0.0},{"damage_healed":0.0,"max_hp_gain":0.0,"max_hp_loss":0.0,"gold_gain":0.0,"event_name":"Tomb of Lord Red Mask","player_choice":"Ignored","floor":38.0,"gold_loss":0.0,"damage_taken":0.0},{"damage_healed":0.0,"max_hp_gain":0.0,"max_hp_loss":0.0,"gold_gain":0.0,"event_name":"Mysterious Sphere","player_choice":"Ignored","floor":39.0,"gold_loss":0.0,"damage_taken":0.0},{"damage_healed":0.0,"max_hp_gain":0.0,"max_hp_loss":2.0,"gold_gain":0.0,"event_name":"Winding Halls","player_choice":"Max HP","floor":41.0,"gold_loss":0.0,"damage_taken":0.0},{"cards_removed":["Well Laid Plans"],"damage_healed":0.0,"max_hp_gain":0.0,"max_hp_loss":0.0,"gold_gain":0.0,"event_name":"Falling","player_choice":"Removed Power","floor":48.0,"gold_loss":0.0,"damage_taken":0.0}],"is_beta":false,"boss_relics":[{"not_picked":["Black Star","Ectoplasm"],"picked":"Runic Pyramid"},{"not_picked":["Philosopher\u0027s Stone","HoveringKite"],"picked":"Fusion Hammer"}],"items_purged_floors":[10,19,28,42],"is_endless":false,"potions_floor_spawned":[1,8,13,30,31,33,37,44,45,46],"ascension_level":20}