{"gold_per_floor":[119,119,4,20,40,40,65,78,78,78,98,124,6,18,18,18],"floor_reached":16,"playtime":292,"items_purged":["Strike_B"],"score":204,"play_id":"2fc7824d-1213-4c42-bc00-abc5f986db59","local_time":"20190604202725","is_ascension_mode":true,"campfire_choices":[{"data":"Beam Cell","floor":6.0,"key":"SMITH"},{"data":"Sunder","floor":10,"key":"SMITH"},{"floor":15,"key":"REST"}],"neow_cost":"PERCENT_DAMAGE","seed_source_timestamp":778514303695985,"circlet_count":0,"master_deck":["AscendersBane","Strike_B","Strike_B","Strike_B","Defend_B","Defend_B","Defend_B","Defend_B","Zap","Dualcast","Trip","Purity","Turbo","Rip and Tear","White Noise","Beam Cell+1","Sunder+1","Hologram","Undo","Turbo","Recycle"],"special_seed":0,"relics":["Cracked Core","Darkstone Periapt","Ornamental Fan","Odd Mushroom","Molten Egg 2"],"potions_floor_usage":[8,12,14,16],"damage_taken":[{"damage":4.0,"enemies":"Jaw Worm","floor":1.0,"turns":4.0},{"damage":0.0,"enemies":"Cultist","floor":4.0,"turns":3.0},{"damage":0.0,"enemies":"2 Louse","floor":5.0,"turns":2.0},{"damage":25.0,"enemies":"Lagavulin","floor":7.0,"turns":6.0},{"damage":0,"enemies":"Exordium Thugs","floor":8,"turns":2},{"damage":7,"enemies":"Looter","floor":11,"turns":3},{"damage":9,"enemies":"The Mushroom Lair","floor":12,"turns":5},{"damage":0,"enemies":"3 Louse","floor":14,"turns":2},{"damage":0,"enemies":"Slime Boss","floor":16,"turns":3}],"seed_played":"-30004823310324337","potions_obtained":[{"floor":5.0,"key":"Energy Potion"},{"floor":7,"key":"Swift Potion"},{"floor":8,"key":"Explosive Potion"},{"floor":12,"key":"AttackPotion"}],"is_trial":false,"path_per_floor":["M","?","$","M","M","R","E","M","T","R","M","?","?","M","R","B"],"character_chosen":"DEFECT","items_purchased":["Rip and Tear"],"campfire_rested":1,"item_purchase_floors":[3],"current_hp_per_floor":[42,42,42,42,42,42,17,17,17,17,10,1,1,1,22,22],"gold":18,"neow_bonus":"RANDOM_COLORLESS_2","is_prod":false,"is_daily":false,"chose_seed":false,"campfire_upgraded":2,"win_rate":0,"timestamp":1559647645,"path_taken":["M","?","$","M","M","R","E","M","T","R","M","?","?","M","R","BOSS"],"build_version":"2019-01-23","purchased_purges":1,"victory":false,"max_hp_per_floor":[71,71,71,71,71,71,71,71,71,71,71,71,71,71,71,71],"card_choices":[{"not_picked":["Conserve Battery","Coolheaded"],"picked":"Turbo","floor":1.0},{"not_picked":["Defragment","Steam Power"],"picked":"White Noise","floor":4.0},{"not_picked":["Static Discharge","Barrage"],"picked":"Beam Cell","floor":5.0},{"not_picked":["Gash","White Noise"],"picked":"Sunder","floor":7},{"not_picked":["FTL","Redo"],"picked":"Hologram","floor":8},{"not_picked":["Sweeping Beam","Cold Snap"],"picked":"Undo","floor":11},{"not_picked":["Hyperbeam","Sweeping Beam"],"picked":"Turbo","floor":12},{"not_picked":["Compile Driver+1","Hologram"],"picked":"Recycle","floor":14}],"player_experience":550895,"relics_obtained":[{"floor":7,"key":"Darkstone Periapt"},{"floor":9,"key":"Ornamental Fan"},{"floor":12,"key":"Odd Mushroom"}],"event_choices":[{"damage_healed":0.0,"max_hp_gain":0.0,"max_hp_loss":0.0,"gold_gain":0.0,"event_name":"The Cleric","player_choice":"Leave","floor":2.0,"gold_loss":0.0,"damage_taken":0.0},{"damage_healed":0,"gold_gain":0,"player_choice":"Fought Mushrooms","damage_taken":0,"max_hp_gain":0,"max_hp_loss":0,"event_name":"Mushrooms","floor":12,"gold_loss":0},{"damage_healed":0,"gold_gain":0,"player_choice":"Paid Gold","damage_taken":0,"relics_obtained":["Molten Egg 2"],"max_hp_gain":0,"max_hp_loss":0,"event_name":"WeMeetAgain","floor":13,"gold_loss":118}],"is_beta":false,"boss_relics":[],"items_purged_floors":[3],"is_endless":false,"potions_floor_spawned":[5,7,8,12],"killed_by":"Slime Boss","ascension_level":20}