{"gold_per_floor":[110,35,35,35,47,77,95,114,140,140,155,155,171,191,191,266,266,283,161,161],"floor_reached":20,"playtime":551,"items_purged":["Strike_G"],"score":452,"play_id":"a49ac76b-e356-4271-9e11-22eb01344791","local_time":"20190120201210","is_ascension_mode":true,"campfire_choices":[{"data":"Phantasmal Killer","floor":10,"key":"SMITH"},{"data":"Neutralize","floor":12,"key":"SMITH"},{"data":"Envenom","floor":15,"key":"SMITH"}],"neow_cost":"NONE","seed_source_timestamp":39013831214526,"circlet_count":0,"master_deck":["AscendersBane","Defend_G","Defend_G","Defend_G","Defend_G","Defend_G","Strike_G","Strike_G","Strike_G","Survivor","Neutralize+1","Backflip","Predator","Endless Agony","Phantasmal Killer+1","Envenom+1","Grand Finale","Well Laid Plans","Glass Knife","Well Laid Plans"],"relics":["Coffee Dripper","The Courier","Vajra","Pear","Happy Flower","Orrery"],"potions_floor_usage":[13,16,18,20],"damage_taken":[{"damage":7,"enemies":"Jaw Worm","floor":1,"turns":5},{"damage":0,"enemies":"2 Louse","floor":5,"turns":3},{"damage":26,"enemies":"Gremlin Nob","floor":6,"turns":4},{"damage":0,"enemies":"Cultist","floor":7,"turns":3},{"damage":10,"enemies":"Exordium Thugs","floor":8,"turns":6},{"damage":1,"enemies":"3 Louse","floor":11,"turns":2},{"damage":4,"enemies":"Blue Slaver","floor":13,"turns":3},{"damage":0,"enemies":"2 Fungi Beasts","floor":14,"turns":3},{"damage":0,"enemies":"Hexaghost","floor":16,"turns":8},{"damage":32,"enemies":"Shell Parasite","floor":18,"turns":6},{"damage":0,"enemies":"3 Byrds","floor":20,"turns":1}],"seed_played":"-788402142946502527","potions_obtained":[{"floor":11,"key":"EssenceOfSteel"},{"floor":13,"key":"PowerPotion"},{"floor":14,"key":"GamblersBrew"},{"floor":16,"key":"Regen Potion"},{"floor":18,"key":"Explosive Potion"}],"is_trial":false,"path_per_floor":["M","?","T","?","M","E","M","M","T","R","M","R","M","M","R","B",null,"M","$","M"],"character_chosen":"THE_SILENT","items_purchased":["Well Laid Plans"],"campfire_rested":0,"item_purchase_floors":[19],"current_hp_per_floor":[52,52,52,34,34,18,18,8,8,8,7,7,3,3,3,3,58,26,26,26],"gold":161,"neow_bonus":"BOSS_RELIC","is_prod":false,"is_daily":false,"chose_seed":false,"campfire_upgraded":3,"win_rate":0,"timestamp":1547986330,"path_taken":["M","?","?","?","M","E","M","M","T","R","M","R","M","M","R","BOSS","M","$","M"],"build_version":"2019-01-17v2","purchased_purges":1,"victory":false,"max_hp_per_floor":[66,66,66,66,66,76,76,76,76,76,76,76,76,76,76,76,76,76,76,76],"card_choices":[{"not_picked":["Cloak And Dagger","PiercingWail"],"picked":"Backflip","floor":1},{"not_picked":["Choke","Sucker Punch"],"picked":"Predator","floor":5},{"not_picked":["Endless Agony","Finisher","Quick Slash"],"picked":"SKIP","floor":6},{"not_picked":["Finisher","Quick Slash"],"picked":"Endless Agony","floor":6},{"not_picked":["Bane","Cloak And Dagger"],"picked":"Phantasmal Killer","floor":7},{"not_picked":["Deflect","Reflex","Poisoned Stab"],"picked":"SKIP","floor":8},{"not_picked":["Finisher","Underhanded Strike","Bane"],"picked":"SKIP","floor":11},{"not_picked":["Bane","Eviscerate","Reflex"],"picked":"SKIP","floor":13},{"not_picked":["Setup","Dagger Spray"],"picked":"Envenom","floor":14},{"not_picked":["Corpse Explosion","Adrenaline"],"picked":"Grand Finale","floor":16},{"not_picked":["Poisoned Stab","Flechettes"],"picked":"Well Laid Plans","floor":17},{"not_picked":["Dagger Throw","Slice"],"picked":"Glass Knife","floor":17},{"not_picked":["Dagger Throw","Cloak And Dagger","Poisoned Stab"],"picked":"SKIP","floor":18}],"player_experience":2082916,"relics_obtained":[{"floor":3,"key":"The Courier"},{"floor":6,"key":"Pear"},{"floor":9,"key":"Happy Flower"}],"event_choices":[{"cards_removed":["Strike_G"],"damage_healed":0,"gold_gain":0,"player_choice":"Card Removal","damage_taken":0,"max_hp_gain":0,"max_hp_loss":0,"event_name":"The Cleric","floor":2,"gold_loss":75},{"damage_healed":0,"gold_gain":0,"player_choice":"Success","damage_taken":18,"relics_obtained":["Vajra"],"max_hp_gain":0,"max_hp_loss":0,"event_name":"Scrap Ooze","floor":4,"gold_loss":0}],"is_beta":false,"boss_relics":[{"not_picked":["Snecko Eye","Tiny House"],"picked":"Orrery"}],"items_purged_floors":[19],"is_endless":false,"potions_floor_spawned":[11,13,14,16,18],"killed_by":"3 Byrds","ascension_level":20}