{"path_per_floor":["M","?","$","?","M","R","$","R","T","M","M","?","E","?","R"],"character_chosen":"THE_SILENT","items_purchased":["Paper Crane"],"gold_per_floor":[11,261,8,8,23,23,23,23,23,38,50,0,30,53,53,53],"floor_reached":16,"campfire_rested":0,"playtime":496,"item_purchase_floors":[3],"current_hp_per_floor":[63,63,63,63,63,63,63,63,63,61,61,61,52,44,44,0],"items_purged":[],"gold":53,"score":152,"play_id":"5b97ed17-c946-4d35-a98d-fa01f8125438","local_time":"20180612230237","is_prod":false,"is_daily":false,"chose_seed":false,"is_ascension_mode":true,"campfire_upgraded":3,"win_rate":0,"timestamp":1528815757,"campfire_choices":[{"data":"Neutralize","floor":6,"key":"SMITH"},{"data":"Leg Sweep","floor":8,"key":"SMITH"},{"data":"Footwork","floor":15,"key":"SMITH"}],"path_taken":["M","?","$","?","M","R","?","R","T","M","?","?","E","?","R","BOSS"],"build_version":"2018-06-11","seed_source_timestamp":49084857371016,"purchased_purges":0,"victory":false,"master_deck":["Defend_G","Defend_G","Defend_G","Defend_G","Defend_G","Strike_G","Strike_G","Strike_G","Strike_G","Strike_G","Survivor","Neutralize+1","AscendersBane","Glass Knife+1","Backstab","Leg Sweep+1","Crippling Poison","Footwork+1"],"max_hp_per_floor":[70,70,70,70,70,70,70,70,70,70,70,70,70,70,70,70],"special_seed":0,"relics":["Ring of the Snake","Paper Crane","Snake Skull","Bag of Preparation","Odd Mushroom"],"card_choices":[{"not_picked":["Unload","Wraith Form v2"],"picked":"Glass Knife","floor":0},{"not_picked":["Malaise","Outmaneuver"],"picked":"Backstab","floor":1},{"not_picked":["Dagger Spray","PiercingWail"],"picked":"Leg Sweep","floor":5},{"not_picked":["Flying Knee","Riddle With Holes"],"picked":"Crippling Poison","floor":10},{"not_picked":["Expertise","Masterful Stab"],"picked":"Footwork","floor":11},{"not_picked":["Dagger Throw","Crippling Poison","Expertise"],"picked":"SKIP","floor":13}],"player_experience":584522,"potions_floor_usage":[16],"damage_taken":[{"damage":0,"enemies":"2 Louse","floor":1,"turns":3},{"damage":0,"enemies":"Cultist","floor":5,"turns":2},{"damage":2,"enemies":"Small Slimes","floor":10,"turns":3},{"damage":0,"enemies":"Exordium Wildlife","floor":11,"turns":2},{"damage":9,"enemies":"3 Sentries","floor":13,"turns":13},{"damage":8,"floor":14,"turns":4},{"damage":47,"enemies":"Hexaghost","floor":16,"turns":18}],"relics_obtained":[{"floor":9,"key":"Snake Skull"},{"floor":13,"key":"Bag of Preparation"},{"floor":14,"key":"Odd Mushroom"}],"event_choices":[{"event_name":"Golden Shrine","player_choice":"Desecrate","floor":2,"damage_taken":0},{"event_name":"Upgrade Shrine","player_choice":"Upgraded","floor":4,"damage_taken":0},{"event_name":"The Cleric","player_choice":"Card Removal","floor":12,"damage_taken":0},{"event_name":"Mushrooms","player_choice":"Fought Mushrooms","floor":14,"damage_taken":0}],"boss_relics":[],"items_purged_floors":[],"potions_floor_spawned":[1,14],"seed_played":"8078059553722942982","killed_by":"Hexaghost","ascension_level":11,"potions_obtained":[{"floor":1,"key":"Ancient Potion"},{"floor":14,"key":"Explosive Potion"}],"is_trial":false}