{"gold_per_floor":[117,129,129,53,69,69,83,83,106,106,31,48,80,95,95,172,172,150,150,250,280,170,204,204,104,104,122,122,122,134,148,148,220,220,240,240,115,115,135,135,163,163,208,233,245,285,297,325,337,349,361,373,385,35,61,61],"floor_reached":57,"playtime":2678,"items_purged":["Regret","Strike_G","Writhe","Writhe"],"score":2806,"play_id":"3a2058cc-c599-49d3-98fc-7a6975f11bda","local_time":"20190218192807","is_ascension_mode":true,"campfire_choices":[{"data":"Catalyst","floor":6.0,"key":"SMITH"},{"data":"Bouncing Flask","floor":8.0,"key":"SMITH"},{"data":"Bouncing Flask","floor":15.0,"key":"SMITH"},{"data":"Catalyst","floor":24.0,"key":"SMITH"},{"data":"Catalyst","floor":29.0,"key":"SMITH"},{"data":"Ghostly","floor":32.0,"key":"SMITH"},{"data":"Apotheosis","floor":40,"key":"SMITH"},{"floor":42,"key":"RECALL"},{"data":"Footwork","floor":45,"key":"SMITH"},{"data":"Expertise","floor":49,"key":"SMITH"},{"data":"Ghostly","floor":53,"key":"SMITH"}],"neow_cost":"NONE","seed_source_timestamp":38270304189424,"circlet_count":0,"master_deck":["AscendersBane","Defend_G","Defend_G","Defend_G","Survivor+1","Neutralize","Bouncing Flask+1","Footwork+1","Catalyst+1","Expertise+1","Bouncing Flask+1","After Image","Catalyst+1","Ghostly+1","Ghostly+1","Ghostly","Catalyst+1","Backflip","Leg Sweep","Burst","Deadly Poison+1","Adrenaline+1","Doppelganger+1","Apotheosis+1","Purity","Impatience+1","Concentrate+1","PiercingWail+1","Dual Wield+1"],"special_seed":0,"relics":["Cursed Key","Lantern","Runic Pyramid","Pocketwatch","Matryoshka","Red Mask","Blood Vial","Question Card","Darkstone Periapt","Enchiridion","Astrolabe","Regal Pillow","Toxic Egg 2","MawBank","Vajra","PrismaticShard","Happy Flower"],"potions_floor_usage":[56,56],"damage_taken":[{"damage":1.0,"enemies":"2 Louse","floor":1.0,"turns":3.0},{"damage":0.0,"enemies":"Small Slimes","floor":2.0,"turns":4.0},{"damage":1.0,"enemies":"Cultist","floor":5.0,"turns":3.0},{"damage":8.0,"enemies":"2 Fungi Beasts","floor":7.0,"turns":5.0},{"damage":6.0,"enemies":"Blue Slaver","floor":12.0,"turns":3.0},{"damage":24.0,"enemies":"Lagavulin","floor":13.0,"turns":6.0},{"damage":6.0,"enemies":"3 Louse","floor":14.0,"turns":5.0},{"damage":6.0,"enemies":"The Guardian","floor":16.0,"turns":5.0},{"damage":2.0,"enemies":"2 Thieves","floor":18.0,"turns":4.0},{"damage":0.0,"enemies":"Colosseum Slavers","floor":20.0,"turns":4.0},{"damage":1.0,"enemies":"Colosseum Nobs","floor":20.0,"turns":5.0},{"damage":8.0,"enemies":"Masked Bandits","floor":21.0,"turns":7.0},{"damage":2.0,"enemies":"Gremlin Leader","floor":23.0,"turns":5.0},{"damage":5.0,"enemies":"Shell Parasite","floor":27.0,"turns":2.0},{"damage":0.0,"enemies":"Centurion and Healer","floor":30.0,"turns":6.0},{"damage":4.0,"enemies":"Chosen and Byrds","floor":31.0,"turns":6.0},{"damage":2.0,"enemies":"Automaton","floor":33.0,"turns":8.0},{"damage":0,"enemies":"Orb Walker","floor":35,"turns":2},{"damage":0,"enemies":"3 Darklings","floor":39,"turns":5},{"damage":0,"enemies":"Giant Head","floor":41,"turns":4},{"damage":0,"enemies":"Writhing Mass","floor":44,"turns":4},{"damage":2,"enemies":"Reptomancer","floor":46,"turns":2},{"damage":9,"enemies":"Sphere and 2 Shapes","floor":48,"turns":4},{"damage":0,"enemies":"Time Eater","floor":50,"turns":4},{"damage":4,"enemies":"Donu and Deca","floor":51,"turns":5},{"damage":9,"enemies":"Shield and Spear","floor":55,"turns":4},{"damage":17,"enemies":"The Heart","floor":56,"turns":7}],"seed_played":"3931155287971582792","potions_obtained":[{"floor":1.0,"key":"EssenceOfSteel"},{"floor":14.0,"key":"SpeedPotion"},{"floor":23.0,"key":"Dexterity Potion"},{"floor":27.0,"key":"Fruit Juice"},{"floor":33.0,"key":"Fire Potion"},{"floor":39,"key":"PowerPotion"}],"is_trial":false,"path_per_floor":["M","M","?","$","M","R","M","R","T","?","$","M","E","M","R","B",null,"M","?","?","?","?","E","R","$","T","M","?","R","M","M","R","B",null,"M","?","$","?","M","R","E","R","T","M","R","E","?","M","R","B","B",null,"R","$","E","B",null],"character_chosen":"THE_SILENT","items_purchased":["Catalyst","PrismaticShard"],"campfire_rested":0,"item_purchase_floors":[4,54],"current_hp_per_floor":[58,58,58,58,57,57,49,49,49,49,49,43,19,13,13,7,51,49,33,32,24,24,22,22,22,22,24,3,3,5,3,3,3,29,31,21,21,21,23,23,25,25,31,33,33,33,33,26,26,28,26,40,40,40,33,18],"gold":61,"neow_bonus":"BOSS_RELIC","is_prod":false,"is_daily":false,"chose_seed":false,"campfire_upgraded":10,"win_rate":0,"timestamp":1550489287,"path_taken":["M","M","?","$","M","R","M","R","T","?","$","M","E","M","R","BOSS","M","?","?","?","?","E","R","$","T","?","?","R","M","M","R","BOSS","M","?","$","?","?","R","E","R","T","M","R","E","?","?","R","BOSS","BOSS","R","$","E","BOSS"],"build_version":"2019-01-23","purchased_purges":4,"victory":true,"max_hp_per_floor":[66,66,66,66,66,66,66,66,66,66,66,66,66,66,66,66,66,66,33,33,33,33,33,33,33,33,38,38,38,38,38,38,38,38,38,38,38,38,38,38,38,38,44,44,44,44,44,44,44,44,44,44,44,44,44,44],"card_choices":[{"not_picked":["Flechettes","Eviscerate"],"picked":"Bouncing Flask","floor":1.0},{"not_picked":["Bane","Flechettes","Dagger Throw"],"picked":"SKIP","floor":2.0},{"not_picked":["PiercingWail","Poisoned Stab"],"picked":"Expertise","floor":5.0},{"not_picked":["Blur","Heel Hook","Sucker Punch"],"picked":"SKIP","floor":7.0},{"not_picked":["Dodge and Roll","Doppelganger","Cloak And Dagger"],"picked":"SKIP","floor":12.0},{"not_picked":["Prepared","Reflex","Sucker Punch"],"picked":"SKIP","floor":13.0},{"not_picked":["All Out Attack","Poisoned Stab","Prepared"],"picked":"SKIP","floor":14.0},{"not_picked":["Phantasmal Killer","Burst"],"picked":"After Image","floor":16.0},{"not_picked":["Bane","Accuracy+1"],"picked":"Catalyst","floor":18.0},{"not_picked":["Dagger Throw","Heel Hook"],"picked":"Catalyst","floor":23.0},{"not_picked":["Infinite Blades","Reflex","Underhanded Strike","Eviscerate"],"picked":"SKIP","floor":27.0},{"not_picked":["Slice","Deadly Poison","Deflect"],"picked":"Backflip","floor":30.0},{"not_picked":["Masterful Stab","Quick Slash","Die Die Die"],"picked":"Leg Sweep","floor":31.0},{"not_picked":["Adrenaline","Envenom","Bullet Time"],"picked":"Burst","floor":33.0},{"not_picked":["Slice","Crippling Poison","Reflex","Tactician"],"picked":"SKIP","floor":35},{"not_picked":["Secret Weapon","Madness","Trip"],"picked":"Apotheosis","floor":36},{"not_picked":["Dark Shackles","Deep Breath","Enlightenment"],"picked":"Purity","floor":36},{"not_picked":["Madness","Flash of Steel","Panacea"],"picked":"Impatience","floor":36},{"not_picked":["Finisher","Sucker Punch+1","Leg Sweep","Deflect"],"picked":"SKIP","floor":39},{"not_picked":["Prepared","Flechettes","Underhanded Strike","Expertise"],"picked":"SKIP","floor":41},{"not_picked":["Prepared","Flechettes","Underhanded Strike","Expertise"],"picked":"SKIP","floor":41},{"not_picked":["Dodge and Roll+1","Endless Agony","All Out Attack"],"picked":"Concentrate+1","floor":44},{"not_picked":["Sucker Punch","Slice","Prepared+1"],"picked":"PiercingWail+1","floor":46},{"not_picked":["Finisher","Escape Plan+1","Well Laid Plans","Blade Dance+1"],"picked":"SKIP","floor":48},{"not_picked":["Redo+1","Go for the Eyes","Deep Breath+1"],"picked":"Dual Wield+1","floor":55}],"player_experience":2914610,"relics_obtained":[{"floor":13.0,"key":"Lantern"},{"floor":20.0,"key":"Pocketwatch"},{"floor":20.0,"key":"Matryoshka"},{"floor":21.0,"key":"Red Mask"},{"floor":23.0,"key":"Blood Vial"},{"floor":26.0,"key":"Question Card"},{"floor":26.0,"key":"Darkstone Periapt"},{"floor":28.0,"key":"Enchiridion"},{"floor":41,"key":"Regal Pillow"},{"floor":43,"key":"Toxic Egg 2"},{"floor":43,"key":"MawBank"},{"floor":46,"key":"Vajra"},{"floor":55,"key":"Happy Flower"}],"event_choices":[{"damage_healed":0.0,"max_hp_gain":0.0,"max_hp_loss":0.0,"gold_gain":0.0,"cards_transformed":["Strike_G"],"event_name":"Living Wall","player_choice":"Change","floor":3.0,"gold_loss":0.0,"damage_taken":0.0,"cards_obtained":["Footwork"]},{"damage_healed":0.0,"max_hp_gain":0.0,"max_hp_loss":0.0,"gold_gain":0.0,"cards_transformed":["Strike_G"],"event_name":"Transmorgrifier","player_choice":"Transformed","floor":10.0,"gold_loss":0.0,"damage_taken":0.0,"cards_obtained":["Bouncing Flask"]},{"damage_healed":0.0,"max_hp_gain":0.0,"max_hp_loss":33.0,"gold_gain":0.0,"event_name":"Ghosts","player_choice":"Became a Ghost","floor":19.0,"gold_loss":0.0,"damage_taken":0.0,"cards_obtained":["Ghostly","Ghostly","Ghostly"]},{"damage_healed":0.0,"max_hp_gain":0.0,"max_hp_loss":0.0,"gold_gain":0.0,"event_name":"Colosseum","player_choice":"Fight","floor":20.0,"gold_loss":0.0,"damage_taken":0.0},{"damage_healed":0.0,"max_hp_gain":0.0,"max_hp_loss":0.0,"gold_gain":0.0,"event_name":"Colosseum","player_choice":"Fought Nobs","floor":20.0,"gold_loss":0.0,"damage_taken":0.0},{"damage_healed":0.0,"max_hp_gain":0.0,"max_hp_loss":0.0,"gold_gain":0.0,"event_name":"Masked Bandits","player_choice":"Fought Bandits","floor":21.0,"gold_loss":0.0,"damage_taken":0.0},{"cards_removed":["Strike_G"],"damage_healed":0.0,"max_hp_gain":0.0,"max_hp_loss":0.0,"gold_gain":0.0,"event_name":"Designer","player_choice":"Upgrade and Remove","floor":22.0,"gold_loss":110.0,"damage_taken":0.0,"cards_upgraded":["Survivor"]},{"damage_healed":0.0,"max_hp_gain":0.0,"max_hp_loss":0.0,"gold_gain":0.0,"event_name":"Cursed Tome","player_choice":"Obtained Book","floor":28.0,"gold_loss":0.0,"damage_taken":21.0},{"damage_healed":0,"gold_gain":0,"player_choice":"Memory 3","damage_taken":10,"max_hp_gain":0,"max_hp_loss":0,"event_name":"SensoryStone","floor":36,"gold_loss":0},{"damage_healed":0,"gold_gain":0,"player_choice":"Ignored","damage_taken":0,"max_hp_gain":0,"max_hp_loss":0,"event_name":"SecretPortal","floor":38,"gold_loss":0},{"damage_healed":0,"gold_gain":0,"player_choice":"Upgraded","damage_taken":0,"max_hp_gain":0,"max_hp_loss":0,"event_name":"Upgrade Shrine","floor":47,"gold_loss":0,"cards_upgraded":["Impatience"]}],"is_beta":false,"boss_relics":[{"not_picked":["Busted Crown","Ectoplasm"],"picked":"Runic Pyramid"},{"not_picked":["Fusion Hammer","Orrery"],"picked":"Astrolabe"}],"items_purged_floors":[11,25,37,54],"is_endless":false,"potions_floor_spawned":[1,14,16,23,27,33,39,41,44,48],"ascension_level":20}