{"gold_per_floor":[113,38,38,50,50,50,70,80,80,80,102,113,128,128,128,228,228,239,253,253,253,174,174,93,93,93,105,115,115,126,145,145,246,246,256,271,271,290,303,303,314,314,362,362,381,394,394,218,218,218],"floor_reached":51,"playtime":2904,"items_purged":["Strike_G","Strike_G+1"],"score":618,"play_id":"aeb7c8e5-4063-421d-8e5f-71a119f67296","local_time":"20181124175805","is_ascension_mode":false,"campfire_choices":[{"data":"Bouncing Flask","floor":6.0,"key":"SMITH"},{"data":"Neutralize","floor":10.0,"key":"SMITH"},{"floor":15.0,"key":"REST"},{"data":"Well Laid Plans","floor":23.0,"key":"SMITH"},{"data":"Footwork","floor":25.0,"key":"SMITH"},{"data":"Deadly Poison","floor":29.0,"key":"SMITH"},{"data":"Glass Knife","floor":32.0,"key":"SMITH"},{"data":"After Image","floor":40,"key":"SMITH"},{"floor":42,"key":"RECALL"},{"floor":44,"key":"REST"},{"floor":47,"key":"REST"},{"data":"Noxious Fumes","floor":49,"key":"SMITH"}],"neow_cost":"PERCENT_DAMAGE","seed_source_timestamp":28145524321713,"circlet_count":0,"master_deck":["Defend_G+1","Defend_G+1","Defend_G+1","Defend_G+1","Strike_G+1","Strike_G+1","Survivor+1","Neutralize+1","Bouncing Flask+1","Escape Plan+1","Deadly Poison+1","Malaise+1","Well Laid Plans+1","Footwork+1","Glass Knife+1","Burst+1","Backflip+1","Cloak And Dagger+1","After Image+1","Noxious Fumes+1","Noxious Fumes+1"],"special_seed":0,"relics":["Ring of the Snake","Odd Mushroom","Sozu","Question Card","Letter Opener","Philosopher\u0027s Stone","Mark of the Bloom","Snake Skull"],"potions_floor_usage":[50],"damage_taken":[{"damage":0.0,"enemies":"2 Louse","floor":1.0,"turns":3.0},{"damage":3.0,"enemies":"Small Slimes","floor":4.0,"turns":4.0},{"damage":0.0,"enemies":"Cultist","floor":7.0,"turns":3.0},{"damage":7.0,"enemies":"Exordium Wildlife","floor":8.0,"turns":7.0},{"damage":4.0,"enemies":"The Mushroom Lair","floor":11.0,"turns":5.0},{"damage":1.0,"enemies":"Blue Slaver","floor":12.0,"turns":3.0},{"damage":1.0,"enemies":"3 Louse","floor":13.0,"turns":6.0},{"damage":27.0,"enemies":"Slime Boss","floor":16.0,"turns":9.0},{"damage":0.0,"enemies":"Chosen","floor":18.0,"turns":4.0},{"damage":0.0,"enemies":"Spheric Guardian","floor":19.0,"turns":2.0},{"damage":0.0,"enemies":"Snake Plant","floor":27.0,"turns":4.0},{"damage":0.0,"enemies":"Sentry and Sphere","floor":28.0,"turns":5.0},{"damage":5.0,"enemies":"3 Cultists","floor":30.0,"turns":5.0},{"damage":0.0,"enemies":"Centurion and Healer","floor":31.0,"turns":5.0},{"damage":27.0,"enemies":"Automaton","floor":33.0,"turns":10.0},{"damage":0.0,"enemies":"Orb Walker","floor":35.0,"turns":3.0},{"damage":2,"enemies":"3 Darklings","floor":36,"turns":5},{"damage":13,"enemies":"Spire Growth","floor":38,"turns":5},{"damage":1,"enemies":"Writhing Mass","floor":39,"turns":5},{"damage":0,"enemies":"Maw","floor":41,"turns":6},{"damage":0,"enemies":"Jaw Worm Horde","floor":45,"turns":4},{"damage":0,"enemies":"4 Shapes","floor":46,"turns":4},{"damage":18,"enemies":"Time Eater","floor":50,"turns":10}],"seed_played":"-7424322887357462798","potions_obtained":[{"floor":1.0,"key":"SkillPotion"},{"floor":4.0,"key":"Ancient Potion"},{"floor":11.0,"key":"PowerPotion"},{"floor":16.0,"key":"LiquidBronze"}],"is_trial":false,"path_per_floor":["M","$","?","M","?","R","M","M","T","R","?","M","M","?","R","B",null,"M","M","?","?","$","R","$","R","T","M","M","R","M","M","R","B",null,"M","M","?","M","M","R","M","R","T","R","M","M","R","$","R","B",null],"character_chosen":"THE_SILENT","items_purchased":["Well Laid Plans","Footwork","Noxious Fumes"],"campfire_rested":3,"item_purchase_floors":[22,24,48],"current_hp_per_floor":[49,49,35,32,32,32,32,25,25,25,21,20,19,19,40,13,70,70,70,70,57,57,57,57,57,57,57,57,57,52,52,52,25,75,75,73,73,60,59,59,59,59,59,59,59,59,59,59,59,41],"gold":218,"neow_bonus":"REMOVE_TWO","is_prod":false,"is_daily":false,"chose_seed":false,"campfire_upgraded":8,"win_rate":0,"timestamp":1543053485,"path_taken":["M","$","?","M","?","R","?","M","T","R","?","M","M","?","R","BOSS","M","M","?","?","$","R","$","R","T","M","M","R","M","M","R","BOSS","M","M","?","M","M","R","M","R","T","R","M","M","R","$","R","BOSS"],"build_version":"2018-11-15","purchased_purges":2,"victory":true,"max_hp_per_floor":[70,70,70,70,70,70,70,70,70,70,70,70,70,70,70,70,70,70,70,70,75,75,75,75,75,75,75,75,75,75,75,75,75,75,75,75,75,75,75,75,75,75,75,75,75,75,75,75,75,75],"card_choices":[{"not_picked":["Dagger Throw","Terror"],"picked":"Bouncing Flask","floor":1.0},{"not_picked":["Cloak And Dagger","Outmaneuver","Dodge and Roll"],"picked":"SKIP","floor":4.0},{"not_picked":["Sucker Punch","Bane","Crippling Poison"],"picked":"SKIP","floor":7.0},{"not_picked":["Prepared","Slice","Bane"],"picked":"SKIP","floor":8.0},{"not_picked":["Deflect","Predator"],"picked":"Escape Plan","floor":11.0},{"not_picked":["PiercingWail","Prepared","Expertise"],"picked":"SKIP","floor":12.0},{"not_picked":["Storm of Steel","PiercingWail"],"picked":"Deadly Poison","floor":13.0},{"not_picked":["Bullet Time","Tools of the Trade"],"picked":"Malaise","floor":16.0},{"not_picked":["Slice+1","Deflect","Setup"],"picked":"SKIP","floor":18.0},{"not_picked":["Riddle With Holes","Sucker Punch+1","Deadly Poison"],"picked":"SKIP","floor":19.0},{"not_picked":["Dagger Spray","Dagger Throw","Flechettes","Flying Knee"],"picked":"SKIP","floor":27.0},{"not_picked":["Predator+1","Deadly Poison","Quick Slash+1"],"picked":"Glass Knife","floor":28.0},{"not_picked":["Poisoned Stab+1","Flying Knee","Prepared+1","Slice"],"picked":"SKIP","floor":30.0},{"not_picked":["Expertise+1","Prepared","Outmaneuver","Reflex"],"picked":"SKIP","floor":31.0},{"not_picked":["Tools of the Trade","Bullet Time","Die Die Die"],"picked":"Burst","floor":33.0},{"not_picked":["Flying Knee","Poisoned Stab","Blade Dance","Bouncing Flask"],"picked":"SKIP","floor":35.0},{"not_picked":["Flying Knee","Poisoned Stab","Blade Dance","Bouncing Flask"],"picked":"SKIP","floor":35.0},{"not_picked":["Blade Dance","Flying Knee+1","Terror"],"picked":"Backflip","floor":36},{"not_picked":["Dodge and Roll","Prepared+1","Tactician+1"],"picked":"Cloak And Dagger+1","floor":38},{"not_picked":["Cloak And Dagger+1","Flechettes+1","Underhanded Strike+1"],"picked":"After Image","floor":39},{"not_picked":["Reflex+1","Cloak And Dagger+1","Bane"],"picked":"Noxious Fumes+1","floor":41},{"not_picked":["Acrobatics+1","Caltrops","Heel Hook","Distraction"],"picked":"SKIP","floor":45},{"not_picked":["All Out Attack","Quick Slash","Poisoned Stab","Outmaneuver+1"],"picked":"SKIP","floor":46}],"player_experience":1153990,"relics_obtained":[{"floor":11.0,"key":"Odd Mushroom"},{"floor":26.0,"key":"Letter Opener"},{"floor":43,"key":"Snake Skull"}],"event_choices":[{"damage_healed":0.0,"max_hp_gain":0.0,"max_hp_loss":0.0,"gold_gain":0.0,"event_name":"Shining Light","player_choice":"Entered Light","floor":3.0,"gold_loss":0.0,"damage_taken":14.0,"cards_upgraded":["Survivor","Strike_G"]},{"damage_healed":0.0,"max_hp_gain":0.0,"max_hp_loss":0.0,"gold_gain":0.0,"event_name":"The Woman in Blue","player_choice":"Bought 0 Potions","floor":5.0,"gold_loss":0.0,"damage_taken":0.0},{"damage_healed":0.0,"max_hp_gain":0.0,"max_hp_loss":0.0,"gold_gain":0.0,"event_name":"Mushrooms","player_choice":"Fought Mushrooms","floor":11.0,"gold_loss":0.0,"damage_taken":0.0},{"damage_healed":0.0,"max_hp_gain":0.0,"max_hp_loss":0.0,"gold_gain":0.0,"event_name":"Liars Game","player_choice":"Ignored","floor":14.0,"gold_loss":0.0,"damage_taken":0.0},{"damage_healed":0.0,"max_hp_gain":0.0,"max_hp_loss":0.0,"gold_gain":0.0,"event_name":"The Mausoleum","player_choice":"Opened","floor":20.0,"gold_loss":0.0,"damage_taken":0.0,"relics_obtained":["Question Card"]},{"damage_healed":0.0,"max_hp_gain":5.0,"max_hp_loss":0.0,"gold_gain":0.0,"event_name":"Forgotten Altar","player_choice":"Shed Blood","floor":21.0,"gold_loss":0.0,"damage_taken":18.0},{"damage_healed":0,"gold_gain":0,"player_choice":"Upgrade","damage_taken":0,"relics_obtained":["Mark of the Bloom"],"max_hp_gain":0,"max_hp_loss":0,"event_name":"MindBloom","floor":37,"gold_loss":0,"cards_upgraded":["Defend_G","Defend_G","Defend_G","Defend_G","Strike_G","Strike_G","Escape Plan","Malaise","Burst","Backflip"]}],"is_beta":false,"boss_relics":[{"not_picked":["Empty Cage","Ectoplasm"],"picked":"Sozu"},{"not_picked":["Busted Crown","Fusion Hammer"],"picked":"Philosopher\u0027s Stone"}],"items_purged_floors":[2,48],"is_endless":false,"potions_floor_spawned":[1,4,11,16,28,30,31,38,41,45,46],"ascension_level":0}