{"gold_per_floor":[115,115,129,139,27,27,47,47,73,91,91,122,122,22,22,100,100,110,110,160,171,171,171,171,184,260,260,260,260,260,29,29,100,100,110,110,110,160,175,175],"floor_reached":40,"playtime":2777,"items_purged":["Defend_R","Strike_R","Defend_R"],"score":910,"play_id":"dd7de994-7994-4e0b-a9d3-5dd09e66a1e5","local_time":"20181220120912","is_ascension_mode":true,"campfire_choices":[{"data":"Bash","floor":6.0,"key":"SMITH"},{"data":"Dropkick","floor":8.0,"key":"SMITH"},{"data":"Burning Pact","floor":13.0,"key":"SMITH"},{"data":"Offering","floor":15.0,"key":"SMITH"},{"data":"Shrug It Off","floor":23.0,"key":"SMITH"},{"data":"Bash","floor":27,"key":"SMITH"},{"floor":29,"key":"RECALL"},{"data":"Limit Break","floor":32,"key":"SMITH"}],"neow_cost":"NONE","seed_source_timestamp":4776600438723,"circlet_count":0,"master_deck":["AscendersBane","Bash+1","Shrug It Off+1","Rage","Dropkick+1","Second Wind","Offering+1","Ghostly Armor","Limit Break+1","Bandage Up+1","Carnage+1","Intimidate+1","Shockwave+1","Madness+1","Madness+1"],"special_seed":0,"relics":["Burning Blood","Red Skull","Coffee Dripper","Magic Flower","Toxic Egg 2","Astrolabe"],"potions_floor_usage":[33],"damage_taken":[{"damage":14.0,"enemies":"Jaw Worm","floor":1.0,"turns":5.0},{"damage":18.0,"enemies":"Cultist","floor":3.0,"turns":5.0},{"damage":2.0,"enemies":"2 Louse","floor":4.0,"turns":4.0},{"damage":3.0,"enemies":"2 Fungi Beasts","floor":7.0,"turns":3.0},{"damage":9.0,"enemies":"3 Louse","floor":10.0,"turns":4.0},{"damage":17.0,"enemies":"Lagavulin","floor":12.0,"turns":6.0},{"damage":16.0,"enemies":"The Guardian","floor":16.0,"turns":8.0},{"damage":28.0,"enemies":"Chosen","floor":18.0,"turns":5.0},{"damage":7.0,"enemies":"Spheric Guardian","floor":21.0,"turns":6.0},{"damage":6,"enemies":"3 Cultists","floor":25,"turns":5},{"damage":6,"enemies":"Automaton","floor":33,"turns":5},{"damage":6,"enemies":"3 Shapes","floor":35,"turns":4},{"damage":10,"enemies":"Orb Walker","floor":39,"turns":3},{"damage":83,"enemies":"Nemesis","floor":40,"turns":6}],"seed_played":"4875621098927449962","potions_obtained":[{"floor":7.0,"key":"FearPotion"},{"floor":10.0,"key":"Regen Potion"},{"floor":12.0,"key":"PowerPotion"}],"is_trial":false,"path_per_floor":["M","?","M","M","$","R","M","R","T","M","?","E","R","$","R","B",null,"M","?","?","M","T","R","?","M","T","R","?","R","?","$","R","B",null,"M","?","?","?","M","E"],"character_chosen":"IRONCLAD","items_purchased":["Dropkick","Bandage Up+1"],"campfire_rested":0,"item_purchase_floors":[5,31],"current_hp_per_floor":[60,60,48,52,52,52,55,55,55,52,52,53,53,53,53,43,67,45,45,45,44,44,44,44,47,47,47,47,47,26,26,26,38,70,80,80,66,66,74,0],"gold":175,"neow_bonus":"REMOVE_CARD","is_prod":false,"is_daily":false,"chose_seed":false,"campfire_upgraded":7,"win_rate":0,"timestamp":1545278952,"path_taken":["M","?","M","?","$","R","M","R","T","M","?","E","R","$","R","BOSS","M","?","?","M","?","R","?","?","T","R","?","R","?","$","R","BOSS","M","?","?","?","M","E"],"build_version":"2018-12-13","purchased_purges":3,"victory":false,"max_hp_per_floor":[75,75,75,75,75,75,75,75,75,75,75,75,75,75,75,75,75,75,75,75,75,75,75,75,75,75,75,75,75,80,80,80,80,80,80,80,80,80,80,80],"card_choices":[{"not_picked":["Body Slam","True Grit"],"picked":"Burning Pact","floor":1.0},{"not_picked":["Clothesline","Havoc"],"picked":"Shrug It Off","floor":3.0},{"not_picked":["Anger","Clash"],"picked":"Rage","floor":4.0},{"not_picked":["Power Through","Twin Strike"],"picked":"Second Wind","floor":7.0},{"not_picked":["Pommel Strike","Body Slam"],"picked":"Offering","floor":10.0},{"not_picked":["Warcry","Carnage","Thunderclap"],"picked":"SKIP","floor":12.0},{"not_picked":["Spot Weakness","Clothesline","Perfected Strike"],"picked":"SKIP","floor":18.0},{"not_picked":["Body Slam","Spot Weakness","Pommel Strike"],"picked":"SKIP","floor":21.0},{"not_picked":["Armaments","Blood for Blood","Clash"],"picked":"SKIP","floor":25},{"not_picked":["Whirlwind","Entrench+1","Pummel"],"picked":"SKIP","floor":35},{"not_picked":["Iron Wave","Heavy Blade","Sword Boomerang+1"],"picked":"SKIP","floor":39}],"player_experience":1398151,"relics_obtained":[{"floor":12.0,"key":"Red Skull"},{"floor":22.0,"key":"Magic Flower"},{"floor":26,"key":"Toxic Egg 2"}],"event_choices":[{"cards_removed":["Strike_R"],"damage_healed":0.0,"max_hp_gain":0.0,"max_hp_loss":0.0,"gold_gain":0.0,"event_name":"Purifier","player_choice":"Purged","floor":2.0,"gold_loss":0.0,"damage_taken":0.0},{"damage_healed":0.0,"max_hp_gain":0.0,"max_hp_loss":0.0,"gold_gain":0.0,"cards_transformed":["Strike_R"],"event_name":"Living Wall","player_choice":"Change","floor":11.0,"gold_loss":0.0,"damage_taken":0.0,"cards_obtained":["Seeing Red"]},{"damage_healed":0.0,"max_hp_gain":0.0,"max_hp_loss":0.0,"gold_gain":0.0,"cards_transformed":["Strike_R","Defend_R"],"event_name":"Drug Dealer","player_choice":"Became Test Subject","floor":19.0,"gold_loss":0.0,"damage_taken":0.0,"cards_obtained":["Ghostly Armor","Armaments"]},{"damage_healed":0.0,"max_hp_gain":0.0,"max_hp_loss":0.0,"gold_gain":50.0,"event_name":"Nest","player_choice":"Stole From Cult","floor":20.0,"gold_loss":0.0,"damage_taken":0.0},{"damage_healed":0,"gold_gain":0,"player_choice":"2 cards matched","damage_taken":0,"max_hp_gain":0,"max_hp_loss":0,"event_name":"Match and Keep!","floor":24,"gold_loss":0,"cards_obtained":["Bash","Limit Break"]},{"cards_removed":["Defend_R"],"damage_healed":0,"gold_gain":0,"player_choice":"Elegance","damage_taken":0,"max_hp_gain":0,"max_hp_loss":0,"event_name":"Back to Basics","floor":28,"gold_loss":0},{"damage_healed":0,"gold_gain":0,"player_choice":"Shed Blood","damage_taken":26,"max_hp_gain":5,"max_hp_loss":0,"event_name":"Forgotten Altar","floor":30,"gold_loss":0},{"cards_removed":["Burning Pact"],"damage_healed":0,"gold_gain":0,"player_choice":"Removed Skill","damage_taken":0,"max_hp_gain":0,"max_hp_loss":0,"event_name":"Falling","floor":36,"gold_loss":0},{"damage_healed":0,"gold_gain":0,"player_choice":"Embrace Madness","damage_taken":14,"max_hp_gain":0,"max_hp_loss":0,"event_name":"Winding Halls","floor":37,"gold_loss":0,"cards_obtained":["Madness","Madness"]},{"damage_healed":0,"gold_gain":50,"player_choice":"Pray","damage_taken":0,"max_hp_gain":0,"max_hp_loss":0,"event_name":"Golden Shrine","floor":38,"gold_loss":0}],"is_beta":false,"boss_relics":[{"not_picked":["Snecko Eye","Sozu"],"picked":"Coffee Dripper"},{"not_picked":["Velvet Choker","Philosopher\u0027s Stone"],"picked":"Astrolabe"}],"items_purged_floors":[5,14,31],"is_endless":false,"potions_floor_spawned":[7,10,12,18,25],"killed_by":"Nemesis","ascension_level":20}