{"gold_per_floor":[113,38,53,16,16,44,44,44,44,77,77,88,115,115,115,187,187,200,219,8,8,8,36,36,46,128,159,159,169,80,98,98,171,171,183,198,198,198,209,241,241,268,268,132,147,167,197,210,210,210,210,210,210,19,50,50],"floor_reached":57,"playtime":2768,"items_purged":["Strike_B","Defend_B","Defend_B"],"score":3321,"play_id":"d0d5bb82-17b6-4a9a-8ec3-d95982e7c2a9","local_time":"20190806213457","is_ascension_mode":true,"campfire_choices":[{"data":"Defragment","floor":7.0,"key":"SMITH"},{"floor":11.0,"key":"REST"},{"floor":15.0,"key":"REST"},{"data":"Loop","floor":24.0,"key":"SMITH"},{"data":"Skim","floor":28.0,"key":"SMITH"},{"data":"Defragment","floor":32.0,"key":"SMITH"},{"floor":41.0,"key":"RECALL"},{"data":"Storm","floor":49.0,"key":"SMITH"},{"data":"Machine Learning","floor":53,"key":"SMITH"}],"neow_cost":"NONE","seed_source_timestamp":0,"circlet_count":0,"master_deck":["AscendersBane","Defend_B","Zap","Dualcast+1","Skim+1","Consume+1","Defragment+1","Turbo+1","Rainbow+1","Reinforced Body+1","Hologram+1","Meteor Strike","Loop+1","Glacier+1","Amplify+1","Defragment+1","Core Surge","Fission+1","BootSequence+1","Lockon+1","Double Energy+1","Capacitor+1","Turbo+1","Discovery+1","Recycle+1","Reprogram+1","Storm+1","Electrodynamics","Machine Learning+1","Defragment"],"special_seed":0,"relics":["NeowsBlessing","Toxic Egg 2","Ancient Tea Set","Lantern","PreservedInsect","Blue Candle","Coffee Dripper","Nloth\u0027s Gift","Mummified Hand","Cables","Unceasing Top","Astrolabe","Dodecahedron","Smiling Mask","Boot","Pen Nib","Ice Cream"],"potions_floor_usage":[56,56],"damage_taken":[{"damage":0.0,"enemies":"Small Slimes","floor":1.0,"turns":1.0},{"damage":0.0,"enemies":"2 Louse","floor":3.0,"turns":1.0},{"damage":0.0,"enemies":"Lagavulin","floor":6.0,"turns":1.0},{"damage":56.0,"enemies":"Gremlin Nob","floor":10.0,"turns":4.0},{"damage":5.0,"enemies":"Jaw Worm","floor":12.0,"turns":2.0},{"damage":25.0,"enemies":"3 Sentries","floor":13.0,"turns":12.0},{"damage":21.0,"enemies":"The Guardian","floor":16.0,"turns":9.0},{"damage":15.0,"enemies":"Shell Parasite","floor":18.0,"turns":5.0},{"damage":4.0,"enemies":"Spheric Guardian","floor":19.0,"turns":4.0},{"damage":9.0,"enemies":"Book of Stabbing","floor":23.0,"turns":4.0},{"damage":1.0,"enemies":"Snake Plant","floor":25.0,"turns":4.0},{"damage":0.0,"enemies":"Gremlin Leader","floor":27.0,"turns":6.0},{"damage":0.0,"enemies":"Cultist and Chosen","floor":29.0,"turns":10.0},{"damage":0.0,"enemies":"Centurion and Healer","floor":31.0,"turns":7.0},{"damage":4.0,"enemies":"Automaton","floor":33.0,"turns":12.0},{"damage":1.0,"enemies":"3 Darklings","floor":35.0,"turns":4.0},{"damage":0.0,"enemies":"Orb Walker","floor":36.0,"turns":4.0},{"damage":1.0,"enemies":"Transient","floor":39.0,"turns":6.0},{"damage":0.0,"enemies":"Nemesis","floor":40.0,"turns":5.0},{"damage":1.0,"enemies":"Reptomancer","floor":42.0,"turns":4.0},{"damage":1.0,"enemies":"Jaw Worm Horde","floor":45.0,"turns":1.0},{"damage":3.0,"enemies":"4 Shapes","floor":46.0,"turns":2.0},{"damage":1.0,"enemies":"Nemesis","floor":47.0,"turns":3.0},{"damage":0.0,"enemies":"Writhing Mass","floor":48.0,"turns":4.0},{"damage":0.0,"enemies":"Time Eater","floor":50.0,"turns":4.0},{"damage":1.0,"enemies":"Awakened One","floor":51.0,"turns":12.0},{"damage":0,"enemies":"Shield and Spear","floor":55,"turns":2},{"damage":33,"enemies":"The Heart","floor":56,"turns":4}],"seed_played":"1473894259034316185","potions_obtained":[{"floor":3.0,"key":"Fire Potion"},{"floor":6.0,"key":"SteroidPotion"},{"floor":13.0,"key":"FearPotion"},{"floor":23.0,"key":"PowerPotion"},{"floor":45.0,"key":"SpeedPotion"}],"is_trial":false,"path_per_floor":["M","?","M","$","?","E","R","?","T","E","R","M","E","T","R","B",null,"M","M","$","?","$","E","R","M","T","E","R","M","$","M","R","B",null,"M","M","?","?","M","E","R","E","T","$","M","M","E","M","R","B","B",null,"R","$","E","B",null],"character_chosen":"DEFECT","items_purchased":["Defragment","Loop","PowerPotion","Defragment","Storm","Defragment","Swift Potion"],"campfire_rested":2,"item_purchase_floors":[4,20,20,30,44,54,54],"current_hp_per_floor":[64,64,64,64,43,43,43,66,66,10,31,26,1,1,22,1,54,39,35,35,35,35,26,26,25,25,25,25,25,25,25,25,21,59,58,58,53,53,52,52,52,51,51,51,50,47,46,46,46,46,45,65,65,65,65,32],"gold":50,"neow_bonus":"THREE_ENEMY_KILL","is_prod":false,"is_daily":false,"chose_seed":false,"campfire_upgraded":6,"win_rate":0,"timestamp":1565098497,"path_taken":["M","?","M","$","?","E","R","?","T","E","R","M","E","?","R","BOSS","M","M","$","?","?","E","R","M","T","E","R","M","$","?","R","BOSS","M","M","?","?","M","E","R","E","T","$","?","M","E","M","R","BOSS","BOSS","R","$","E","BOSS"],"build_version":"2019-07-17","purchased_purges":3,"victory":true,"max_hp_per_floor":[71,71,71,71,71,71,71,71,71,71,71,71,71,71,71,71,71,71,71,71,71,71,71,71,71,71,71,71,71,71,71,71,71,71,71,71,71,71,71,71,71,71,71,71,71,71,71,71,71,71,71,71,71,71,71,71],"card_choices":[{"not_picked":["Barrage","Stack"],"picked":"Skim","floor":1.0},{"not_picked":["Turbo","Undo"],"picked":"Consume","floor":3.0},{"not_picked":["Heatsinks","Reprogram"],"picked":"Turbo","floor":6.0},{"not_picked":["Rebound","Leap+1"],"picked":"Rainbow+1","floor":10.0},{"not_picked":["Sunder","Lockon"],"picked":"Reinforced Body+1","floor":12.0},{"not_picked":["Sweeping Beam","All For One"],"picked":"Hologram+1","floor":13.0},{"not_picked":["Machine Learning","Reboot+1"],"picked":"Meteor Strike","floor":16.0},{"not_picked":["Leap+1","Gash","Stack+1"],"picked":"SKIP","floor":18.0},{"not_picked":["Cold Snap","Reinforced Body+1","Go for the Eyes"],"picked":"SKIP","floor":19.0},{"not_picked":["Loop","Compile Driver"],"picked":"Glacier+1","floor":23.0},{"not_picked":["Cold Snap","Gash","Hologram+1"],"picked":"SKIP","floor":25.0},{"not_picked":["Ball Lightning","Machine Learning"],"picked":"Amplify+1","floor":27.0},{"not_picked":["Turbo+1","Rainbow+1","Rebound"],"picked":"SKIP","floor":29.0},{"not_picked":["Streamline","FTL"],"picked":"Core Surge","floor":31.0},{"not_picked":["Core Surge","Hyperbeam"],"picked":"Fission+1","floor":33.0},{"not_picked":["Chaos+1","Steam+1"],"picked":"Capacitor+1","floor":35.0},{"not_picked":["Go for the Eyes+1","Chaos+1"],"picked":"Turbo+1","floor":36.0},{"not_picked":["Good Instincts+1","Panacea+1"],"picked":"Discovery+1","floor":37.0},{"not_picked":["Heatsinks","White Noise+1"],"picked":"Recycle+1","floor":39.0},{"not_picked":["Hologram+1","Redo+1","Static Discharge"],"picked":"SKIP","floor":40.0},{"not_picked":["Go for the Eyes","Reprogram+1","Turbo+1"],"picked":"SKIP","floor":42.0},{"not_picked":["Go for the Eyes","Turbo+1"],"picked":"Reprogram+1","floor":42.0},{"not_picked":["Lockon","Conserve Battery+1"],"picked":"Electrodynamics","floor":45.0},{"not_picked":["Self Repair","Turbo+1","Redo+1"],"picked":"SKIP","floor":46.0},{"not_picked":["Ball Lightning","FTL","Static Discharge"],"picked":"SKIP","floor":47.0},{"not_picked":["Cold Snap+1","Auto Shields+1"],"picked":"Machine Learning","floor":48.0},{"not_picked":["Electrodynamics","Lockon+1","Undo+1"],"picked":"SKIP","floor":55}],"player_experience":739819,"relics_obtained":[{"floor":6.0,"key":"Toxic Egg 2"},{"floor":9.0,"key":"Ancient Tea Set"},{"floor":10.0,"key":"Lantern"},{"floor":13.0,"key":"PreservedInsect"},{"floor":14.0,"key":"Blue Candle"},{"floor":23.0,"key":"Mummified Hand"},{"floor":26.0,"key":"Cables"},{"floor":27.0,"key":"Unceasing Top"},{"floor":40.0,"key":"Smiling Mask"},{"floor":42.0,"key":"Boot"},{"floor":47.0,"key":"Pen Nib"},{"floor":55,"key":"Ice Cream"}],"event_choices":[{"cards_removed":["Strike_B"],"damage_healed":0.0,"max_hp_gain":0.0,"max_hp_loss":0.0,"gold_gain":0.0,"event_name":"The Cleric","player_choice":"Card Removal","floor":2.0,"gold_loss":75.0,"damage_taken":0.0},{"damage_healed":0.0,"max_hp_gain":0.0,"max_hp_loss":0.0,"gold_gain":0.0,"event_name":"Shining Light","player_choice":"Entered Light","floor":5.0,"gold_loss":0.0,"damage_taken":21.0,"cards_upgraded":["Dualcast","Consume"]},{"damage_healed":23.0,"max_hp_gain":0.0,"max_hp_loss":0.0,"gold_gain":0.0,"event_name":"Big Fish","player_choice":"Banana","floor":8.0,"gold_loss":0.0,"damage_taken":0.0},{"damage_healed":0.0,"max_hp_gain":0.0,"max_hp_loss":0.0,"gold_gain":0.0,"event_name":"N\u0027loth","player_choice":"Traded Relic","floor":21.0,"relics_lost":["Cracked Core"],"gold_loss":0.0,"damage_taken":0.0,"relics_obtained":["Nloth\u0027s Gift"]},{"damage_healed":0.0,"max_hp_gain":0.0,"max_hp_loss":0.0,"gold_gain":0.0,"event_name":"SensoryStone","player_choice":"Memory 2","floor":37.0,"gold_loss":0.0,"damage_taken":5.0},{"damage_healed":0.0,"max_hp_gain":0.0,"max_hp_loss":0.0,"gold_gain":0.0,"event_name":"WeMeetAgain","player_choice":"Gave Potion","floor":38.0,"gold_loss":0.0,"damage_taken":0.0,"relics_obtained":["Dodecahedron"]}],"is_beta":false,"boss_relics":[{"not_picked":["Eternal Feather","Snecko Eye"],"picked":"Coffee Dripper"},{"not_picked":["Fusion Hammer","Tiny House"],"picked":"Astrolabe"}],"items_purged_floors":[20,44,54],"is_endless":false,"potions_floor_spawned":[3,6,13,23,25,27,33,35,36,45],"ascension_level":20}