{"gold_per_floor":[110,66,66,77,77,108,108,108,108,108,121,140,59,84,84,160,160,177,190,190,115,215,215,243,263,290,290,305,205,221,136,136,215,215,238,263,291,313,325,337,349,396,408,420,33,50,50,83,83,83,83,83,83,29,61,61],"floor_reached":56,"playtime":3448,"items_purged":["Strike_B","Strike_B","Defend_B"],"score":2116,"play_id":"2b7a405f-5d07-4f4c-9afe-3bb91dc0c0bc","local_time":"20190425124708","is_ascension_mode":true,"campfire_choices":[{"data":"Darkness","floor":8.0,"key":"SMITH"},{"data":"Coolheaded","floor":10.0,"key":"SMITH"},{"data":"Dualcast","floor":15.0,"key":"SMITH"},{"data":"Biased Cognition","floor":23.0,"key":"SMITH"},{"data":"Biased Cognition","floor":27.0,"key":"SMITH"},{"floor":32.0,"key":"DIG"},{"data":"Normality","floor":40.0,"key":"PURGE"},{"data":"Strike_B","floor":44.0,"key":"PURGE"},{"floor":49.0,"key":"RECALL"},{"data":"Defend_B","floor":53,"key":"PURGE"}],"neow_cost":"NONE","seed_source_timestamp":0,"circlet_count":0,"master_deck":["AscendersBane","Defend_B","Defend_B","Zap","Dualcast+1","Coolheaded+1","Darkness+1","Electrodynamics","Conserve Battery+1","Turbo+1","Multi-Cast+1","Glacier+1","Biased Cognition+1","Undo+1","Stack+1","Genetic Algorithm+1","Biased Cognition+1","Amplify+1","Rainbow+1","Coolheaded+1","Skim+1","Recycle+1","Loop","Hologram+1","Turbo+1","Reinforced Body+1"],"special_seed":0,"relics":["Cracked Core","NeowsBlessing","Centennial Puzzle","Toxic Egg 2","Turnip","Dream Catcher","Nuclear Battery","Shovel","Matryoshka","Bag of Marbles","PreservedInsect","Omamori","Bird Faced Urn","Pear","Calling Bell","MawBank","Meat on the Bone","Peace Pipe","Bronze Scales","Cables","Mummified Hand","Incense Burner","Gremlin Horn"],"potions_floor_usage":[55,56],"damage_taken":[{"damage":0.0,"enemies":"Small Slimes","floor":1.0,"turns":1.0},{"damage":0.0,"enemies":"2 Louse","floor":4.0,"turns":1.0},{"damage":0.0,"enemies":"Lagavulin","floor":6.0,"turns":1.0},{"damage":0.0,"enemies":"Jaw Worm","floor":11.0,"turns":4.0},{"damage":5.0,"enemies":"3 Louse","floor":12.0,"turns":3.0},{"damage":0.0,"enemies":"3 Sentries","floor":14.0,"turns":4.0},{"damage":14.0,"enemies":"The Guardian","floor":16.0,"turns":10.0},{"damage":11.0,"enemies":"Shell Parasite","floor":18.0,"turns":3.0},{"damage":5.0,"enemies":"2 Thieves","floor":19.0,"turns":2.0},{"damage":12.0,"enemies":"Colosseum Slavers","floor":22.0,"turns":2.0},{"damage":0.0,"enemies":"Colosseum Nobs","floor":22.0,"turns":3.0},{"damage":0.0,"enemies":"Book of Stabbing","floor":24.0,"turns":2.0},{"damage":0.0,"enemies":"Sentry and Sphere","floor":25.0,"turns":3.0},{"damage":0.0,"enemies":"Cultist and Chosen","floor":28.0,"turns":2.0},{"damage":1.0,"enemies":"Snake Plant","floor":30.0,"turns":3.0},{"damage":48.0,"enemies":"Automaton","floor":33.0,"turns":7.0},{"damage":0.0,"enemies":"3 Shapes","floor":35.0,"turns":1.0},{"damage":12.0,"enemies":"Orb Walker","floor":36.0,"turns":4.0},{"damage":34.0,"enemies":"Writhing Mass","floor":37.0,"turns":9.0},{"damage":4.0,"enemies":"Sphere and 2 Shapes","floor":38.0,"turns":3.0},{"damage":9.0,"enemies":"Giant Head","floor":42.0,"turns":7.0},{"damage":0.0,"enemies":"3 Darklings","floor":46.0,"turns":5.0},{"damage":0.0,"enemies":"Reptomancer","floor":48.0,"turns":4.0},{"damage":17,"enemies":"Awakened One","floor":50,"turns":7},{"damage":49,"enemies":"Time Eater","floor":51,"turns":8},{"damage":0,"enemies":"Shield and Spear","floor":55,"turns":5},{"damage":94,"enemies":"The Heart","floor":56,"turns":8}],"seed_played":"780913434812133531","potions_obtained":[{"floor":6.0,"key":"Strength Potion"},{"floor":11.0,"key":"EssenceOfSteel"},{"floor":12.0,"key":"LiquidBronze"},{"floor":16.0,"key":"Energy Potion"},{"floor":18.0,"key":"Swift Potion"},{"floor":28.0,"key":"PowerPotion"},{"floor":42.0,"key":"SkillPotion"},{"floor":55,"key":"AttackPotion"}],"is_trial":false,"path_per_floor":["M","$","?","M","?","E","?","R","T","R","M","M","$","E","R","B",null,"M","M","?","$","?","R","E","M","T","R","M","$","M","?","R","B",null,"M","M","M","M","?","R","?","E","T","R","$","M","$","E","R","B","B",null,"R","$","E","B"],"character_chosen":"DEFECT","items_purchased":["Darkness","Multi-Cast+1","Mummified Hand","Turbo+1"],"campfire_rested":0,"item_purchase_floors":[2,13,45,54],"current_hp_per_floor":[64,64,64,64,53,53,46,46,46,46,46,41,41,41,41,27,60,49,44,44,44,32,32,32,32,32,32,32,32,31,31,41,5,62,68,64,48,48,48,48,48,49,49,49,49,59,59,65,65,62,31,69,69,69,79,0],"gold":61,"neow_bonus":"THREE_ENEMY_KILL","is_prod":false,"is_daily":false,"chose_seed":false,"campfire_upgraded":5,"win_rate":0,"timestamp":1556167628,"path_taken":["M","$","?","M","?","E","?","R","T","R","M","M","$","E","R","BOSS","M","M","?","$","?","R","E","M","T","R","M","$","M","?","R","BOSS","M","M","M","M","?","R","?","E","T","R","?","M","$","E","R","BOSS","BOSS","R","$","E","BOSS"],"build_version":"2019-01-23","purchased_purges":3,"victory":false,"max_hp_per_floor":[71,71,71,71,71,71,71,71,71,71,71,71,71,71,71,71,71,71,71,71,71,71,71,71,71,71,71,71,71,71,71,81,81,81,81,81,81,81,81,81,81,81,81,81,81,81,81,81,81,81,81,81,81,81,81,81],"card_choices":[{"not_picked":["Beam Cell","Gash"],"picked":"Coolheaded","floor":1.0},{"not_picked":["Go for the Eyes","Barrage"],"picked":"Cold Snap","floor":4.0},{"not_picked":["Leap","White Noise"],"picked":"Electrodynamics","floor":6.0},{"not_picked":["Go for the Eyes","Gash"],"picked":"Conserve Battery+1","floor":11.0},{"not_picked":["Melter","Hologram+1"],"picked":"Turbo+1","floor":12.0},{"not_picked":["Steam+1","Turbo+1"],"picked":"Glacier+1","floor":14.0},{"not_picked":["Rainbow+1","Creative AI"],"picked":"Biased Cognition","floor":16.0},{"not_picked":["Gash","Rebound"],"picked":"Undo+1","floor":18.0},{"not_picked":["Conserve Battery+1","Storm"],"picked":"Stack+1","floor":19.0},{"not_picked":["Sweeping Beam","Ball Lightning"],"picked":"Genetic Algorithm+1","floor":22.0},{"not_picked":["Darkness+1","Beam Cell"],"picked":"Biased Cognition","floor":24.0},{"not_picked":["Stack+1","Rebound","Ball Lightning"],"picked":"SKIP","floor":25.0},{"not_picked":["Ball Lightning","Beam Cell"],"picked":"Amplify+1","floor":28.0},{"not_picked":["Ball Lightning","Streamline","Static Discharge"],"picked":"SKIP","floor":30.0},{"not_picked":["Reboot+1","All For One"],"picked":"Rainbow+1","floor":33.0},{"not_picked":["Beam Cell","Aggregate+1"],"picked":"Coolheaded+1","floor":35.0},{"not_picked":["Melter","Capacitor"],"picked":"Skim+1","floor":36.0},{"not_picked":["Gash","Sweeping Beam"],"picked":"Recycle+1","floor":37.0},{"not_picked":["Rebound+1","Compile Driver"],"picked":"Loop","floor":38.0},{"not_picked":["Compile Driver+1","Sweeping Beam","Genetic Algorithm+1"],"picked":"SKIP","floor":42.0},{"not_picked":["Stack+1","Undo+1"],"picked":"Hologram+1","floor":46.0},{"not_picked":["Melter","Reprogram+1","Sunder"],"picked":"SKIP","floor":48.0},{"not_picked":["Ball Lightning+1","Defragment"],"picked":"Reinforced Body+1","floor":55}],"player_experience":4617867,"relics_obtained":[{"floor":6.0,"key":"Toxic Egg 2"},{"floor":9.0,"key":"Turnip"},{"floor":14.0,"key":"Dream Catcher"},{"floor":22.0,"key":"Shovel"},{"floor":22.0,"key":"Matryoshka"},{"floor":24.0,"key":"Bag of Marbles"},{"floor":26.0,"key":"PreservedInsect"},{"floor":26.0,"key":"Omamori"},{"floor":32.0,"key":"Pear"},{"floor":34.0,"key":"MawBank"},{"floor":34.0,"key":"Meat on the Bone"},{"floor":34.0,"key":"Peace Pipe"},{"floor":42.0,"key":"Bronze Scales"},{"floor":43.0,"key":"Cables"},{"floor":48.0,"key":"Incense Burner"},{"floor":55,"key":"Gremlin Horn"}],"event_choices":[{"damage_healed":0.0,"max_hp_gain":0.0,"max_hp_loss":0.0,"gold_gain":0.0,"event_name":"The Cleric","player_choice":"Leave","floor":3.0,"gold_loss":0.0,"damage_taken":0.0},{"damage_healed":0.0,"max_hp_gain":0.0,"max_hp_loss":0.0,"gold_gain":0.0,"event_name":"Scrap Ooze","player_choice":"Success","floor":5.0,"gold_loss":0.0,"damage_taken":11.0,"relics_obtained":["Centennial Puzzle"]},{"cards_removed":["Strike_B"],"damage_healed":0.0,"max_hp_gain":0.0,"max_hp_loss":0.0,"gold_gain":0.0,"event_name":"Golden Wing","player_choice":"Card Removal","floor":7.0,"gold_loss":0.0,"damage_taken":7.0},{"damage_healed":0.0,"max_hp_gain":0.0,"max_hp_loss":0.0,"gold_gain":0.0,"event_name":"Vampires","player_choice":"Ignored","floor":20.0,"gold_loss":0.0,"damage_taken":0.0},{"damage_healed":0.0,"max_hp_gain":0.0,"max_hp_loss":0.0,"gold_gain":0.0,"event_name":"Colosseum","player_choice":"Fight","floor":22.0,"gold_loss":0.0,"damage_taken":0.0},{"damage_healed":0.0,"max_hp_gain":0.0,"max_hp_loss":0.0,"gold_gain":0.0,"event_name":"Colosseum","player_choice":"Fought Nobs","floor":22.0,"gold_loss":0.0,"damage_taken":0.0},{"damage_healed":0.0,"max_hp_gain":0.0,"max_hp_loss":0.0,"gold_gain":0.0,"event_name":"Addict","player_choice":"Obtained Relic","floor":31.0,"gold_loss":85.0,"damage_taken":0.0,"relics_obtained":["Bird Faced Urn"]},{"cards_removed":["Cold Snap"],"damage_healed":0.0,"max_hp_gain":0.0,"max_hp_loss":0.0,"gold_gain":0.0,"event_name":"Falling","player_choice":"Removed Attack","floor":39.0,"gold_loss":0.0,"damage_taken":0.0},{"damage_healed":0.0,"max_hp_gain":0.0,"max_hp_loss":0.0,"gold_gain":0.0,"event_name":"Tomb of Lord Red Mask","player_choice":"Ignored","floor":41.0,"gold_loss":0.0,"damage_taken":0.0}],"is_beta":false,"boss_relics":[{"not_picked":["Empty Cage","FrozenCore"],"picked":"Nuclear Battery"},{"not_picked":["Eternal Feather","Busted Crown"],"picked":"Calling Bell"}],"items_purged_floors":[21,29,45],"is_endless":false,"potions_floor_spawned":[6,11,12,16,18,19,28,30,42,55],"killed_by":"The Heart","ascension_level":20}