{"gold_per_floor":[117,42,42,117,133,133,144,144,144,144,157,174,174,174,174,270,270,287,386,301,201,219,248,248,268,268,268,268,268,278,289,289,289],"floor_reached":33,"playtime":683,"items_purged":["Defend_R","Defend_R"],"score":280,"play_id":"bf9d7f5a-0622-435b-b72c-3d1766584eba","local_time":"20181013221810","is_ascension_mode":false,"campfire_choices":[{"data":"Burning Pact","floor":6,"key":"SMITH"},{"data":"Bash","floor":8,"key":"SMITH"},{"data":"Strike_R","floor":10,"key":"SMITH"},{"data":"Clash","floor":13,"key":"SMITH"},{"data":"Strike_R","floor":15,"key":"SMITH"},{"data":"Double Tap","floor":24,"key":"SMITH"},{"floor":27,"key":"REST"},{"data":"Strike_R","floor":29,"key":"SMITH"},{"floor":32,"key":"REST"}],"neow_cost":"NONE","seed_source_timestamp":47891273497750,"circlet_count":0,"master_deck":["Strike_R+1","Strike_R+1","Strike_R+1","Strike_R","Strike_R","Defend_R","Bash+1","Burning Pact+1","Clash+1","Double Tap+1"],"special_seed":0,"relics":["Burning Blood","Pen Nib","Runic Pyramid","Singing Bowl","Omamori","Kunai","Dodecahedron"],"potions_floor_usage":[16,22,23],"damage_taken":[{"damage":0,"enemies":"2 Louse","floor":1,"turns":2},{"damage":1,"enemies":"Cultist","floor":5,"turns":3},{"damage":13,"enemies":"Jaw Worm","floor":7,"turns":3},{"damage":30,"enemies":"Exordium Wildlife","floor":11,"turns":7},{"damage":7,"enemies":"2 Fungi Beasts","floor":12,"turns":3},{"damage":33,"enemies":"Hexaghost","floor":16,"turns":9},{"damage":37,"enemies":"3 Byrds","floor":18,"turns":6},{"damage":0,"enemies":"Spheric Guardian","floor":22,"turns":2},{"damage":39,"enemies":"Gremlin Leader","floor":23,"turns":5},{"damage":10,"enemies":"Chosen and Byrds","floor":25,"turns":4},{"damage":37,"enemies":"Snake Plant","floor":30,"turns":3},{"damage":20,"enemies":"Snecko","floor":31,"turns":4},{"damage":18,"enemies":"Champ","floor":33,"turns":3}],"seed_played":"-7104111922525415833","potions_obtained":[{"floor":7,"key":"FearPotion"},{"floor":11,"key":"BloodPotion"},{"floor":12,"key":"Block Potion"},{"floor":18,"key":"BloodPotion"},{"floor":23,"key":"SteroidPotion"},{"floor":25,"key":"FearPotion"}],"is_trial":false,"path_per_floor":["M","$","?","?","M","R","M","R","T","R","M","M","R","?","R","B",null,"M","?","?","$","M","E","R","M","T","R","T","R","M","M","R"],"character_chosen":"IRONCLAD","items_purchased":[],"campfire_rested":2,"item_purchase_floors":[],"current_hp_per_floor":[80,80,80,69,74,74,67,67,67,67,43,42,42,47,47,20,85,54,54,54,54,70,47,47,45,45,72,72,72,43,31,59,41],"gold":289,"neow_bonus":"REMOVE_CARD","is_prod":false,"is_daily":false,"chose_seed":false,"campfire_upgraded":7,"win_rate":0,"timestamp":1539440290,"path_taken":["M","$","?","?","M","R","M","R","T","R","M","M","R","?","R","BOSS","M","?","?","$","M","E","R","M","T","R","?","R","M","M","R","BOSS"],"build_version":"2018-10-11","purchased_purges":2,"victory":false,"max_hp_per_floor":[80,80,80,80,80,80,80,80,80,80,80,80,80,85,85,85,85,85,85,85,85,87,89,89,91,91,91,91,91,93,95,95,95],"card_choices":[{"not_picked":["Armaments","Reckless Charge","Sword Boomerang"],"picked":"SKIP","floor":1},{"not_picked":["Anger","Warcry"],"picked":"Burning Pact","floor":5},{"not_picked":["Wild Strike","Anger","Cleave"],"picked":"SKIP","floor":7},{"not_picked":["Rage","Fire Breathing"],"picked":"Clash","floor":11},{"not_picked":["Anger","Wild Strike","Carnage"],"picked":"SKIP","floor":12},{"not_picked":["Limit Break","Impervious"],"picked":"Double Tap","floor":16},{"not_picked":["Reckless Charge+1","Infernal Blade+1","Perfected Strike"],"picked":"SKIP","floor":18},{"not_picked":["Havoc","Carnage","Uppercut"],"picked":"Singing Bowl","floor":22},{"not_picked":["Clothesline","Cleave","Dual Wield"],"picked":"Singing Bowl","floor":23},{"not_picked":["Carnage","Twin Strike","Whirlwind"],"picked":"Singing Bowl","floor":25},{"not_picked":["Clothesline","Clash","Pommel Strike"],"picked":"Singing Bowl","floor":30},{"not_picked":["Rage+1","Twin Strike","Headbutt"],"picked":"Singing Bowl","floor":31}],"player_experience":176903,"relics_obtained":[{"floor":9,"key":"Pen Nib"},{"floor":23,"key":"Omamori"},{"floor":26,"key":"Kunai"},{"floor":28,"key":"Dodecahedron"}],"event_choices":[{"event_name":"The Cleric","player_choice":"Leave","floor":3,"damage_taken":0},{"event_name":"World of Goop","player_choice":"Gather Gold","floor":4,"damage_taken":0},{"event_name":"Big Fish","player_choice":"Donut","floor":14,"damage_taken":0},{"event_name":"Nest","player_choice":"Stole From Cult","floor":19,"damage_taken":0},{"event_name":"Addict","player_choice":"Obtained Relic","floor":20,"damage_taken":0}],"is_beta":false,"boss_relics":[{"not_picked":["Philosopher\u0027s Stone","White Beast Statue"],"picked":"Runic Pyramid"}],"items_purged_floors":[2,21],"is_endless":false,"potions_floor_spawned":[7,11,12,18,23,25,30],"killed_by":"Champ","ascension_level":0}