{"gold_per_floor":[10,10,24,24,37,67,67,95,95,106,106,122,47,147,147,249,249,266,115,44,56,56,68,68],"floor_reached":24,"playtime":671,"items_purged":["Strike_B","Strike_B"],"score":206,"play_id":"05889d29-1876-40d3-8015-752303b79838","local_time":"20181104222734","is_ascension_mode":false,"campfire_choices":[{"data":"Defragment","floor":7,"key":"SMITH"},{"data":"Blizzard","floor":11,"key":"SMITH"},{"data":"Rainbow","floor":15,"key":"SMITH"}],"neow_cost":"NO_GOLD","seed_source_timestamp":386940634471057,"circlet_count":0,"master_deck":["Strike_B","Defend_B","Defend_B","Defend_B","Defend_B","Zap","Dualcast","Buffer","Defragment+1","Blizzard+1","Rainbow+1","Conserve Battery","Coolheaded","Cold Snap","Electrodynamics","Coolheaded","Self Repair","Barrage","Loop"],"relics":["Cracked Core","Darkstone Periapt","StoneCalendar","Ice Cream","Inserter"],"potions_floor_usage":[],"damage_taken":[{"damage":1,"enemies":"Cultist","floor":1,"turns":3},{"damage":8,"enemies":"Small Slimes","floor":3,"turns":3},{"damage":0,"enemies":"Jaw Worm","floor":5,"turns":3},{"damage":10,"enemies":"Lagavulin","floor":6,"turns":7},{"damage":16,"enemies":"3 Sentries","floor":8,"turns":7},{"damage":17,"enemies":"Lots of Slimes","floor":10,"turns":4},{"damage":6,"enemies":"Looter","floor":12,"turns":3},{"damage":13,"enemies":"The Guardian","floor":16,"turns":10},{"damage":10,"enemies":"3 Byrds","floor":18,"turns":2},{"damage":2,"enemies":"Shell Parasite","floor":21,"turns":7},{"damage":31,"enemies":"Snake Plant","floor":23,"turns":6},{"damage":0,"enemies":"Slavers","floor":24,"turns":1}],"seed_played":"1923874877592372003","potions_obtained":[{"floor":3,"key":"EssenceOfSteel"},{"floor":5,"key":"Poison Potion"},{"floor":6,"key":"Swift Potion"}],"is_trial":false,"path_per_floor":["M","$","M","?","M","E","R","E","T","M","R","M","$","?","R","B",null,"M","$","$","M","$","M","E"],"character_chosen":"DEFECT","items_purchased":["Coolheaded","Self Repair"],"campfire_rested":0,"item_purchase_floors":[19,20],"current_hp_per_floor":[74,74,66,66,66,56,56,40,40,23,23,17,17,17,17,4,75,65,65,65,70,70,46,46],"gold":68,"neow_bonus":"THREE_RARE_CARDS","is_prod":false,"is_daily":false,"chose_seed":false,"campfire_upgraded":3,"win_rate":0,"timestamp":1541341654,"path_taken":["M","$","?","?","?","E","R","E","T","M","R","M","$","?","R","BOSS","M","?","$","M","$","M","E"],"build_version":"2018-11-02","purchased_purges":2,"victory":false,"max_hp_per_floor":[75,75,75,75,75,75,75,75,75,75,75,75,75,75,75,75,75,75,75,75,75,75,75,75],"card_choices":[{"not_picked":["Reboot","Seek"],"picked":"Buffer","floor":0},{"not_picked":["Leap","Beam Cell"],"picked":"Defragment","floor":1},{"not_picked":["Aggregate","Steam"],"picked":"Blizzard","floor":3},{"not_picked":["Darkness","Ball Lightning"],"picked":"Conserve Battery","floor":5},{"not_picked":["Go for the Eyes","Steam"],"picked":"Coolheaded","floor":6},{"not_picked":["Steam","Heatsinks","Leap"],"picked":"SKIP","floor":8},{"not_picked":["Ball Lightning","Hello World","Tempest"],"picked":"SKIP","floor":10},{"not_picked":["Rebound","Hologram"],"picked":"Cold Snap","floor":12},{"not_picked":["Meteor Strike","Creative AI"],"picked":"Electrodynamics","floor":16},{"not_picked":["Cold Snap","Force Field","Go for the Eyes"],"picked":"SKIP","floor":18},{"not_picked":["Sweeping Beam","BootSequence"],"picked":"Barrage","floor":21},{"not_picked":["Barrage","Cold Snap"],"picked":"Loop","floor":23}],"player_experience":447521,"relics_obtained":[{"floor":6,"key":"Darkstone Periapt"},{"floor":8,"key":"StoneCalendar"},{"floor":9,"key":"Ice Cream"}],"event_choices":[{"damage_healed":0,"gold_gain":0,"cards_transformed":["Strike_B"],"player_choice":"Transformed","damage_taken":0,"max_hp_gain":0,"max_hp_loss":0,"event_name":"Transmorgrifier","floor":4,"gold_loss":0,"cards_obtained":["Rainbow"]},{"damage_healed":0,"gold_gain":100,"player_choice":"Pray","damage_taken":0,"max_hp_gain":0,"max_hp_loss":0,"event_name":"Golden Shrine","floor":14,"gold_loss":0}],"is_beta":true,"boss_relics":[{"not_picked":["Snecko Eye","White Beast Statue"],"picked":"Inserter"}],"items_purged_floors":[13,19],"is_endless":false,"potions_floor_spawned":[3,5,6,8,10,18],"killed_by":"Slavers","ascension_level":0}