{"gold_per_floor":[110,120,133,144,161,161,86,86,112,112,128,128,144,144,144,222,222,241,241,254,254,267,267,279,279,279,294,294,307,325,355,355,426,426,440,458,458,458,469,469,479,479,552,552,586,596,610,267,267,267,267,267,267,5,39,39],"floor_reached":57,"playtime":1226,"items_purged":["Strike_R","Clash","Thunderclap"],"score":3050,"play_id":"6374cf1c-b811-452e-99b7-442217aed148","local_time":"20190119162524","is_ascension_mode":true,"campfire_choices":[{"data":"Searing Blow","floor":6.0,"key":"SMITH"},{"data":"Searing Blow+1","floor":8.0,"key":"SMITH"},{"data":"Searing Blow+2","floor":10.0,"key":"SMITH"},{"data":"Searing Blow+3","floor":12.0,"key":"SMITH"},{"data":"Searing Blow+4","floor":15.0,"key":"SMITH"},{"data":"Searing Blow+5","floor":23.0,"key":"SMITH"},{"data":"Searing Blow+6","floor":25.0,"key":"SMITH"},{"data":"Searing Blow+7","floor":28.0,"key":"SMITH"},{"data":"Searing Blow+8","floor":32.0,"key":"SMITH"},{"data":"Searing Blow+9","floor":40.0,"key":"SMITH"},{"data":"Searing Blow+10","floor":42.0,"key":"SMITH"},{"data":"Searing Blow+11","floor":44.0,"key":"SMITH"},{"floor":49.0,"key":"RECALL"},{"data":"Searing Blow+12","floor":53.0,"key":"SMITH"}],"neow_cost":"NONE","seed_source_timestamp":13519625239950,"circlet_count":0,"master_deck":["AscendersBane","Bash","Searing Blow+13","Evolve","Double Tap","Battle Trance","Armaments","Clothesline","Shockwave","Necronomicurse","Impervious"],"special_seed":0,"relics":["Burning Blood","Lantern","Bag of Preparation","Pandora\u0027s Box","Necronomicon","Centennial Puzzle","Velvet Choker","Pantograph","Art of War","Potion Belt","Champion Belt"],"potions_floor_usage":[56],"damage_taken":[{"damage":2.0,"enemies":"Cultist","floor":1.0,"turns":4.0},{"damage":7.0,"enemies":"Jaw Worm","floor":2.0,"turns":3.0},{"damage":7.0,"enemies":"2 Louse","floor":3.0,"turns":3.0},{"damage":14.0,"enemies":"Red Slaver","floor":4.0,"turns":4.0},{"damage":6.0,"enemies":"Lots of Slimes","floor":5.0,"turns":5.0},{"damage":9.0,"enemies":"3 Louse","floor":11.0,"turns":4.0},{"damage":0.0,"enemies":"Looter","floor":13.0,"turns":1.0},{"damage":29.0,"enemies":"The Guardian","floor":16.0,"turns":7.0},{"damage":0.0,"enemies":"Chosen","floor":18.0,"turns":1.0},{"damage":11.0,"enemies":"2 Thieves","floor":20.0,"turns":2.0},{"damage":0.0,"enemies":"Snecko","floor":22.0,"turns":1.0},{"damage":0.0,"enemies":"Centurion and Healer","floor":24.0,"turns":3.0},{"damage":0.0,"enemies":"Snake Plant","floor":27.0,"turns":1.0},{"damage":1.0,"enemies":"Shelled Parasite and Fungi","floor":29.0,"turns":2.0},{"damage":0.0,"enemies":"Snecko","floor":30.0,"turns":1.0},{"damage":0.0,"enemies":"Gremlin Leader","floor":31.0,"turns":1.0},{"damage":0.0,"enemies":"Collector","floor":33.0,"turns":2.0},{"damage":0.0,"enemies":"3 Darklings","floor":35.0,"turns":4.0},{"damage":6.0,"enemies":"Orb Walker","floor":36.0,"turns":2.0},{"damage":0.0,"enemies":"Maw","floor":39.0,"turns":2.0},{"damage":0.0,"enemies":"Jaw Worm Horde","floor":41.0,"turns":3.0},{"damage":0.0,"enemies":"Giant Head","floor":45.0,"turns":1.0},{"damage":0.0,"enemies":"Writhing Mass","floor":46.0,"turns":1.0},{"damage":1.0,"enemies":"4 Shapes","floor":47.0,"turns":5.0},{"damage":30.0,"enemies":"Awakened One","floor":50.0,"turns":4.0},{"damage":0.0,"enemies":"Donu and Deca","floor":51.0,"turns":2.0},{"damage":0,"enemies":"Shield and Spear","floor":55,"turns":3},{"damage":79,"enemies":"The Heart","floor":56,"turns":5}],"seed_played":"1801824616132317585","potions_obtained":[{"floor":1.0,"key":"PowerPotion"},{"floor":4.0,"key":"AttackPotion"},{"floor":11.0,"key":"Ancient Potion"},{"floor":22.0,"key":"Swift Potion"},{"floor":33.0,"key":"Swift Potion"},{"floor":41.0,"key":"Dexterity Potion"},{"floor":45.0,"key":"SteroidPotion"}],"is_trial":false,"path_per_floor":["M","M","M","M","M","R","$","R","T","R","M","R","M","?","R","B",null,"M","?","M","?","M","R","M","R","T","M","R","M","M","E","R","B",null,"M","M","?","?","M","R","M","R","T","R","E","M","M","$","R","B","B",null,"R","$","E","B",null],"character_chosen":"IRONCLAD","items_purchased":["Potion Belt","GamblersBrew","Explosive Potion","Regen Potion"],"campfire_rested":0,"item_purchase_floors":[48,48,54,54],"current_hp_per_floor":[72,71,70,62,62,62,62,62,62,62,59,59,65,65,65,42,67,73,52,47,47,53,53,59,59,59,65,65,70,75,75,75,75,75,75,75,75,75,75,75,75,75,75,75,75,75,75,75,75,51,75,75,75,75,75,16],"gold":39,"neow_bonus":"RANDOM_COMMON_RELIC","is_prod":false,"is_daily":false,"chose_seed":false,"campfire_upgraded":13,"win_rate":0,"timestamp":1547886324,"path_taken":["M","M","?","M","?","R","$","R","T","R","M","R","M","?","R","BOSS","M","?","M","?","M","R","M","R","T","?","R","M","M","E","R","BOSS","M","?","?","?","M","R","M","R","T","R","E","M","M","$","R","BOSS","BOSS","R","$","E","BOSS"],"build_version":"2019-01-17v2","purchased_purges":3,"victory":true,"max_hp_per_floor":[75,75,75,75,75,75,75,75,75,75,75,75,75,75,75,75,75,75,75,75,75,75,75,75,75,75,75,75,75,75,75,75,75,75,75,75,75,75,75,75,75,75,75,75,75,75,75,75,75,75,75,75,75,75,75,75],"card_choices":[{"not_picked":["Hemokinesis","Clash"],"picked":"Searing Blow","floor":1.0},{"not_picked":["Corruption","Sentinel","True Grit"],"picked":"SKIP","floor":2.0},{"not_picked":["Seeing Red","Evolve","Searing Blow"],"picked":"SKIP","floor":3.0},{"not_picked":["Seeing Red","Searing Blow"],"picked":"Evolve","floor":3.0},{"not_picked":["Sentinel","Thunderclap","Anger"],"picked":"SKIP","floor":4.0},{"not_picked":["Ghostly Armor","Disarm","Feel No Pain"],"picked":"SKIP","floor":5.0},{"not_picked":["Carnage","Sword Boomerang","Warcry"],"picked":"SKIP","floor":11.0},{"not_picked":["Searing Blow","Perfected Strike"],"picked":"Double Tap","floor":13.0},{"not_picked":["Havoc","Body Slam","Pommel Strike"],"picked":"SKIP","floor":18.0},{"not_picked":["Body Slam","Infernal Blade+1","Wild Strike"],"picked":"SKIP","floor":20.0},{"not_picked":["Searing Blow","Flame Barrier","Metallicize+1"],"picked":"SKIP","floor":22.0},{"not_picked":["Heavy Blade","Armaments","Perfected Strike"],"picked":"SKIP","floor":24.0},{"not_picked":["True Grit","Infernal Blade","Searing Blow+1"],"picked":"SKIP","floor":27.0},{"not_picked":["Twin Strike","Clothesline","Body Slam"],"picked":"SKIP","floor":29.0},{"not_picked":["Sword Boomerang","Warcry","Inflame"],"picked":"SKIP","floor":30.0},{"not_picked":["Inflame","Flame Barrier","Entrench"],"picked":"SKIP","floor":31.0},{"not_picked":["Limit Break","Offering"],"picked":"Impervious","floor":33.0},{"not_picked":["Pommel Strike+1","Headbutt","Thunderclap"],"picked":"SKIP","floor":35.0},{"not_picked":["Burning Pact","Seeing Red","Dropkick"],"picked":"SKIP","floor":36.0},{"not_picked":["Ghostly Armor","Inflame","Fire Breathing"],"picked":"SKIP","floor":39.0},{"not_picked":["Shockwave+1","Warcry","Rage"],"picked":"SKIP","floor":41.0},{"not_picked":["Clash","Heavy Blade","Clothesline"],"picked":"SKIP","floor":45.0},{"not_picked":["Sever Soul+1","Heavy Blade","Wild Strike"],"picked":"SKIP","floor":46.0},{"not_picked":["Demon Form","Infernal Blade","Anger"],"picked":"SKIP","floor":47.0},{"not_picked":["Clothesline","Sword Boomerang+1","Shrug It Off"],"picked":"SKIP","floor":55}],"player_experience":2034843,"relics_obtained":[{"floor":9.0,"key":"Bag of Preparation"},{"floor":19.0,"key":"Necronomicon"},{"floor":31.0,"key":"Centennial Puzzle"},{"floor":43.0,"key":"Pantograph"},{"floor":45.0,"key":"Art of War"},{"floor":55,"key":"Champion Belt"}],"event_choices":[{"damage_healed":0.0,"max_hp_gain":0.0,"max_hp_loss":0.0,"gold_gain":0.0,"cards_transformed":["Strike_R"],"event_name":"Living Wall","player_choice":"Change","floor":14.0,"gold_loss":0.0,"damage_taken":0.0,"cards_obtained":["Battle Trance"]},{"damage_healed":0.0,"max_hp_gain":0.0,"max_hp_loss":0.0,"gold_gain":0.0,"event_name":"Cursed Tome","player_choice":"Obtained Book","floor":19.0,"gold_loss":0.0,"damage_taken":21.0},{"cards_removed":["Perfected Strike"],"damage_healed":0.0,"max_hp_gain":0.0,"max_hp_loss":0.0,"gold_gain":0.0,"event_name":"Purifier","player_choice":"Purged","floor":21.0,"gold_loss":0.0,"damage_taken":0.0},{"damage_healed":0.0,"max_hp_gain":0.0,"max_hp_loss":0.0,"gold_gain":0.0,"event_name":"SensoryStone","player_choice":"Memory 1","floor":37.0,"gold_loss":0.0,"damage_taken":0.0},{"cards_removed":["Fiend Fire"],"damage_healed":0.0,"max_hp_gain":0.0,"max_hp_loss":0.0,"gold_gain":0.0,"event_name":"Falling","player_choice":"Removed Attack","floor":38.0,"gold_loss":0.0,"damage_taken":0.0}],"is_beta":false,"boss_relics":[{"not_picked":["Black Blood","Fusion Hammer"],"picked":"Pandora\u0027s Box"},{"not_picked":["Cursed Key","Tiny House"],"picked":"Velvet Choker"}],"items_purged_floors":[7,48,54],"is_endless":false,"potions_floor_spawned":[1,4,11,13,22,24,30,31,33,35,36,41,45,47],"ascension_level":20}