{"gold_per_floor":[216,233,233,250,262,262,289,289,342,101,120,120,120,36,36,108,108,127,137,137,153,178,178,204,214,214,214,246,246,260,310,310,381,381,396,71,83,27,77,77,93,124,147,161,161,161,161,180,180,180],"floor_reached":50,"playtime":2888,"items_purged":["Pain","Strike_G+1"],"score":1070,"play_id":"13d08fab-4aaa-4952-9c5e-b42b71bf3c30","local_time":"20190721002348","is_ascension_mode":true,"campfire_choices":[{"data":"Dagger Throw","floor":6,"key":"SMITH"},{"floor":8,"key":"REST"},{"floor":15,"key":"REST"},{"floor":23,"key":"REST"},{"floor":27,"key":"REST"},{"data":"A Thousand Cuts","floor":29,"key":"SMITH"},{"floor":32,"key":"REST"},{"data":"Well Laid Plans","floor":40,"key":"SMITH"},{"floor":45,"key":"REST"},{"floor":47,"key":"RECALL"},{"floor":49,"key":"REST"}],"neow_cost":"NONE","seed_source_timestamp":99267802660503,"circlet_count":0,"master_deck":["AscendersBane","Strike_G+1","Strike_G+1","Defend_G+1","Defend_G+1","Defend_G+1","Defend_G+1","Defend_G+1","Survivor","Neutralize","Flying Knee","Sucker Punch","Dagger Throw+1","Well Laid Plans+1","A Thousand Cuts+1","Footwork","Bouncing Flask","Adrenaline","Dagger Spray+1","Backstab","Footwork+1","Footwork","Deadly Poison","Deflect+1","Caltrops+1","Terror+1","Predator+1","Parasite"],"relics":["Ring of the Snake","WarpedTongs","Sundial","Bag of Marbles","Anchor","Philosopher\u0027s Stone","Happy Flower","Thread and Needle","The Courier","Molten Egg 2","Black Star","Membership Card","Kunai","Letter Opener","Bottled Tornado"],"potions_floor_usage":[5,16,19,28,33,42,44,48],"damage_taken":[{"damage":0,"enemies":"Small Slimes","floor":1,"turns":4},{"damage":1,"enemies":"Cultist","floor":2,"turns":4},{"damage":2,"enemies":"2 Louse","floor":4,"turns":4},{"damage":5,"enemies":"Looter","floor":5,"turns":4},{"damage":26,"enemies":"Lagavulin","floor":7,"turns":6},{"damage":12,"enemies":"Exordium Thugs","floor":11,"turns":6},{"damage":11,"enemies":"Hexaghost","floor":16,"turns":9},{"damage":9,"enemies":"Chosen","floor":18,"turns":5},{"damage":6,"enemies":"Shell Parasite","floor":19,"turns":5},{"damage":35,"enemies":"Chosen and Byrds","floor":21,"turns":6},{"damage":21,"enemies":"Slavers","floor":24,"turns":5},{"damage":0,"enemies":"Snake Plant","floor":25,"turns":3},{"damage":0,"enemies":"Gremlin Leader","floor":28,"turns":5},{"damage":0,"enemies":"Shelled Parasite and Fungi","floor":30,"turns":3},{"damage":49,"enemies":"Champ","floor":33,"turns":17},{"damage":0,"enemies":"3 Shapes","floor":35,"turns":3},{"damage":0,"enemies":"Orb Walker","floor":37,"turns":3},{"damage":5,"enemies":"Maw","floor":41,"turns":7},{"damage":26,"enemies":"Giant Head","floor":42,"turns":11},{"damage":0,"enemies":"4 Shapes","floor":44,"turns":6},{"damage":4,"enemies":"Writhing Mass","floor":48,"turns":7},{"damage":69,"enemies":"Donu and Deca","floor":50,"turns":7}],"seed_played":"3268967651109679164","potions_obtained":[{"floor":4,"key":"Ancient Potion"},{"floor":5,"key":"Fruit Juice"},{"floor":7,"key":"Poison Potion"},{"floor":24,"key":"PowerPotion"},{"floor":25,"key":"Block Potion"},{"floor":33,"key":"FearPotion"},{"floor":37,"key":"Explosive Potion"},{"floor":44,"key":"Block Potion"}],"is_trial":false,"path_per_floor":["M","M","?","M","M","R","E","R","T","$","M","?","?","$","R","B",null,"M","M","?","M","T","R","E","M","T","R","E","R","M","?","R","B",null,"M","$","M","$","?","R","M","E","T","M","R","?","R","M","R","B"],"character_chosen":"THE_SILENT","items_purchased":["A Thousand Cuts","Bouncing Flask","Membership Card","Kunai","Footwork","Deadly Poison"],"campfire_rested":7,"item_purchase_floors":[10,14,36,36,38,38],"current_hp_per_floor":[59,58,58,56,56,56,30,51,51,51,39,39,32,32,53,42,64,55,49,49,14,14,35,14,14,14,35,35,35,35,35,56,7,55,55,55,55,55,55,55,50,24,24,24,45,45,45,41,62,0],"gold":180,"neow_bonus":"HUNDRED_GOLD","is_prod":false,"is_daily":false,"chose_seed":false,"campfire_upgraded":3,"win_rate":0,"timestamp":1563661428,"path_taken":["M","M","?","?","M","R","E","R","T","$","M","?","?","$","R","BOSS","M","M","?","M","?","R","E","M","T","R","E","R","M","?","R","BOSS","M","$","M","$","?","R","?","E","T","M","R","?","R","M","R","BOSS"],"build_version":"2019-07-17","purchased_purges":2,"victory":false,"max_hp_per_floor":[66,66,66,66,71,71,71,71,71,71,71,71,71,71,71,71,71,71,71,71,71,71,71,71,71,71,71,71,71,71,71,71,71,71,71,71,71,71,71,71,71,71,71,71,71,71,71,71,71,71],"card_choices":[{"not_picked":["Escape Plan","Underhanded Strike"],"picked":"Flying Knee","floor":1},{"not_picked":["Bane","Accuracy"],"picked":"Sucker Punch","floor":2},{"not_picked":["Terror","Caltrops"],"picked":"Dagger Throw","floor":4},{"not_picked":["Accuracy","Prepared"],"picked":"Well Laid Plans","floor":5},{"not_picked":["Finisher","Prepared","Distraction"],"picked":"SKIP","floor":7},{"not_picked":["Acrobatics","Calculated Gamble"],"picked":"Footwork","floor":11},{"not_picked":["A Thousand Cuts","Phantasmal Killer"],"picked":"Adrenaline","floor":16},{"not_picked":["Tactician","Infinite Blades","Blade Dance"],"picked":"SKIP","floor":18},{"not_picked":["Accuracy","Sucker Punch"],"picked":"Dagger Spray+1","floor":19},{"not_picked":["Dagger Throw","Terror","Deadly Poison"],"picked":"SKIP","floor":21},{"not_picked":["Accuracy","All Out Attack"],"picked":"Backstab","floor":24},{"not_picked":["Flying Knee","Leg Sweep","Acrobatics"],"picked":"SKIP","floor":25},{"not_picked":["Accuracy+1","Bane"],"picked":"Footwork+1","floor":28},{"not_picked":["Choke+1","Poisoned Stab+1","Quick Slash+1"],"picked":"SKIP","floor":30},{"not_picked":["Setup","Blade Dance","Distraction"],"picked":"SKIP","floor":35},{"not_picked":["Underhanded Strike+1","Quick Slash+1","Poisoned Stab+1"],"picked":"SKIP","floor":37},{"not_picked":["Cloak And Dagger","Caltrops"],"picked":"Deflect+1","floor":41},{"not_picked":["Dagger Throw+1","Slice+1"],"picked":"Caltrops+1","floor":42},{"not_picked":["Flying Knee+1","Dagger Spray+1"],"picked":"Terror+1","floor":44},{"not_picked":["All Out Attack+1","Underhanded Strike+1","Bane+1"],"picked":"SKIP","floor":48}],"player_experience":743928,"relics_obtained":[{"floor":7,"key":"Sundial"},{"floor":9,"key":"Bag of Marbles"},{"floor":22,"key":"Happy Flower"},{"floor":24,"key":"Thread and Needle"},{"floor":26,"key":"The Courier"},{"floor":28,"key":"Molten Egg 2"},{"floor":42,"key":"Letter Opener"},{"floor":42,"key":"Bottled Tornado"}],"event_choices":[{"damage_healed":0,"gold_gain":0,"player_choice":"Rummage","damage_taken":0,"relics_obtained":["WarpedTongs"],"max_hp_gain":0,"max_hp_loss":0,"event_name":"Accursed Blacksmith","floor":3,"gold_loss":0,"cards_obtained":["Pain"]},{"damage_healed":0,"gold_gain":0,"player_choice":"Searched \u00271\u0027 times","damage_taken":0,"relics_obtained":["Anchor"],"max_hp_gain":0,"max_hp_loss":0,"event_name":"Dead Adventurer","floor":12,"gold_loss":0},{"cards_removed":["Strike_G"],"damage_healed":0,"gold_gain":0,"player_choice":"Card Removal","damage_taken":7,"max_hp_gain":0,"max_hp_loss":0,"event_name":"Golden Wing","floor":13,"gold_loss":0},{"damage_healed":0,"gold_gain":0,"player_choice":"Simplicity","damage_taken":0,"max_hp_gain":0,"max_hp_loss":0,"event_name":"Back to Basics","floor":20,"gold_loss":0,"cards_upgraded":["Strike_G","Strike_G","Strike_G","Strike_G","Defend_G","Defend_G","Defend_G","Defend_G","Defend_G"]},{"damage_healed":0,"gold_gain":50,"player_choice":"Stole From Cult","damage_taken":0,"max_hp_gain":0,"max_hp_loss":0,"event_name":"Nest","floor":31,"gold_loss":0},{"damage_healed":0,"gold_gain":50,"player_choice":"Pray","damage_taken":0,"max_hp_gain":0,"max_hp_loss":0,"event_name":"Golden Shrine","floor":39,"gold_loss":0},{"damage_healed":0,"gold_gain":0,"cards_transformed":["Strike_G"],"player_choice":"Transformed","damage_taken":0,"max_hp_gain":0,"max_hp_loss":0,"event_name":"Transmorgrifier","floor":46,"gold_loss":0,"cards_obtained":["Predator"]}],"is_beta":false,"boss_relics":[{"not_picked":["Cursed Key","Ring of the Serpent"],"picked":"Philosopher\u0027s Stone"},{"not_picked":["White Beast Statue","Busted Crown"],"picked":"Black Star"}],"items_purged_floors":[10,36],"is_endless":false,"potions_floor_spawned":[4,5,7,24,25,33,37,41,44],"killed_by":"Donu and Deca","ascension_level":20}