{"gold_per_floor":[212,92,92,92,110,110,125,142,142,42,42,42,56,75,75,174,174,189,189,64,81,95,95,95,113,113,313,331,331,331,342,342,442,442,456,456,183,196,196,196,212,239,239,257,82,82,99,119,119,119],"floor_reached":51,"playtime":1657,"items_purged":["Strike_G","Strike_G","Defend_G","Defend_G","Defend_G"],"score":746,"play_id":"a0e22177-827e-4be7-b2a2-57f499fb5097","local_time":"20181114165116","is_ascension_mode":false,"campfire_choices":[{"data":"Deadly Poison","floor":6.0,"key":"SMITH"},{"data":"Deadly Poison","floor":11.0,"key":"SMITH"},{"data":"Caltrops","floor":15.0,"key":"SMITH"},{"data":"Caltrops","floor":23.0,"key":"SMITH"},{"data":"Well Laid Plans","floor":30.0,"key":"SMITH"},{"data":"Neutralize","floor":32.0,"key":"SMITH"},{"data":"Well Laid Plans","floor":40.0,"key":"SMITH"},{"data":"Tactician","floor":46.0,"key":"SMITH"},{"data":"Acrobatics","floor":49,"key":"SMITH"}],"neow_cost":"NONE","seed_source_timestamp":21115939063654,"circlet_count":0,"master_deck":["Survivor","Neutralize+1","Infinite Blades","Deadly Poison+1","Deadly Poison+1","Backflip","Caltrops+1","Burst","Crippling Poison+1","Calculated Gamble+1","Terror+1","Catalyst+1","Caltrops+1","Well Laid Plans+1","Footwork","Grand Finale","Acrobatics+1","Well Laid Plans+1","Tactician+1"],"special_seed":0,"relics":["Ring of the Snake","Bag of Preparation","Ornamental Fan","Astrolabe","MutagenicStrength","Question Card","Cursed Key","Gremlin Horn","Turnip"],"potions_floor_usage":[50],"damage_taken":[{"damage":2.0,"enemies":"Small Slimes","floor":1.0,"turns":5.0},{"damage":2.0,"enemies":"Jaw Worm","floor":5.0,"turns":5.0},{"damage":0.0,"enemies":"Cultist","floor":7.0,"turns":3.0},{"damage":11.0,"enemies":"Exordium Wildlife","floor":8.0,"turns":4.0},{"damage":1.0,"enemies":"Blue Slaver","floor":13.0,"turns":4.0},{"damage":7.0,"enemies":"Gremlin Gang","floor":14.0,"turns":4.0},{"damage":13.0,"enemies":"The Guardian","floor":16.0,"turns":7.0},{"damage":6.0,"enemies":"2 Thieves","floor":18.0,"turns":4.0},{"damage":0.0,"enemies":"3 Byrds","floor":21.0,"turns":2.0},{"damage":15.0,"enemies":"3 Cultists","floor":22.0,"turns":4.0},{"damage":7.0,"enemies":"Snake Plant","floor":25.0,"turns":4.0},{"damage":6.0,"enemies":"Snecko","floor":28.0,"turns":5.0},{"damage":9.0,"enemies":"Centurion and Healer","floor":31.0,"turns":6.0},{"damage":18.0,"enemies":"Collector","floor":33.0,"turns":6.0},{"damage":0.0,"enemies":"Orb Walker","floor":35.0,"turns":2.0},{"damage":0.0,"enemies":"3 Shapes","floor":38.0,"turns":1.0},{"damage":0.0,"enemies":"Jaw Worm Horde","floor":41.0,"turns":1.0},{"damage":0.0,"enemies":"Giant Head","floor":42.0,"turns":5.0},{"damage":0.0,"enemies":"Spire Growth","floor":44.0,"turns":2.0},{"damage":19.0,"enemies":"Sphere and 2 Shapes","floor":47.0,"turns":4.0},{"damage":0,"enemies":"4 Shapes","floor":48,"turns":1},{"damage":18,"enemies":"Awakened One","floor":50,"turns":3}],"seed_played":"-8021087389875127393","potions_obtained":[{"floor":5.0,"key":"Block Potion"},{"floor":7.0,"key":"GamblersBrew"},{"floor":14.0,"key":"GamblersBrew"},{"floor":18.0,"key":"Weak Potion"},{"floor":25.0,"key":"Fire Potion"},{"floor":33.0,"key":"Dexterity Potion"},{"floor":35.0,"key":"GamblersBrew"},{"floor":38.0,"key":"AttackPotion"},{"floor":44.0,"key":"Weak Potion"},{"floor":47.0,"key":"Poison Potion"}],"is_trial":false,"path_per_floor":["M","$","?","?","M","R","M","M","T","$","R","?","M","M","R","B",null,"M","?","$","M","M","R","$","M","T","?","M","?","R","M","R","B",null,"M","?","$","M","?","R","M","E","T","M","$","R","M","M","R","B",null],"character_chosen":"THE_SILENT","items_purchased":["Deadly Poison","Acrobatics","Well Laid Plans"],"campfire_rested":0,"item_purchase_floors":[2,37,37],"current_hp_per_floor":[68,68,61,61,59,59,59,48,48,48,48,36,35,28,28,15,70,64,64,64,64,49,49,49,42,42,42,36,36,36,27,27,9,70,70,70,70,70,70,70,70,70,70,70,70,70,51,51,51,33],"gold":119,"neow_bonus":"HUNDRED_GOLD","is_prod":false,"is_daily":false,"chose_seed":false,"campfire_upgraded":9,"win_rate":0,"timestamp":1542185476,"path_taken":["M","$","?","?","?","R","M","M","T","$","R","?","M","M","R","BOSS","M","?","$","M","M","R","$","M","T","?","?","?","R","M","R","BOSS","M","?","$","?","?","R","?","E","T","M","$","R","?","M","R","BOSS"],"build_version":"2018-11-08","purchased_purges":5,"victory":true,"max_hp_per_floor":[70,70,70,70,70,70,70,70,70,70,70,70,70,70,70,70,70,70,70,70,70,70,70,70,70,70,70,70,70,70,70,70,70,70,70,70,70,70,70,70,70,70,70,70,70,70,70,70,70,70],"card_choices":[{"not_picked":["Dagger Throw","Cloak And Dagger"],"picked":"Infinite Blades","floor":1.0},{"not_picked":["Setup","Dagger Spray"],"picked":"Deadly Poison","floor":5.0},{"not_picked":["Reflex","Slice","Deflect"],"picked":"SKIP","floor":7.0},{"not_picked":["Blade Dance","Reflex","Terror"],"picked":"SKIP","floor":8.0},{"not_picked":["All Out Attack","Blur"],"picked":"Backflip","floor":13.0},{"not_picked":["Bane","Dash"],"picked":"Caltrops","floor":14.0},{"not_picked":["Die Die Die","Envenom"],"picked":"Burst","floor":16.0},{"not_picked":["Choke","Backflip"],"picked":"Catalyst+1","floor":18.0},{"not_picked":["Blade Dance+1","Flechettes"],"picked":"Caltrops+1","floor":21.0},{"not_picked":["Deadly Poison","Dagger Throw","PiercingWail"],"picked":"SKIP","floor":22.0},{"not_picked":["Slice+1","Leg Sweep"],"picked":"Well Laid Plans","floor":25.0},{"not_picked":["Poisoned Stab+1","Acrobatics","Blur","A Thousand Cuts"],"picked":"SKIP","floor":28.0},{"not_picked":["Acrobatics+1","Choke+1","Flying Knee"],"picked":"Footwork","floor":31.0},{"not_picked":["Malaise","Glass Knife","Night Terror"],"picked":"Grand Finale","floor":33.0},{"not_picked":["Bane","Crippling Poison+1","Eviscerate+1","Quick Slash+1"],"picked":"SKIP","floor":35.0},{"not_picked":["Eviscerate+1","Slice+1","Outmaneuver+1","Leg Sweep"],"picked":"SKIP","floor":38.0},{"not_picked":["Deflect","A Thousand Cuts","Dagger Spray+1","Cloak And Dagger"],"picked":"SKIP","floor":41.0},{"not_picked":["Dodge and Roll","Leg Sweep+1","Venomology","Heel Hook"],"picked":"SKIP","floor":42.0},{"not_picked":["Prepared+1","Eviscerate","Underhanded Strike"],"picked":"Tactician","floor":44.0},{"not_picked":["Calculated Gamble","PiercingWail+1","Blur+1","Dagger Spray"],"picked":"SKIP","floor":47.0},{"not_picked":["Quick Slash","Poisoned Stab+1","All Out Attack","Leg Sweep+1"],"picked":"SKIP","floor":48}],"player_experience":1004986,"relics_obtained":[{"floor":9.0,"key":"Bag of Preparation"},{"floor":26.0,"key":"Question Card"},{"floor":42.0,"key":"Turnip"}],"event_choices":[{"cards_removed":["Strike_G"],"damage_healed":0.0,"max_hp_gain":0.0,"max_hp_loss":0.0,"gold_gain":0.0,"event_name":"Golden Wing","player_choice":"Card Removal","floor":3.0,"gold_loss":0.0,"damage_taken":7.0},{"damage_healed":0.0,"max_hp_gain":0.0,"max_hp_loss":0.0,"gold_gain":0.0,"cards_transformed":["Defend_G"],"event_name":"Transmorgrifier","player_choice":"Transformed","floor":4.0,"gold_loss":0.0,"damage_taken":0.0,"cards_obtained":["Caltrops"]},{"damage_healed":0.0,"max_hp_gain":0.0,"max_hp_loss":0.0,"gold_gain":0.0,"event_name":"Scrap Ooze","player_choice":"Success","floor":12.0,"gold_loss":0.0,"damage_taken":12.0,"relics_obtained":["Ornamental Fan"]},{"damage_healed":0.0,"max_hp_gain":0.0,"max_hp_loss":0.0,"gold_gain":0.0,"event_name":"Drug Dealer","player_choice":"Inject Mutagens","floor":19.0,"gold_loss":0.0,"damage_taken":0.0,"relics_obtained":["MutagenicStrength"]},{"damage_healed":0.0,"max_hp_gain":0.0,"max_hp_loss":0.0,"gold_gain":250.0,"event_name":"The Joust","player_choice":"Bet on Owner","floor":27.0,"gold_loss":50.0,"damage_taken":0.0},{"damage_healed":0.0,"max_hp_gain":0.0,"max_hp_loss":0.0,"gold_gain":0.0,"event_name":"Cursed Tome","player_choice":"Ignored","floor":29.0,"gold_loss":0.0,"damage_taken":0.0},{"damage_healed":0.0,"max_hp_gain":0.0,"max_hp_loss":0.0,"gold_gain":0.0,"event_name":"The Woman in Blue","player_choice":"Bought 0 Potions","floor":36.0,"gold_loss":0.0,"damage_taken":0.0},{"cards_removed":["Caltrops"],"damage_healed":0.0,"max_hp_gain":0.0,"max_hp_loss":0.0,"gold_gain":0.0,"event_name":"WeMeetAgain","player_choice":"Gave Card","floor":39.0,"gold_loss":0.0,"damage_taken":0.0,"relics_obtained":["Gremlin Horn"]}],"is_beta":false,"boss_relics":[{"not_picked":["Fusion Hammer","Orrery"],"picked":"Astrolabe"},{"not_picked":["Eternal Feather","Busted Crown"],"picked":"Cursed Key"}],"items_purged_floors":[2,10,20,37,45],"is_endless":false,"potions_floor_spawned":[5,7,14,18,25,33,35,38,44,47],"ascension_level":0}