{"gold_per_floor":[99],"floor_reached":1,"playtime":287,"items_purged":[],"score":82,"play_id":"ebb8d752-92ed-4f19-a14d-eec69cdb166f","local_time":"20190326150924","is_ascension_mode":false,"campfire_choices":[],"neow_cost":"","seed_source_timestamp":8190085170683,"circlet_count":0,"master_deck":["Mayhem","Magnetism","Sadistic Nature","Panache","The Bomb","Apotheosis","Chrysalis","Metamorphosis","Secret Technique","Violence","Secret Weapon","Master of Strategy","Thinking Ahead","Transmutation","Discovery","Madness","Dark Shackles","PanicButton","Trip","Impatience","Blind","Bandage Up","Deep Breath","Forethought","Enlightenment","Purity","Panacea","Finesse","Good Instincts","Jack Of All Trades","Ghostly","J.A.X.","HandOfGreed","Mind Blast","Dramatic Entrance","Flash of Steel","Swift Strike","RitualDagger","Bite","Shiv","Wraith Form v2","A Thousand Cuts","Envenom","After Image","Tools of the Trade","Caltrops","Noxious Fumes","Infinite Blades","Accuracy","Footwork","Well Laid Plans","Bullet Time","Night Terror","Storm of Steel","Phantasmal Killer","Corpse Explosion","Burst","Venomology","Adrenaline","Doppelganger","Malaise","Crippling Poison","Leg Sweep","Bouncing Flask","Catalyst","Expertise","Blur","Setup","Terror","Distraction","Calculated Gamble","Escape Plan","Concentrate","Tactician","Reflex","Cloak And Dagger","Deadly Poison","Blade Dance","Acrobatics","Backflip","Outmaneuver","PiercingWail","Dodge and Roll","Deflect","Prepared","Survivor","Glass Knife","Unload","Die Die Die","Grand Finale","Eviscerate","Choke","Riddle With Holes","Dash","Predator","Finisher","Heel Hook","Flechettes","All Out Attack","Endless Agony","Backstab","Masterful Stab","Skewer","Underhanded Strike","Dagger Spray","Bane","Dagger Throw","Poisoned Stab","Quick Slash","Sucker Punch","Flying Knee","Slice","Neutralize","Sword Boomerang","Anger","Clash","Bash","Thunderclap","Pommel Strike","Twin Strike","Headbutt","Wild Strike","Heavy Blade","Perfected Strike","Cleave","Iron Wave","Body Slam","Rampage","Dropkick","Reckless Charge","Whirlwind","Clothesline","Searing Blow","Carnage","Uppercut","Hemokinesis","Pummel","Reaper","Fiend Fire","Feed","Blood for Blood","Sever Soul","Warcry","Flex","Bludgeon","Immolate","Bloodletting","True Grit","Shrug It Off","Armaments","Havoc","Second Wind","Ghostly Armor","Intimidate","Rage","Battle Trance","Infernal Blade","Burning Pact","Seeing Red","Disarm","Sentinel","Shockwave","Shockwave","Entrench","Spot Weakness","Power Through","Dual Wield","Exhume","Limit Break","Double Tap","Offering","Flame Barrier","Feel No Pain","Rupture","Fire Breathing","Evolve","Impervious","Berserk","Corruption","Inflame","Metallicize","Combust","Barricade","Demon Form","Juggernaut","Dark Embrace","Brutality","Creative AI","Echo Form","Buffer","Electrodynamics","Machine Learning","Biased Cognition","Storm","Hello World","Self Repair","Loop","Static Discharge","Heatsinks","Capacitor","Defragment","Rainbow","Amplify","Fission","Reboot","Seek","Multi-Cast","Force Field","Glacier","Consume","Fusion","Undo","Genetic Algorithm","Aggregate","Chaos","Darkness","Double Energy","Auto Shields","Recycle","Skim","White Noise","Steam Power","Chill","BootSequence","Reprogram","Tempest","Reinforced Body","Redo","Stack","Coolheaded","Conserve Battery","Hologram","Leap","Turbo","Steam","Zap","Meteor Strike","Thunder Strike","All For One","Hyperbeam","Core Surge","Sunder","Doom and Gloom","Blizzard","Melter","Rip and Tear","Lockon","Scrape","FTL","Streamline","Ball Lightning","Compile Driver","Barrage","Rebound","Sweeping Beam","Cold Snap","Go for the Eyes","Gash","Beam Cell","Disarm","Iron Wave","Whirlwind","Anger","Headbutt","Seeing Red"],"relics":["Burning Blood","Unceasing Top","Membership Card","Juzu Bracelet","PrismaticShard","OrangePellets","Symbiotic Virus","Champion Belt","Ice Cream","Frozen Eye","Ginger","Dead Branch","Lee\u0027s Waffle","Pandora\u0027s Box"],"potions_floor_usage":[],"damage_taken":[{"damage":0,"enemies":"Small Slimes","floor":1,"turns":1}],"seed_played":"458493424085956683","potions_obtained":[],"is_trial":true,"path_per_floor":["M"],"character_chosen":"IRONCLAD","items_purchased":[],"campfire_rested":0,"item_purchase_floors":[],"current_hp_per_floor":[87],"gold":99,"neow_bonus":"","is_prod":false,"is_daily":false,"chose_seed":false,"campfire_upgraded":0,"win_rate":0,"timestamp":1553584164,"path_taken":["M"],"build_version":"2019-01-23","purchased_purges":0,"victory":false,"max_hp_per_floor":[87],"card_choices":[],"player_experience":3881756,"relics_obtained":[],"event_choices":[],"is_beta":false,"boss_relics":[],"items_purged_floors":[],"is_endless":false,"potions_floor_spawned":[],"killed_by":"Small Slimes","ascension_level":0}