{"gold_per_floor":[114,36,54,54,66,100,25,25,99,127,107],"floor_reached":11,"playtime":349,"items_purged":["Strike_G"],"score":162,"play_id":"f04dc6f3-87b4-41aa-bdf5-cbb362eca5ca","local_time":"20181117191121","is_ascension_mode":true,"campfire_choices":[{"data":"Neutralize","floor":8.0,"key":"SMITH"}],"neow_cost":"NONE","seed_source_timestamp":1498595999375252,"circlet_count":0,"master_deck":["AscendersBane","Defend_G","Defend_G","Defend_G","Defend_G","Defend_G","Strike_G","Strike_G","Strike_G","Survivor","Neutralize+1","Backflip","Unload","Deadly Poison","Burst","PiercingWail","Dash"],"special_seed":0,"relics":["Ring of the Snake","Snake Skull","Vajra","Question Card","Ornamental Fan"],"potions_floor_usage":[],"damage_taken":[{"damage":4.0,"enemies":"Jaw Worm","floor":1.0,"turns":7.0},{"damage":1.0,"enemies":"Cultist","floor":3.0,"turns":4.0},{"damage":6.0,"enemies":"2 Louse","floor":5.0,"turns":3.0},{"damage":27.0,"enemies":"Gremlin Nob","floor":6.0,"turns":4.0},{"damage":17.0,"enemies":"3 Sentries","floor":10.0,"turns":8.0},{"damage":0,"enemies":"Exordium Thugs","floor":11,"turns":2}],"seed_played":"-543877840051158601","potions_obtained":[{"floor":3.0,"key":"Explosive Potion"},{"floor":5.0,"key":"Poison Potion"},{"floor":6.0,"key":"SkillPotion"},{"floor":10.0,"key":"Ancient Potion"}],"is_trial":false,"path_per_floor":["M","$","M","?","M","E","$","R","T","E","M"],"character_chosen":"THE_SILENT","items_purchased":["Unload"],"campfire_rested":0,"item_purchase_floors":[2],"current_hp_per_floor":[55,55,54,54,48,21,21,21,21,4,4],"gold":107,"neow_bonus":"RANDOM_COMMON_RELIC","is_prod":false,"is_daily":false,"chose_seed":false,"campfire_upgraded":1,"win_rate":0,"timestamp":1542453081,"path_taken":["M","$","M","?","M","E","$","R","T","E","M"],"build_version":"2018-11-15","purchased_purges":1,"victory":false,"max_hp_per_floor":[66,66,66,66,66,66,66,66,66,66,66],"card_choices":[{"not_picked":["PiercingWail","Deflect"],"picked":"Backflip","floor":1.0},{"not_picked":["Concentrate","Sucker Punch"],"picked":"Deadly Poison","floor":3.0},{"not_picked":["Accuracy","Acrobatics"],"picked":"PiercingWail","floor":5.0},{"not_picked":["Distraction","Blade Dance","Sucker Punch"],"picked":"SKIP","floor":6.0},{"not_picked":["Flying Knee","Eviscerate","Night Terror"],"picked":"Dash","floor":10.0}],"player_experience":506418,"relics_obtained":[{"floor":6.0,"key":"Vajra"},{"floor":9.0,"key":"Question Card"},{"floor":10.0,"key":"Ornamental Fan"}],"event_choices":[{"damage_healed":0.0,"max_hp_gain":0.0,"max_hp_loss":0.0,"gold_gain":0.0,"cards_transformed":["Strike_G"],"event_name":"Transmorgrifier","player_choice":"Transformed","floor":4.0,"gold_loss":0.0,"damage_taken":0.0,"cards_obtained":["Burst"]}],"is_beta":true,"boss_relics":[],"items_purged_floors":[7],"is_endless":false,"potions_floor_spawned":[3,5,6,10],"killed_by":"Exordium Thugs","ascension_level":20}