{"path_per_floor":["M","M","?","M","M","?","E","R","T","M","R","$","M","T","R","B",null,"M","?","M","M","M","R","E","R","T","?","$","M","M","?","R","B",null,"M","?","M","M","$","M","M","R","T","E","?","?","R","M","R","B"],"character_chosen":"IRONCLAD","items_purchased":["Wild Strike","Magic Flower","Pommel Strike","Bag of Marbles"],"gold_per_floor":[114,129,129,144,159,159,189,189,214,229,229,179,194,244,244,344,344,359,359,374,389,404,404,434,434,459,409,109,124,139,139,139,239,239,254,254,269,284,109,124,139,139,139,169,169,169,169,184,184,184],"floor_reached":51,"campfire_rested":1,"playtime":1275,"current_hp_per_floor":[80,80,80,80,74,74,67,67,67,75,75,75,80,80,80,63,80,80,80,80,56,59,59,32,56,56,56,56,68,62,68,68,24,86,86,86,86,79,79,56,76,76,76,90,93,93,93,93,93,20],"items_purged":[],"gold":184,"score":807,"play_id":"bef2eee3-847a-470f-be51-f17382bbfb4d","local_time":"20180402120524","daily_mods":["Insanity","Uncertain Future","Hoarder"],"is_prod":false,"is_daily":true,"is_ascension_mode":false,"campfire_upgraded":8,"timestamp":1522641924,"path_taken":["M","M","?","M","M","?","E","R","T","M","R","$","M","?","R","BOSS","M","?","M","M","M","R","E","R","T","?","$","M","M","?","R","BOSS","M","?","M","M","$","M","M","R","T","E","?","?","R","M","R","BOSS"],"build_version":"2018-03-29v2","purchased_purges":0,"victory":true,"master_deck":["Second Wind","True Grit","Burning Pact","Fiend Fire","Reaper","Demon Form","Entrench","Dropkick","Pummel+1","Hemokinesis","Searing Blow","Shockwave","Shockwave","Immolate","Seeing Red","Iron Wave","Ghostly Armor","Spot Weakness","Brutality","Fiend Fire","Metallicize","Perfected Strike+1","Fiend Fire","Armaments+1","Berserk","Barricade","Dual Wield","Warcry","Pommel Strike","Shockwave","Armaments+1","Hemokinesis","Offering","Reckless Charge","Double Tap","Metallicize","Reckless Charge","Evolve","Rage","Power Through","Twin Strike","Burning Pact","Dual Wield","True Grit","Entrench","Armaments+1","Bludgeon","Offering","Double Tap","Shrug It Off","Shrug It Off","Shrug It Off","Perfected Strike+1","Perfected Strike+1","Perfected Strike+1","Perfected Strike","Perfected Strike","Perfected Strike+1","Reaper","Reaper","Reaper","Inflame","Inflame","Inflame","Wild Strike","Wild Strike","Wild Strike","Wild Strike","Wild Strike","Wild Strike+1","Battle Trance+1","Battle Trance+1","Battle Trance+1","Perfected Strike","Perfected Strike","Perfected Strike","Perfected Strike","Perfected Strike","Perfected Strike","Writhe","Writhe","Writhe","Seeing Red+1","Seeing Red+1","Seeing Red+1","Perfected Strike","Perfected Strike","Perfected Strike","Twin Strike","Twin Strike","Twin Strike","Pommel Strike","Pommel Strike","Pommel Strike","Perfected Strike+1","Perfected Strike+1","Perfected Strike+1","Twin Strike+1","Twin Strike+1","Twin Strike+1","Twin Strike+1","Twin Strike+1","Twin Strike+1"],"max_hp_per_floor":[80,80,80,80,80,80,80,80,80,80,80,80,80,80,80,80,80,80,80,80,80,80,80,80,80,80,80,80,80,80,86,86,86,86,86,86,86,86,86,86,86,86,86,93,93,93,93,93,93,93],"relics":["Burning Blood","Vajra","Blood Vial","Whetstone","Black Star","Dodecahedron","Bottled Flame","Juzu Bracelet","Magic Flower","Darkstone Periapt","Orrery","Bag of Marbles","Thread and Needle","Strawberry","Dream Catcher"],"card_choices":[{"not_picked":["Corruption","Evolve"],"picked":"Shrug It Off","floor":1},{"not_picked":["Second Wind","Shrug It Off"],"picked":"Perfected Strike","floor":2},{"not_picked":["Wild Strike","Warcry"],"picked":"Perfected Strike","floor":4},{"not_picked":["Pummel","Shrug It Off"],"picked":"Reaper","floor":7},{"not_picked":["Carnage","Pommel Strike"],"picked":"Inflame","floor":10},{"not_picked":["Iron Wave","Entrench"],"picked":"Wild Strike","floor":13},{"not_picked":["Iron Wave","Heavy Blade"],"picked":"Battle Trance","floor":18},{"not_picked":["Clash","Twin Strike"],"picked":"Perfected Strike","floor":21},{"not_picked":["Shrug It Off","Dropkick"],"picked":"Perfected Strike","floor":22},{"not_picked":["Reckless Charge","Body Slam"],"picked":"Seeing Red","floor":34},{"not_picked":["Clash","Wild Strike"],"picked":"Perfected Strike","floor":34},{"not_picked":["Feel No Pain","Clash"],"picked":"Twin Strike","floor":34},{"not_picked":["Infernal Blade","Clash"],"picked":"Perfected Strike","floor":40},{"not_picked":["Berserk","Warcry"],"picked":"Twin Strike","floor":44},{"not_picked":["Burning Pact","Power Through"],"picked":"Twin Strike","floor":48}],"player_experience":369142,"potions_floor_usage":[7,21,22,29,30,50,50],"damage_taken":[{"damage":4,"enemies":"Jaw Worm","floor":1,"turns":3},{"damage":8,"enemies":"2 Louse","floor":2,"turns":2},{"damage":5,"enemies":"Small Slimes","floor":4,"turns":2},{"damage":12,"enemies":"3 Louse","floor":5,"turns":3},{"damage":16,"enemies":"Gremlin Nob","floor":7,"turns":4},{"damage":0,"enemies":"2 Fungi Beasts","floor":10,"turns":2},{"damage":0,"enemies":"Large Slime","floor":13,"turns":3},{"damage":23,"enemies":"The Guardian","floor":16,"turns":6},{"damage":2,"enemies":"Chosen","floor":18,"turns":3},{"damage":0,"enemies":"Spheric Guardian","floor":20,"turns":1},{"damage":30,"enemies":"Snake Plant","floor":21,"turns":4},{"damage":12,"enemies":"Snecko","floor":22,"turns":4},{"damage":35,"enemies":"Slavers","floor":24,"turns":3},{"damage":0,"enemies":"Cultist and Chosen","floor":29,"turns":2},{"damage":24,"enemies":"Slaver and Parasite","floor":30,"turns":4},{"damage":56,"enemies":"Collector","floor":33,"turns":5},{"damage":7,"enemies":"3 Shapes","floor":35,"turns":3},{"damage":0,"enemies":"Orb Walker","floor":37,"turns":1},{"damage":16,"enemies":"4 Shapes","floor":38,"turns":6},{"damage":39,"enemies":"Maw","floor":40,"turns":4},{"damage":19,"enemies":"3 Darklings","floor":41,"turns":3},{"damage":5,"enemies":"2 Orb Walkers","floor":44,"turns":2},{"damage":4,"enemies":"Sphere and 2 Shapes","floor":48,"turns":2},{"damage":82,"enemies":"Time Eater","floor":50,"turns":7}],"event_choices":[{"event_name":"Liars Game","player_choice":"disagreed","floor":3,"damage_taken":0},{"event_name":"The Cleric","player_choice":"Leave","floor":6,"damage_taken":0},{"event_name":"Drug Dealer","player_choice":"Ignored","floor":19,"damage_taken":0},{"event_name":"The Joust","player_choice":"Bet on Owner","floor":27,"damage_taken":0},{"event_name":"The Mausoleum","player_choice":"Yes","floor":31,"damage_taken":0},{"event_name":"Tomb of Lord Red Mask","player_choice":"Ignored","floor":36,"damage_taken":0},{"event_name":"Wheel of Change","player_choice":"Full Heal","floor":45,"damage_taken":0}],"boss_relics":[{"not_picked":["Runic Cube","White Beast Statue"],"picked":"Black Star"},{"not_picked":["Snecko Eye","Black Blood"],"picked":"Orrery"}],"potions_floor_spawned":[1,4,5,20,24,29,35,41,44],"seed_played":"-6970062414671020423","ascension_level":0,"is_trial":false}