{"gold_per_floor":[110,12,12,12,12,46,46,46,71,85,85,103,103,165,165,244,244,262,262,262,274,292,292,307,323,323,323],"floor_reached":27,"playtime":628,"items_purged":[],"score":472,"play_id":"052595d7-3802-4292-b019-8517f8d08a0b","local_time":"20190427114142","is_ascension_mode":true,"campfire_choices":[{"data":"Darkness","floor":8.0,"key":"SMITH"},{"data":"Skim","floor":11.0,"key":"SMITH"},{"data":"Redo","floor":13.0,"key":"SMITH"},{"data":"Dualcast","floor":15.0,"key":"SMITH"},{"data":"Turbo","floor":23.0,"key":"SMITH"}],"neow_cost":"NONE","seed_source_timestamp":2022289774586,"circlet_count":0,"master_deck":["AscendersBane","Strike_B","Strike_B","Strike_B+1","Defend_B","Defend_B","Defend_B","Defend_B","Zap","Dualcast+1","Skim+1","Glacier+1","Turbo+1","Darkness+1","Redo+1","Chill","Reboot","Heatsinks","Consume"],"special_seed":0,"relics":["NeowsBlessing","Bird Faced Urn","Regal Pillow","Runic Pyramid","Nloth\u0027s Gift","Turnip"],"potions_floor_usage":[],"damage_taken":[{"damage":0.0,"enemies":"2 Louse","floor":1.0,"turns":1.0},{"damage":0.0,"enemies":"Gremlin Nob","floor":6.0,"turns":1.0},{"damage":0.0,"enemies":"Small Slimes","floor":10.0,"turns":1.0},{"damage":0.0,"enemies":"Jaw Worm","floor":12.0,"turns":4.0},{"damage":22.0,"enemies":"Lagavulin Event","floor":14.0,"turns":5.0},{"damage":14.0,"enemies":"Hexaghost","floor":16.0,"turns":7.0},{"damage":22.0,"enemies":"Shell Parasite","floor":18.0,"turns":5.0},{"damage":7.0,"enemies":"3 Byrds","floor":21.0,"turns":6.0},{"damage":9.0,"enemies":"Shelled Parasite and Fungi","floor":22.0,"turns":3.0},{"damage":5.0,"enemies":"Snake Plant","floor":24.0,"turns":4.0},{"damage":0,"enemies":"Centurion and Healer","floor":25,"turns":9},{"damage":17,"enemies":"Slavers","floor":27,"turns":3}],"seed_played":"-4150039628949968757","potions_obtained":[{"floor":1.0,"key":"SteroidPotion"},{"floor":10.0,"key":"GamblersBrew"},{"floor":14.0,"key":"PowerPotion"},{"floor":25,"key":"Fire Potion"}],"is_trial":false,"path_per_floor":["M","$","?","?","$","E","?","R","T","M","R","M","R","?","R","B",null,"M","?","?","M","M","R","M","M","T","E"],"character_chosen":"DEFECT","items_purchased":["Glacier","Turbo"],"campfire_rested":0,"item_purchase_floors":[2,2],"current_hp_per_floor":[64,64,64,43,43,43,43,43,43,43,43,43,43,21,21,7,55,33,33,33,26,19,19,16,18,18,1],"gold":323,"neow_bonus":"THREE_ENEMY_KILL","is_prod":false,"is_daily":false,"chose_seed":false,"campfire_upgraded":5,"win_rate":0,"timestamp":1556336502,"path_taken":["M","$","?","?","$","E","?","R","T","?","R","M","R","?","R","BOSS","M","?","?","M","M","R","M","?","T","E"],"build_version":"2019-01-23","purchased_purges":0,"victory":false,"max_hp_per_floor":[71,71,71,71,71,71,71,71,71,71,71,71,71,71,71,71,71,71,71,71,71,71,71,71,71,71,71],"card_choices":[{"not_picked":["Coolheaded","Sweeping Beam"],"picked":"Skim","floor":1.0},{"not_picked":["Seek","Reboot"],"picked":"Darkness","floor":6.0},{"not_picked":["Static Discharge","Beam Cell"],"picked":"Redo","floor":10.0},{"not_picked":["Scrape","Stack","Steam"],"picked":"SKIP","floor":12.0},{"not_picked":["Streamline","Rebound"],"picked":"Chill","floor":14.0},{"not_picked":["Hyperbeam","Echo Form"],"picked":"Reboot","floor":16.0},{"not_picked":["Tempest","Gash","Sweeping Beam"],"picked":"SKIP","floor":18.0},{"not_picked":["Leap","Sweeping Beam","Rebound"],"picked":"SKIP","floor":21.0},{"not_picked":["Cold Snap+1","Gash"],"picked":"Heatsinks","floor":22.0},{"not_picked":["Coolheaded+1","Tempest"],"picked":"Consume","floor":24.0},{"not_picked":["Steam","Gash","Redo"],"picked":"SKIP","floor":25}],"player_experience":4545433,"relics_obtained":[{"floor":6.0,"key":"Bird Faced Urn"},{"floor":14.0,"key":"Regal Pillow"},{"floor":26,"key":"Turnip"}],"event_choices":[{"damage_healed":0.0,"max_hp_gain":0.0,"max_hp_loss":0.0,"gold_gain":0.0,"event_name":"The Cleric","player_choice":"Leave","floor":3.0,"gold_loss":0.0,"damage_taken":0.0},{"damage_healed":0.0,"max_hp_gain":0.0,"max_hp_loss":0.0,"gold_gain":0.0,"event_name":"Shining Light","player_choice":"Entered Light","floor":4.0,"gold_loss":0.0,"damage_taken":21.0,"cards_upgraded":["Strike_B","Glacier"]},{"cards_removed":["Strike_B"],"damage_healed":0.0,"max_hp_gain":0.0,"max_hp_loss":0.0,"gold_gain":0.0,"event_name":"Living Wall","player_choice":"Forget","floor":7.0,"gold_loss":0.0,"damage_taken":0.0},{"damage_healed":0.0,"max_hp_gain":0.0,"max_hp_loss":0.0,"gold_gain":0.0,"event_name":"Dead Adventurer","player_choice":"Searched \u00271\u0027 times","floor":14.0,"gold_loss":0.0,"damage_taken":0.0},{"damage_healed":0.0,"max_hp_gain":0.0,"max_hp_loss":0.0,"gold_gain":0.0,"event_name":"The Mausoleum","player_choice":"Ignored","floor":19.0,"gold_loss":0.0,"damage_taken":0.0},{"damage_healed":0.0,"max_hp_gain":0.0,"max_hp_loss":0.0,"gold_gain":0.0,"event_name":"N\u0027loth","player_choice":"Traded Relic","floor":20.0,"relics_lost":["Cracked Core"],"gold_loss":0.0,"damage_taken":0.0,"relics_obtained":["Nloth\u0027s Gift"]}],"is_beta":false,"boss_relics":[{"not_picked":["Fusion Hammer","Calling Bell"],"picked":"Runic Pyramid"}],"items_purged_floors":[],"is_endless":false,"potions_floor_spawned":[1,10,14,16,21,25],"killed_by":"Slavers","ascension_level":20}