{"gold_per_floor":[111,386,400,418,90,117,145,157,194,206,234,94,107,141,141,218,218,196,34,46,46,46,46,60,60,60,60,60,80,91,124,124,124],"floor_reached":33,"playtime":1466,"items_purged":["Regret","Strike_G"],"score":604,"play_id":"d0ed431f-71da-4cee-a954-2ea6de2012b8","local_time":"20190302170008","is_ascension_mode":true,"campfire_choices":[{"data":"Bouncing Flask","floor":8.0,"key":"SMITH"},{"data":"Catalyst","floor":10.0,"key":"SMITH"},{"data":"Neutralize","floor":15.0,"key":"SMITH"},{"data":"Well Laid Plans","floor":23.0,"key":"SMITH"},{"data":"Footwork","floor":25.0,"key":"SMITH"},{"floor":32.0,"key":"RECALL"}],"neow_cost":"NONE","seed_source_timestamp":20754557575280,"circlet_count":0,"master_deck":["AscendersBane","Defend_G","Defend_G","Defend_G","Defend_G","Defend_G","Survivor","Neutralize+1","Escape Plan","Bouncing Flask+1","Footwork+1","Catalyst+1","Backflip","Backflip","Bouncing Flask+1","Glass Knife+1","Finisher+1","Well Laid Plans+1"],"special_seed":0,"relics":["Ring of the Snake","NeowsBlessing","Orichalcum","MawBank","Oddly Smooth Stone","Art of War","Astrolabe","Happy Flower","Centennial Puzzle"],"potions_floor_usage":[],"damage_taken":[{"damage":0.0,"enemies":"Cultist","floor":1.0,"turns":1.0},{"damage":0.0,"enemies":"Jaw Worm","floor":3.0,"turns":1.0},{"damage":0.0,"enemies":"Small Slimes","floor":4.0,"turns":1.0},{"damage":32.0,"enemies":"3 Sentries","floor":6.0,"turns":16.0},{"damage":0.0,"enemies":"2 Fungi Beasts","floor":7.0,"turns":5.0},{"damage":0.0,"enemies":"3 Louse","floor":11.0,"turns":5.0},{"damage":2.0,"enemies":"Looter","floor":13.0,"turns":3.0},{"damage":19.0,"enemies":"Gremlin Nob","floor":14.0,"turns":4.0},{"damage":3.0,"enemies":"The Guardian","floor":16.0,"turns":8.0},{"damage":0.0,"enemies":"2 Thieves","floor":18.0,"turns":4.0},{"damage":0.0,"enemies":"Chosen","floor":20.0,"turns":3.0},{"damage":0.0,"enemies":"Centurion and Healer","floor":24.0,"turns":7.0},{"damage":0.0,"enemies":"Cultist and Chosen","floor":29.0,"turns":5.0},{"damage":6.0,"enemies":"Sentry and Sphere","floor":30.0,"turns":8.0},{"damage":0.0,"enemies":"Slavers","floor":31.0,"turns":6.0},{"damage":20,"enemies":"Collector","floor":33,"turns":6}],"seed_played":"4785371947377996005","potions_obtained":[{"floor":1.0,"key":"SpeedPotion"},{"floor":7.0,"key":"SkillPotion"},{"floor":14.0,"key":"Weak Potion"},{"floor":20.0,"key":"AttackPotion"},{"floor":29.0,"key":"PowerPotion"}],"is_trial":false,"path_per_floor":["M","?","M","M","$","E","M","R","T","R","M","$","M","E","R","B",null,"M","$","M","?","$","R","M","R","T","$","?","M","M","E","R","B"],"character_chosen":"THE_SILENT","items_purchased":["Footwork","Orichalcum","Backflip","Happy Flower"],"campfire_rested":0,"item_purchase_floors":[5,5,12,19],"current_hp_per_floor":[59,59,59,59,59,27,27,27,27,27,27,27,25,6,6,3,50,50,50,50,32,32,32,32,32,32,32,32,32,26,26,26,6],"gold":124,"neow_bonus":"THREE_ENEMY_KILL","is_prod":false,"is_daily":false,"chose_seed":false,"campfire_upgraded":5,"win_rate":0,"timestamp":1551517208,"path_taken":["M","?","M","M","?","E","?","R","T","R","M","$","M","E","R","BOSS","M","$","M","?","$","R","M","R","T","$","?","?","M","E","R","BOSS"],"build_version":"2019-01-23","purchased_purges":2,"victory":false,"max_hp_per_floor":[66,66,66,66,66,66,66,66,66,66,66,66,66,66,66,66,66,66,66,66,71,71,71,71,71,71,71,71,71,71,71,71,71],"card_choices":[{"not_picked":["Expertise","Underhanded Strike"],"picked":"Escape Plan","floor":1.0},{"not_picked":["PiercingWail","Setup"],"picked":"Bouncing Flask","floor":3.0},{"not_picked":["Setup","Quick Slash","Heel Hook"],"picked":"SKIP","floor":4.0},{"not_picked":["Masterful Stab","Cloak And Dagger"],"picked":"Catalyst","floor":6.0},{"not_picked":["Reflex","Dagger Throw","Predator"],"picked":"SKIP","floor":7.0},{"not_picked":["Outmaneuver","Bane","PiercingWail"],"picked":"SKIP","floor":11.0},{"not_picked":["Bane","Cloak And Dagger"],"picked":"Backflip","floor":13.0},{"not_picked":["Cloak And Dagger","Dodge and Roll","Terror"],"picked":"SKIP","floor":14.0},{"not_picked":["Sucker Punch+1","Riddle With Holes","Dagger Throw"],"picked":"SKIP","floor":18.0},{"not_picked":["Backflip","Flying Knee"],"picked":"Well Laid Plans","floor":20.0},{"not_picked":["Expertise","Terror","Infinite Blades+1"],"picked":"SKIP","floor":24.0},{"not_picked":["Bane","Acrobatics","Envenom"],"picked":"SKIP","floor":29.0},{"not_picked":["Acrobatics+1","Outmaneuver+1","Distraction+1"],"picked":"SKIP","floor":30.0},{"not_picked":["Outmaneuver","Unload","Heel Hook"],"picked":"SKIP","floor":31.0}],"player_experience":3298694,"relics_obtained":[{"floor":6.0,"key":"MawBank"},{"floor":9.0,"key":"Oddly Smooth Stone"},{"floor":14.0,"key":"Art of War"},{"floor":31.0,"key":"Centennial Puzzle"}],"event_choices":[{"damage_healed":0.0,"max_hp_gain":0.0,"max_hp_loss":0.0,"gold_gain":275.0,"event_name":"Golden Shrine","player_choice":"Desecrate","floor":2.0,"gold_loss":0.0,"damage_taken":0.0,"cards_obtained":["Regret"]},{"damage_healed":0.0,"max_hp_gain":5.0,"max_hp_loss":0.0,"gold_gain":0.0,"event_name":"Forgotten Altar","player_choice":"Shed Blood","floor":21.0,"gold_loss":0.0,"damage_taken":23.0},{"cards_removed":["Strike_G"],"damage_healed":0.0,"max_hp_gain":0.0,"max_hp_loss":0.0,"gold_gain":0.0,"event_name":"Wheel of Change","player_choice":"Card Removal","floor":28.0,"gold_loss":0.0,"damage_taken":0.0}],"is_beta":false,"boss_relics":[{"not_picked":["Lizard Tail","Eternal Feather"],"picked":"Astrolabe"}],"items_purged_floors":[5,12],"is_endless":false,"potions_floor_spawned":[1,7,13,14,20,29,30],"killed_by":"Collector","ascension_level":20}