{"gold_per_floor":[113,113,129,129,129,159,177,177,177,210,230,248,266,294,294,397,397,417,417,417,234,249,249,264,276,276,290,290,290,290,316,316,316],"floor_reached":33,"playtime":1598,"items_purged":["Strike_G"],"score":337,"play_id":"a77e23a9-72bf-4ac3-acb7-f1a18533fd58","local_time":"20190102224359","is_ascension_mode":false,"campfire_choices":[{"data":"Neutralize","floor":8,"key":"SMITH"},{"data":"Accuracy","floor":15,"key":"SMITH"},{"floor":23,"key":"RECALL"},{"data":"Storm of Steel","floor":30,"key":"SMITH"},{"data":"Blade Dance","floor":32,"key":"SMITH"}],"neow_cost":"NONE","seed_source_timestamp":34306329668803,"circlet_count":0,"master_deck":["Defend_G","Defend_G","Defend_G","Defend_G","Strike_G","Strike_G","Strike_G","Strike_G","Survivor","Neutralize+1","Accuracy+1","Masterful Stab","Venomology","Flying Knee","Predator","Terror","Cloak And Dagger","Quick Slash","Bullet Time","Storm of Steel+1","Blade Dance+1","Infinite Blades","Footwork","Choke"],"relics":["Ring of the Snake","NeowsBlessing","StoneCalendar","Nunchaku","Meat on the Bone","Bag of Marbles","Busted Crown","MutagenicStrength","The Courier"],"potions_floor_usage":[7,10,13,13,14,14,14,14,16,18,25,31],"damage_taken":[{"damage":0,"enemies":"Small Slimes","floor":1,"turns":1},{"damage":0,"enemies":"Jaw Worm","floor":3,"turns":1},{"damage":0,"enemies":"Lagavulin","floor":6,"turns":1},{"damage":0,"enemies":"2 Louse","floor":7,"turns":2},{"damage":17,"enemies":"Gremlin Nob","floor":10,"turns":4},{"damage":9,"enemies":"Exordium Thugs","floor":11,"turns":4},{"damage":0,"enemies":"2 Fungi Beasts","floor":12,"turns":3},{"damage":0,"enemies":"3 Louse","floor":13,"turns":2},{"damage":4,"enemies":"3 Sentries","floor":14,"turns":7},{"damage":38,"enemies":"Slime Boss","floor":16,"turns":10},{"damage":31,"enemies":"Shell Parasite","floor":18,"turns":4},{"damage":2,"enemies":"Colosseum Slavers","floor":19,"turns":4},{"damage":10,"enemies":"Chosen","floor":22,"turns":2},{"damage":11,"enemies":"Snecko","floor":24,"turns":4},{"damage":0,"enemies":"3 Cultists","floor":25,"turns":3},{"damage":12,"enemies":"Shelled Parasite and Fungi","floor":27,"turns":3},{"damage":13,"enemies":"Book of Stabbing","floor":31,"turns":5},{"damage":60,"enemies":"Champ","floor":33,"turns":5}],"seed_played":"2429855250539392767","potions_obtained":[{"floor":1,"key":"Fire Potion"},{"floor":7,"key":"GhostInAJar"},{"floor":10,"key":"Fruit Juice"},{"floor":11,"key":"Energy Potion"},{"floor":13,"key":"SpeedPotion"},{"floor":14,"key":"Fruit Juice"},{"floor":18,"key":"Dexterity Potion"},{"floor":22,"key":"SteroidPotion"},{"floor":25,"key":"SkillPotion"},{"floor":31,"key":"LiquidBronze"}],"is_trial":false,"path_per_floor":["M","?","M","?","?","E","M","R","T","E","M","M","M","E","R","B",null,"M","?","?","$","M","R","M","M","T","M","?","?","R","E","R","B"],"character_chosen":"THE_SILENT","items_purchased":["Blade Dance","Infinite Blades"],"campfire_rested":0,"item_purchase_floors":[21,21],"current_hp_per_floor":[70,75,75,75,75,75,75,75,75,63,54,54,54,70,70,44,85,54,52,52,52,54,54,43,43,43,43,43,43,43,42,42,0],"gold":316,"neow_bonus":"THREE_ENEMY_KILL","is_prod":false,"is_daily":false,"chose_seed":false,"campfire_upgraded":4,"win_rate":0,"timestamp":1546465439,"path_taken":["M","?","M","?","?","E","M","R","T","E","M","M","M","E","R","BOSS","M","?","?","$","M","R","M","M","T","M","?","?","R","E","R","BOSS"],"build_version":"2018-12-20","purchased_purges":1,"victory":false,"max_hp_per_floor":[70,75,75,75,75,75,75,75,75,80,80,80,80,85,85,85,85,85,85,85,85,85,85,85,85,85,85,85,85,85,85,85,85],"card_choices":[{"not_picked":["Dagger Spray","Cloak And Dagger"],"picked":"Accuracy","floor":1},{"not_picked":["Poisoned Stab","Acrobatics"],"picked":"Masterful Stab","floor":3},{"not_picked":["Flying Knee","Backflip"],"picked":"Venomology","floor":6},{"not_picked":["Finisher","All Out Attack"],"picked":"Flying Knee","floor":7},{"not_picked":["Bane","Poisoned Stab"],"picked":"Predator","floor":10},{"not_picked":["Distraction","Dash"],"picked":"Terror","floor":11},{"not_picked":["Distraction","Dagger Spray"],"picked":"Cloak And Dagger","floor":12},{"not_picked":["Catalyst","PiercingWail"],"picked":"Quick Slash","floor":13},{"not_picked":["Reflex","Setup"],"picked":"Bullet Time","floor":14},{"not_picked":["Bullet Time","Die Die Die"],"picked":"Storm of Steel","floor":16},{"not_picked":["Poisoned Stab+1"],"picked":"SKIP","floor":18},{"not_picked":["Leg Sweep"],"picked":"SKIP","floor":22},{"not_picked":["Outmaneuver"],"picked":"SKIP","floor":24},{"not_picked":[],"picked":"Footwork","floor":25},{"not_picked":["Concentrate+1"],"picked":"SKIP","floor":27},{"not_picked":[],"picked":"Choke","floor":31}],"player_experience":389208,"relics_obtained":[{"floor":6,"key":"StoneCalendar"},{"floor":9,"key":"Nunchaku"},{"floor":10,"key":"Meat on the Bone"},{"floor":14,"key":"Bag of Marbles"},{"floor":31,"key":"The Courier"}],"event_choices":[{"damage_healed":0,"gold_gain":0,"player_choice":"Donut","damage_taken":0,"max_hp_gain":5,"max_hp_loss":0,"event_name":"Big Fish","floor":2,"gold_loss":0},{"damage_healed":0,"gold_gain":0,"player_choice":"Ignored","damage_taken":0,"max_hp_gain":0,"max_hp_loss":0,"event_name":"Liars Game","floor":4,"gold_loss":0},{"cards_removed":["Defend_G"],"damage_healed":0,"gold_gain":0,"player_choice":"Forget","damage_taken":0,"max_hp_gain":0,"max_hp_loss":0,"event_name":"Living Wall","floor":5,"gold_loss":0},{"damage_healed":0,"gold_gain":0,"player_choice":"Fight","damage_taken":0,"max_hp_gain":0,"max_hp_loss":0,"event_name":"Colosseum","floor":19,"gold_loss":0},{"damage_healed":0,"gold_gain":0,"player_choice":"Fled From Nobs","damage_taken":0,"max_hp_gain":0,"max_hp_loss":0,"event_name":"Colosseum","floor":19,"gold_loss":0},{"damage_healed":0,"gold_gain":0,"player_choice":"Inject Mutagens","damage_taken":0,"relics_obtained":["MutagenicStrength"],"max_hp_gain":0,"max_hp_loss":0,"event_name":"Drug Dealer","floor":20,"gold_loss":0},{"damage_healed":0,"gold_gain":0,"player_choice":"Ignored","damage_taken":0,"max_hp_gain":0,"max_hp_loss":0,"event_name":"Vampires","floor":28,"gold_loss":0},{"damage_healed":0,"gold_gain":0,"player_choice":"Ignored","damage_taken":0,"max_hp_gain":0,"max_hp_loss":0,"event_name":"Ghosts","floor":29,"gold_loss":0}],"is_beta":false,"boss_relics":[{"not_picked":["Tiny House","Eternal Feather"],"picked":"Busted Crown"}],"items_purged_floors":[21],"is_endless":false,"potions_floor_spawned":[1,7,10,11,13,14,18,22,25,27,31],"killed_by":"Champ","ascension_level":0}