{"path_per_floor":["M","M","M","M","$","R","E","M","T","M","?","?","M","M","R","B",null,"M"],"character_chosen":"THE_SILENT","items_purchased":[],"gold_per_floor":[20,33,47,61,61,61,91,107,186,202,202,202,222,235,235,313,313,327,327],"floor_reached":19,"campfire_rested":0,"playtime":741,"item_purchase_floors":[],"current_hp_per_floor":[57,56,56,48,48,48,33,30,30,26,19,35,28,17,17,8,52,33,0],"items_purged":[],"gold":327,"score":303,"play_id":"80a7211c-97bd-441d-86f9-fd2aa694afb8","local_time":"20180617104037","is_prod":false,"is_daily":false,"chose_seed":false,"is_ascension_mode":true,"campfire_upgraded":2,"win_rate":0,"timestamp":1529203237,"campfire_choices":[{"data":"Neutralize","floor":6,"key":"SMITH"},{"data":"Deadly Poison","floor":15,"key":"SMITH"}],"path_taken":["M","M","M","M","$","R","E","M","T","M","?","?","M","?","R","BOSS","M","?"],"build_version":"2018-06-14v2","seed_source_timestamp":3286395096871,"purchased_purges":0,"victory":false,"master_deck":["Defend_G","Defend_G","Defend_G","Defend_G","Defend_G","Strike_G","Strike_G","Strike_G","Strike_G","Survivor","Neutralize+1","AscendersBane","Venomology","Deadly Poison+1","Poisoned Stab","Sucker Punch","Bullet Time","Parasite","Dagger Throw","Die Die Die"],"max_hp_per_floor":[66,66,66,66,66,66,66,66,66,66,66,66,66,66,66,66,66,66,66],"relics":["Ring of the Snake","Vajra","Tough Bandages","Busted Crown"],"card_choices":[{"not_picked":["Night Terror","Unload"],"picked":"Venomology","floor":0},{"not_picked":["Dodge and Roll","Reflex"],"picked":"Deadly Poison","floor":1},{"not_picked":["Riddle With Holes","Heel Hook"],"picked":"Poisoned Stab","floor":2},{"not_picked":["Reflex","Slice","Quick Slash"],"picked":"SKIP","floor":3},{"not_picked":["Masterful Stab","Dodge and Roll"],"picked":"Sucker Punch","floor":4},{"not_picked":["Prepared","Noxious Fumes"],"picked":"Bullet Time","floor":7},{"not_picked":["Dagger Spray","Choke","Slice"],"picked":"SKIP","floor":8},{"not_picked":["Choke","Slice","Cloak And Dagger"],"picked":"SKIP","floor":10},{"not_picked":["Die Die Die","Slice","Catalyst"],"picked":"SKIP","floor":13},{"not_picked":["Dodge and Roll","Heel Hook"],"picked":"Dagger Throw","floor":14},{"not_picked":["A Thousand Cuts","Bullet Time"],"picked":"Die Die Die","floor":16},{"not_picked":["Quick Slash"],"picked":"SKIP","floor":18}],"player_experience":632131,"potions_floor_usage":[3,4,7,7,8,10,13,14,14,16,16],"damage_taken":[{"damage":2,"enemies":"Jaw Worm","floor":1,"turns":5},{"damage":1,"enemies":"2 Louse","floor":2,"turns":3},{"damage":0,"enemies":"Small Slimes","floor":3,"turns":4},{"damage":8,"enemies":"Blue Slaver","floor":4,"turns":4},{"damage":15,"enemies":"3 Sentries","floor":7,"turns":9},{"damage":3,"enemies":"Gremlin Gang","floor":8,"turns":6},{"damage":4,"enemies":"Red Slaver","floor":10,"turns":5},{"damage":7,"enemies":"3 Louse","floor":13,"turns":5},{"damage":11,"enemies":"Exordium Wildlife","floor":14,"turns":5},{"damage":9,"enemies":"The Guardian","floor":16,"turns":12},{"damage":19,"enemies":"Spheric Guardian","floor":18,"turns":5},{"damage":35,"floor":19,"turns":3}],"relics_obtained":[{"floor":7,"key":"Vajra"},{"floor":9,"key":"Tough Bandages"}],"event_choices":[{"event_name":"Golden Wing","player_choice":"Card Removal","floor":11,"damage_taken":0},{"event_name":"Mushrooms","player_choice":"Healed and dodged fight","floor":12,"damage_taken":0},{"event_name":"Masked Bandits","player_choice":"Fought over 327 gold","floor":19,"damage_taken":0}],"boss_relics":[{"not_picked":["Velvet Choker","Lizard Tail"],"picked":"Busted Crown"}],"items_purged_floors":[],"is_endless":false,"potions_floor_spawned":[1,7,8,10,18],"seed_played":"9105930540503103679","ascension_level":15,"potions_obtained":[{"floor":1,"key":"SkillPotion"},{"floor":7,"key":"Block Potion"},{"floor":18,"key":"LiquidBronze"}],"is_trial":false}