{"gold_per_floor":[115,135,152,164,175,175,175,175,175,175,175,60,60,74,74,179,179,199,218,49,61,77,77,105,105,155,168,183,183,195,195,195,195],"floor_reached":33,"playtime":1169,"items_purged":["Strike_B","Strike_B"],"score":286,"play_id":"f30eec2f-b0db-4197-9cf5-c3bdf9169357","local_time":"20181025132459","is_ascension_mode":false,"campfire_choices":[{"data":"Genetic Algorithm","floor":6.0,"key":"SMITH"},{"data":"Consume","floor":10.0,"key":"SMITH"},{"data":"Defragment","floor":13.0,"key":"SMITH"},{"floor":15.0,"key":"REST"},{"floor":23.0,"key":"REST"},{"floor":25.0,"key":"REST"},{"floor":32.0,"key":"REST"}],"neow_cost":"PERCENT_DAMAGE","seed_source_timestamp":11872930744079,"circlet_count":0,"master_deck":["Strike_B","Strike_B","Defend_B","Defend_B","Defend_B","Defend_B","Zap","Dualcast","Genetic Algorithm+1","Darkness","Skim","Consume+1","Defragment+1","Cold Snap","Core Surge","Genetic Algorithm+1","White Noise","Capacitor","Recycle+1","Recycle","Leap","Pain","Steam+1","Leap","Regret"],"special_seed":0,"relics":["Cracked Core","Dodecahedron","Cursed Key","Art of War","Lantern","Peace Pipe"],"potions_floor_usage":[33,33],"damage_taken":[{"damage":1.0,"enemies":"Cultist","floor":1.0,"turns":3.0},{"damage":4.0,"enemies":"2 Louse","floor":2.0,"turns":2.0},{"damage":8.0,"enemies":"Jaw Worm","floor":3.0,"turns":4.0},{"damage":6.0,"enemies":"Blue Slaver","floor":4.0,"turns":5.0},{"damage":9.0,"enemies":"2 Fungi Beasts","floor":5.0,"turns":4.0},{"damage":6.0,"enemies":"3 Louse","floor":14.0,"turns":4.0},{"damage":34.0,"enemies":"Slime Boss","floor":16.0,"turns":7.0},{"damage":11.0,"enemies":"Spheric Guardian","floor":18.0,"turns":4.0},{"damage":6.0,"enemies":"Shell Parasite","floor":19.0,"turns":5.0},{"damage":12.0,"enemies":"3 Cultists","floor":21.0,"turns":6.0},{"damage":14.0,"enemies":"Shelled Parasite and Fungi","floor":22.0,"turns":7.0},{"damage":42.0,"enemies":"Gremlin Leader","floor":24.0,"turns":7.0},{"damage":2.0,"enemies":"Centurion and Healer","floor":27.0,"turns":8.0},{"damage":11.0,"enemies":"Cultist and Chosen","floor":28.0,"turns":9.0},{"damage":28.0,"enemies":"Snake Plant","floor":30.0,"turns":6.0},{"damage":65,"enemies":"Automaton","floor":33,"turns":12}],"seed_played":"-2293099091779786189","potions_obtained":[{"floor":2.0,"key":"GamblersBrew"},{"floor":4.0,"key":"Poison Potion"},{"floor":14.0,"key":"Dexterity Potion"},{"floor":22.0,"key":"Ancient Potion"},{"floor":28.0,"key":"Poison Potion"}],"is_trial":false,"path_per_floor":["M","M","M","M","M","R","?","?","T","R","?","$","R","M","R","B",null,"M","M","$","M","M","R","E","R","T","M","M","T","M","?","R"],"character_chosen":"DEFECT","items_purchased":["Defragment","Capacitor"],"campfire_rested":4,"item_purchase_floors":[12,20],"current_hp_per_floor":[67,63,55,49,40,40,40,40,40,40,45,45,45,39,67,33,94,83,77,77,65,51,79,37,65,65,63,52,52,24,24,52,0],"gold":195,"neow_bonus":"TWENTY_PERCENT_HP_BONUS","is_prod":false,"is_daily":false,"chose_seed":false,"campfire_upgraded":3,"win_rate":0,"timestamp":1540445099,"path_taken":["M","M","M","M","?","R","?","?","T","R","?","$","R","M","R","BOSS","M","M","$","?","M","R","E","R","T","M","M","?","?","?","R","BOSS"],"build_version":"2018-10-18","purchased_purges":2,"victory":false,"max_hp_per_floor":[89,89,89,89,89,89,89,89,89,89,94,94,94,94,94,94,94,94,94,94,94,94,94,94,94,94,94,94,94,94,94,94,94],"card_choices":[{"not_picked":["Rebound","Stack"],"picked":"Genetic Algorithm","floor":1.0},{"not_picked":["Reprogram","Rebound","Redo"],"picked":"SKIP","floor":2.0},{"not_picked":["Sweeping Beam","Reprogram"],"picked":"Darkness","floor":3.0},{"not_picked":["Steam","Streamline"],"picked":"Skim","floor":4.0},{"not_picked":["Coolheaded","Recycle"],"picked":"Consume","floor":5.0},{"not_picked":["Gash","Stack"],"picked":"Cold Snap","floor":14.0},{"not_picked":["Echo Form","Seek"],"picked":"Core Surge","floor":16.0},{"not_picked":["Sweeping Beam","Doom and Gloom+1"],"picked":"Genetic Algorithm+1","floor":18.0},{"not_picked":["Chaos","Hologram"],"picked":"White Noise","floor":19.0},{"not_picked":["Ball Lightning+1","Conserve Battery"],"picked":"Recycle+1","floor":21.0},{"not_picked":["Auto Shields+1","Stack"],"picked":"Recycle","floor":22.0},{"not_picked":["Blizzard+1","Lockon"],"picked":"Leap","floor":24.0},{"not_picked":["Turbo","Consume"],"picked":"Steam+1","floor":27.0},{"not_picked":["Aggregate","Go for the Eyes"],"picked":"Leap","floor":28.0},{"not_picked":["Beam Cell","Rebound","Turbo"],"picked":"SKIP","floor":30.0}],"player_experience":631950,"relics_obtained":[{"floor":9.0,"key":"Dodecahedron"},{"floor":24.0,"key":"Art of War"},{"floor":26.0,"key":"Lantern"},{"floor":29.0,"key":"Peace Pipe"}],"event_choices":[{"damage_healed":0.0,"max_hp_gain":0.0,"max_hp_loss":0.0,"gold_gain":0.0,"event_name":"Dead Adventurer","player_choice":"Searched \u00270\u0027 times","floor":7.0,"gold_loss":0.0,"damage_taken":0.0},{"damage_healed":0.0,"max_hp_gain":0.0,"max_hp_loss":0.0,"gold_gain":0.0,"event_name":"Shining Light","player_choice":"Ignored","floor":8.0,"gold_loss":0.0,"damage_taken":0.0},{"damage_healed":0.0,"max_hp_gain":5.0,"max_hp_loss":0.0,"gold_gain":0.0,"event_name":"Big Fish","player_choice":"Donut","floor":11.0,"gold_loss":0.0,"damage_taken":0.0},{"damage_healed":0.0,"max_hp_gain":0.0,"max_hp_loss":0.0,"gold_gain":0.0,"event_name":"Cursed Tome","player_choice":"Ignored","floor":31.0,"gold_loss":0.0,"damage_taken":0.0}],"is_beta":false,"boss_relics":[{"not_picked":["Empty Cage","Philosopher\u0027s Stone"],"picked":"Cursed Key"}],"items_purged_floors":[12,20],"is_endless":false,"potions_floor_spawned":[2,4,14,19,22,28,30],"killed_by":"Automaton","ascension_level":0}