{"gold_per_floor":[118,118,135,135,60,60,85,85,108,126,141,172,172,205,205,304,304,315,315,68,83,96,131,131,166,166,166,179,206,224,241,241,336,336,354,354,18,0,20,20,48,60,60,60,60,60,89,100,100,100],"floor_reached":51,"playtime":1720,"items_purged":["Defend_R","Defend_R","Strike_R"],"score":925,"play_id":"ed88fe62-e140-41e3-9267-bbc01738616a","local_time":"20180918193516","is_ascension_mode":true,"campfire_choices":[{"data":"Power Through","floor":6,"key":"SMITH"},{"data":"Body Slam","floor":8,"key":"SMITH"},{"data":"Shrug It Off","floor":13,"key":"SMITH"},{"data":"Bash","floor":15,"key":"SMITH"},{"data":"Body Slam","floor":24,"key":"SMITH"},{"data":"True Grit","floor":32,"key":"SMITH"},{"data":"True Grit","floor":40,"key":"SMITH"},{"data":"Feel No Pain","floor":44,"key":"SMITH"},{"data":"Flame Barrier","floor":49,"key":"SMITH"}],"neow_cost":"NONE","seed_source_timestamp":28196357840374,"circlet_count":0,"master_deck":["Strike_R","Strike_R","Defend_R","Defend_R","Bash+1","Offering","Power Through+1","Shrug It Off+1","Body Slam+1","Feel No Pain+1","Juggernaut+1","Shockwave","Body Slam+1","Seeing Red+1","Flame Barrier+1","Body Slam+1","True Grit+1","Demon Form+1","Impervious","True Grit+1","Feel No Pain+1","Madness","Madness","True Grit+1"],"relics":["Burning Blood","Ancient Tea Set","Lantern","Vajra","Happy Flower","Coffee Dripper","Omamori","Oddly Smooth Stone","Pantograph","Frozen Egg 2","Sundial","Busted Crown","Red Skull","Red Mask","Ginger","Mercury Hourglass","Dream Catcher"],"potions_floor_usage":[12,12,25,25,33],"damage_taken":[{"damage":6,"enemies":"Small Slimes","floor":1,"turns":3},{"damage":6,"enemies":"Jaw Worm","floor":3,"turns":2},{"damage":22,"enemies":"Lagavulin","floor":7,"turns":8},{"damage":6,"enemies":"Cultist","floor":10,"turns":1},{"damage":6,"enemies":"2 Fungi Beasts","floor":11,"turns":2},{"damage":6,"enemies":"Gremlin Nob","floor":12,"turns":2},{"damage":6,"enemies":"3 Sentries","floor":14,"turns":7},{"damage":53,"enemies":"Hexaghost","floor":16,"turns":10},{"damage":6,"enemies":"Shell Parasite","floor":18,"turns":2},{"damage":11,"enemies":"3 Byrds","floor":21,"turns":3},{"damage":12,"enemies":"Centurion and Healer","floor":22,"turns":6},{"damage":14,"enemies":"Gremlin Leader","floor":23,"turns":4},{"damage":23,"enemies":"Slavers","floor":25,"turns":3},{"damage":6,"enemies":"Cultist and Chosen","floor":28,"turns":4},{"damage":21,"enemies":"Book of Stabbing","floor":29,"turns":4},{"damage":16,"enemies":"Chosen and Byrds","floor":30,"turns":4},{"damage":9,"enemies":"Snecko","floor":31,"turns":4},{"damage":9,"enemies":"Champ","floor":33,"turns":9},{"damage":6,"enemies":"3 Shapes","floor":35,"turns":3},{"damage":6,"enemies":"3 Darklings","floor":39,"turns":4},{"damage":12,"enemies":"2 Orb Walkers","floor":41,"turns":5},{"damage":0,"enemies":"4 Shapes","floor":42,"turns":5},{"damage":6,"enemies":"Giant Head","floor":47,"turns":5},{"damage":9,"enemies":"Maw","floor":48,"turns":5},{"damage":28,"enemies":"Awakened One","floor":50,"turns":8}],"seed_played":"-1969100535699915454","potions_obtained":[{"floor":1,"key":"FairyPotion"},{"floor":7,"key":"GamblersBrew"},{"floor":11,"key":"BloodPotion"},{"floor":14,"key":"Weak Potion"},{"floor":22,"key":"Poison Potion"},{"floor":25,"key":"EssenceOfSteel"},{"floor":28,"key":"SpeedPotion"},{"floor":33,"key":"Poison Potion"},{"floor":47,"key":"SteroidPotion"}],"is_trial":false,"path_per_floor":["M","?","M","?","$","R","E","R","T","M","M","E","R","E","R","B",null,"M","?","$","M","M","E","R","E","T","?","M","E","M","M","R","B",null,"M","T","$","?","M","R","E","M","T","R","?","$","E","M","R","B"],"character_chosen":"IRONCLAD","items_purchased":["Omamori","Impervious","True Grit"],"campfire_rested":0,"item_purchase_floors":[20,37,37],"current_hp_per_floor":[80,73,73,73,73,73,57,57,57,57,57,65,65,65,65,18,80,80,80,80,75,69,61,61,44,44,44,44,29,19,16,16,38,80,80,80,80,80,80,80,74,80,80,80,70,70,70,67,67,58],"gold":100,"neow_bonus":"ONE_RANDOM_RARE_CARD","is_prod":false,"is_daily":false,"chose_seed":false,"campfire_upgraded":9,"win_rate":0,"timestamp":1537270516,"path_taken":["M","?","M","?","$","R","E","R","T","?","M","E","R","E","R","BOSS","M","?","$","M","?","E","R","E","T","?","M","E","M","M","R","BOSS","M","?","$","?","?","R","E","M","T","R","?","$","E","M","R","BOSS"],"build_version":"2018-09-06","purchased_purges":3,"victory":true,"max_hp_per_floor":[80,80,80,80,80,80,80,80,80,80,80,80,80,80,80,80,80,80,80,80,80,80,80,80,80,80,80,80,80,80,80,80,80,80,80,80,80,80,80,80,80,80,80,80,80,80,80,80,80,80],"card_choices":[{"not_picked":["Fire Breathing","Cleave"],"picked":"Power Through","floor":1},{"not_picked":["Pommel Strike","Infernal Blade"],"picked":"Shrug It Off","floor":3},{"not_picked":["Sever Soul","Armaments"],"picked":"Body Slam","floor":7},{"not_picked":["Hemokinesis","Flex","Headbutt"],"picked":"SKIP","floor":10},{"not_picked":["Corruption","Perfected Strike","Flex"],"picked":"SKIP","floor":11},{"not_picked":["Thunderclap","Brutality","Blood for Blood"],"picked":"SKIP","floor":12},{"not_picked":["Dropkick","Clothesline"],"picked":"Feel No Pain","floor":14},{"not_picked":["Bludgeon","Fiend Fire"],"picked":"Juggernaut","floor":16},{"not_picked":["Fire Breathing","Headbutt","Sword Boomerang"],"picked":"SKIP","floor":18},{"not_picked":["Armaments","Pommel Strike"],"picked":"Shockwave","floor":21},{"not_picked":["Pummel+1","Intimidate"],"picked":"Body Slam","floor":22},{"not_picked":["Feel No Pain","Body Slam"],"picked":"Seeing Red+1","floor":23},{"not_picked":["Anger","Metallicize"],"picked":"Flame Barrier","floor":25},{"not_picked":["Perfected Strike","Dropkick"],"picked":"Body Slam+1","floor":28},{"not_picked":["Corruption+1","Body Slam","Carnage"],"picked":"SKIP","floor":29},{"not_picked":["Clothesline","Body Slam","Warcry"],"picked":"SKIP","floor":30},{"not_picked":["Burning Pact","Spot Weakness"],"picked":"True Grit","floor":31},{"not_picked":["Berserk+1","Bludgeon"],"picked":"Demon Form+1","floor":33},{"not_picked":["Cleave"],"picked":"SKIP","floor":35},{"not_picked":["Heavy Blade"],"picked":"SKIP","floor":39},{"not_picked":["Body Slam+1"],"picked":"SKIP","floor":41},{"not_picked":[],"picked":"Feel No Pain+1","floor":42},{"not_picked":[],"picked":"True Grit+1","floor":47},{"not_picked":["Thunderclap+1"],"picked":"SKIP","floor":48}],"player_experience":7208,"relics_obtained":[{"floor":7,"key":"Ancient Tea Set"},{"floor":9,"key":"Lantern"},{"floor":12,"key":"Vajra"},{"floor":14,"key":"Happy Flower"},{"floor":23,"key":"Oddly Smooth Stone"},{"floor":25,"key":"Pantograph"},{"floor":26,"key":"Frozen Egg 2"},{"floor":29,"key":"Sundial"},{"floor":36,"key":"Red Skull"},{"floor":41,"key":"Ginger"},{"floor":43,"key":"Mercury Hourglass"},{"floor":47,"key":"Dream Catcher"}],"event_choices":[{"event_name":"Golden Wing","player_choice":"Card Removal","floor":2,"damage_taken":0},{"event_name":"Bonfire Elementals","player_choice":"BASIC","floor":4,"damage_taken":0},{"event_name":"Accursed Blacksmith","player_choice":"Forge","floor":19,"damage_taken":0},{"event_name":"Vampires","player_choice":"Ignored","floor":27,"damage_taken":0},{"event_name":"Tomb of Lord Red Mask","player_choice":"Paid","floor":38,"damage_taken":0},{"event_name":"Winding Halls","player_choice":"Embrace Madness","floor":45,"damage_taken":0}],"is_beta":false,"boss_relics":[{"not_picked":["White Beast Statue","Fusion Hammer"],"picked":"Coffee Dripper"},{"not_picked":["Runic Cube","Black Star"],"picked":"Busted Crown"}],"items_purged_floors":[5,20,37],"is_endless":false,"potions_floor_spawned":[1,7,11,14,22,25,28,33,41,42,47],"ascension_level":1}