{"path_per_floor":["M","?","?","M","M","E","?","R","T","?","?","R","E","?","R","B",null,"M","?","$","M","M","R","M","R","T","E","M","R","M","?","R","B",null,"M","$","?","M","M","E","?","E","T","E","M","M","R","M","R","B"],"character_chosen":"THE_SILENT","items_purchased":["Letter Opener","Bag of Marbles"],"gold_per_floor":[111,61,61,75,92,121,121,121,121,196,258,258,291,291,291,390,390,400,426,106,121,134,134,150,150,174,199,211,211,228,151,151,250,250,268,25,25,39,53,85,85,116,116,147,160,174,174,185,185,185],"floor_reached":51,"campfire_rested":5,"playtime":4314,"item_purchase_floors":[],"current_hp_per_floor":[70,70,63,60,59,25,25,46,46,35,31,52,44,49,49,44,75,69,52,52,44,43,43,43,43,43,26,35,35,24,24,46,54,75,43,43,62,58,55,47,47,40,40,31,27,34,56,54,75,40],"items_purged":["Defend_G","Strike_G"],"gold":185,"score":740,"play_id":"cdeb67ce-f20a-46d3-92ed-1faa03bd54e7","local_time":"20180603193747","is_prod":false,"is_daily":false,"chose_seed":false,"is_ascension_mode":false,"campfire_upgraded":4,"win_rate":0,"timestamp":1528047467,"campfire_choices":[{"floor":8.0,"key":"REST"},{"floor":12.0,"key":"REST"},{"data":"Bouncing Flask","floor":15.0,"key":"SMITH"},{"data":"Footwork","floor":23.0,"key":"SMITH"},{"data":"Setup","floor":25.0,"key":"SMITH"},{"data":"Backflip","floor":29.0,"key":"SMITH"},{"floor":32,"key":"REST"},{"floor":47,"key":"REST"},{"floor":49,"key":"REST"}],"path_taken":["M","?","?","M","?","E","?","R","T","?","?","R","E","?","R","BOSS","M","?","$","?","M","R","M","R","T","E","M","R","M","?","R","BOSS","M","$","?","M","M","E","?","E","T","E","M","?","R","?","R","BOSS"],"build_version":"2018-05-31","seed_source_timestamp":0,"purchased_purges":2,"victory":true,"master_deck":["Defend_G","Strike_G","Survivor","Neutralize","Bouncing Flask+1","Backflip+1","Deadly Poison","Slice","Deflect","Terror","Venomology","PiercingWail","Quick Slash+1","Footwork+1","Setup+1","Deflect","Distraction","J.A.X.","Infinite Blades+1","Doppelganger","Leg Sweep+1","Reflex+1","Reflex+1","Noxious Fumes+1","Writhe","Cloak And Dagger+1","Calculated Gamble+1","Cloak And Dagger+1","Escape Plan+1","Accuracy+1","Prepared+1"],"max_hp_per_floor":[70,70,70,70,70,70,70,70,70,70,70,70,70,75,75,75,75,75,75,75,75,75,75,75,75,75,75,75,75,75,75,75,75,75,75,75,75,75,75,75,75,75,75,75,75,75,75,75,75,75],"relics":["Ring of the Snake","Pantograph","Dream Catcher","Meat on the Bone","Dead Branch","Philosopher\u0027s Stone","Red Mask","Letter Opener","Ancient Tea Set","Ornamental Fan","Astrolabe","Bag of Marbles","The Courier","Bronze Scales","Vajra","Bag of Preparation"],"card_choices":[{"not_picked":["Cloak And Dagger","Dagger Throw"],"picked":"Bouncing Flask","floor":1.0},{"not_picked":["Eviscerate","Reflex"],"picked":"Backflip","floor":4.0},{"not_picked":["Dagger Throw","Backflip"],"picked":"Slice","floor":5.0},{"not_picked":["Prepared","Masterful Stab"],"picked":"Deadly Poison","floor":6.0},{"not_picked":["Sucker Punch","Flying Knee"],"picked":"Slice","floor":11.0},{"not_picked":["Quick Slash","Escape Plan"],"picked":"Deflect","floor":12.0},{"not_picked":["Accuracy","All Out Attack"],"picked":"Terror","floor":13.0},{"not_picked":["Tools of the Trade","A Thousand Cuts"],"picked":"Venomology","floor":16.0},{"not_picked":["Deflect","Skewer"],"picked":"PiercingWail","floor":18.0},{"not_picked":["Backflip","Malaise"],"picked":"Quick Slash+1","floor":19.0},{"not_picked":["Riddle With Holes","Acrobatics+1","Blade Dance"],"picked":"SKIP","floor":21.0},{"not_picked":["Slice","Dodge and Roll"],"picked":"Footwork","floor":22.0},{"not_picked":["Cloak And Dagger+1","Slice"],"picked":"Setup","floor":24.0},{"not_picked":["Tactician","Malaise","Acrobatics"],"picked":"SKIP","floor":27.0},{"not_picked":["Cloak And Dagger","Deadly Poison"],"picked":"Deflect","floor":28.0},{"not_picked":["Masterful Stab","Sucker Punch+1"],"picked":"Distraction","floor":30.0},{"not_picked":["Eviscerate","Bane"],"picked":"Infinite Blades+1","floor":32},{"not_picked":["After Image","Corpse Explosion"],"picked":"Doppelganger","floor":33},{"not_picked":["Malaise","Dagger Spray"],"picked":"Noxious Fumes+1","floor":35},{"not_picked":["Underhanded Strike+1","Acrobatics+1"],"picked":"Cloak And Dagger+1","floor":38},{"not_picked":["Poisoned Stab","Blade Dance+1"],"picked":"Calculated Gamble+1","floor":39},{"not_picked":["Crippling Poison+1","Dodge and Roll","Underhanded Strike+1"],"picked":"SKIP","floor":40},{"not_picked":["Blur+1","Deflect+1"],"picked":"Cloak And Dagger+1","floor":42},{"not_picked":["A Thousand Cuts","Poisoned Stab+1"],"picked":"Escape Plan+1","floor":44},{"not_picked":["Bane+1","Masterful Stab","Dash+1"],"picked":"SKIP","floor":45},{"not_picked":["Backflip+1","Flying Knee+1","Dagger Spray+1"],"picked":"SKIP","floor":46},{"not_picked":["Deadly Poison","Poisoned Stab"],"picked":"Accuracy+1","floor":48},{"not_picked":["Crippling Poison","Dash"],"picked":"Prepared+1","floor":49}],"player_experience":228471,"potions_floor_usage":[35,39,39,40,44,45,50],"damage_taken":[{"damage":0.0,"enemies":"2 Louse","floor":1.0,"turns":5.0},{"damage":3.0,"enemies":"Jaw Worm","floor":4.0,"turns":3.0},{"damage":1.0,"enemies":"Cultist","floor":5.0,"turns":4.0},{"damage":34.0,"enemies":"3 Sentries","floor":6.0,"turns":10.0},{"damage":16.0,"enemies":"Gremlin Nob","floor":11.0,"turns":4.0},{"damage":8.0,"enemies":"Gremlin Nob","floor":13.0,"turns":4.0},{"damage":30.0,"enemies":"Hexaghost","floor":16.0,"turns":8.0},{"damage":6.0,"enemies":"Chosen","floor":18.0,"turns":4.0},{"damage":17.0,"enemies":"Masked Bandits","floor":19.0,"turns":5.0},{"damage":8.0,"enemies":"2 Thieves","floor":21.0,"turns":2.0},{"damage":1.0,"enemies":"Snake Plant","floor":22.0,"turns":3.0},{"damage":0.0,"enemies":"Chosen and Byrds","floor":24.0,"turns":8.0},{"damage":29.0,"enemies":"Book of Stabbing","floor":27.0,"turns":6.0},{"damage":3.0,"enemies":"Centurion and Healer","floor":28.0,"turns":4.0},{"damage":23.0,"enemies":"Snake Plant","floor":30.0,"turns":4.0},{"damage":17,"enemies":"Champ","floor":33,"turns":8},{"damage":32,"enemies":"3 Darklings","floor":35,"turns":4},{"damage":4,"enemies":"3 Shapes","floor":38,"turns":2},{"damage":3,"enemies":"Sphere and 2 Shapes","floor":39,"turns":3},{"damage":20,"enemies":"Giant Head","floor":40,"turns":7},{"damage":19,"enemies":"Nemesis","floor":42,"turns":7},{"damage":21,"enemies":"Giant Head","floor":44,"turns":8},{"damage":16,"enemies":"4 Shapes","floor":45,"turns":2},{"damage":5,"enemies":"3 Darklings","floor":46,"turns":3},{"damage":2,"enemies":"Sphere and 2 Shapes","floor":48,"turns":3},{"damage":47,"enemies":"Donu and Deca","floor":50,"turns":5}],"relics_obtained":[{"floor":6.0,"key":"Pantograph"},{"floor":9.0,"key":"Dream Catcher"},{"floor":13.0,"key":"Dead Branch"},{"floor":19.0,"key":"Red Mask"},{"floor":26.0,"key":"Ancient Tea Set"},{"floor":27.0,"key":"Ornamental Fan"},{"floor":40,"key":"The Courier"},{"floor":42,"key":"Bronze Scales"},{"floor":43,"key":"Vajra"},{"floor":44,"key":"Bag of Preparation"}],"event_choices":[{"event_name":"The Cleric","player_choice":"Card Removal","floor":2.0,"damage_taken":0.0},{"event_name":"Golden Wing","player_choice":"Card Removal","floor":3.0,"damage_taken":0.0},{"event_name":"Purifier","player_choice":"One Purge","floor":7.0,"damage_taken":0.0},{"event_name":"World of Goop","player_choice":"Gather Gold","floor":10.0,"damage_taken":0.0},{"event_name":"Dead Adventurer","player_choice":"Searched \u00272\u0027 times","floor":11.0,"damage_taken":0.0},{"event_name":"Big Fish","player_choice":"Donut","floor":14.0,"damage_taken":0.0},{"event_name":"Masked Bandits","player_choice":"Fought over 400 gold","floor":19.0,"damage_taken":0.0},{"event_name":"Drug Dealer","player_choice":"Got JAXXED","floor":31.0,"damage_taken":0.0},{"event_name":"Winding Halls","player_choice":"Writhe","floor":37,"damage_taken":0}],"boss_relics":[{"not_picked":["Runic Dome","Tiny House"],"picked":"Astrolabe"}],"items_purged_floors":[],"potions_floor_spawned":[5,11,13,19,22,24,27,38,39,42,45],"seed_played":"-8782035728707849740","ascension_level":0,"potions_obtained":[{"floor":5.0,"key":"Poison Potion"},{"floor":11.0,"key":"PowerPotion"},{"floor":13.0,"key":"SkillPotion"},{"floor":19.0,"key":"Block Potion"},{"floor":22.0,"key":"SpeedPotion"},{"floor":24.0,"key":"Fire Potion"},{"floor":27.0,"key":"SteroidPotion"},{"floor":38,"key":"Fire Potion"},{"floor":39,"key":"SteroidPotion"},{"floor":45,"key":"Swift Potion"}],"is_trial":false}