{"gold_per_floor":[119,119,294,311,6,31,42,53,53,53,64,64,139,41,41,136,136,150,90,107,107,107,107,117,62,87,102,156,4,4,22,22,124,124,142,161,161,0,19,46,46,46],"floor_reached":42,"playtime":2533,"items_purged":["Doubt","Strike_B","Strike_B"],"score":476,"play_id":"539ab16d-3832-49fb-ab84-cc33a892f193","local_time":"20190321222038","is_ascension_mode":false,"campfire_choices":[{"data":"Zap","floor":12,"key":"SMITH"},{"floor":15,"key":"REST"},{"data":"Hologram","floor":23,"key":"SMITH"},{"data":"Barrage","floor":30,"key":"SMITH"},{"data":"Dualcast","floor":32,"key":"SMITH"}],"neow_cost":"NONE","seed_source_timestamp":124411734206333,"circlet_count":0,"master_deck":["Strike_B+1","Strike_B","Defend_B","Defend_B","Defend_B","Defend_B","Zap+1","Dualcast+1","Cold Snap","Hologram+1","Gash","Coolheaded+1","Conserve Battery+1","Rebound","Ghostly+1","Ghostly+1","Ghostly+1","Ghostly+1","Ghostly+1","Hologram+1","Barrage+1","Turbo+1","Cold Snap+1"],"relics":["Runic Dome","Meat on the Bone","Membership Card","Centennial Puzzle","Boot","Toxic Egg 2","DataDisk","Inserter","Tiny Chest","Bag of Preparation","Lantern","Black Star","Strange Spoon","Orichalcum","Anchor","Ornamental Fan"],"potions_floor_usage":[18,33,42],"damage_taken":[{"damage":2,"enemies":"2 Louse","floor":1,"turns":3},{"damage":0,"enemies":"Jaw Worm","floor":4,"turns":5},{"damage":29,"enemies":"3 Sentries","floor":6,"turns":8},{"damage":2,"enemies":"Small Slimes","floor":7,"turns":3},{"damage":5,"enemies":"2 Fungi Beasts","floor":8,"turns":4},{"damage":13,"enemies":"Exordium Thugs","floor":11,"turns":3},{"damage":6,"enemies":"Hexaghost","floor":16,"turns":11},{"damage":4,"enemies":"2 Thieves","floor":18,"turns":3},{"damage":0,"enemies":"Shell Parasite","floor":20,"turns":5},{"damage":6,"enemies":"Shelled Parasite and Fungi","floor":24,"turns":7},{"damage":0,"enemies":"Snake Plant","floor":27,"turns":6},{"damage":0,"enemies":"3 Cultists","floor":31,"turns":6},{"damage":11,"enemies":"Collector","floor":33,"turns":13},{"damage":8,"enemies":"3 Shapes","floor":35,"turns":6},{"damage":0,"enemies":"Orb Walker","floor":36,"turns":5},{"damage":0,"enemies":"Sphere and 2 Shapes","floor":39,"turns":7},{"damage":0,"enemies":"Nemesis","floor":40,"turns":9},{"damage":50,"enemies":"Giant Head","floor":42,"turns":12}],"seed_played":"-3019735862472892469","potions_obtained":[{"floor":6,"key":"PowerPotion"},{"floor":8,"key":"GamblersBrew"},{"floor":11,"key":"PowerPotion"},{"floor":27,"key":"PowerPotion"},{"floor":31,"key":"SkillPotion"},{"floor":33,"key":"Poison Potion"},{"floor":36,"key":"FearPotion"}],"is_trial":false,"path_per_floor":["M","?","?","M","$","E","M","M","T","?","M","R","?","$","R","B",null,"M","?","M","?","?","R","M","?","T","M","T","$","R","M","R","B",null,"M","M","?","$","M","E","T","E"],"character_chosen":"DEFECT","items_purchased":["Membership Card","Centennial Puzzle","DataDisk","Coolheaded+1","Barrage","Lantern","Strange Spoon"],"campfire_rested":1,"item_purchase_floors":[5,5,14,14,29,29,38],"current_hp_per_floor":[73,70,70,70,70,41,39,46,46,31,30,30,19,19,41,47,75,71,71,71,37,37,37,31,31,31,31,31,31,31,31,31,20,37,29,29,29,29,29,29,29,0],"gold":46,"neow_bonus":"BOSS_RELIC","is_prod":false,"is_daily":false,"chose_seed":false,"campfire_upgraded":4,"win_rate":0,"timestamp":1553203238,"path_taken":["M","?","?","M","$","E","M","M","T","?","M","R","?","$","R","BOSS","M","?","?","?","?","R","M","?","T","M","?","$","R","M","R","BOSS","M","M","?","$","M","E","?","E"],"build_version":"2019-01-23","purchased_purges":3,"victory":false,"max_hp_per_floor":[75,75,75,75,75,75,75,75,75,75,75,75,75,75,75,75,75,75,75,75,37,37,37,37,37,37,37,37,37,37,37,37,37,37,37,37,35,35,35,35,35,35],"card_choices":[{"not_picked":["Rebound","Sweeping Beam"],"picked":"Cold Snap","floor":1},{"not_picked":["Scrape","Barrage"],"picked":"Static Discharge","floor":4},{"not_picked":["Lockon","Redo"],"picked":"Hologram","floor":6},{"not_picked":["Rebound","Force Field","Redo"],"picked":"SKIP","floor":7},{"not_picked":["Buffer","Beam Cell"],"picked":"Gash","floor":8},{"not_picked":["Chaos+1","Capacitor","FTL"],"picked":"SKIP","floor":11},{"not_picked":["Stack+1","Go for the Eyes"],"picked":"Conserve Battery+1","floor":18},{"not_picked":["Machine Learning","Ball Lightning"],"picked":"Rebound","floor":20},{"not_picked":["Sweeping Beam","Heatsinks"],"picked":"Hologram+1","floor":24},{"not_picked":["Leap+1","Heatsinks","Static Discharge"],"picked":"SKIP","floor":27},{"not_picked":["Leap+1","Heatsinks","Static Discharge"],"picked":"SKIP","floor":27},{"not_picked":["Redo+1","Beam Cell"],"picked":"Turbo+1","floor":31},{"not_picked":["Conserve Battery+1","Streamline+1"],"picked":"Cold Snap+1","floor":35},{"not_picked":["Scrape+1","Cold Snap+1","Redo+1"],"picked":"SKIP","floor":36},{"not_picked":["Scrape+1","Cold Snap+1","Redo+1"],"picked":"SKIP","floor":36},{"not_picked":["Melter+1","Reinforced Body+1","Consume+1"],"picked":"SKIP","floor":39},{"not_picked":["Rip and Tear","Cold Snap","Doom and Gloom+1"],"picked":"SKIP","floor":40}],"player_experience":507061,"relics_obtained":[{"floor":6,"key":"Boot"},{"floor":9,"key":"Toxic Egg 2"},{"floor":26,"key":"Bag of Preparation"},{"floor":40,"key":"Orichalcum"},{"floor":40,"key":"Anchor"},{"floor":41,"key":"Ornamental Fan"}],"event_choices":[{"damage_healed":0,"gold_gain":0,"player_choice":"Success","damage_taken":3,"relics_obtained":["Meat on the Bone"],"max_hp_gain":0,"max_hp_loss":0,"event_name":"Scrap Ooze","floor":2,"gold_loss":0},{"damage_healed":0,"gold_gain":175,"player_choice":"AGREE","damage_taken":0,"max_hp_gain":0,"max_hp_loss":0,"event_name":"Liars Game","floor":3,"gold_loss":0,"cards_obtained":["Doubt"]},{"damage_healed":0,"gold_gain":0,"player_choice":"Entered Light","damage_taken":15,"max_hp_gain":0,"max_hp_loss":0,"event_name":"Shining Light","floor":10,"gold_loss":0,"cards_upgraded":["Static Discharge","Strike_B"]},{"damage_healed":0,"gold_gain":75,"player_choice":"Gather Gold","damage_taken":11,"max_hp_gain":0,"max_hp_loss":0,"event_name":"World of Goop","floor":13,"gold_loss":0},{"cards_removed":["Static Discharge"],"damage_healed":0,"gold_gain":0,"player_choice":"Single Remove","damage_taken":0,"max_hp_gain":0,"max_hp_loss":0,"event_name":"Designer","floor":19,"gold_loss":60},{"damage_healed":0,"gold_gain":0,"player_choice":"Became a Ghost","damage_taken":0,"max_hp_gain":0,"max_hp_loss":38,"event_name":"Ghosts","floor":21,"gold_loss":0,"cards_obtained":["Ghostly","Ghostly","Ghostly","Ghostly","Ghostly"]},{"damage_healed":0,"gold_gain":0,"player_choice":"Ignored","damage_taken":0,"max_hp_gain":0,"max_hp_loss":0,"event_name":"Vampires","floor":22,"gold_loss":0},{"damage_healed":0,"gold_gain":0,"player_choice":"Obtained Relic","damage_taken":0,"relics_obtained":["Tiny Chest"],"max_hp_gain":0,"max_hp_loss":0,"event_name":"Addict","floor":25,"gold_loss":85},{"damage_healed":0,"gold_gain":0,"player_choice":"Max HP","damage_taken":0,"max_hp_gain":0,"max_hp_loss":2,"event_name":"Winding Halls","floor":37,"gold_loss":0}],"is_beta":false,"boss_relics":[{"not_picked":["Coffee Dripper","Runic Pyramid"],"picked":"Inserter"},{"not_picked":["Philosopher\u0027s Stone","Pandora\u0027s Box"],"picked":"Black Star"}],"items_purged_floors":[5,29,38],"is_endless":false,"potions_floor_spawned":[6,8,11,27,31,33,35,36],"killed_by":"Giant Head","ascension_level":0}