{"gold_per_floor":[119,119,119,135,135,173,185,237,318,330,342,354,381,436,448,460],"floor_reached":16,"playtime":560,"items_purged":[],"score":191,"play_id":"886b4f8e-0a94-40c8-9221-35962520355c","local_time":"20190709212429","is_ascension_mode":false,"campfire_choices":[{"data":"Pommel Strike","floor":7,"key":"SMITH"},{"data":"Perfected Strike","floor":11,"key":"SMITH"},{"data":"Carnage","floor":15,"key":"SMITH"}],"neow_cost":"NONE","seed_source_timestamp":1464810027331416,"circlet_count":0,"master_deck":["Strike_R","Strike_R","Strike_R","Strike_R","Strike_R+1","Defend_R","Defend_R+1","Defend_R","Defend_R","Bash+1","Pommel Strike+1","Perfected Strike+1","Carnage+1","Clothesline","Twin Strike"],"relics":["Burning Blood","NeowsBlessing","Golden Idol","MawBank","Letter Opener","Meat on the Bone","Centennial Puzzle"],"potions_floor_usage":[14,14,14],"damage_taken":[{"damage":0,"enemies":"Cultist","floor":1,"turns":1},{"damage":0,"enemies":"Jaw Worm","floor":4,"turns":1},{"damage":0,"enemies":"Gremlin Nob","floor":6,"turns":1},{"damage":29,"enemies":"Lagavulin","floor":8,"turns":6},{"damage":0,"enemies":"2 Louse","floor":13,"turns":2},{"damage":23,"enemies":"3 Sentries","floor":14,"turns":5}],"seed_played":"-2690223882640453027","potions_obtained":[{"floor":10,"key":"Swift Potion"},{"floor":10,"key":"Weak Potion"},{"floor":10,"key":"Strength Potion"},{"floor":13,"key":"Strength Potion"}],"is_trial":false,"path_per_floor":["M","?","?","M","?","E","R","E","T","?","R","$","M","E","R","B"],"character_chosen":"IRONCLAD","items_purchased":[],"campfire_rested":0,"item_purchase_floors":[],"current_hp_per_floor":[80,74,74,74,59,65,65,42,42,42,42,42,48,43,43,0],"gold":460,"neow_bonus":"THREE_ENEMY_KILL","is_prod":false,"is_daily":false,"chose_seed":false,"campfire_upgraded":3,"win_rate":0.0,"timestamp":1562696669,"path_taken":["M","?","?","M","?","E","R","E","T","?","R","$","M","E","R","BOSS"],"build_version":"2019-07-05","purchased_purges":0,"victory":false,"max_hp_per_floor":[80,74,74,74,74,74,74,74,74,74,74,74,74,74,74,74],"card_choices":[{"not_picked":["Flex","Cleave"],"picked":"Pommel Strike","floor":1},{"not_picked":["Rage","Pummel"],"picked":"Perfected Strike","floor":4},{"not_picked":["Combust","True Grit","Thunderclap"],"picked":"SKIP","floor":6},{"not_picked":["Pommel Strike","True Grit"],"picked":"Carnage","floor":8},{"not_picked":["Impervious","Bloodletting"],"picked":"Clothesline","floor":13},{"not_picked":["Anger","Headbutt"],"picked":"Twin Strike","floor":14}],"player_experience":45757,"relics_obtained":[{"floor":6,"key":"MawBank"},{"floor":8,"key":"Letter Opener"},{"floor":9,"key":"Meat on the Bone"},{"floor":14,"key":"Centennial Puzzle"}],"event_choices":[{"damage_healed":0,"gold_gain":0,"player_choice":"Lose Max HP","damage_taken":0,"relics_obtained":["Golden Idol"],"max_hp_gain":0,"max_hp_loss":6,"event_name":"Golden Idol","floor":2,"gold_loss":0},{"damage_healed":0,"gold_gain":0,"player_choice":"Grow","damage_taken":0,"max_hp_gain":0,"max_hp_loss":0,"event_name":"Living Wall","floor":3,"gold_loss":0,"cards_upgraded":["Bash"]},{"damage_healed":0,"gold_gain":0,"player_choice":"Entered Light","damage_taken":15,"max_hp_gain":0,"max_hp_loss":0,"event_name":"Shining Light","floor":5,"gold_loss":0,"cards_upgraded":["Strike_R","Defend_R"]},{"damage_healed":0,"gold_gain":0,"player_choice":"Got Potions","damage_taken":0,"max_hp_gain":0,"max_hp_loss":0,"event_name":"Lab","floor":10,"gold_loss":0}],"is_beta":false,"boss_relics":[],"items_purged_floors":[],"is_endless":false,"potions_floor_spawned":[13],"killed_by":"The Guardian","ascension_level":0}