{"gold_per_floor":[219,233,248,248,25,25,36,36,36,63,81,81,98,117,117,220,220,233,133,133,149,149,149,174,174,224,235,235,249,57,108,108,206,206,216,216,147,147,160,160,10,10,10,10,44,56,86,118,130,142],"floor_reached":51,"playtime":1906,"items_purged":["Strike_G","Defend_G","Strike_G","Strike_G"],"score":810,"play_id":"ddf6b72b-50dc-4017-939d-dd6cb6db30ac","local_time":"20181018211142","is_ascension_mode":false,"campfire_choices":[{"data":"Poisoned Stab","floor":6.0,"key":"SMITH"},{"data":"Burst","floor":8.0,"key":"SMITH"},{"data":"Neutralize","floor":12.0,"key":"SMITH"},{"data":"Deadly Poison","floor":15.0,"key":"SMITH"},{"data":"Deadly Poison","floor":23.0,"key":"SMITH"},{"data":"Ghostly","floor":25.0,"key":"SMITH"},{"data":"Ghostly","floor":28.0,"key":"SMITH"},{"data":"Well Laid Plans","floor":32.0,"key":"SMITH"},{"data":"Apotheosis","floor":40.0,"key":"SMITH"},{"data":"Ghostly","floor":42.0,"key":"SMITH"},{"data":"Ghostly","floor":46.0,"key":"SMITH"},{"floor":49,"key":"REST"}],"neow_cost":"NONE","seed_source_timestamp":43825204501777,"circlet_count":0,"master_deck":["Defend_G+1","Defend_G+1","Defend_G","Strike_G","Survivor","Neutralize+1","Poisoned Stab+1","All Out Attack","All Out Attack","Burst+1","Escape Plan","Deadly Poison+1","Die Die Die","Tools of the Trade","Deadly Poison+1","Ghostly+1","Ghostly+1","Ghostly+1","Ghostly+1","Ghostly","Backflip","Well Laid Plans+1","Malaise","Noxious Fumes+1","Catalyst","Apotheosis+1","Escape Plan"],"special_seed":0,"relics":["Ring of the Snake","Vajra","War Paint","Odd Mushroom","Sozu","Singing Bowl","Happy Flower","Regal Pillow","Cursed Key","MawBank"],"potions_floor_usage":[50,50],"damage_taken":[{"damage":0.0,"enemies":"Cultist","floor":1.0,"turns":4.0},{"damage":0.0,"enemies":"Jaw Worm","floor":2.0,"turns":6.0},{"damage":0.0,"enemies":"Small Slimes","floor":3.0,"turns":3.0},{"damage":0.0,"enemies":"2 Fungi Beasts","floor":7.0,"turns":3.0},{"damage":4.0,"enemies":"The Mushroom Lair","floor":10.0,"turns":3.0},{"damage":0.0,"enemies":"Gremlin Gang","floor":11.0,"turns":1.0},{"damage":0.0,"enemies":"Red Slaver","floor":13.0,"turns":3.0},{"damage":0.0,"enemies":"2 Fungi Beasts","floor":14.0,"turns":2.0},{"damage":19.0,"enemies":"Hexaghost","floor":16.0,"turns":9.0},{"damage":16.0,"enemies":"Spheric Guardian","floor":18.0,"turns":5.0},{"damage":0.0,"enemies":"Shell Parasite","floor":21.0,"turns":4.0},{"damage":2.0,"enemies":"Slavers","floor":24.0,"turns":7.0},{"damage":0.0,"enemies":"Snake Plant","floor":27.0,"turns":4.0},{"damage":0.0,"enemies":"Centurion and Healer","floor":29.0,"turns":5.0},{"damage":10.0,"enemies":"Champ","floor":33.0,"turns":12.0},{"damage":1.0,"enemies":"3 Darklings","floor":35.0,"turns":6.0},{"damage":1.0,"enemies":"Orb Walker","floor":39.0,"turns":3.0},{"damage":0.0,"enemies":"Giant Head","floor":45.0,"turns":6.0},{"damage":0.0,"enemies":"Spire Growth","floor":47.0,"turns":5.0},{"damage":2,"enemies":"3 Darklings","floor":48,"turns":5},{"damage":0,"enemies":"Awakened One","floor":50,"turns":16}],"seed_played":"7922470591860460497","potions_obtained":[{"floor":1.0,"key":"SpeedPotion"},{"floor":3.0,"key":"SpeedPotion"},{"floor":11.0,"key":"Ancient Potion"},{"floor":14.0,"key":"FearPotion"}],"is_trial":false,"path_per_floor":["M","M","M","?","$","R","M","R","T","?","M","R","M","M","R","B",null,"M","$","?","M","?","R","E","R","T","M","R","M","$","T","R","B",null,"M","?","$","?","M","R","$","R","T","?","E","R","M","M","R","B"],"character_chosen":"THE_SILENT","items_purchased":["Vajra","Well Laid Plans","Catalyst"],"campfire_rested":1,"item_purchase_floors":[5,30,37],"current_hp_per_floor":[70,70,70,70,70,70,70,70,70,66,66,66,66,66,66,47,70,54,54,35,35,35,35,35,35,35,37,37,39,39,39,39,29,41,40,40,40,34,35,35,35,35,35,35,37,37,39,37,49,49],"gold":154,"neow_bonus":"HUNDRED_GOLD","is_prod":false,"is_daily":false,"chose_seed":false,"campfire_upgraded":11,"win_rate":0,"timestamp":1539868302,"path_taken":["M","M","M","?","$","R","?","R","T","?","?","R","M","M","R","BOSS","M","$","?","M","?","R","E","R","T","M","R","M","?","?","R","BOSS","M","?","$","?","?","R","$","R","T","?","E","R","M","?","R","BOSS"],"build_version":"2018-10-11","purchased_purges":4,"victory":true,"max_hp_per_floor":[70,70,70,70,70,70,70,70,70,70,70,70,70,70,70,70,70,70,70,35,35,35,35,37,37,37,39,39,41,41,41,41,41,41,41,41,41,45,47,47,47,47,47,45,47,47,49,49,49,49],"card_choices":[{"not_picked":["Flechettes","Deflect","Terror"],"picked":"SKIP","floor":1.0},{"not_picked":["Dagger Throw","Skewer"],"picked":"Poisoned Stab","floor":2.0},{"not_picked":["Dash","Concentrate"],"picked":"All Out Attack","floor":3.0},{"not_picked":["Bane","Endless Agony"],"picked":"Burst","floor":7.0},{"not_picked":["Cloak And Dagger","Flying Knee"],"picked":"Escape Plan","floor":10.0},{"not_picked":["Dagger Throw","PiercingWail","Slice"],"picked":"SKIP","floor":11.0},{"not_picked":["Dagger Spray","Backflip"],"picked":"Deadly Poison","floor":13.0},{"not_picked":["Terror","Poisoned Stab"],"picked":"Die Die Die","floor":14.0},{"not_picked":["A Thousand Cuts","Phantasmal Killer"],"picked":"Tools of the Trade","floor":16.0},{"not_picked":["Predator","Poisoned Stab"],"picked":"Deadly Poison","floor":18.0},{"not_picked":["Dodge and Roll+1","Heel Hook"],"picked":"Backflip","floor":21.0},{"not_picked":["Riddle With Holes+1","Underhanded Strike","Heel Hook"],"picked":"Singing Bowl","floor":24.0},{"not_picked":["Blade Dance+1","Acrobatics","Choke"],"picked":"Singing Bowl","floor":27.0},{"not_picked":["Poisoned Stab","Dagger Throw","Bullet Time"],"picked":"Singing Bowl","floor":29.0},{"not_picked":["Tools of the Trade","Bullet Time"],"picked":"Malaise","floor":33.0},{"not_picked":["Underhanded Strike","Deadly Poison+1"],"picked":"Noxious Fumes+1","floor":35.0},{"not_picked":["Panacea","Mind Blast"],"picked":"Apotheosis","floor":38.0},{"not_picked":["Impatience","Purity","Chrysalis"],"picked":"Singing Bowl","floor":38.0},{"not_picked":["Panacea","Finesse","Bandage Up"],"picked":"Singing Bowl","floor":38.0},{"not_picked":["Heel Hook","Bane","Backstab+1"],"picked":"Singing Bowl","floor":39.0},{"not_picked":["Expertise","Tactician+1","Sucker Punch+1"],"picked":"Singing Bowl","floor":45.0},{"not_picked":["Backflip","Flying Knee+1","Dodge and Roll"],"picked":"Singing Bowl","floor":47.0},{"not_picked":["Accuracy+1","Bane+1"],"picked":"Escape Plan","floor":48}],"player_experience":351753,"relics_obtained":[{"floor":9.0,"key":"War Paint"},{"floor":10.0,"key":"Odd Mushroom"},{"floor":24.0,"key":"Singing Bowl"},{"floor":26.0,"key":"Happy Flower"},{"floor":31.0,"key":"Regal Pillow"},{"floor":45.0,"key":"MawBank"}],"event_choices":[{"event_name":"Transmorgrifier","player_choice":"Transform","floor":4.0,"damage_taken":0.0},{"event_name":"Mushrooms","player_choice":"Fought Mushrooms","floor":10.0,"damage_taken":0.0},{"event_name":"Ghosts","player_choice":"Became a Ghost","floor":20.0,"damage_taken":0.0},{"event_name":"Vampires","player_choice":"Ignored","floor":22.0,"damage_taken":0.0},{"event_name":"Purifier","player_choice":"One Purge","floor":36.0,"damage_taken":0.0},{"event_name":"SensoryStone","player_choice":"Memory 3","floor":38.0,"damage_taken":0.0},{"event_name":"Winding Halls","player_choice":"Max HP","floor":44.0,"damage_taken":0.0}],"is_beta":false,"boss_relics":[{"not_picked":["White Beast Statue","Ectoplasm"],"picked":"Sozu"},{"not_picked":["Philosopher\u0027s Stone","Ring of the Serpent"],"picked":"Cursed Key"}],"items_purged_floors":[5,19,30,41],"is_endless":false,"potions_floor_spawned":[1,3,11,14,18,21,24,39],"ascension_level":0}