{"gold_per_floor":[109,384,403,328,340,340,372,372,372,389,389,401,401,412,412,412],"floor_reached":16,"playtime":618,"items_purged":["Regret"],"score":182,"play_id":"08920538-8313-4bc3-897b-89b3892d91c1","local_time":"20190216131454","is_ascension_mode":true,"campfire_choices":[{"data":"Accuracy","floor":6,"key":"SMITH"},{"floor":8,"key":"REST"},{"data":"Noxious Fumes","floor":11,"key":"SMITH"},{"data":"Cloak And Dagger","floor":15,"key":"SMITH"}],"neow_cost":"NONE","seed_source_timestamp":324254793253895,"circlet_count":0,"master_deck":["AscendersBane","Defend_G","Defend_G","Defend_G","Defend_G","Defend_G","Strike_G","Strike_G","Strike_G","Strike_G","Survivor","Neutralize","Backflip","Accuracy+1","Noxious Fumes+1","Calculated Gamble","Noxious Fumes","Cloak And Dagger+1"],"relics":["Ring of the Snake","Nunchaku","Meat on the Bone"],"potions_floor_usage":[1,13],"damage_taken":[{"damage":0,"enemies":"Cultist","floor":1,"turns":6},{"damage":8,"enemies":"2 Louse","floor":3,"turns":6},{"damage":0,"enemies":"Small Slimes","floor":5,"turns":5},{"damage":51,"enemies":"3 Sentries","floor":7,"turns":20},{"damage":15,"enemies":"Gremlin Gang","floor":10,"turns":6},{"damage":3,"enemies":"Looter","floor":12,"turns":5},{"damage":4,"enemies":"3 Louse","floor":13,"turns":2},{"damage":7,"enemies":"2 Fungi Beasts","floor":14,"turns":4},{"damage":47,"enemies":"Slime Boss","floor":16,"turns":8}],"seed_played":"-6833684991099692779","potions_obtained":[{"floor":1,"key":"Fruit Juice"},{"floor":10,"key":"SmokeBomb"}],"is_trial":false,"path_per_floor":["M","?","M","$","M","R","E","R","T","M","R","M","M","M","R","B"],"character_chosen":"THE_SILENT","items_purchased":[],"campfire_rested":1,"item_purchase_floors":[],"current_hp_per_floor":[64,64,56,56,56,56,5,26,26,23,23,32,40,45,45,0],"gold":412,"neow_bonus":"REMOVE_CARD","is_prod":false,"is_daily":false,"chose_seed":false,"campfire_upgraded":3,"win_rate":0,"timestamp":1550294094,"path_taken":["M","?","M","$","M","R","E","R","T","M","R","?","M","M","R","BOSS"],"build_version":"2019-01-23","purchased_purges":1,"victory":false,"max_hp_per_floor":[71,71,71,71,71,71,71,71,71,71,71,71,71,71,71,71],"card_choices":[{"not_picked":["Reflex","Bane"],"picked":"Backflip","floor":1},{"not_picked":["Outmaneuver","Expertise"],"picked":"Accuracy","floor":3},{"not_picked":["Dodge and Roll","Reflex","Distraction"],"picked":"SKIP","floor":5},{"not_picked":["Dagger Spray","Footwork"],"picked":"Noxious Fumes","floor":7},{"not_picked":["PiercingWail","Acrobatics"],"picked":"Calculated Gamble","floor":10},{"not_picked":["Prepared","Deadly Poison"],"picked":"Noxious Fumes","floor":12},{"not_picked":["Acrobatics","Burst"],"picked":"Cloak And Dagger","floor":14}],"player_experience":779657,"relics_obtained":[{"floor":7,"key":"Nunchaku"},{"floor":9,"key":"Meat on the Bone"}],"event_choices":[{"damage_healed":0,"gold_gain":275,"player_choice":"Desecrate","damage_taken":0,"max_hp_gain":0,"max_hp_loss":0,"event_name":"Golden Shrine","floor":2,"gold_loss":0,"cards_obtained":["Regret"]}],"is_beta":false,"boss_relics":[],"items_purged_floors":[4],"is_endless":false,"potions_floor_spawned":[1,10,13],"killed_by":"Slime Boss","ascension_level":15}