{"gold_per_floor":[118,43,43,43,59,59,100,100,100,100,133,133,133,149,149,280,280,294,194,194,69,93,93,93,93,93,93,93,129,129,190,190,318,318,336,336,351,351,351,386,386,386,386,405,421,434,434,182,182,182],"floor_reached":51,"playtime":4000,"items_purged":["Strike_B","Defend_B","Strike_B+1","Cold Snap+1"],"score":815,"play_id":"567c8130-4e99-4024-94f1-c227ae45207e","local_time":"20190615022742","is_ascension_mode":false,"campfire_choices":[{"data":"Streamline","floor":6.0,"key":"SMITH"},{"data":"Dualcast","floor":8.0,"key":"SMITH"},{"data":"Zap","floor":10.0,"key":"SMITH"},{"data":"Buffer","floor":13.0,"key":"SMITH"},{"data":"Capacitor","floor":15.0,"key":"SMITH"},{"data":"Skim","floor":23.0,"key":"SMITH"},{"data":"Thunder Strike","floor":25.0,"key":"SMITH"},{"data":"Scrape","floor":28.0,"key":"SMITH"},{"data":"Undo","floor":30.0,"key":"SMITH"},{"data":"Amplify","floor":32.0,"key":"SMITH"},{"floor":41,"key":"REST"},{"floor":47,"key":"REST"},{"floor":49,"key":"RECALL"}],"neow_cost":"NONE","seed_source_timestamp":54125783337786,"circlet_count":0,"master_deck":["Zap+1","Dualcast+1","Streamline+1","Skim+1","Undo+1","Capacitor+1","Buffer+1","Thunder Strike+1","Scrape+1","Biased Cognition+1","Turbo+1"],"special_seed":0,"relics":["Cracked Core","Golden Idol","Boot","Whetstone","Oddly Smooth Stone","Cursed Key","Ice Cream","Tiny Chest","Runic Dome","Potion Belt"],"potions_floor_usage":[40,50,50,50,50,50,50,50],"damage_taken":[{"damage":1.0,"enemies":"2 Louse","floor":1.0,"turns":2.0},{"damage":0.0,"enemies":"Cultist","floor":5.0,"turns":3.0},{"damage":22.0,"enemies":"Lagavulin","floor":7.0,"turns":5.0},{"damage":11.0,"enemies":"3 Sentries","floor":11.0,"turns":7.0},{"damage":0.0,"enemies":"Jaw Worm","floor":14.0,"turns":2.0},{"damage":0.0,"enemies":"The Guardian","floor":16.0,"turns":10.0},{"damage":0.0,"enemies":"Chosen","floor":18.0,"turns":4.0},{"damage":0.0,"enemies":"2 Thieves","floor":22.0,"turns":4.0},{"damage":23.0,"enemies":"Slavers","floor":29.0,"turns":3.0},{"damage":8.0,"enemies":"Gremlin Leader","floor":31.0,"turns":4.0},{"damage":15.0,"enemies":"Collector","floor":33.0,"turns":7.0},{"damage":0,"enemies":"3 Darklings","floor":35,"turns":4},{"damage":0,"enemies":"Orb Walker","floor":37,"turns":3},{"damage":26,"enemies":"Reptomancer","floor":40,"turns":5},{"damage":16,"enemies":"4 Shapes","floor":44,"turns":3},{"damage":0,"enemies":"Maw","floor":45,"turns":5},{"damage":0,"enemies":"Spire Growth","floor":46,"turns":3},{"damage":10,"enemies":"Time Eater","floor":50,"turns":5}],"seed_played":"3887151739076575756","potions_obtained":[{"floor":5.0,"key":"Swift Potion"},{"floor":11.0,"key":"Explosive Potion"},{"floor":16.0,"key":"EntropicBrew"},{"floor":31.0,"key":"Fire Potion"},{"floor":33.0,"key":"Dexterity Potion"},{"floor":44,"key":"Regen Potion"}],"is_trial":false,"path_per_floor":["M","$","?","?","M","R","E","R","T","R","E","?","R","M","R","B",null,"M","$","?","$","M","R","?","R","T","?","R","E","R","E","R","B",null,"M","?","M","?","?","E","R","T","T","M","M","M","R","$","R","B",null],"character_chosen":"DEFECT","items_purchased":["Poison Potion","SpeedPotion"],"campfire_rested":2,"item_purchase_floors":[48,48],"current_hp_per_floor":[74,74,56,56,56,56,34,34,34,34,23,23,23,23,23,23,75,75,75,75,75,75,75,75,75,75,75,75,52,52,44,44,29,75,75,75,75,75,75,49,71,71,71,55,55,55,75,75,75,75],"gold":182,"neow_bonus":"REMOVE_CARD","is_prod":false,"is_daily":false,"chose_seed":false,"campfire_upgraded":10,"win_rate":0,"timestamp":1560536862,"path_taken":["M","$","?","?","?","R","E","R","T","R","E","?","R","M","R","BOSS","M","$","?","$","M","R","?","R","T","?","R","E","R","E","R","BOSS","M","?","?","?","?","E","R","?","T","M","M","M","R","$","R","BOSS"],"build_version":"2019-01-23","purchased_purges":4,"victory":true,"max_hp_per_floor":[75,75,75,75,75,75,75,75,75,75,75,75,75,75,75,75,75,75,75,75,75,75,75,75,75,75,75,75,75,75,75,75,75,75,75,75,75,75,75,75,75,75,75,75,75,75,75,75,75,75],"card_choices":[{"not_picked":["Compile Driver","Go for the Eyes"],"picked":"Streamline","floor":1.0},{"not_picked":["White Noise","Stack"],"picked":"Skim","floor":5.0},{"not_picked":["Steam Power","Go for the Eyes"],"picked":"Undo","floor":7.0},{"not_picked":["Meteor Strike","Conserve Battery"],"picked":"Capacitor","floor":11.0},{"not_picked":["Leap","Streamline","Gash"],"picked":"SKIP","floor":14.0},{"not_picked":["Machine Learning","Meteor Strike"],"picked":"Thunder Strike","floor":16.0},{"not_picked":["Static Discharge","Reprogram","Barrage"],"picked":"SKIP","floor":18.0},{"not_picked":["Redo","Turbo","Reprogram+1"],"picked":"SKIP","floor":22.0},{"not_picked":["Aggregate","Reinforced Body+1","Coolheaded+1"],"picked":"SKIP","floor":29.0},{"not_picked":["Streamline+1","Gash","Beam Cell"],"picked":"SKIP","floor":31.0},{"not_picked":["Electrodynamics","Rainbow"],"picked":"Biased Cognition","floor":33.0},{"not_picked":["Lockon","Stack","Streamline"],"picked":"SKIP","floor":35},{"not_picked":["Melter","Force Field","Go for the Eyes"],"picked":"SKIP","floor":37},{"not_picked":["Reprogram","Barrage+1","Steam Power"],"picked":"SKIP","floor":40},{"not_picked":["Ball Lightning","White Noise+1"],"picked":"Turbo+1","floor":44},{"not_picked":["Cold Snap+1","Turbo+1","Barrage+1"],"picked":"SKIP","floor":45},{"not_picked":["Chill","Turbo","Cold Snap+1"],"picked":"SKIP","floor":46}],"player_experience":5224849,"relics_obtained":[{"floor":7.0,"key":"Boot"},{"floor":9.0,"key":"Whetstone"},{"floor":11.0,"key":"Oddly Smooth Stone"},{"floor":29.0,"key":"Ice Cream"},{"floor":31.0,"key":"Tiny Chest"},{"floor":40,"key":"Potion Belt"}],"event_choices":[{"damage_healed":0.0,"max_hp_gain":0.0,"max_hp_loss":0.0,"gold_gain":0.0,"event_name":"Golden Idol","player_choice":"Take Damage","floor":3.0,"gold_loss":0.0,"damage_taken":18.0,"relics_obtained":["Golden Idol"]},{"damage_healed":0.0,"max_hp_gain":0.0,"max_hp_loss":0.0,"gold_gain":0.0,"cards_transformed":["Defend_B"],"event_name":"Transmorgrifier","player_choice":"Transformed","floor":4.0,"gold_loss":0.0,"damage_taken":0.0,"cards_obtained":["Cold Snap"]},{"damage_healed":0.0,"max_hp_gain":0.0,"max_hp_loss":0.0,"gold_gain":0.0,"cards_transformed":["Strike_B"],"event_name":"Living Wall","player_choice":"Change","floor":12.0,"gold_loss":0.0,"damage_taken":0.0,"cards_obtained":["Buffer"]},{"damage_healed":0.0,"max_hp_gain":0.0,"max_hp_loss":0.0,"gold_gain":0.0,"event_name":"Cursed Tome","player_choice":"Ignored","floor":20.0,"gold_loss":0.0,"damage_taken":0.0},{"damage_healed":0.0,"max_hp_gain":0.0,"max_hp_loss":0.0,"gold_gain":0.0,"cards_transformed":["Defend_B","Defend_B"],"event_name":"Drug Dealer","player_choice":"Became Test Subject","floor":24.0,"gold_loss":0.0,"damage_taken":0.0,"cards_obtained":["Amplify","Scrape"]},{"damage_healed":0.0,"max_hp_gain":0.0,"max_hp_loss":0.0,"gold_gain":0.0,"event_name":"The Mausoleum","player_choice":"Ignored","floor":27.0,"gold_loss":0.0,"damage_taken":0.0},{"damage_healed":0,"gold_gain":0,"player_choice":"Upgraded","damage_taken":0,"max_hp_gain":0,"max_hp_loss":0,"event_name":"Upgrade Shrine","floor":36,"gold_loss":0,"cards_upgraded":["Biased Cognition"]},{"damage_healed":0,"gold_gain":0,"player_choice":"Ignored","damage_taken":0,"max_hp_gain":0,"max_hp_loss":0,"event_name":"Tomb of Lord Red Mask","floor":38,"gold_loss":0},{"cards_removed":["Amplify"],"damage_healed":0,"gold_gain":0,"player_choice":"Removed Skill","damage_taken":0,"max_hp_gain":0,"max_hp_loss":0,"event_name":"Falling","floor":39,"gold_loss":0}],"is_beta":false,"boss_relics":[{"not_picked":["Snecko Eye","Eternal Feather"],"picked":"Cursed Key"},{"not_picked":["Empty Cage","FrozenCore"],"picked":"Runic Dome"}],"items_purged_floors":[2,19,21,48],"is_endless":false,"potions_floor_spawned":[5,11,16,31,33,44],"ascension_level":0}