{"gold_per_floor":[360,360,310,310,331,346,118,118,118,118,46,46,46,60,60,190,190,215,115,128,3,3,3,41,41,41,56,56,80,80,100,100,231,231,251,101,376,392,392,392,517,517,588,413,434,453,172,190,190,190],"floor_reached":51,"playtime":1790,"items_purged":["Strike_G","Strike_G","Defend_G","Defend_G","Eviscerate+1","Underhanded Strike+1"],"score":853,"play_id":"4f705284-fd9c-45d0-81ee-e7c94dda5567","local_time":"20181113100609","is_ascension_mode":false,"campfire_choices":[{"data":"Glass Knife","floor":8,"key":"SMITH"},{"data":"Well Laid Plans","floor":10,"key":"SMITH"},{"data":"Noxious Fumes","floor":15,"key":"SMITH"},{"data":"Malaise","floor":23,"key":"SMITH"},{"data":"Catalyst","floor":25,"key":"SMITH"},{"data":"Footwork","floor":32,"key":"SMITH"},{"data":"Tools of the Trade","floor":40,"key":"SMITH"},{"data":"Backflip","floor":42,"key":"SMITH"},{"data":"Expertise","floor":49,"key":"SMITH"}],"neow_cost":"TEN_PERCENT_HP_LOSS","seed_source_timestamp":7228051067511,"circlet_count":0,"master_deck":["Survivor","Neutralize","Backflip+1","Footwork+1","Well Laid Plans+1","Glass Knife+1","Noxious Fumes+1","Malaise+1","Tools of the Trade+1","Pain","Catalyst+1","Sucker Punch+1","Venomology","Grand Finale","Infinite Blades+1","Regret","Expertise+1"],"relics":["Ring of the Snake","Golden Idol","Blue Candle","Philosopher\u0027s Stone","WarpedTongs","Pen Nib","Regal Pillow","Astrolabe","Bird Faced Urn","Shuriken"],"potions_floor_usage":[18,33,35,38,41,45,46,48,50,50,50],"damage_taken":[{"damage":0,"enemies":"Small Slimes","floor":1,"turns":4},{"damage":0,"enemies":"2 Louse","floor":5,"turns":3},{"damage":0,"enemies":"Jaw Worm","floor":6,"turns":6},{"damage":0,"enemies":"Large Slime","floor":14,"turns":6},{"damage":16,"enemies":"Slime Boss","floor":16,"turns":10},{"damage":7,"enemies":"3 Byrds","floor":18,"turns":4},{"damage":0,"enemies":"Shell Parasite","floor":20,"turns":5},{"damage":25,"enemies":"Gremlin Leader","floor":24,"turns":9},{"damage":4,"enemies":"Centurion and Healer","floor":27,"turns":5},{"damage":3,"enemies":"Snake Plant","floor":29,"turns":6},{"damage":3,"enemies":"Snecko","floor":31,"turns":6},{"damage":1,"enemies":"Automaton","floor":33,"turns":10},{"damage":6,"enemies":"3 Darklings","floor":35,"turns":6},{"damage":2,"enemies":"3 Shapes","floor":38,"turns":6},{"damage":2,"enemies":"Mind Bloom Boss Battle","floor":41,"turns":5},{"damage":5,"enemies":"3 Darklings","floor":45,"turns":4},{"damage":18,"enemies":"Jaw Worm Horde","floor":46,"turns":5},{"damage":12,"enemies":"Maw","floor":48,"turns":5},{"damage":46,"enemies":"Donu and Deca","floor":50,"turns":5}],"seed_played":"2904924875992429635","potions_obtained":[{"floor":5,"key":"FearPotion"},{"floor":14,"key":"Explosive Potion"},{"floor":24,"key":"PowerPotion"},{"floor":27,"key":"SkillPotion"},{"floor":29,"key":"Dexterity Potion"},{"floor":31,"key":"Ancient Potion"},{"floor":45,"key":"Regen Potion"}],"is_trial":false,"path_per_floor":["M","?","?","?","M","M","$","R","T","R","$","?","$","M","R","B",null,"M","$","M","$","?","R","E","R","T","M","?","M","?","M","R","B",null,"M","$","?","M","?","R","?","R","T","$","M","M","$","M","R","B",null],"character_chosen":"THE_SILENT","items_purchased":["Well Laid Plans","Glass Knife","Noxious Fumes","Expertise"],"campfire_rested":0,"item_purchase_floors":[7,7,11,47],"current_hp_per_floor":[63,68,68,63,63,63,63,63,63,63,63,56,56,56,56,40,63,56,56,56,56,56,56,31,31,31,27,27,24,24,21,21,20,63,57,57,57,55,55,55,53,53,53,53,58,55,55,53,53,17],"gold":190,"neow_bonus":"TWO_FIFTY_GOLD","is_prod":false,"is_daily":false,"chose_seed":false,"campfire_upgraded":9,"win_rate":0,"timestamp":1542074769,"path_taken":["M","?","?","?","M","M","$","R","T","R","?","?","$","M","R","BOSS","M","$","M","$","?","R","E","R","T","?","?","M","?","M","R","BOSS","M","$","?","?","?","R","?","R","T","$","M","M","?","M","R","BOSS"],"build_version":"2018-11-08","purchased_purges":6,"victory":true,"max_hp_per_floor":[63,68,68,63,63,63,63,63,63,63,63,63,63,63,63,63,63,63,63,63,63,63,63,63,63,63,63,63,63,63,63,63,63,63,63,63,63,63,63,63,63,63,63,63,63,63,63,63,63,63],"card_choices":[{"not_picked":["Underhanded Strike","Acrobatics","Prepared"],"picked":"SKIP","floor":1},{"not_picked":["Heel Hook","Accuracy"],"picked":"Backflip","floor":5},{"not_picked":["Prepared","Flying Knee"],"picked":"Footwork","floor":6},{"not_picked":["Blade Dance","Finisher","Dagger Throw"],"picked":"SKIP","floor":14},{"not_picked":["Doppelganger","Adrenaline"],"picked":"Malaise","floor":16},{"not_picked":["Dagger Spray","Masterful Stab+1","Cloak And Dagger"],"picked":"SKIP","floor":18},{"not_picked":["Blade Dance","Cloak And Dagger+1"],"picked":"Tools of the Trade","floor":20},{"not_picked":["Slice","Heel Hook"],"picked":"Catalyst","floor":24},{"not_picked":["Deflect","Dagger Spray"],"picked":"Sucker Punch+1","floor":27},{"not_picked":["Flechettes","Flying Knee","Dash"],"picked":"SKIP","floor":29},{"not_picked":["Leg Sweep","PiercingWail+1"],"picked":"Venomology","floor":31},{"not_picked":["Phantasmal Killer","Glass Knife"],"picked":"Grand Finale","floor":33},{"not_picked":["Outmaneuver","Setup+1","Flying Knee+1"],"picked":"SKIP","floor":35},{"not_picked":["Dash+1","Dagger Spray","PiercingWail"],"picked":"SKIP","floor":38},{"not_picked":["Deflect","Flying Knee+1","Finisher"],"picked":"SKIP","floor":45},{"not_picked":["Night Terror","Dagger Throw","All Out Attack"],"picked":"SKIP","floor":46},{"not_picked":["Acrobatics+1","Eviscerate+1","Predator+1"],"picked":"SKIP","floor":48}],"player_experience":993314,"relics_obtained":[{"floor":9,"key":"Blue Candle"},{"floor":24,"key":"Pen Nib"},{"floor":26,"key":"Regal Pillow"},{"floor":41,"key":"Bird Faced Urn"},{"floor":43,"key":"Shuriken"}],"event_choices":[{"damage_healed":0,"gold_gain":0,"player_choice":"Donut","damage_taken":0,"max_hp_gain":5,"max_hp_loss":0,"event_name":"Big Fish","floor":2,"gold_loss":0},{"cards_removed":["Strike_G"],"damage_healed":0,"gold_gain":0,"player_choice":"Card Removal","damage_taken":0,"max_hp_gain":0,"max_hp_loss":0,"event_name":"The Cleric","floor":3,"gold_loss":50},{"damage_healed":0,"gold_gain":0,"player_choice":"Lose Max HP","damage_taken":0,"relics_obtained":["Golden Idol"],"max_hp_gain":0,"max_hp_loss":5,"event_name":"Golden Idol","floor":4,"gold_loss":0},{"cards_removed":["Defend_G"],"damage_healed":0,"gold_gain":0,"player_choice":"Card Removal","damage_taken":7,"max_hp_gain":0,"max_hp_loss":0,"event_name":"Golden Wing","floor":12,"gold_loss":0},{"damage_healed":0,"gold_gain":0,"player_choice":"Rummage","damage_taken":0,"relics_obtained":["WarpedTongs"],"max_hp_gain":0,"max_hp_loss":0,"event_name":"Accursed Blacksmith","floor":22,"gold_loss":0,"cards_obtained":["Pain"]},{"cards_removed":["Strike_G"],"damage_healed":0,"gold_gain":0,"player_choice":"Elegance","damage_taken":0,"max_hp_gain":0,"max_hp_loss":0,"event_name":"Back to Basics","floor":28,"gold_loss":0},{"damage_healed":0,"gold_gain":0,"player_choice":"Ignored","damage_taken":0,"max_hp_gain":0,"max_hp_loss":0,"event_name":"Vampires","floor":30,"gold_loss":0},{"damage_healed":0,"gold_gain":275,"player_choice":"Desecrate","damage_taken":0,"max_hp_gain":0,"max_hp_loss":0,"event_name":"Golden Shrine","floor":37,"gold_loss":0,"cards_obtained":["Regret"]},{"damage_healed":0,"gold_gain":0,"player_choice":"Ignored","damage_taken":0,"max_hp_gain":0,"max_hp_loss":0,"event_name":"Mysterious Sphere","floor":39,"gold_loss":0},{"damage_healed":0,"gold_gain":0,"player_choice":"Fight","damage_taken":0,"max_hp_gain":0,"max_hp_loss":0,"event_name":"MindBloom","floor":41,"gold_loss":0}],"is_beta":false,"boss_relics":[{"not_picked":["Ring of the Serpent","Empty Cage"],"picked":"Philosopher\u0027s Stone"},{"not_picked":["Sozu","Busted Crown"],"picked":"Astrolabe"}],"items_purged_floors":[7,19,21,36,44,47],"is_endless":false,"potions_floor_spawned":[5,14,24,27,29,31,41,45,46],"ascension_level":0}