{"gold_per_floor":[114,189,189,189,209,209,225,225,225,74,74,107,107,122,122,223,223,189,202,57,76,1,1,12,22,22,22,38,57,57,73,73,172,172,187,12,12,12,22,22,39,39,39,39,39,39,39,55,55,55],"floor_reached":51,"playtime":2102,"items_purged":["Defend_G","Strike_G"],"score":772,"play_id":"5fe3148e-6b79-40a8-92bc-8a7a6df7f80d","local_time":"20181019213954","is_ascension_mode":false,"campfire_choices":[{"data":"Deadly Poison","floor":6,"key":"SMITH"},{"data":"Neutralize","floor":8,"key":"SMITH"},{"floor":11,"key":"REST"},{"data":"Burst","floor":13,"key":"SMITH"},{"data":"Footwork","floor":15,"key":"SMITH"},{"data":"Wraith Form v2","floor":23,"key":"SMITH"},{"data":"Footwork","floor":30,"key":"SMITH"},{"data":"Dodge and Roll","floor":32,"key":"SMITH"},{"data":"Noxious Fumes","floor":40,"key":"SMITH"},{"data":"Corpse Explosion","floor":42,"key":"SMITH"},{"data":"Dodge and Roll","floor":44,"key":"SMITH"},{"data":"Backflip","floor":47,"key":"SMITH"},{"data":"Defend_G","floor":49,"key":"SMITH"}],"neow_cost":"TEN_PERCENT_HP_LOSS","seed_source_timestamp":8658111175388,"circlet_count":0,"master_deck":["Defend_G+1","Defend_G","Strike_G","Survivor","Neutralize+1","PiercingWail","Backflip+1","Burst+1","Footwork+1","Wraith Form v2+1","Footwork+1","Dodge and Roll+1","Dodge and Roll+1","Corpse Explosion+1","Noxious Fumes+1","Dodge and Roll+1","Noxious Fumes+1","Deadly Poison+1"],"special_seed":0,"relics":["Ring of the Serpent","Bag of Preparation","Matryoshka","Regal Pillow","Nunchaku","Potion Belt","Turnip","Sozu","Pocketwatch","Omamori","Mummified Hand"],"potions_floor_usage":[18,50,50],"damage_taken":[{"damage":0.0,"enemies":"2 Louse","floor":1.0,"turns":3.0},{"damage":0,"enemies":"Jaw Worm","floor":5,"turns":3},{"damage":0,"enemies":"Small Slimes","floor":7,"turns":3},{"damage":14,"enemies":"Gremlin Nob","floor":12,"turns":4},{"damage":0,"enemies":"Red Slaver","floor":14,"turns":4},{"damage":4,"enemies":"The Guardian","floor":16,"turns":9},{"damage":1,"enemies":"2 Thieves","floor":18,"turns":5},{"damage":2,"enemies":"Spheric Guardian","floor":19,"turns":5},{"damage":0,"enemies":"Snecko","floor":21,"turns":7},{"damage":0,"enemies":"Shelled Parasite and Fungi","floor":24,"turns":7},{"damage":4,"enemies":"Centurion and Healer","floor":25,"turns":8},{"damage":8,"enemies":"3 Cultists","floor":28,"turns":9},{"damage":0,"enemies":"Shelled Parasite and Fungi","floor":29,"turns":8},{"damage":3,"enemies":"Chosen and Byrds","floor":31,"turns":9},{"damage":0,"enemies":"Automaton","floor":33,"turns":20},{"damage":0,"enemies":"3 Darklings","floor":35,"turns":4},{"damage":0,"enemies":"Mind Bloom Boss Battle","floor":38,"turns":8},{"damage":0,"enemies":"Orb Walker","floor":39,"turns":5},{"damage":0,"enemies":"Maw","floor":41,"turns":7},{"damage":0,"enemies":"Writhing Mass","floor":48,"turns":6},{"damage":0,"enemies":"Time Eater","floor":50,"turns":12}],"seed_played":"1612144333078006844","potions_obtained":[{"floor":12,"key":"SkillPotion"},{"floor":24,"key":"Dexterity Potion"},{"floor":28,"key":"EssenceOfSteel"},{"floor":31,"key":"SpeedPotion"}],"is_trial":false,"path_per_floor":["M","?","?","?","M","R","M","R","T","$","R","E","R","M","R","B",null,"M","M","$","M","?","R","M","M","T","?","M","M","R","M","R","B",null,"M","$","?","?","M","R","M","R","T","R","?","?","R","M","R","B"],"character_chosen":"THE_SILENT","items_purchased":["Regal Pillow","Footwork","Noxious Fumes"],"campfire_rested":1,"item_purchase_floors":[10,20,36],"current_hp_per_floor":[63,52,27,27,27,27,27,27,27,27,60,46,46,46,46,42,63,62,60,60,60,60,60,60,56,56,56,48,48,48,45,45,45,63,63,63,60,60,60,60,60,60,60,60,60,60,60,60,60,60],"gold":55,"neow_bonus":"REMOVE_TWO","is_prod":false,"is_daily":false,"chose_seed":false,"campfire_upgraded":12,"win_rate":0,"timestamp":1539956394,"path_taken":["M","?","?","?","M","R","M","R","T","$","R","E","R","M","R","BOSS","M","M","$","M","?","R","?","M","T","?","M","M","R","M","R","BOSS","M","$","?","?","M","R","M","R","T","R","?","?","R","M","R","BOSS"],"build_version":"2018-10-18","purchased_purges":2,"victory":true,"max_hp_per_floor":[63,63,63,63,63,63,63,63,63,63,63,63,63,63,63,63,63,63,63,63,63,63,63,63,63,63,63,63,63,63,63,63,63,63,63,63,60,60,60,60,60,60,60,60,60,60,60,60,60,60],"card_choices":[{"not_picked":["Poisoned Stab","Cloak And Dagger"],"picked":"Deadly Poison","floor":1.0},{"not_picked":["PiercingWail","Prepared"],"picked":"Backflip","floor":5},{"not_picked":["Underhanded Strike","Cloak And Dagger","Prepared"],"picked":"SKIP","floor":7},{"not_picked":["Flechettes","Blur"],"picked":"Burst","floor":12},{"not_picked":["Acrobatics","All Out Attack"],"picked":"Footwork","floor":14},{"not_picked":["Unload","Storm of Steel"],"picked":"Wraith Form v2","floor":16},{"not_picked":["Setup","Choke","Acrobatics"],"picked":"SKIP","floor":18},{"not_picked":["Deflect","Bane","Reflex"],"picked":"SKIP","floor":19},{"not_picked":["Poisoned Stab+1","Underhanded Strike"],"picked":"Dodge and Roll","floor":21},{"not_picked":["Riddle With Holes","Sucker Punch+1","Unload"],"picked":"SKIP","floor":24},{"not_picked":["Quick Slash+1","Concentrate","Slice"],"picked":"SKIP","floor":25},{"not_picked":["Sucker Punch+1","Quick Slash+1","Slice+1"],"picked":"SKIP","floor":28},{"not_picked":["Slice","PiercingWail"],"picked":"Dodge and Roll+1","floor":29},{"not_picked":["Poisoned Stab","Flying Knee","Blade Dance"],"picked":"SKIP","floor":31},{"not_picked":["Glass Knife","A Thousand Cuts"],"picked":"Corpse Explosion","floor":33},{"not_picked":["Expertise+1","Blade Dance+1","Terror+1"],"picked":"SKIP","floor":35},{"not_picked":["Dagger Throw+1","Masterful Stab+1"],"picked":"Dodge and Roll","floor":38},{"not_picked":["PiercingWail","Prepared+1"],"picked":"Noxious Fumes+1","floor":39},{"not_picked":["PiercingWail+1","Underhanded Strike"],"picked":"Deadly Poison+1","floor":41},{"not_picked":["Deadly Poison","Poisoned Stab+1","Prepared"],"picked":"SKIP","floor":48}],"player_experience":377959,"relics_obtained":[{"floor":9,"key":"Matryoshka"},{"floor":12,"key":"Nunchaku"},{"floor":26,"key":"Potion Belt"},{"floor":26,"key":"Turnip"},{"floor":38,"key":"Pocketwatch"},{"floor":43,"key":"Omamori"},{"floor":43,"key":"Mummified Hand"}],"event_choices":[{"damage_healed":0.0,"max_hp_gain":0.0,"max_hp_loss":0.0,"gold_gain":75.0,"event_name":"World of Goop","player_choice":"Gather Gold","floor":2.0,"gold_loss":0.0,"damage_taken":11.0},{"damage_healed":0.0,"max_hp_gain":0.0,"max_hp_loss":0.0,"gold_gain":0.0,"event_name":"Scrap Ooze","player_choice":"Success","floor":3.0,"gold_loss":0.0,"damage_taken":25.0,"relics_obtained":["Bag of Preparation"]},{"damage_healed":0,"gold_gain":0,"cards_transformed":["Strike_G"],"player_choice":"Transformed","damage_taken":0,"max_hp_gain":0,"max_hp_loss":0,"event_name":"Transmorgrifier","floor":4,"gold_loss":0,"cards_obtained":["PiercingWail"]},{"cards_removed":["Strike_G"],"damage_healed":0,"gold_gain":0,"player_choice":"Gave Gold","damage_taken":0,"max_hp_gain":0,"max_hp_loss":0,"event_name":"Beggar","floor":22,"gold_loss":75},{"cards_removed":["Defend_G"],"damage_healed":0,"gold_gain":0,"player_choice":"Offered Basic","damage_taken":0,"max_hp_gain":0,"max_hp_loss":0,"event_name":"Bonfire Elementals","floor":27,"gold_loss":0},{"damage_healed":0,"gold_gain":0,"player_choice":"Max HP","damage_taken":0,"max_hp_gain":0,"max_hp_loss":3,"event_name":"Winding Halls","floor":37,"gold_loss":0},{"damage_healed":0,"gold_gain":0,"player_choice":"Fight","damage_taken":0,"max_hp_gain":0,"max_hp_loss":0,"event_name":"MindBloom","floor":38,"gold_loss":0},{"cards_removed":["Deadly Poison"],"damage_healed":0,"gold_gain":0,"player_choice":"Removed Skill","damage_taken":0,"max_hp_gain":0,"max_hp_loss":0,"event_name":"Falling","floor":45,"gold_loss":0},{"damage_healed":0,"gold_gain":0,"player_choice":"Ignored","damage_taken":0,"max_hp_gain":0,"max_hp_loss":0,"event_name":"Mysterious Sphere","floor":46,"gold_loss":0}],"is_beta":false,"boss_relics":[{"not_picked":["Snecko Eye","White Beast Statue"],"picked":"Ring of the Serpent"},{"not_picked":["WristBlade","Black Star"],"picked":"Sozu"}],"items_purged_floors":[20,36],"is_endless":false,"potions_floor_spawned":[12,24,28,31,35,48],"ascension_level":0}