{"gold_per_floor":[116,134,409,21,21,21,54,204,204,217,232,232,13,23,23,100,100,112,112,124,140,8,33,33,133,157,168,168,201,201,201,201,279,279,297,297,310,28,28,62,87,116,116,148,166,181,214,242,242,242,242,242,242,24,58,58],"floor_reached":57,"playtime":2974,"items_purged":["Regret"],"score":3357,"play_id":"f1acb9a3-c620-4042-aa43-9a74d4aab142","local_time":"20190325122617","is_ascension_mode":true,"campfire_choices":[{"data":"Consume","floor":6.0,"key":"SMITH"},{"data":"Zap","floor":12.0,"key":"SMITH"},{"data":"Capacitor","floor":15.0,"key":"SMITH"},{"data":"Coolheaded","floor":24.0,"key":"SMITH"},{"data":"Turbo","floor":28.0,"key":"SMITH"},{"data":"Loop","floor":32.0,"key":"SMITH"},{"floor":49.0,"key":"RECALL"},{"data":"Biased Cognition","floor":53,"key":"SMITH"}],"neow_cost":"NONE","seed_source_timestamp":873365354452,"circlet_count":0,"master_deck":["AscendersBane","Zap+1","Dualcast","Turbo+1","Consume+1","Hologram","Doubt","Capacitor+1","Coolheaded+1","Electrodynamics","Ball Lightning+1","Capacitor","Static Discharge+1","Self Repair","Loop+1","Echo Form","Ghostly","Ghostly","Ghostly","Biased Cognition+1","Echo Form","Electrodynamics","Streamline+1","Core Surge","Static Discharge","Chill","Electrodynamics","Storm","Coolheaded","Discovery","Purity","Panacea","Defragment","Go for the Eyes+1","Turbo+1","Buffer","Glacier"],"special_seed":0,"relics":["Cracked Core","NeowsBlessing","ClockworkSouvenir","Bag of Preparation","Meat on the Bone","Potion Belt","DataDisk","Runic Pyramid","CultistMask","Omamori","WingedGreaves","Mercury Hourglass","Strawberry","Regal Pillow","Pandora\u0027s Box","Cables","Bronze Scales","Pocketwatch","Anchor","Sundial","Vajra","Whetstone","Calipers","Lee\u0027s Waffle","Happy Flower"],"potions_floor_usage":[56,56,56,56],"damage_taken":[{"damage":0.0,"enemies":"Small Slimes","floor":1.0,"turns":1.0},{"damage":0.0,"enemies":"Cultist","floor":2.0,"turns":1.0},{"damage":0.0,"enemies":"Gremlin Nob","floor":7.0,"turns":1.0},{"damage":16.0,"enemies":"Jaw Worm","floor":10.0,"turns":4.0},{"damage":21.0,"enemies":"Large Slime","floor":11.0,"turns":6.0},{"damage":0.0,"enemies":"Blue Slaver","floor":14.0,"turns":3.0},{"damage":19.0,"enemies":"Hexaghost","floor":16.0,"turns":13.0},{"damage":5.0,"enemies":"Spheric Guardian","floor":18.0,"turns":3.0},{"damage":0.0,"enemies":"3 Byrds","floor":20.0,"turns":2.0},{"damage":21.0,"enemies":"Centurion and Healer","floor":21.0,"turns":4.0},{"damage":24.0,"enemies":"Slavers","floor":23.0,"turns":2.0},{"damage":20.0,"enemies":"Colosseum Slavers","floor":25.0,"turns":4.0},{"damage":23.0,"enemies":"Colosseum Nobs","floor":25.0,"turns":3.0},{"damage":35.0,"enemies":"Shelled Parasite and Fungi","floor":27.0,"turns":3.0},{"damage":14.0,"enemies":"Gremlin Leader","floor":29.0,"turns":6.0},{"damage":24.0,"enemies":"Automaton","floor":33.0,"turns":9.0},{"damage":0.0,"enemies":"3 Shapes","floor":35.0,"turns":3.0},{"damage":0.0,"enemies":"3 Darklings","floor":37.0,"turns":3.0},{"damage":0.0,"enemies":"Reptomancer","floor":40.0,"turns":5.0},{"damage":0.0,"enemies":"Nemesis","floor":41.0,"turns":7.0},{"damage":13.0,"enemies":"Giant Head","floor":42.0,"turns":5.0},{"damage":0.0,"enemies":"Nemesis","floor":44.0,"turns":5.0},{"damage":15.0,"enemies":"Writhing Mass","floor":45.0,"turns":5.0},{"damage":5.0,"enemies":"Spire Growth","floor":46.0,"turns":5.0},{"damage":0.0,"enemies":"Giant Head","floor":47.0,"turns":7.0},{"damage":0.0,"enemies":"Nemesis","floor":48.0,"turns":7.0},{"damage":0.0,"enemies":"Donu and Deca","floor":50.0,"turns":7.0},{"damage":21,"enemies":"Awakened One","floor":51,"turns":6},{"damage":27,"enemies":"Shield and Spear","floor":55,"turns":5},{"damage":16,"enemies":"The Heart","floor":56,"turns":8}],"seed_played":"-1017194721047903024","potions_obtained":[{"floor":2.0,"key":"Block Potion"},{"floor":7.0,"key":"GamblersBrew"},{"floor":20.0,"key":"Weak Potion"},{"floor":29.0,"key":"Dexterity Potion"},{"floor":37.0,"key":"Ancient Potion"},{"floor":44.0,"key":"Swift Potion"},{"floor":46.0,"key":"GamblersBrew"}],"is_trial":false,"path_per_floor":["M","M","?","$","?","R","E","?","T","M","M","R","$","M","R","B",null,"M","?","M","M","$","E","R","?","T","M","R","E","?","?","R","B",null,"M","?","M","$","?","E","E","E","T","E","M","M","E","E","R","B","B",null,"R","$","E","B",null],"character_chosen":"DEFECT","items_purchased":["ClockworkSouvenir","Bag of Preparation","DataDisk","Coolheaded","PowerPotion","Cables","Lee\u0027s Waffle"],"campfire_rested":0,"item_purchase_floors":[4,4,13,13,22,38,54],"current_hp_per_floor":[64,64,64,64,38,38,38,38,38,34,25,25,25,37,37,30,61,56,56,56,47,47,35,35,30,37,21,21,26,26,26,26,28,36,39,37,37,37,27,34,37,37,37,37,22,36,37,37,37,37,35,37,37,44,29,32],"gold":58,"neow_bonus":"THREE_ENEMY_KILL","is_prod":false,"is_daily":false,"chose_seed":false,"campfire_upgraded":7,"win_rate":0,"timestamp":1553487977,"path_taken":["M","M","?","?","?","R","E","?","T","M","M","R","$","M","R","BOSS","M","?","M","?","$","E","R","?","T","M","R","E","?","?","R","BOSS","M","?","M","$","?","E","E","E","T","E","M","M","E","E","R","BOSS","BOSS","R","$","E","BOSS"],"build_version":"2019-01-23","purchased_purges":1,"victory":true,"max_hp_per_floor":[71,71,71,71,71,71,71,71,71,71,71,71,71,71,71,71,71,71,71,71,71,71,71,71,71,78,78,78,78,78,39,39,39,39,39,37,37,37,37,37,37,37,37,37,37,37,37,37,37,37,37,37,37,44,44,44],"card_choices":[{"not_picked":["Steam","Rebound"],"picked":"Turbo","floor":1.0},{"not_picked":["Barrage","Cold Snap"],"picked":"Consume","floor":2.0},{"not_picked":["Sweeping Beam","Barrage"],"picked":"Hologram","floor":7.0},{"not_picked":["Beam Cell","Compile Driver","Steam"],"picked":"SKIP","floor":10.0},{"not_picked":["Leap","Beam Cell"],"picked":"Capacitor","floor":11.0},{"not_picked":["Barrage","Sweeping Beam","Gash"],"picked":"SKIP","floor":14.0},{"not_picked":["Fission","Core Surge"],"picked":"Electrodynamics","floor":16.0},{"not_picked":["Storm","Hologram"],"picked":"Ball Lightning","floor":18.0},{"not_picked":["Gash+1","Double Energy"],"picked":"Capacitor","floor":20.0},{"not_picked":["Gash","Blizzard"],"picked":"Static Discharge+1","floor":21.0},{"not_picked":["Coolheaded","Lockon"],"picked":"Self Repair","floor":23.0},{"not_picked":["Rebound","Hologram","Sweeping Beam"],"picked":"SKIP","floor":27.0},{"not_picked":["Sweeping Beam","Ball Lightning"],"picked":"Loop","floor":29.0},{"not_picked":["Amplify","Multi-Cast"],"picked":"Biased Cognition","floor":33.0},{"not_picked":["Barrage","Stack","Coolheaded"],"picked":"SKIP","floor":35.0},{"not_picked":["Barrage","Stack"],"picked":"Coolheaded","floor":35.0},{"not_picked":["Hologram","Melter","Scrape"],"picked":"SKIP","floor":37.0},{"not_picked":["Flash of Steel","Madness"],"picked":"Discovery","floor":39.0},{"not_picked":["Swift Strike","Madness"],"picked":"Purity","floor":39.0},{"not_picked":["Blind","Chrysalis"],"picked":"Panacea","floor":39.0},{"not_picked":["Beam Cell","Genetic Algorithm","Steam Power+1"],"picked":"SKIP","floor":40.0},{"not_picked":["Beam Cell","Genetic Algorithm","Steam Power+1"],"picked":"SKIP","floor":40.0},{"not_picked":["Stack+1","FTL","Genetic Algorithm"],"picked":"SKIP","floor":41.0},{"not_picked":["Streamline","Ball Lightning"],"picked":"Defragment","floor":42.0},{"not_picked":["Redo","Gash"],"picked":"Go for the Eyes+1","floor":44.0},{"not_picked":["Rip and Tear+1","Rebound","Beam Cell+1"],"picked":"SKIP","floor":45.0},{"not_picked":["Melter","Hologram+1"],"picked":"Turbo+1","floor":46.0},{"not_picked":["Fission","Beam Cell"],"picked":"Buffer","floor":47.0},{"not_picked":["Skim+1","Compile Driver"],"picked":"Glacier","floor":48.0},{"not_picked":["Redo","Hello World","Lockon"],"picked":"SKIP","floor":55}],"player_experience":3855350,"relics_obtained":[{"floor":7.0,"key":"Potion Belt"},{"floor":23.0,"key":"Omamori"},{"floor":25.0,"key":"WingedGreaves"},{"floor":25.0,"key":"Mercury Hourglass"},{"floor":26.0,"key":"Strawberry"},{"floor":29.0,"key":"Regal Pillow"},{"floor":40.0,"key":"Bronze Scales"},{"floor":41.0,"key":"Pocketwatch"},{"floor":42.0,"key":"Anchor"},{"floor":43.0,"key":"Sundial"},{"floor":44.0,"key":"Vajra"},{"floor":47.0,"key":"Whetstone"},{"floor":48.0,"key":"Calipers"},{"floor":55,"key":"Happy Flower"}],"event_choices":[{"damage_healed":0.0,"max_hp_gain":0.0,"max_hp_loss":0.0,"gold_gain":275.0,"event_name":"Golden Shrine","player_choice":"Desecrate","floor":3.0,"gold_loss":0.0,"damage_taken":0.0,"cards_obtained":["Regret"]},{"damage_healed":0.0,"max_hp_gain":0.0,"max_hp_loss":0.0,"gold_gain":0.0,"event_name":"Scrap Ooze","player_choice":"Success","floor":5.0,"gold_loss":0.0,"damage_taken":26.0,"relics_obtained":["Meat on the Bone"]},{"damage_healed":0.0,"max_hp_gain":0.0,"max_hp_loss":0.0,"gold_gain":150.0,"event_name":"Liars Game","player_choice":"AGREE","floor":8.0,"gold_loss":0.0,"damage_taken":0.0,"cards_obtained":["Doubt"]},{"damage_healed":0.0,"max_hp_gain":0.0,"max_hp_loss":0.0,"gold_gain":0.0,"event_name":"FaceTrader","player_choice":"Trade","floor":19.0,"gold_loss":0.0,"damage_taken":0.0,"relics_obtained":["CultistMask"]},{"damage_healed":0.0,"max_hp_gain":0.0,"max_hp_loss":0.0,"gold_gain":0.0,"event_name":"Colosseum","player_choice":"Fight","floor":25.0,"gold_loss":0.0,"damage_taken":0.0},{"damage_healed":0.0,"max_hp_gain":0.0,"max_hp_loss":0.0,"gold_gain":0.0,"event_name":"Colosseum","player_choice":"Fought Nobs","floor":25.0,"gold_loss":0.0,"damage_taken":0.0},{"damage_healed":0.0,"max_hp_gain":0.0,"max_hp_loss":0.0,"gold_gain":0.0,"event_name":"The Library","player_choice":"Read","floor":30.0,"gold_loss":0.0,"damage_taken":0.0,"cards_obtained":["Echo Form"]},{"damage_healed":0.0,"max_hp_gain":0.0,"max_hp_loss":39.0,"gold_gain":0.0,"event_name":"Ghosts","player_choice":"Became a Ghost","floor":31.0,"gold_loss":0.0,"damage_taken":0.0,"cards_obtained":["Ghostly","Ghostly","Ghostly"]},{"damage_healed":0.0,"max_hp_gain":0.0,"max_hp_loss":2.0,"gold_gain":0.0,"event_name":"Winding Halls","player_choice":"Max HP","floor":36.0,"gold_loss":0.0,"damage_taken":0.0},{"damage_healed":0.0,"max_hp_gain":0.0,"max_hp_loss":0.0,"gold_gain":0.0,"event_name":"SensoryStone","player_choice":"Memory 3","floor":39.0,"gold_loss":0.0,"damage_taken":10.0}],"is_beta":false,"boss_relics":[{"not_picked":["Sozu","Fusion Hammer"],"picked":"Runic Pyramid"},{"not_picked":["Busted Crown","Coffee Dripper"],"picked":"Pandora\u0027s Box"}],"items_purged_floors":[22],"is_endless":false,"potions_floor_spawned":[2,7,20,25,29,37,44,46],"ascension_level":20}