{"gold_per_floor":[111,111,261,41,41,41,68,24,24,51,63,85,111,143,155,167],"floor_reached":16,"playtime":412,"items_purged":[],"score":316,"play_id":"48b91c3b-0b48-4858-8ecc-d6b10f75037d","local_time":"20190107151153","is_ascension_mode":true,"campfire_choices":[{"data":"Zap","floor":6.0,"key":"SMITH"},{"data":"Consume","floor":15.0,"key":"SMITH"}],"neow_cost":"NONE","seed_source_timestamp":11357341909173,"circlet_count":0,"master_deck":["AscendersBane","Strike_B","Strike_B","Strike_B","Strike_B+1","Defend_B","Defend_B","Defend_B","Defend_B","Zap+1","Dualcast+1","White Noise","Fission","Capacitor","Capacitor","White Noise","Multi-Cast","Consume+1"],"special_seed":0,"relics":["Cracked Core","NeowsBlessing","Mango","OrangePellets","Symbiotic Virus","Pantograph","MawBank"],"potions_floor_usage":[],"damage_taken":[{"damage":0.0,"enemies":"Small Slimes","floor":1.0,"turns":1.0},{"damage":0.0,"enemies":"Lagavulin","floor":7.0,"turns":1.0},{"damage":0.0,"enemies":"3 Sentries","floor":10.0,"turns":1.0},{"damage":4.0,"enemies":"2 Louse","floor":12.0,"turns":3.0},{"damage":9.0,"enemies":"Jaw Worm","floor":13.0,"turns":4.0},{"damage":12.0,"enemies":"Looter","floor":14.0,"turns":4.0},{"damage":36,"enemies":"The Guardian","floor":16,"turns":5}],"seed_played":"-8242888651136267968","potions_obtained":[{"floor":13.0,"key":"Ancient Potion"}],"is_trial":false,"path_per_floor":["M","?","?","$","?","R","E","$","T","E","?","M","M","M","R","B"],"character_chosen":"DEFECT","items_purchased":["OrangePellets","Capacitor"],"campfire_rested":0,"item_purchase_floors":[4,8],"current_hp_per_floor":[64,73,73,73,47,47,47,47,47,47,40,36,27,15,15,4],"gold":167,"neow_bonus":"THREE_ENEMY_KILL","is_prod":false,"is_daily":false,"chose_seed":false,"campfire_upgraded":2,"win_rate":0,"timestamp":1546845113,"path_taken":["M","?","?","$","?","R","E","$","T","E","?","M","?","M","R","BOSS"],"build_version":"2019-01-03v4","purchased_purges":0,"victory":false,"max_hp_per_floor":[71,85,85,85,85,85,85,85,85,85,85,85,85,85,85,85],"card_choices":[{"not_picked":["Turbo","Rebound"],"picked":"White Noise","floor":1.0},{"not_picked":["Turbo","Barrage"],"picked":"Fission","floor":7.0},{"not_picked":["Ball Lightning","Turbo"],"picked":"Capacitor","floor":10.0},{"not_picked":["Reinforced Body","Steam"],"picked":"White Noise","floor":12.0},{"not_picked":["BootSequence","Skim"],"picked":"Multi-Cast","floor":13.0},{"not_picked":["Beam Cell","Turbo"],"picked":"Consume","floor":14.0}],"player_experience":1814530,"relics_obtained":[{"floor":7.0,"key":"Symbiotic Virus"},{"floor":9.0,"key":"Pantograph"},{"floor":10.0,"key":"MawBank"}],"event_choices":[{"damage_healed":0.0,"max_hp_gain":0.0,"max_hp_loss":0.0,"gold_gain":0.0,"event_name":"Scrap Ooze","player_choice":"Success","floor":2.0,"gold_loss":0.0,"damage_taken":5.0,"relics_obtained":["Mango"]},{"damage_healed":0.0,"max_hp_gain":0.0,"max_hp_loss":0.0,"gold_gain":150.0,"event_name":"Liars Game","player_choice":"AGREE","floor":3.0,"gold_loss":0.0,"damage_taken":0.0,"cards_obtained":["Doubt"]},{"damage_healed":0.0,"max_hp_gain":0.0,"max_hp_loss":0.0,"gold_gain":0.0,"event_name":"Shining Light","player_choice":"Entered Light","floor":5.0,"gold_loss":0.0,"damage_taken":26.0,"cards_upgraded":["Strike_B","Dualcast"]},{"cards_removed":["Doubt"],"damage_healed":0.0,"max_hp_gain":0.0,"max_hp_loss":0.0,"gold_gain":0.0,"event_name":"Golden Wing","player_choice":"Card Removal","floor":11.0,"gold_loss":0.0,"damage_taken":7.0}],"is_beta":false,"boss_relics":[],"items_purged_floors":[],"is_endless":false,"potions_floor_spawned":[13],"killed_by":"The Guardian","ascension_level":20}