{"gold_per_floor":[114,37,37,37,51,51,71,71,71,71,96,96,111,111,111,230,230,245,17,36,49,69,69,105,128,185,185,225,125,125,150,150,270,270,293,73,73,73,73,73,109,124,147,165,165,179,179,179,179,179],"floor_reached":51,"playtime":1190,"items_purged":["Strike_G","Strike_G","Defend_G"],"score":805,"play_id":"219c1b41-70cb-4e77-9761-0fd69b5939a8","local_time":"20181114153913","is_ascension_mode":false,"campfire_choices":[{"data":"Crippling Poison","floor":6.0,"key":"SMITH"},{"data":"Catalyst","floor":8.0,"key":"SMITH"},{"data":"Night Terror","floor":10.0,"key":"SMITH"},{"data":"Glass Knife","floor":15.0,"key":"SMITH"},{"data":"Deadly Poison","floor":23.0,"key":"SMITH"},{"data":"Bouncing Flask","floor":27.0,"key":"SMITH"},{"data":"Deadly Poison","floor":30.0,"key":"SMITH"},{"data":"Corpse Explosion","floor":32.0,"key":"SMITH"},{"data":"Purity","floor":40,"key":"SMITH"},{"floor":45,"key":"DIG"},{"floor":47,"key":"DIG"},{"floor":49,"key":"DIG"}],"neow_cost":"NONE","seed_source_timestamp":17231520928868,"circlet_count":0,"master_deck":["Defend_G","Defend_G","Defend_G","Defend_G+1","Strike_G","Strike_G","Survivor","Neutralize+1","Backstab","Night Terror+1","Crippling Poison+1","Catalyst+1","Glass Knife+1","Venomology","Deadly Poison+1","Corpse Explosion+1","Bouncing Flask+1","Deadly Poison+1","Night Terror+1","PiercingWail+1","Purity+1","Dark Shackles+1","Noxious Fumes+1","Venomology"],"special_seed":0,"relics":["Ring of the Snake","Pen Nib","Golden Idol","Shovel","Runic Pyramid","PreservedInsect","Thread and Needle","Tiny Chest","Potion Belt","Coffee Dripper","Lantern","War Paint","Kunai","Shuriken","Boot","Sundial"],"potions_floor_usage":[41,41,41,42,46,50,50,50],"damage_taken":[{"damage":0.0,"enemies":"Small Slimes","floor":1.0,"turns":4.0},{"damage":0.0,"enemies":"2 Louse","floor":5.0,"turns":1.0},{"damage":0.0,"enemies":"Cultist","floor":7.0,"turns":3.0},{"damage":2.0,"enemies":"Looter","floor":11.0,"turns":3.0},{"damage":0.0,"enemies":"Lots of Slimes","floor":13.0,"turns":3.0},{"damage":18.0,"enemies":"Slime Boss","floor":16.0,"turns":9.0},{"damage":0.0,"enemies":"3 Byrds","floor":18.0,"turns":4.0},{"damage":0.0,"enemies":"Spheric Guardian","floor":20.0,"turns":2.0},{"damage":0.0,"enemies":"Snake Plant","floor":21.0,"turns":4.0},{"damage":0.0,"enemies":"Chosen and Byrds","floor":22.0,"turns":3.0},{"damage":0.0,"enemies":"Book of Stabbing","floor":24.0,"turns":3.0},{"damage":6.0,"enemies":"Shelled Parasite and Fungi","floor":25.0,"turns":6.0},{"damage":0.0,"enemies":"Slavers","floor":28.0,"turns":1.0},{"damage":0.0,"enemies":"Centurion and Healer","floor":31.0,"turns":4.0},{"damage":38.0,"enemies":"Collector","floor":33.0,"turns":5.0},{"damage":0.0,"enemies":"3 Shapes","floor":35.0,"turns":3.0},{"damage":0,"enemies":"Reptomancer","floor":41,"turns":3},{"damage":0,"enemies":"Orb Walker","floor":42,"turns":2},{"damage":0,"enemies":"4 Shapes","floor":44,"turns":4},{"damage":0,"enemies":"3 Darklings","floor":46,"turns":3},{"damage":41,"enemies":"Awakened One","floor":50,"turns":9}],"seed_played":"5399112669026091539","potions_obtained":[{"floor":1.0,"key":"Swift Potion"},{"floor":5.0,"key":"SkillPotion"},{"floor":11.0,"key":"Energy Potion"},{"floor":16.0,"key":"Weak Potion"},{"floor":25.0,"key":"Dexterity Potion"},{"floor":28.0,"key":"Dexterity Potion"},{"floor":33.0,"key":"SteroidPotion"},{"floor":42,"key":"SteroidPotion"},{"floor":44,"key":"SteroidPotion"}],"is_trial":false,"path_per_floor":["M","$","?","?","M","R","M","R","T","R","M","?","M","?","R","B",null,"M","$","M","M","M","R","E","M","T","R","E","$","R","M","R","B",null,"M","$","?","$","?","R","E","M","T","M","R","M","R","T","R","B",null],"character_chosen":"THE_SILENT","items_purchased":["Night Terror","PreservedInsect","Purity"],"campfire_rested":0,"item_purchase_floors":[2,19,36],"current_hp_per_floor":[70,70,67,65,65,65,65,65,65,65,63,63,63,63,63,45,65,65,65,65,65,65,65,65,59,59,59,59,59,59,59,59,21,65,65,65,65,65,65,65,65,65,65,65,65,65,65,65,65,24],"gold":179,"neow_bonus":"UPGRADE_CARD","is_prod":false,"is_daily":false,"chose_seed":false,"campfire_upgraded":9,"win_rate":0,"timestamp":1542181153,"path_taken":["M","$","?","?","M","R","M","R","T","R","M","?","?","?","R","BOSS","M","?","M","?","M","R","E","M","T","R","E","?","R","M","R","BOSS","M","$","?","$","?","R","E","?","T","M","R","M","R","?","R","BOSS"],"build_version":"2018-11-08","purchased_purges":3,"victory":true,"max_hp_per_floor":[70,70,70,65,65,65,65,65,65,65,65,65,65,65,65,65,65,65,65,65,65,65,65,65,65,65,65,65,65,65,65,65,65,65,65,65,65,65,65,65,65,65,65,65,65,65,65,65,65,65],"card_choices":[{"not_picked":["Dagger Spray","Underhanded Strike"],"picked":"Backstab","floor":1.0},{"not_picked":["Eviscerate","Poisoned Stab"],"picked":"Crippling Poison","floor":5.0},{"not_picked":["PiercingWail","Flying Knee"],"picked":"Catalyst","floor":7.0},{"not_picked":["Quick Slash","Expertise","Dagger Spray"],"picked":"SKIP","floor":11.0},{"not_picked":["Sucker Punch","Bane","Dagger Throw"],"picked":"SKIP","floor":13.0},{"not_picked":["A Thousand Cuts","Doppelganger"],"picked":"Venomology","floor":16.0},{"not_picked":["Quick Slash","Riddle With Holes","Slice"],"picked":"SKIP","floor":18.0},{"not_picked":["Underhanded Strike","Blade Dance+1"],"picked":"Deadly Poison","floor":20.0},{"not_picked":["Flying Knee","Poisoned Stab+1"],"picked":"Corpse Explosion","floor":21.0},{"not_picked":["Underhanded Strike","Outmaneuver","Sucker Punch"],"picked":"SKIP","floor":22.0},{"not_picked":["PiercingWail","Endless Agony"],"picked":"Bouncing Flask","floor":24.0},{"not_picked":["Unload","Cloak And Dagger","Blade Dance+1"],"picked":"SKIP","floor":25.0},{"not_picked":["Escape Plan","Storm of Steel"],"picked":"Deadly Poison","floor":28.0},{"not_picked":["Underhanded Strike","All Out Attack","Heel Hook"],"picked":"SKIP","floor":31.0},{"not_picked":["Adrenaline","A Thousand Cuts"],"picked":"Night Terror","floor":33.0},{"not_picked":["Underhanded Strike","Dodge and Roll"],"picked":"PiercingWail+1","floor":35.0},{"not_picked":["Discovery","Trip"],"picked":"Dark Shackles","floor":37.0},{"not_picked":["Acrobatics","Expertise","Sucker Punch+1"],"picked":"SKIP","floor":41},{"not_picked":["Quick Slash+1","Blade Dance","Backflip"],"picked":"SKIP","floor":42},{"not_picked":["Blade Dance+1","Outmaneuver+1"],"picked":"Noxious Fumes+1","floor":44},{"not_picked":["Distraction+1","Sucker Punch"],"picked":"Venomology","floor":46}],"player_experience":1001812,"relics_obtained":[{"floor":9.0,"key":"Shovel"},{"floor":24.0,"key":"Thread and Needle"},{"floor":26.0,"key":"Tiny Chest"},{"floor":28.0,"key":"Potion Belt"},{"floor":41,"key":"Lantern"},{"floor":43,"key":"War Paint"},{"floor":45,"key":"Kunai"},{"floor":47,"key":"Shuriken"},{"floor":48,"key":"Boot"},{"floor":49,"key":"Sundial"}],"event_choices":[{"damage_healed":0.0,"max_hp_gain":0.0,"max_hp_loss":0.0,"gold_gain":0.0,"event_name":"Scrap Ooze","player_choice":"Success","floor":3.0,"gold_loss":0.0,"damage_taken":3.0,"relics_obtained":["Pen Nib"]},{"damage_healed":0.0,"max_hp_gain":0.0,"max_hp_loss":5.0,"gold_gain":0.0,"event_name":"Golden Idol","player_choice":"Lose Max HP","floor":4.0,"gold_loss":0.0,"damage_taken":0.0,"relics_obtained":["Golden Idol"]},{"damage_healed":0.0,"max_hp_gain":0.0,"max_hp_loss":0.0,"gold_gain":0.0,"event_name":"Match and Keep!","player_choice":"1 cards matched","floor":12.0,"gold_loss":0.0,"damage_taken":0.0,"cards_obtained":["Glass Knife"]},{"cards_removed":["Strike_G"],"damage_healed":0.0,"max_hp_gain":0.0,"max_hp_loss":0.0,"gold_gain":0.0,"event_name":"Purifier","player_choice":"Purged","floor":14.0,"gold_loss":0.0,"damage_taken":0.0},{"damage_healed":0.0,"max_hp_gain":0.0,"max_hp_loss":0.0,"gold_gain":0.0,"event_name":"SensoryStone","player_choice":"Memory 1","floor":37.0,"gold_loss":0.0,"damage_taken":0.0},{"damage_healed":0.0,"max_hp_gain":0.0,"max_hp_loss":0.0,"gold_gain":0.0,"event_name":"Accursed Blacksmith","player_choice":"Forge","floor":39.0,"gold_loss":0.0,"damage_taken":0.0,"cards_upgraded":["Night Terror"]}],"is_beta":false,"boss_relics":[{"not_picked":["Sozu","Black Star"],"picked":"Runic Pyramid"},{"not_picked":["White Beast Statue","Tiny House"],"picked":"Coffee Dripper"}],"items_purged_floors":[19,29,36],"is_endless":false,"potions_floor_spawned":[1,5,11,16,22,25,28,33,42,44],"ascension_level":0}