{"gold_per_floor":[111,85,85,4,4,4,26,57,57,83,83,83,83,96,96,189,189,165,165,181,206,206,206],"floor_reached":23,"playtime":823,"items_purged":[],"score":515,"play_id":"6423ab6c-ded2-4256-b09a-4e98dba7f26b","local_time":"20190317130601","is_ascension_mode":true,"campfire_choices":[{"data":"Deadly Poison","floor":6,"key":"SMITH"},{"data":"Well Laid Plans","floor":11,"key":"SMITH"},{"data":"Neutralize","floor":13,"key":"SMITH"},{"data":"Footwork","floor":15,"key":"SMITH"}],"neow_cost":"NONE","seed_source_timestamp":18167982152465,"circlet_count":0,"master_deck":["AscendersBane","Defend_G","Defend_G","Defend_G+1","Defend_G","Defend_G","Survivor+1","Neutralize+1","Deadly Poison+1","Well Laid Plans+1","Footwork+1","Backflip","Bite","Bite","Bite","Bite","Bite"],"relics":["Ring of the Snake","NeowsBlessing","Odd Mushroom","Anchor","War Paint","Golden Idol","Coffee Dripper"],"potions_floor_usage":[10,21,23],"damage_taken":[{"damage":0,"enemies":"Cultist","floor":1,"turns":1},{"damage":0,"enemies":"The Mushroom Lair","floor":7,"turns":1},{"damage":0,"enemies":"3 Sentries","floor":8,"turns":2},{"damage":0,"enemies":"Lagavulin","floor":10,"turns":8},{"damage":0,"enemies":"2 Louse","floor":14,"turns":2},{"damage":7,"enemies":"Hexaghost","floor":16,"turns":12},{"damage":0,"enemies":"2 Thieves","floor":18,"turns":4},{"damage":0,"enemies":"Spheric Guardian","floor":20,"turns":6},{"damage":0,"enemies":"Snecko","floor":21,"turns":6},{"damage":0,"enemies":"Book of Stabbing","floor":23,"turns":2}],"seed_played":"5753536552120799762","potions_obtained":[{"floor":7,"key":"Poison Potion"},{"floor":14,"key":"Ancient Potion"},{"floor":16,"key":"Block Potion"},{"floor":21,"key":"PowerPotion"}],"is_trial":false,"path_per_floor":["M","$","?","$","?","R","?","E","T","E","R","?","R","M","R","B",null,"M","?","M","M","?","E"],"character_chosen":"THE_SILENT","items_purchased":["Deadly Poison","Well Laid Plans"],"campfire_rested":0,"item_purchase_floors":[2,4],"current_hp_per_floor":[59,59,52,52,52,52,52,52,52,52,52,29,29,29,29,22,55,55,55,55,55,46,46],"gold":206,"neow_bonus":"THREE_ENEMY_KILL","is_prod":false,"is_daily":false,"chose_seed":false,"campfire_upgraded":4,"win_rate":0,"timestamp":1552799161,"path_taken":["M","$","?","$","?","R","?","E","T","E","R","?","R","M","R","BOSS","M","?","M","M","?","E"],"build_version":"2019-01-23","purchased_purges":0,"victory":false,"max_hp_per_floor":[66,66,66,66,66,66,66,66,66,66,66,66,66,66,66,66,66,66,66,66,66,46,46],"card_choices":[{"not_picked":["Underhanded Strike","Distraction","Blade Dance"],"picked":"SKIP","floor":1},{"not_picked":["Acrobatics","Deadly Poison"],"picked":"Footwork","floor":7},{"not_picked":["Flying Knee","Dagger Throw","Die Die Die"],"picked":"SKIP","floor":8},{"not_picked":["Masterful Stab","Dagger Throw","Terror"],"picked":"SKIP","floor":10},{"not_picked":["Setup","Skewer","Prepared"],"picked":"SKIP","floor":14},{"not_picked":["Acrobatics","Blade Dance"],"picked":"Backflip","floor":18},{"not_picked":["Eviscerate","Reflex","Riddle With Holes"],"picked":"SKIP","floor":20},{"not_picked":["Footwork","Acrobatics","Infinite Blades"],"picked":"SKIP","floor":21}],"player_experience":3649207,"relics_obtained":[{"floor":7,"key":"Odd Mushroom"},{"floor":8,"key":"Anchor"},{"floor":10,"key":"War Paint"}],"event_choices":[{"cards_removed":["Strike_G"],"damage_healed":0,"gold_gain":0,"player_choice":"Card Removal","damage_taken":7,"max_hp_gain":0,"max_hp_loss":0,"event_name":"Golden Wing","floor":3,"gold_loss":0},{"damage_healed":0,"gold_gain":0,"player_choice":"Ignored","damage_taken":0,"max_hp_gain":0,"max_hp_loss":0,"event_name":"Liars Game","floor":5,"gold_loss":0},{"damage_healed":0,"gold_gain":0,"player_choice":"Fought Mushrooms","damage_taken":0,"max_hp_gain":0,"max_hp_loss":0,"event_name":"Mushrooms","floor":7,"gold_loss":0},{"damage_healed":0,"gold_gain":0,"player_choice":"Take Damage","damage_taken":23,"relics_obtained":["Golden Idol"],"max_hp_gain":0,"max_hp_loss":0,"event_name":"Golden Idol","floor":12,"gold_loss":0},{"damage_healed":0,"gold_gain":0,"player_choice":"Ignored","damage_taken":0,"max_hp_gain":0,"max_hp_loss":0,"event_name":"The Mausoleum","floor":19,"gold_loss":0},{"damage_healed":0,"gold_gain":0,"player_choice":"Became a vampire","damage_taken":0,"max_hp_gain":0,"max_hp_loss":20,"event_name":"Vampires","floor":22,"gold_loss":0,"cards_obtained":["Bite","Bite","Bite","Bite","Bite"]}],"is_beta":false,"boss_relics":[{"not_picked":["Sozu","HoveringKite"],"picked":"Coffee Dripper"}],"items_purged_floors":[],"is_endless":false,"potions_floor_spawned":[7,14,16,21],"killed_by":"Book of Stabbing","ascension_level":20}