{"gold_per_floor":[114,114,130,140,72,97,97,154,154,168,25,25],"floor_reached":12,"playtime":232,"items_purged":[],"score":105,"play_id":"ce1e3b52-dd4f-4166-b6fe-c5dba8117f5d","local_time":"20180920172552","is_ascension_mode":true,"campfire_choices":[{"data":"Flex","floor":7,"key":"SMITH"}],"neow_cost":"NONE","seed_source_timestamp":17097337499051,"circlet_count":0,"master_deck":["Strike_R+1","Strike_R","Strike_R","Strike_R","Defend_R","Defend_R","Defend_R","Bash+1","Flex+1","Pain","Blood for Blood"],"relics":["Empty Cage","WarpedTongs","Dodecahedron","Singing Bowl","Whetstone"],"potions_floor_usage":[6],"damage_taken":[{"damage":7,"enemies":"2 Louse","floor":1,"turns":2},{"damage":6,"enemies":"Cultist","floor":3,"turns":4},{"damage":10,"enemies":"Jaw Worm","floor":4,"turns":3},{"damage":17,"enemies":"Gremlin Nob","floor":6,"turns":4},{"damage":23,"enemies":"Blue Slaver","floor":10,"turns":4},{"damage":0,"enemies":"Large Slime","floor":12,"turns":1}],"seed_played":"-5931263796525147483","potions_obtained":[{"floor":1,"key":"Block Potion"},{"floor":4,"key":"FairyPotion"},{"floor":10,"key":"AttackPotion"}],"is_trial":false,"path_per_floor":["M","?","M","M","$","E","R","?","T","M","$"],"character_chosen":"IRONCLAD","items_purchased":["Blood for Blood","Whetstone"],"campfire_rested":0,"item_purchase_floors":[5,11],"current_hp_per_floor":[65,65,59,49,49,32,32,32,32,11,11,11],"gold":25,"neow_bonus":"BOSS_RELIC","is_prod":false,"is_daily":false,"chose_seed":false,"campfire_upgraded":1,"win_rate":0,"timestamp":1537435552,"path_taken":["M","?","M","M","?","E","R","?","T","?","$","M"],"build_version":"2018-09-06","purchased_purges":0,"victory":false,"max_hp_per_floor":[80,80,80,80,80,80,80,80,80,82,82,82],"card_choices":[{"not_picked":["Heavy Blade","Clothesline"],"picked":"Flex","floor":1},{"not_picked":["Cleave","Infernal Blade","Pommel Strike"],"picked":"SKIP","floor":3},{"not_picked":["Havoc","True Grit","Infernal Blade"],"picked":"SKIP","floor":4},{"not_picked":["Heavy Blade","Searing Blow","Havoc"],"picked":"SKIP","floor":6},{"not_picked":["Bloodletting","Clothesline","Shrug It Off"],"picked":"Singing Bowl","floor":10}],"player_experience":49060,"relics_obtained":[{"floor":6,"key":"Dodecahedron"},{"floor":9,"key":"Singing Bowl"}],"event_choices":[{"event_name":"Accursed Blacksmith","player_choice":"Rummage","floor":2,"damage_taken":0},{"event_name":"Golden Wing","player_choice":"Gained Gold","floor":8,"damage_taken":0}],"is_beta":false,"boss_relics":[],"items_purged_floors":[],"is_endless":false,"potions_floor_spawned":[1,4,10],"killed_by":"Large Slime","ascension_level":7}