{"gold_per_floor":[117,117,117,136,60,89,89,112,112,112,127,127,140,156,156,247,247,247],"floor_reached":18,"playtime":401,"items_purged":[],"score":374,"play_id":"927d3cf9-c1a9-4bfe-92f5-c4f773413ba2","local_time":"20190123221442","is_ascension_mode":true,"campfire_choices":[{"data":"Neutralize","floor":10,"key":"SMITH"},{"data":"Well Laid Plans","floor":12,"key":"SMITH"},{"data":"Flechettes","floor":15,"key":"SMITH"}],"neow_cost":"NONE","seed_source_timestamp":32043458218322,"circlet_count":0,"master_deck":["AscendersBane","Defend_G+1","Defend_G","Defend_G","Defend_G","Defend_G","Strike_G+1","Strike_G","Survivor","Neutralize+1","Infinite Blades","Well Laid Plans+1","Terror","Storm of Steel","Flechettes+1","Bullet Time","Envenom","Footwork+1","Footwork+1","Dagger Spray+1"],"relics":["Ring of the Snake","NeowsBlessing","Oddly Smooth Stone","Golden Idol","Paper Crane","Astrolabe"],"potions_floor_usage":[16],"damage_taken":[{"damage":0,"enemies":"Small Slimes","floor":1,"turns":1},{"damage":0,"enemies":"Jaw Worm","floor":4,"turns":1},{"damage":0,"enemies":"3 Sentries","floor":6,"turns":2},{"damage":0,"enemies":"Cultist","floor":8,"turns":4},{"damage":0,"enemies":"2 Fungi Beasts","floor":11,"turns":3},{"damage":0,"enemies":"Red Slaver","floor":13,"turns":3},{"damage":8,"enemies":"Looter","floor":14,"turns":4},{"damage":7,"enemies":"Slime Boss","floor":16,"turns":7},{"damage":0,"enemies":"3 Byrds","floor":18,"turns":2}],"seed_played":"4690372627762348656","potions_obtained":[{"floor":4,"key":"Fire Potion"},{"floor":8,"key":"Weak Potion"},{"floor":13,"key":"GhostInAJar"}],"is_trial":false,"path_per_floor":["M","?","?","M","$","E","?","M","T","R","M","R","M","M","R","B",null,"M"],"character_chosen":"THE_SILENT","items_purchased":["Well Laid Plans"],"campfire_rested":0,"item_purchase_floors":[5],"current_hp_per_floor":[59,64,43,43,43,43,43,43,43,43,43,43,43,35,35,28,55,55],"gold":247,"neow_bonus":"THREE_ENEMY_KILL","is_prod":false,"is_daily":false,"chose_seed":false,"campfire_upgraded":3,"win_rate":0,"timestamp":1548252882,"path_taken":["M","?","?","M","$","E","?","?","T","R","M","R","M","M","R","BOSS","M"],"build_version":"2019-01-17v2","purchased_purges":0,"victory":false,"max_hp_per_floor":[66,71,71,71,71,71,64,64,64,64,64,64,64,64,64,64,64,64],"card_choices":[{"not_picked":["Poisoned Stab","Deadly Poison"],"picked":"Infinite Blades","floor":1},{"not_picked":["Poisoned Stab","Flying Knee","Prepared"],"picked":"SKIP","floor":4},{"not_picked":["Deadly Poison","Poisoned Stab"],"picked":"Terror","floor":6},{"not_picked":["Flying Knee","PiercingWail","Expertise"],"picked":"SKIP","floor":8},{"not_picked":["Outmaneuver","Backflip"],"picked":"Storm of Steel","floor":11},{"not_picked":["Dagger Throw","Endless Agony"],"picked":"Flechettes","floor":13},{"not_picked":["Cloak And Dagger","Sucker Punch"],"picked":"Bullet Time","floor":14},{"not_picked":["Phantasmal Killer","Doppelganger"],"picked":"Envenom","floor":16}],"player_experience":2182271,"relics_obtained":[{"floor":6,"key":"Oddly Smooth Stone"},{"floor":9,"key":"Paper Crane"}],"event_choices":[{"damage_healed":0,"gold_gain":0,"player_choice":"Donut","damage_taken":0,"max_hp_gain":5,"max_hp_loss":0,"event_name":"Big Fish","floor":2,"gold_loss":0},{"damage_healed":0,"gold_gain":0,"player_choice":"Entered Light","damage_taken":21,"max_hp_gain":0,"max_hp_loss":0,"event_name":"Shining Light","floor":3,"gold_loss":0,"cards_upgraded":["Defend_G","Strike_G"]},{"damage_healed":0,"gold_gain":0,"player_choice":"Lose Max HP","damage_taken":0,"relics_obtained":["Golden Idol"],"max_hp_gain":0,"max_hp_loss":7,"event_name":"Golden Idol","floor":7,"gold_loss":0}],"is_beta":false,"boss_relics":[{"not_picked":["Orrery","Calling Bell"],"picked":"Astrolabe"}],"items_purged_floors":[],"is_endless":false,"potions_floor_spawned":[4,8,13,14],"killed_by":"3 Byrds","ascension_level":20}