{"gold_per_floor":[112,187,23,23,23,23,34,50,50,61,61,73,36,51,51,125,125,143,143,143],"floor_reached":20,"playtime":623,"items_purged":["Strike_B"],"score":328,"play_id":"ffd10a37-e4be-488f-b55d-a70abf7b03c5","local_time":"20190224150222","is_ascension_mode":true,"campfire_choices":[{"data":"Defragment","floor":6.0,"key":"SMITH"},{"data":"Dualcast","floor":11.0,"key":"SMITH"},{"data":"Zap","floor":15.0,"key":"SMITH"}],"neow_cost":"NONE","seed_source_timestamp":9892960827112,"circlet_count":0,"master_deck":["AscendersBane","Strike_B","Strike_B","Defend_B","Defend_B","Defend_B","Zap+1","Dualcast+1","Ball Lightning","Defragment+1","Glacier","White Noise","White Noise","Echo Form","Core Surge","Ball Lightning"],"special_seed":0,"relics":["Cracked Core","Omamori","Question Card","Inserter","Nilry\u0027s Codex"],"potions_floor_usage":[],"damage_taken":[{"damage":12.0,"enemies":"Jaw Worm","floor":1.0,"turns":3.0},{"damage":9.0,"enemies":"Small Slimes","floor":7.0,"turns":3.0},{"damage":0.0,"enemies":"Cultist","floor":8.0,"turns":2.0},{"damage":2.0,"enemies":"2 Fungi Beasts","floor":10.0,"turns":4.0},{"damage":7.0,"enemies":"Looter","floor":12.0,"turns":4.0},{"damage":0.0,"enemies":"Gremlin Gang","floor":14.0,"turns":1.0},{"damage":13.0,"enemies":"Slime Boss","floor":16.0,"turns":8.0},{"damage":23,"enemies":"2 Thieves","floor":18,"turns":4},{"damage":0,"enemies":"Masked Bandits","floor":20,"turns":1}],"seed_played":"-5501102893408070768","potions_obtained":[{"floor":7.0,"key":"Strength Potion"},{"floor":12.0,"key":"Energy Potion"},{"floor":16.0,"key":"LiquidBronze"}],"is_trial":false,"path_per_floor":["M","?","$","?","?","R","M","M","T","M","R","M","$","M","R","B",null,"M","?","?"],"character_chosen":"DEFECT","items_purchased":["Defragment","White Noise"],"campfire_rested":0,"item_purchase_floors":[3,13],"current_hp_per_floor":[52,41,41,34,34,34,25,25,25,23,23,16,16,16,16,3,54,31,10,10],"gold":143,"neow_bonus":"RANDOM_COMMON_RELIC","is_prod":false,"is_daily":false,"chose_seed":false,"campfire_upgraded":3,"win_rate":0,"timestamp":1550991742,"path_taken":["M","?","$","?","?","R","M","?","T","M","R","M","$","M","R","BOSS","M","?","?"],"build_version":"2019-01-23","purchased_purges":1,"victory":false,"max_hp_per_floor":[71,71,71,71,71,71,71,71,71,71,71,71,71,71,71,71,71,71,71,71],"card_choices":[{"not_picked":["Hologram","Turbo"],"picked":"Ball Lightning","floor":1.0},{"not_picked":["Barrage","Defragment"],"picked":"Glacier","floor":7.0},{"not_picked":["Ball Lightning","Go for the Eyes"],"picked":"White Noise","floor":8.0},{"not_picked":["Barrage","Stack","Force Field","FTL"],"picked":"SKIP","floor":10.0},{"not_picked":["Tempest","Melter","Rip and Tear","Leap"],"picked":"SKIP","floor":12.0},{"not_picked":["Hologram","Redo","Reinforced Body"],"picked":"Echo Form","floor":14.0},{"not_picked":["All For One","Creative AI","Biased Cognition"],"picked":"Core Surge","floor":16.0},{"not_picked":["Steam","Gash","Sweeping Beam+1"],"picked":"Ball Lightning","floor":18}],"player_experience":3093162,"relics_obtained":[{"floor":9.0,"key":"Question Card"},{"floor":19,"key":"Nilry\u0027s Codex"}],"event_choices":[{"damage_healed":0.0,"max_hp_gain":0.0,"max_hp_loss":0.0,"gold_gain":75.0,"event_name":"World of Goop","player_choice":"Gather Gold","floor":2.0,"gold_loss":0.0,"damage_taken":11.0},{"cards_removed":["Strike_B"],"damage_healed":0.0,"max_hp_gain":0.0,"max_hp_loss":0.0,"gold_gain":0.0,"event_name":"Golden Wing","player_choice":"Card Removal","floor":4.0,"gold_loss":0.0,"damage_taken":7.0},{"cards_removed":["Defend_B"],"damage_healed":0.0,"max_hp_gain":0.0,"max_hp_loss":0.0,"gold_gain":0.0,"event_name":"Purifier","player_choice":"Purged","floor":5.0,"gold_loss":0.0,"damage_taken":0.0},{"damage_healed":0,"gold_gain":0,"player_choice":"Obtained Book","damage_taken":21,"max_hp_gain":0,"max_hp_loss":0,"event_name":"Cursed Tome","floor":19,"gold_loss":0},{"damage_healed":0,"gold_gain":0,"player_choice":"Fought Bandits","damage_taken":0,"max_hp_gain":0,"max_hp_loss":0,"event_name":"Masked Bandits","floor":20,"gold_loss":0}],"is_beta":false,"boss_relics":[{"not_picked":["Orrery","Snecko Eye"],"picked":"Inserter"}],"items_purged_floors":[3],"is_endless":false,"potions_floor_spawned":[7,12,14,16,18],"killed_by":"Masked Bandits","ascension_level":20}