{"gold_per_floor":[115,41,41,54,73,73,107,107,189,208,208,234,283,15,15,89,89,103,103,117,129,139,139,139,139,139,156,156,39,39,64,64,141,141,159,159,3,3,3,37,37,0,0,25,25,25,56,69,69,69,69,69,69,6,31,31],"floor_reached":57,"playtime":2531,"items_purged":["Zap","Ball Lightning","FTL"],"score":2874,"play_id":"75259f28-1aa1-4d19-8767-9e0b14802dfc","local_time":"20190329010247","is_ascension_mode":true,"campfire_choices":[{"data":"Defragment","floor":6.0,"key":"SMITH"},{"data":"Dualcast","floor":8.0,"key":"SMITH"},{"data":"Coolheaded","floor":11.0,"key":"SMITH"},{"data":"Recycle","floor":15.0,"key":"SMITH"},{"data":"Hologram","floor":23.0,"key":"SMITH"},{"data":"Recycle","floor":25.0,"key":"SMITH"},{"data":"Turbo","floor":32.0,"key":"SMITH"},{"data":"Biased Cognition","floor":41.0,"key":"SMITH"},{"floor":45.0,"key":"RECALL"},{"data":"Reboot","floor":49.0,"key":"SMITH"},{"floor":53,"key":"REST"}],"neow_cost":"NONE","seed_source_timestamp":46735665268531,"circlet_count":0,"master_deck":["AscendersBane","Dualcast+1","FTL+1","Defragment+1","Recycle+1","Glacier","Coolheaded+1","Undo+1","White Noise+1","Creative AI","Electrodynamics","Reboot+1","Recycle+1","Static Discharge","Storm","Core Surge+1","Hologram+1","Turbo+1","Meteor Strike","Biased Cognition+1","Defragment+1","Double Energy+1","Redo+1","Capacitor"],"special_seed":0,"relics":["Cracked Core","NeowsBlessing","Regal Pillow","Mummified Hand","Shuriken","Omamori","Membership Card","Pandora\u0027s Box","DataDisk","Anchor","Dream Catcher","Inserter","TheAbacus","War Paint","Red Mask","Pear","Bag of Marbles","Whetstone"],"potions_floor_usage":[55,56,56],"damage_taken":[{"damage":0.0,"enemies":"Cultist","floor":1.0,"turns":1.0},{"damage":0.0,"enemies":"Small Slimes","floor":4.0,"turns":1.0},{"damage":0.0,"enemies":"2 Louse","floor":5.0,"turns":1.0},{"damage":13.0,"enemies":"Lagavulin","floor":7.0,"turns":6.0},{"damage":3.0,"enemies":"Large Slime","floor":10.0,"turns":4.0},{"damage":44.0,"enemies":"Gremlin Nob","floor":12.0,"turns":4.0},{"damage":3.0,"enemies":"Hexaghost","floor":16.0,"turns":9.0},{"damage":0.0,"enemies":"3 Byrds","floor":18.0,"turns":2.0},{"damage":0.0,"enemies":"2 Thieves","floor":20.0,"turns":3.0},{"damage":0.0,"enemies":"Snake Plant","floor":21.0,"turns":3.0},{"damage":10.0,"enemies":"Centurion and Healer","floor":22.0,"turns":6.0},{"damage":0.0,"enemies":"Chosen and Byrds","floor":27.0,"turns":3.0},{"damage":22.0,"enemies":"Slavers","floor":31.0,"turns":3.0},{"damage":0.0,"enemies":"Champ","floor":33.0,"turns":11.0},{"damage":0.0,"enemies":"3 Shapes","floor":35.0,"turns":3.0},{"damage":1.0,"enemies":"Giant Head","floor":40.0,"turns":6.0},{"damage":0.0,"enemies":"Nemesis","floor":44.0,"turns":5.0},{"damage":0.0,"enemies":"Giant Head","floor":47.0,"turns":7.0},{"damage":0.0,"enemies":"3 Darklings","floor":48.0,"turns":2.0},{"damage":36,"enemies":"Awakened One","floor":50,"turns":7},{"damage":24,"enemies":"Time Eater","floor":51,"turns":10},{"damage":8,"enemies":"Shield and Spear","floor":55,"turns":3},{"damage":63,"enemies":"The Heart","floor":56,"turns":10}],"seed_played":"7003132500016049783","potions_obtained":[{"floor":3.0,"key":"Poison Potion"},{"floor":3.0,"key":"Energy Potion"},{"floor":4.0,"key":"Block Potion"},{"floor":10.0,"key":"SpeedPotion"},{"floor":20.0,"key":"SpeedPotion"},{"floor":27.0,"key":"SpeedPotion"},{"floor":33.0,"key":"AttackPotion"},{"floor":40.0,"key":"SteroidPotion"},{"floor":47.0,"key":"GamblersBrew"},{"floor":55,"key":"FocusPotion"}],"is_trial":false,"path_per_floor":["M","$","?","M","M","R","E","R","T","M","R","E","T","$","R","B",null,"M","?","M","M","M","R","?","R","T","M","?","$","?","E","R","B",null,"M","?","$","?","$","E","R","?","T","E","R","$","E","M","R","B","B",null,"R","$","E","B",null],"character_chosen":"DEFECT","items_purchased":["Defragment","Membership Card","White Noise","Anchor","TheAbacus"],"campfire_rested":1,"item_purchase_floors":[2,14,14,29,37],"current_hp_per_floor":[64,64,64,64,64,64,51,51,51,48,48,4,4,4,4,1,54,54,44,44,44,34,34,34,34,34,34,34,34,34,12,12,12,56,56,56,56,56,56,55,55,55,55,65,65,65,65,65,65,29,5,59,77,77,69,6],"gold":31,"neow_bonus":"THREE_ENEMY_KILL","is_prod":false,"is_daily":false,"chose_seed":false,"campfire_upgraded":9,"win_rate":0,"timestamp":1553792567,"path_taken":["M","$","?","?","M","R","E","R","T","M","R","E","?","$","R","BOSS","M","?","?","M","M","R","?","R","T","M","?","$","?","E","R","BOSS","M","?","$","?","$","E","R","?","T","E","R","?","E","?","R","BOSS","BOSS","R","$","E","BOSS"],"build_version":"2019-01-23","purchased_purges":3,"victory":true,"max_hp_per_floor":[71,71,71,71,71,71,71,71,71,71,71,71,71,71,71,71,71,71,71,71,71,71,71,71,71,71,71,71,71,71,71,71,71,71,71,67,67,67,67,67,67,67,67,77,77,77,77,77,77,77,77,77,77,77,77,77],"card_choices":[{"not_picked":["Rebound","Redo"],"picked":"FTL","floor":1.0},{"not_picked":["Chill","Go for the Eyes"],"picked":"Ball Lightning","floor":4.0},{"not_picked":["Conserve Battery","Barrage"],"picked":"Recycle","floor":5.0},{"not_picked":["Skim","Hello World"],"picked":"Glacier","floor":7.0},{"not_picked":["Leap","Lockon"],"picked":"Coolheaded","floor":10.0},{"not_picked":["Leap","Sunder"],"picked":"Undo","floor":12.0},{"not_picked":["Meteor Strike","Core Surge"],"picked":"Creative AI","floor":16.0},{"not_picked":["Hello World+1","Steam"],"picked":"Hologram","floor":18.0},{"not_picked":["Double Energy","Force Field","Leap"],"picked":"SKIP","floor":20.0},{"not_picked":["Barrage","Sweeping Beam","Streamline"],"picked":"SKIP","floor":21.0},{"not_picked":["Steam+1","Multi-Cast","Compile Driver"],"picked":"SKIP","floor":22.0},{"not_picked":["Streamline","Barrage"],"picked":"Turbo","floor":27.0},{"not_picked":["Static Discharge","Genetic Algorithm"],"picked":"Meteor Strike","floor":31.0},{"not_picked":["All For One","Machine Learning"],"picked":"Biased Cognition","floor":33.0},{"not_picked":["Conserve Battery","Undo"],"picked":"Defragment+1","floor":35.0},{"not_picked":["Go for the Eyes","Cold Snap"],"picked":"Double Energy+1","floor":40.0},{"not_picked":["Auto Shields+1","Compile Driver","Ball Lightning"],"picked":"SKIP","floor":44.0},{"not_picked":["Chaos","Steam"],"picked":"Redo+1","floor":47.0},{"not_picked":["Lockon+1","Go for the Eyes+1","Blizzard+1"],"picked":"SKIP","floor":48.0},{"not_picked":["Rebound","Storm"],"picked":"Capacitor","floor":53},{"not_picked":["Scrape","Rainbow","Redo+1"],"picked":"SKIP","floor":55}],"player_experience":3929213,"relics_obtained":[{"floor":7.0,"key":"Regal Pillow"},{"floor":9.0,"key":"Mummified Hand"},{"floor":12.0,"key":"Shuriken"},{"floor":13.0,"key":"Omamori"},{"floor":26.0,"key":"DataDisk"},{"floor":31.0,"key":"Dream Catcher"},{"floor":40.0,"key":"War Paint"},{"floor":44.0,"key":"Pear"},{"floor":47.0,"key":"Bag of Marbles"},{"floor":55,"key":"Whetstone"}],"event_choices":[{"damage_healed":0.0,"max_hp_gain":0.0,"max_hp_loss":0.0,"gold_gain":0.0,"event_name":"Lab","player_choice":"Got Potions","floor":3.0,"gold_loss":0.0,"damage_taken":0.0},{"damage_healed":0.0,"max_hp_gain":0.0,"max_hp_loss":0.0,"gold_gain":0.0,"event_name":"Wheel of Change","player_choice":"Damaged","floor":19.0,"gold_loss":0.0,"damage_taken":10.0},{"cards_removed":["Darkness"],"damage_healed":0.0,"max_hp_gain":0.0,"max_hp_loss":0.0,"gold_gain":0.0,"event_name":"Back to Basics","player_choice":"Elegance","floor":24.0,"gold_loss":0.0,"damage_taken":0.0},{"damage_healed":0.0,"max_hp_gain":0.0,"max_hp_loss":0.0,"gold_gain":0.0,"event_name":"The Mausoleum","player_choice":"Ignored","floor":28.0,"gold_loss":0.0,"damage_taken":0.0},{"damage_healed":0.0,"max_hp_gain":0.0,"max_hp_loss":0.0,"gold_gain":0.0,"event_name":"Beggar","player_choice":"Ignored","floor":30.0,"gold_loss":0.0,"damage_taken":0.0},{"damage_healed":0.0,"max_hp_gain":0.0,"max_hp_loss":4.0,"gold_gain":0.0,"event_name":"Winding Halls","player_choice":"Max HP","floor":36.0,"gold_loss":0.0,"damage_taken":0.0},{"damage_healed":0.0,"max_hp_gain":0.0,"max_hp_loss":0.0,"gold_gain":0.0,"event_name":"SensoryStone","player_choice":"Memory 1","floor":38.0,"gold_loss":0.0,"damage_taken":0.0},{"damage_healed":0.0,"max_hp_gain":0.0,"max_hp_loss":0.0,"gold_gain":0.0,"event_name":"Tomb of Lord Red Mask","player_choice":"Paid","floor":42.0,"gold_loss":37.0,"damage_taken":0.0,"relics_obtained":["Red Mask"]}],"is_beta":false,"boss_relics":[{"not_picked":["Busted Crown","Lizard Tail"],"picked":"Pandora\u0027s Box"},{"not_picked":["Tiny House","Eternal Feather"],"picked":"Inserter"}],"items_purged_floors":[29,37,54],"is_endless":false,"potions_floor_spawned":[4,10,20,27,33,40,47,48,55],"ascension_level":20}