{"gold_per_floor":[114,114,124,12,12,42,42,56,56,56,56,83,96,9,9,9],"floor_reached":16,"playtime":354,"items_purged":["Strike_G"],"score":266,"play_id":"310f6511-fc51-43e3-ae2b-89e38b73e74c","local_time":"20190210141036","is_ascension_mode":true,"campfire_choices":[{"data":"Neutralize","floor":7,"key":"SMITH"},{"data":"Deadly Poison","floor":11,"key":"SMITH"},{"data":"Noxious Fumes","floor":15,"key":"SMITH"}],"neow_cost":"NONE","seed_source_timestamp":20115429597348,"circlet_count":0,"master_deck":["AscendersBane","Defend_G","Defend_G","Defend_G","Defend_G","Defend_G","Strike_G","Strike_G","Strike_G","Strike_G","Survivor","Neutralize+1","Expertise","Reflex","Noxious Fumes+1","Deadly Poison+1","Footwork","Noxious Fumes+1","Tactician"],"relics":["Ring of the Snake","NeowsBlessing","StoneCalendar","Blue Candle","Sundial","Pear"],"potions_floor_usage":[12],"damage_taken":[{"damage":0,"enemies":"Small Slimes","floor":1,"turns":1},{"damage":0,"enemies":"Cultist","floor":3,"turns":1},{"damage":0,"enemies":"Gremlin Nob","floor":6,"turns":1},{"damage":0,"enemies":"Jaw Worm","floor":8,"turns":5},{"damage":29,"enemies":"3 Sentries","floor":12,"turns":7},{"damage":0,"enemies":"2 Fungi Beasts","floor":13,"turns":4},{"damage":0,"enemies":"The Guardian","floor":16,"turns":2}],"seed_played":"7406373607620028418","potions_obtained":[{"floor":1,"key":"AttackPotion"},{"floor":6,"key":"SpeedPotion"}],"is_trial":false,"path_per_floor":["M","?","M","$","?","E","R","M","T","$","R","E","M","$","R","B"],"character_chosen":"THE_SILENT","items_purchased":["Noxious Fumes","Tactician"],"campfire_rested":0,"item_purchase_floors":[4,14],"current_hp_per_floor":[59,33,33,33,33,33,33,33,33,33,33,14,14,14,14,14],"gold":9,"neow_bonus":"THREE_ENEMY_KILL","is_prod":false,"is_daily":false,"chose_seed":false,"campfire_upgraded":3,"win_rate":0,"timestamp":1549779036,"path_taken":["M","?","M","$","?","E","R","M","T","$","R","E","?","?","R","BOSS"],"build_version":"2019-01-23","purchased_purges":1,"victory":false,"max_hp_per_floor":[66,66,66,66,66,66,66,66,66,66,66,76,76,76,76,76],"card_choices":[{"not_picked":["Crippling Poison","Backflip"],"picked":"Expertise","floor":1},{"not_picked":["Sucker Punch","Dodge and Roll"],"picked":"Reflex","floor":3},{"not_picked":["Masterful Stab","Riddle With Holes","Heel Hook"],"picked":"SKIP","floor":6},{"not_picked":["Outmaneuver","Crippling Poison"],"picked":"Deadly Poison","floor":8},{"not_picked":["Expertise","Flying Knee"],"picked":"Footwork","floor":12},{"not_picked":["PiercingWail","Cloak And Dagger"],"picked":"Noxious Fumes","floor":13}],"player_experience":2572457,"relics_obtained":[{"floor":6,"key":"Blue Candle"},{"floor":9,"key":"Sundial"},{"floor":12,"key":"Pear"}],"event_choices":[{"damage_healed":0,"gold_gain":0,"player_choice":"Success","damage_taken":26,"relics_obtained":["StoneCalendar"],"max_hp_gain":0,"max_hp_loss":0,"event_name":"Scrap Ooze","floor":2,"gold_loss":0},{"damage_healed":0,"gold_gain":0,"player_choice":"Upgraded","damage_taken":0,"max_hp_gain":0,"max_hp_loss":0,"event_name":"Upgrade Shrine","floor":5,"gold_loss":0,"cards_upgraded":["Noxious Fumes"]}],"is_beta":false,"boss_relics":[],"items_purged_floors":[4],"is_endless":false,"potions_floor_spawned":[1,6],"killed_by":"The Guardian","ascension_level":20}