{"gold_per_floor":[115,134,149,166,183,183,216,216,216,244,244,169,244,300,300,404,404,415,426,127,144,144,144,144,19,19,19,32,32,32,51,51,151,151,168,48,48,62,75,75,0,0,0,18,18,18,18,29,29,29],"floor_reached":51,"playtime":2340,"items_purged":["Strike_G","Strike_G","Strike_G","Defend_G"],"score":705,"play_id":"df239793-649d-4393-9044-8365020db83a","local_time":"20181016230415","is_ascension_mode":false,"campfire_choices":[{"data":"Noxious Fumes","floor":6.0,"key":"SMITH"},{"data":"Night Terror","floor":8.0,"key":"SMITH"},{"data":"Neutralize","floor":11.0,"key":"SMITH"},{"data":"Calculated Gamble","floor":15.0,"key":"SMITH"},{"floor":23,"key":"REST"},{"data":"Blur","floor":27,"key":"SMITH"},{"data":"Tools of the Trade","floor":29,"key":"SMITH"},{"data":"Survivor","floor":32,"key":"SMITH"},{"data":"Defend_G","floor":40,"key":"SMITH"},{"data":"Doppelganger","floor":45,"key":"SMITH"},{"floor":47,"key":"REST"},{"floor":49,"key":"REST"}],"neow_cost":"TEN_PERCENT_HP_LOSS","seed_source_timestamp":52923890400201,"circlet_count":0,"master_deck":["Defend_G+1","Strike_G+1","Survivor+1","Neutralize+1","Night Terror+1","Blur+1","Backstab+1","Calculated Gamble+1","Noxious Fumes+1","Tools of the Trade+1","Crippling Poison+1","Backflip+1","Night Terror+1","Night Terror+1","Footwork+1","Well Laid Plans+1","Riddle With Holes+1","Noxious Fumes+1","Backflip+1","Footwork+1","Doppelganger+1","Crippling Poison+1"],"special_seed":0,"relics":["Ring of the Snake","Happy Flower","Whetstone","Juzu Bracelet","Pear","Velvet Choker","DollysMirror","The Courier","Astrolabe","Red Mask","Mango","Mummified Hand"],"potions_floor_usage":[21,21,35,39,50,50],"damage_taken":[{"damage":2.0,"enemies":"Small Slimes","floor":1.0,"turns":5.0},{"damage":0.0,"enemies":"Jaw Worm","floor":2.0,"turns":7.0},{"damage":0.0,"enemies":"Cultist","floor":3.0,"turns":3.0},{"damage":0.0,"enemies":"Exordium Wildlife","floor":4.0,"turns":4.0},{"damage":2.0,"enemies":"Lots of Slimes","floor":5.0,"turns":7.0},{"damage":7.0,"enemies":"Lagavulin","floor":7.0,"turns":7.0},{"damage":5.0,"enemies":"3 Sentries","floor":10.0,"turns":9.0},{"damage":5.0,"enemies":"Gremlin Nob","floor":14.0,"turns":3.0},{"damage":15.0,"enemies":"The Guardian","floor":16.0,"turns":14.0},{"damage":4,"enemies":"Shell Parasite","floor":18,"turns":7},{"damage":7,"enemies":"Spheric Guardian","floor":19,"turns":5},{"damage":16,"enemies":"Cultist and Chosen","floor":21,"turns":10},{"damage":0,"enemies":"3 Cultists","floor":28,"turns":4},{"damage":0,"enemies":"Centurion and Healer","floor":31,"turns":11},{"damage":39,"enemies":"Automaton","floor":33,"turns":10},{"damage":4,"enemies":"3 Darklings","floor":35,"turns":5},{"damage":7,"enemies":"Orb Walker","floor":38,"turns":2},{"damage":2,"enemies":"Sphere and 2 Shapes","floor":39,"turns":4},{"damage":0,"enemies":"Mind Bloom Boss Battle","floor":42,"turns":7},{"damage":9,"enemies":"Transient","floor":44,"turns":5},{"damage":5,"enemies":"4 Shapes","floor":48,"turns":4},{"damage":87,"enemies":"Donu and Deca","floor":50,"turns":7}],"seed_played":"-1132868887685186652","potions_obtained":[{"floor":1.0,"key":"Regen Potion"},{"floor":2.0,"key":"Poison Potion"},{"floor":5.0,"key":"Fire Potion"},{"floor":7.0,"key":"Fire Potion"},{"floor":10.0,"key":"SkillPotion"},{"floor":21,"key":"Dexterity Potion"},{"floor":31,"key":"Fire Potion"},{"floor":33,"key":"GhostInAJar"},{"floor":38,"key":"Explosive Potion"},{"floor":44,"key":"Regen Potion"}],"is_trial":false,"path_per_floor":["M","M","M","M","M","R","E","R","T","E","R","$","?","?","R","B",null,"M","M","$","M","?","R","?","$","T","R","M","R","?","M","R","B",null,"M","$","?","M","M","R","?","?","T","M","R","$","R","M","R","B"],"character_chosen":"THE_SILENT","items_purchased":["DollysMirror"],"campfire_rested":3,"item_purchase_floors":[20],"current_hp_per_floor":[61,61,61,61,59,59,52,52,52,47,47,47,36,50,50,35,73,69,62,62,46,46,67,67,67,67,67,67,67,67,67,67,28,73,69,69,83,76,74,74,74,88,88,79,79,79,97,92,97,25],"gold":29,"neow_bonus":"THREE_RARE_CARDS","is_prod":false,"is_daily":false,"chose_seed":false,"campfire_upgraded":9,"win_rate":0,"timestamp":1539702255,"path_taken":["M","M","M","M","M","R","E","R","T","E","R","$","?","?","R","BOSS","M","M","$","M","?","R","?","$","T","R","M","R","?","M","R","BOSS","M","$","?","M","M","R","?","?","T","M","R","?","R","M","R","BOSS"],"build_version":"2018-10-11","purchased_purges":4,"victory":true,"max_hp_per_floor":[63,63,63,63,63,63,63,63,63,63,63,63,63,73,73,73,73,73,73,73,73,73,73,73,73,73,73,73,73,73,73,73,73,73,73,73,83,83,83,83,83,97,97,97,97,97,97,97,97,97],"card_choices":[{"not_picked":["Grand Finale","Die Die Die"],"picked":"Night Terror","floor":0.0},{"not_picked":["Reflex","Cloak And Dagger"],"picked":"Blur","floor":1.0},{"not_picked":["Calculated Gamble","Flying Knee"],"picked":"Backstab","floor":2.0},{"not_picked":["Underhanded Strike","Prepared"],"picked":"Calculated Gamble","floor":3.0},{"not_picked":["Finisher","Dagger Throw"],"picked":"Noxious Fumes","floor":4.0},{"not_picked":["Riddle With Holes","Dagger Spray","PiercingWail"],"picked":"SKIP","floor":5.0},{"not_picked":["Masterful Stab","Finisher","Accuracy"],"picked":"SKIP","floor":7.0},{"not_picked":["Infinite Blades","Dodge and Roll","Riddle With Holes"],"picked":"SKIP","floor":10.0},{"not_picked":["Storm of Steel","Phantasmal Killer"],"picked":"Tools of the Trade","floor":16.0},{"not_picked":["Dodge and Roll+1","Tactician"],"picked":"Crippling Poison","floor":18},{"not_picked":["Masterful Stab","Slice+1"],"picked":"Backflip+1","floor":19},{"not_picked":["Quick Slash","Predator","PiercingWail"],"picked":"SKIP","floor":21},{"not_picked":["Dagger Throw+1","Outmaneuver","Underhanded Strike"],"picked":"SKIP","floor":28},{"not_picked":["Backflip","Sucker Punch"],"picked":"Footwork+1","floor":31},{"not_picked":["Grand Finale","Bullet Time"],"picked":"Malaise","floor":33},{"not_picked":["PiercingWail+1","Dagger Spray"],"picked":"Backflip+1","floor":35},{"not_picked":["PiercingWail+1","Flying Knee"],"picked":"Footwork+1","floor":38},{"not_picked":["Prepared+1","Tactician","Sucker Punch+1"],"picked":"SKIP","floor":39},{"not_picked":["Poisoned Stab","Outmaneuver"],"picked":"Doppelganger","floor":42},{"not_picked":["Deflect","Acrobatics","Reflex"],"picked":"SKIP","floor":44},{"not_picked":["Sucker Punch+1","Backflip+1"],"picked":"Crippling Poison+1","floor":48}],"player_experience":271057,"relics_obtained":[{"floor":7.0,"key":"Happy Flower"},{"floor":9.0,"key":"Whetstone"},{"floor":10.0,"key":"Juzu Bracelet"},{"floor":14.0,"key":"Pear"},{"floor":26,"key":"The Courier"},{"floor":42,"key":"Mango"},{"floor":43,"key":"Mummified Hand"}],"event_choices":[{"event_name":"World of Goop","player_choice":"Gather Gold","floor":13.0,"damage_taken":0.0},{"event_name":"Dead Adventurer","player_choice":"Searched \u00272\u0027 times","floor":14.0,"damage_taken":0.0},{"event_name":"Duplicator","player_choice":"One dupe","floor":22,"damage_taken":0},{"event_name":"Upgrade Shrine","player_choice":"Upgraded","floor":24,"damage_taken":0},{"event_name":"Wheel of Change","player_choice":"Card Removal","floor":30,"damage_taken":0},{"event_name":"Bonfire Elementals","player_choice":"RARE","floor":37,"damage_taken":0},{"event_name":"Tomb of Lord Red Mask","player_choice":"Paid","floor":41,"damage_taken":0},{"event_name":"MindBloom","player_choice":"Fight","floor":42,"damage_taken":0}],"is_beta":false,"boss_relics":[{"not_picked":["Orrery","Pandora\u0027s Box"],"picked":"Velvet Choker"},{"not_picked":["Coffee Dripper","Lizard Tail"],"picked":"Astrolabe"}],"items_purged_floors":[12,20,25,36],"is_endless":false,"potions_floor_spawned":[1,2,5,7,10,21,31,33,38,44],"ascension_level":0}