{"gold_per_floor":[360,12,25,36,36,36,68,68,68,95,113,113,147,166,166,243,243,258,258,269,284,284],"floor_reached":22,"playtime":1038,"items_purged":[],"score":462,"play_id":"0a940aa0-adb2-432f-914e-42337456676d","local_time":"20190511205722","is_ascension_mode":true,"campfire_choices":[{"data":"Apotheosis","floor":6.0,"key":"SMITH"},{"floor":8.0,"key":"REST"},{"floor":12.0,"key":"REST"},{"data":"Loop","floor":15.0,"key":"SMITH"}],"neow_cost":"PERCENT_DAMAGE","seed_source_timestamp":29699926175327,"circlet_count":0,"master_deck":["AscendersBane","Strike_B","Strike_B","Strike_B","Strike_B","Defend_B","Defend_B","Defend_B","Defend_B","Zap","Dualcast","Coolheaded","Apotheosis+1","Sunder","FTL","Turbo","Reinforced Body","Biased Cognition","Hologram","Genetic Algorithm","Loop+1","Creative AI","Capacitor","Consume"],"special_seed":0,"relics":["Cracked Core","Sundial","Bag of Preparation","Matryoshka","Pantograph","Nuclear Battery"],"potions_floor_usage":[],"damage_taken":[{"damage":12.0,"enemies":"Small Slimes","floor":1.0,"turns":3.0},{"damage":7.0,"enemies":"Jaw Worm","floor":3.0,"turns":4.0},{"damage":0.0,"enemies":"Cultist","floor":4.0,"turns":3.0},{"damage":4.0,"enemies":"3 Sentries","floor":7.0,"turns":4.0},{"damage":0.0,"enemies":"Lagavulin","floor":10.0,"turns":6.0},{"damage":0.0,"enemies":"Exordium Wildlife","floor":11.0,"turns":3.0},{"damage":6.0,"enemies":"3 Sentries","floor":13.0,"turns":4.0},{"damage":7.0,"enemies":"Large Slime","floor":14.0,"turns":4.0},{"damage":18.0,"enemies":"Slime Boss","floor":16.0,"turns":5.0},{"damage":16.0,"enemies":"Spheric Guardian","floor":18.0,"turns":4.0},{"damage":1.0,"enemies":"3 Byrds","floor":20.0,"turns":6.0},{"damage":9.0,"enemies":"Centurion and Healer","floor":21.0,"turns":6.0},{"damage":26,"enemies":"Shelled Parasite and Fungi","floor":22,"turns":3}],"seed_played":"-2510356802502480934","potions_obtained":[{"floor":3.0,"key":"Strength Potion"},{"floor":11.0,"key":"Strength Potion"},{"floor":13.0,"key":"Swift Potion"}],"is_trial":false,"path_per_floor":["M","$","M","M","?","R","E","R","T","E","M","R","E","M","R","B",null,"M","?","M","M","M"],"character_chosen":"DEFECT","items_purchased":["Apotheosis","Sunder","Block Potion"],"campfire_rested":2,"item_purchase_floors":[2,2,2],"current_hp_per_floor":[34,34,27,27,27,27,23,44,44,44,44,65,59,52,52,53,67,51,31,30,21,0],"gold":284,"neow_bonus":"TWO_FIFTY_GOLD","is_prod":false,"is_daily":false,"chose_seed":false,"campfire_upgraded":2,"win_rate":0,"timestamp":1557579442,"path_taken":["M","$","M","M","?","R","E","R","T","E","M","R","E","M","R","BOSS","M","?","M","M","M"],"build_version":"2019-01-23","purchased_purges":0,"victory":false,"max_hp_per_floor":[71,71,71,71,71,71,71,71,71,71,71,71,71,71,71,71,71,71,76,76,76,76],"card_choices":[{"not_picked":["Go for the Eyes","Hello World"],"picked":"Coolheaded","floor":1.0},{"not_picked":["Compile Driver","Doom and Gloom"],"picked":"FTL","floor":3.0},{"not_picked":["Sweeping Beam","Redo"],"picked":"Turbo","floor":4.0},{"not_picked":["Redo","Sunder"],"picked":"Reinforced Body","floor":7.0},{"not_picked":["Conserve Battery","Barrage"],"picked":"Biased Cognition","floor":10.0},{"not_picked":["Barrage","Rip and Tear"],"picked":"Hologram","floor":11.0},{"not_picked":["Rip and Tear","Reinforced Body"],"picked":"Genetic Algorithm","floor":13.0},{"not_picked":["Go for the Eyes","Ball Lightning"],"picked":"Loop","floor":14.0},{"not_picked":["Fission","Rainbow"],"picked":"Creative AI","floor":16.0},{"not_picked":["Reinforced Body","Barrage"],"picked":"Capacitor","floor":18.0},{"not_picked":["Compile Driver","Reprogram","Hello World"],"picked":"SKIP","floor":20.0},{"not_picked":["Stack","Rebound"],"picked":"Consume","floor":21.0}],"player_experience":4701845,"relics_obtained":[{"floor":7.0,"key":"Sundial"},{"floor":9.0,"key":"Bag of Preparation"},{"floor":10.0,"key":"Matryoshka"},{"floor":13.0,"key":"Pantograph"}],"event_choices":[{"damage_healed":0.0,"max_hp_gain":0.0,"max_hp_loss":0.0,"gold_gain":0.0,"event_name":"Liars Game","player_choice":"Ignored","floor":5.0,"gold_loss":0.0,"damage_taken":0.0},{"damage_healed":0.0,"max_hp_gain":5.0,"max_hp_loss":0.0,"gold_gain":0.0,"event_name":"Forgotten Altar","player_choice":"Shed Blood","floor":19.0,"gold_loss":0.0,"damage_taken":25.0}],"is_beta":false,"boss_relics":[{"not_picked":["Busted Crown","Black Star"],"picked":"Nuclear Battery"}],"items_purged_floors":[],"is_endless":false,"potions_floor_spawned":[3,11,13,14,16,18],"killed_by":"Shelled Parasite and Fungi","ascension_level":20}