{"gold_per_floor":[113,38,38,50,70,70,105,125,152,185,22,41,41,74,74,74],"floor_reached":16,"playtime":467,"items_purged":["Strike_B"],"score":340,"play_id":"c7ce1140-3d5c-49d1-bf7e-17225dc42563","local_time":"20190106181845","is_ascension_mode":true,"campfire_choices":[{"data":"Sunder","floor":6,"key":"SMITH"},{"floor":13,"key":"REST"},{"floor":15,"key":"REST"}],"neow_cost":"NONE","seed_source_timestamp":24781391806008,"circlet_count":0,"master_deck":["AscendersBane","Strike_B","Strike_B","Strike_B","Defend_B","Defend_B","Defend_B","Defend_B","Zap","Dualcast","Streamline","Gash","Sunder+1","Beam Cell","Gash","White Noise","White Noise","Go for the Eyes"],"relics":["Cracked Core","NeowsBlessing","Bag of Preparation","Smiling Mask","Oddly Smooth Stone","DataDisk","Shuriken"],"potions_floor_usage":[16],"damage_taken":[{"damage":0,"enemies":"Small Slimes","floor":1,"turns":1},{"damage":0,"enemies":"Cultist","floor":4,"turns":1},{"damage":0,"enemies":"2 Louse","floor":5,"turns":1},{"damage":30,"enemies":"Lagavulin","floor":7,"turns":5},{"damage":8,"enemies":"Lots of Slimes","floor":8,"turns":4},{"damage":20,"enemies":"3 Sentries","floor":10,"turns":6},{"damage":5,"enemies":"Exordium Thugs","floor":12,"turns":2},{"damage":8,"enemies":"Gremlin Nob","floor":14,"turns":3}],"seed_played":"4512709900425114243","potions_obtained":[{"floor":1,"key":"LiquidBronze"},{"floor":7,"key":"Weak Potion"},{"floor":12,"key":"Regen Potion"}],"is_trial":false,"path_per_floor":["M","$","?","M","M","R","E","M","T","E","$","M","R","E","R","B"],"character_chosen":"DEFECT","items_purchased":["DataDisk"],"campfire_rested":2,"item_purchase_floors":[11],"current_hp_per_floor":[64,64,64,64,64,64,34,26,26,6,6,1,22,14,35,0],"gold":74,"neow_bonus":"THREE_ENEMY_KILL","is_prod":false,"is_daily":false,"chose_seed":false,"campfire_upgraded":1,"win_rate":0,"timestamp":1546769925,"path_taken":["M","$","?","M","M","R","E","M","T","E","$","M","R","E","R","BOSS"],"build_version":"2019-01-03v4","purchased_purges":1,"victory":false,"max_hp_per_floor":[71,71,71,71,71,71,71,71,71,71,71,71,71,71,71,71],"card_choices":[{"not_picked":["Melter","Turbo"],"picked":"Streamline","floor":1},{"not_picked":["Streamline","Barrage"],"picked":"Gash","floor":4},{"not_picked":["Force Field","Barrage"],"picked":"Sunder","floor":5},{"not_picked":["Streamline","Consume"],"picked":"Beam Cell","floor":7},{"not_picked":["Leap","Hologram"],"picked":"Gash","floor":8},{"not_picked":["Static Discharge","Barrage"],"picked":"White Noise","floor":10},{"not_picked":["Double Energy","Tempest"],"picked":"White Noise","floor":12},{"not_picked":["Rebound","Heatsinks"],"picked":"Go for the Eyes","floor":14}],"player_experience":1786648,"relics_obtained":[{"floor":7,"key":"Bag of Preparation"},{"floor":9,"key":"Smiling Mask"},{"floor":10,"key":"Oddly Smooth Stone"},{"floor":14,"key":"Shuriken"}],"event_choices":[{"damage_healed":0,"gold_gain":0,"player_choice":"Ignored","damage_taken":0,"max_hp_gain":0,"max_hp_loss":0,"event_name":"Liars Game","floor":3,"gold_loss":0}],"is_beta":false,"boss_relics":[],"items_purged_floors":[2],"is_endless":false,"potions_floor_spawned":[1,7,8,12],"killed_by":"The Guardian","ascension_level":20}