{"gold_per_floor":[115,129,139,25,44,44,59,75,99,99,99,99,99,111,111,188,188,201,56,85,99,99,99,116,116,141,141,141,141],"floor_reached":29,"playtime":1002,"items_purged":["Strike_G","Strike_G"],"score":430,"play_id":"a7f34728-a606-4cad-87ed-fbf3471e43d2","local_time":"20190228230041","is_ascension_mode":true,"campfire_choices":[{"data":"Deadly Poison","floor":6.0,"key":"SMITH"},{"data":"Concentrate","floor":10.0,"key":"SMITH"},{"data":"Reflex","floor":13.0,"key":"SMITH"},{"data":"Neutralize","floor":15.0,"key":"SMITH"},{"data":"Well Laid Plans","floor":23,"key":"SMITH"},{"data":"Footwork","floor":25,"key":"SMITH"},{"data":"Survivor","floor":27,"key":"SMITH"}],"neow_cost":"NONE","seed_source_timestamp":40860875568734,"circlet_count":0,"master_deck":["AscendersBane","Defend_G","Defend_G","Defend_G","Defend_G","Defend_G","Strike_G","Survivor+1","Neutralize+1","Deadly Poison+1","Reflex+1","Concentrate+1","Crippling Poison+1","Adrenaline+1","Footwork+1","Well Laid Plans+1","Leg Sweep+1","PiercingWail+1","Ghostly+1","Ghostly+1","Ghostly+1"],"special_seed":0,"relics":["Ring of the Snake","NeowsBlessing","Lantern","Toxic Egg 2","Empty Cage","Red Mask","Bag of Marbles"],"potions_floor_usage":[20,20,29],"damage_taken":[{"damage":0.0,"enemies":"Small Slimes","floor":1.0,"turns":1.0},{"damage":0.0,"enemies":"Jaw Worm","floor":2.0,"turns":1.0},{"damage":0.0,"enemies":"2 Louse","floor":3.0,"turns":1.0},{"damage":4.0,"enemies":"Blue Slaver","floor":5.0,"turns":5.0},{"damage":1.0,"enemies":"2 Fungi Beasts","floor":7.0,"turns":4.0},{"damage":2.0,"enemies":"Large Slime","floor":8.0,"turns":5.0},{"damage":18.0,"enemies":"Exordium Wildlife","floor":14.0,"turns":6.0},{"damage":13.0,"enemies":"The Guardian","floor":16.0,"turns":12.0},{"damage":2.0,"enemies":"Shell Parasite","floor":18.0,"turns":5.0},{"damage":5,"enemies":"Masked Bandits","floor":20,"turns":6},{"damage":17,"enemies":"Chosen","floor":21,"turns":7},{"damage":3,"enemies":"Shelled Parasite and Fungi","floor":24,"turns":9},{"damage":3,"enemies":"Slavers","floor":29,"turns":6}],"seed_played":"1129439549469547549","potions_obtained":[{"floor":2.0,"key":"EssenceOfSteel"},{"floor":5.0,"key":"Fire Potion"},{"floor":8.0,"key":"SpeedPotion"},{"floor":18.0,"key":"Ancient Potion"},{"floor":24,"key":"Weak Potion"}],"is_trial":false,"path_per_floor":["M","M","M","$","M","R","M","M","T","R","?","?","R","M","R","B",null,"M","$","?","M","T","R","M","R","T","R","?","E"],"character_chosen":"THE_SILENT","items_purchased":["Reflex","Well Laid Plans"],"campfire_rested":0,"item_purchase_floors":[4,19],"current_hp_per_floor":[59,59,59,59,55,55,54,52,52,52,57,57,57,39,39,26,60,58,58,53,36,36,36,33,33,33,33,33,30],"gold":141,"neow_bonus":"THREE_ENEMY_KILL","is_prod":false,"is_daily":false,"chose_seed":false,"campfire_upgraded":7,"win_rate":0,"timestamp":1551366041,"path_taken":["M","M","M","$","M","R","M","M","T","R","?","?","R","M","R","BOSS","M","$","?","M","?","R","M","R","T","R","?","E"],"build_version":"2019-01-23","purchased_purges":2,"victory":false,"max_hp_per_floor":[66,66,66,66,66,66,66,66,66,66,71,71,71,71,71,71,71,71,71,71,71,71,71,71,71,71,71,35,35],"card_choices":[{"not_picked":["Dagger Spray","PiercingWail","Prepared"],"picked":"SKIP","floor":1.0},{"not_picked":["Blade Dance","Dagger Spray","Flying Knee"],"picked":"SKIP","floor":2.0},{"not_picked":["Terror","Setup"],"picked":"Deadly Poison","floor":3.0},{"not_picked":["Slice","PiercingWail"],"picked":"Concentrate","floor":5.0},{"not_picked":["Quick Slash","Blur","Cloak And Dagger"],"picked":"SKIP","floor":7.0},{"not_picked":["Accuracy","Poisoned Stab","Bane"],"picked":"SKIP","floor":8.0},{"not_picked":["Bane","Setup+1"],"picked":"Crippling Poison+1","floor":14.0},{"not_picked":["Bullet Time+1","Tools of the Trade"],"picked":"Adrenaline+1","floor":16.0},{"not_picked":["Dagger Throw","PiercingWail+1"],"picked":"Footwork","floor":18.0},{"not_picked":["PiercingWail+1","Heel Hook"],"picked":"Leg Sweep+1","floor":20},{"not_picked":["Bane+1","Deflect+1"],"picked":"PiercingWail+1","floor":21},{"not_picked":["Blade Dance+1","PiercingWail+1","Outmaneuver+1"],"picked":"SKIP","floor":24}],"player_experience":3243621,"relics_obtained":[{"floor":9.0,"key":"Lantern"},{"floor":20,"key":"Red Mask"},{"floor":26,"key":"Bag of Marbles"}],"event_choices":[{"damage_healed":0.0,"max_hp_gain":5.0,"max_hp_loss":0.0,"gold_gain":0.0,"event_name":"Big Fish","player_choice":"Donut","floor":11.0,"gold_loss":0.0,"damage_taken":0.0},{"damage_healed":0.0,"max_hp_gain":0.0,"max_hp_loss":0.0,"gold_gain":0.0,"event_name":"Dead Adventurer","player_choice":"Searched \u00272\u0027 times","floor":12.0,"gold_loss":0.0,"damage_taken":0.0,"relics_obtained":["Toxic Egg 2"]},{"damage_healed":0,"gold_gain":0,"player_choice":"Fought Bandits","damage_taken":0,"max_hp_gain":0,"max_hp_loss":0,"event_name":"Masked Bandits","floor":20,"gold_loss":0},{"damage_healed":0,"gold_gain":0,"player_choice":"Became a Ghost","damage_taken":0,"max_hp_gain":0,"max_hp_loss":36,"event_name":"Ghosts","floor":28,"gold_loss":0,"cards_obtained":["Ghostly","Ghostly","Ghostly"]}],"is_beta":false,"boss_relics":[{"not_picked":["Ectoplasm","Philosopher\u0027s Stone"],"picked":"Empty Cage"}],"items_purged_floors":[4,19],"is_endless":false,"potions_floor_spawned":[2,5,8,18,24],"killed_by":"Slavers","ascension_level":20}