{"gold_per_floor":[12,12,23,34,45,45,320,352,376,388,388,54,54,80,80,154,154,169,11,61,61,75,75,106,6,6,6,37,48,60,80,80,155,155,166,166,166,79,96,124,124,153,153,200,200,252,271,302,302,302,302,302,302,26,52,52],"floor_reached":57,"playtime":3036,"items_purged":["Regret","Strike_R","Strike_R+1"],"score":3422,"play_id":"c299fb17-98f5-4242-ac71-5a62eb2ef167","local_time":"20190225222154","is_ascension_mode":true,"campfire_choices":[{"data":"Carnage","floor":6.0,"key":"SMITH"},{"data":"Fiend Fire","floor":13.0,"key":"SMITH"},{"data":"Bash","floor":15.0,"key":"SMITH"},{"data":"Body Slam","floor":23.0,"key":"SMITH"},{"data":"Barricade","floor":27.0,"key":"SMITH"},{"data":"Second Wind","floor":32.0,"key":"SMITH"},{"data":"Power Through","floor":45.0,"key":"SMITH"},{"floor":49.0,"key":"RECALL"},{"data":"Second Wind","floor":53.0,"key":"SMITH"}],"neow_cost":"NO_GOLD","seed_source_timestamp":33066996515059,"circlet_count":0,"master_deck":["AscendersBane","Defend_R+1","Defend_R+1","Defend_R+1","Defend_R+1","Bash+1","Burning Pact+1","Shrug It Off+1","Fiend Fire+1","Shrug It Off+1","Battle Trance+1","Seeing Red+1","Body Slam+1","Impervious+1","Barricade+1","Burning Pact+1","Second Wind+1","Power Through+1","Fiend Fire+1","Battle Trance+1","Power Through+1","Second Wind+1","Fiend Fire"],"special_seed":0,"relics":["Burning Blood","Anchor","Bag of Marbles","Strange Spoon","Potion Belt","Runic Pyramid","Ancient Tea Set","Oddly Smooth Stone","Philosopher\u0027s Stone","Mark of the Bloom","Pantograph","Ornamental Fan","Paper Frog","Unceasing Top","War Paint","Dead Branch","Bag of Preparation"],"potions_floor_usage":[56,56,56,56,56,56,56,56,56,56],"damage_taken":[{"damage":4.0,"enemies":"Small Slimes","floor":1.0,"turns":4.0},{"damage":4.0,"enemies":"2 Louse","floor":3.0,"turns":4.0},{"damage":1.0,"enemies":"Cultist","floor":4.0,"turns":4.0},{"damage":16.0,"enemies":"Exordium Wildlife","floor":5.0,"turns":4.0},{"damage":32.0,"enemies":"Lagavulin","floor":8.0,"turns":6.0},{"damage":0.0,"enemies":"2 Fungi Beasts","floor":10.0,"turns":3.0},{"damage":8.0,"enemies":"Gremlin Nob","floor":14.0,"turns":3.0},{"damage":44.0,"enemies":"Hexaghost","floor":16.0,"turns":8.0},{"damage":1.0,"enemies":"2 Thieves","floor":18.0,"turns":2.0},{"damage":14.0,"enemies":"Shell Parasite","floor":22.0,"turns":3.0},{"damage":10.0,"enemies":"Slavers","floor":24.0,"turns":5.0},{"damage":0.0,"enemies":"Gremlin Leader","floor":28.0,"turns":5.0},{"damage":0.0,"enemies":"Snecko","floor":29.0,"turns":3.0},{"damage":0.0,"enemies":"Snake Plant","floor":30.0,"turns":2.0},{"damage":0.0,"enemies":"Centurion and Healer","floor":31.0,"turns":5.0},{"damage":0.0,"enemies":"Automaton","floor":33.0,"turns":6.0},{"damage":0.0,"enemies":"3 Darklings","floor":35.0,"turns":4.0},{"damage":0.0,"enemies":"3 Shapes","floor":39.0,"turns":4.0},{"damage":0.0,"enemies":"Giant Head","floor":40.0,"turns":5.0},{"damage":0.0,"enemies":"Reptomancer","floor":42.0,"turns":3.0},{"damage":0.0,"enemies":"2 Orb Walkers","floor":44.0,"turns":2.0},{"damage":0.0,"enemies":"Sphere and 2 Shapes","floor":47.0,"turns":4.0},{"damage":0.0,"enemies":"Giant Head","floor":48.0,"turns":6.0},{"damage":0.0,"enemies":"Time Eater","floor":50.0,"turns":10.0},{"damage":12.0,"enemies":"Awakened One","floor":51.0,"turns":9.0},{"damage":0.0,"enemies":"Shield and Spear","floor":55.0,"turns":3.0},{"damage":24,"enemies":"The Heart","floor":56,"turns":7}],"seed_played":"-4346267777211225950","potions_obtained":[{"floor":3.0,"key":"Explosive Potion"},{"floor":4.0,"key":"Weak Potion"},{"floor":5.0,"key":"Explosive Potion"},{"floor":18.0,"key":"Explosive Potion"},{"floor":22.0,"key":"BloodPotion"},{"floor":29.0,"key":"EntropicBrew"},{"floor":31.0,"key":"Fire Potion"},{"floor":40.0,"key":"EntropicBrew"},{"floor":47.0,"key":"Block Potion"}],"is_trial":false,"path_per_floor":["M","?","M","M","M","R","?","E","T","M","?","$","R","E","R","B",null,"M","$","?","?","M","R","E","$","T","R","E","M","M","M","R","B",null,"M","?","?","$","M","E","?","E","T","?","R","T","M","E","R","B","B",null,"R","$","E","B",null],"character_chosen":"IRONCLAD","items_purchased":["Strange Spoon","Seeing Red","Barricade","Power Through","Fiend Fire"],"campfire_rested":0,"item_purchase_floors":[12,12,19,38,54],"current_hp_per_floor":[70,75,77,80,70,70,70,44,44,50,50,50,50,48,48,10,63,68,68,68,68,60,60,64,64,64,64,70,76,80,80,80,80,80,80,80,80,80,80,80,80,80,80,80,80,80,80,80,80,80,68,68,68,68,68,44],"gold":52,"neow_bonus":"REMOVE_TWO","is_prod":false,"is_daily":false,"chose_seed":false,"campfire_upgraded":8,"win_rate":0,"timestamp":1551104514,"path_taken":["M","?","M","M","M","R","?","E","T","?","?","$","R","E","R","BOSS","M","$","?","?","M","R","E","?","T","R","E","M","M","M","R","BOSS","M","?","?","$","M","E","?","E","T","?","R","?","M","E","R","BOSS","BOSS","R","$","E","BOSS"],"build_version":"2019-01-23","purchased_purges":3,"victory":true,"max_hp_per_floor":[75,80,80,80,80,80,80,80,80,80,80,80,80,80,80,80,80,80,80,80,80,80,80,80,80,80,80,80,80,80,80,80,80,80,80,80,80,80,80,80,80,80,80,80,80,80,80,80,80,80,80,80,80,80,80,80],"card_choices":[{"not_picked":["Twin Strike","Anger"],"picked":"Burning Pact","floor":1.0},{"not_picked":["Pommel Strike","Armaments"],"picked":"Shrug It Off","floor":3.0},{"not_picked":["Armaments","Perfected Strike"],"picked":"Carnage","floor":4.0},{"not_picked":["Perfected Strike","Blood for Blood"],"picked":"Fiend Fire","floor":5.0},{"not_picked":["Havoc","Headbutt"],"picked":"Shrug It Off","floor":8.0},{"not_picked":["Thunderclap","Sword Boomerang"],"picked":"Battle Trance","floor":10.0},{"not_picked":["Heavy Blade","Searing Blow"],"picked":"Body Slam","floor":14.0},{"not_picked":["Demon Form","Limit Break"],"picked":"Impervious","floor":16.0},{"not_picked":["Whirlwind","Iron Wave","Body Slam"],"picked":"SKIP","floor":18.0},{"not_picked":["Body Slam","Clash","Flame Barrier"],"picked":"SKIP","floor":22.0},{"not_picked":["Flame Barrier","Warcry"],"picked":"Burning Pact+1","floor":24.0},{"not_picked":["Sever Soul","Pommel Strike","Juggernaut"],"picked":"SKIP","floor":28.0},{"not_picked":["Disarm","Thunderclap+1"],"picked":"Second Wind","floor":29.0},{"not_picked":["Perfected Strike","Dual Wield"],"picked":"Power Through","floor":30.0},{"not_picked":["Heavy Blade","Wild Strike","Armaments"],"picked":"SKIP","floor":31.0},{"not_picked":["Barricade","Brutality"],"picked":"Fiend Fire","floor":33.0},{"not_picked":["Feel No Pain","Twin Strike"],"picked":"Battle Trance","floor":35.0},{"not_picked":["Sword Boomerang+1","Spot Weakness","Flex"],"picked":"SKIP","floor":39.0},{"not_picked":["Heavy Blade","Limit Break","Iron Wave+1"],"picked":"SKIP","floor":40.0},{"not_picked":["Armaments","Uppercut","Shockwave+1"],"picked":"SKIP","floor":42.0},{"not_picked":["Flame Barrier","Twin Strike+1"],"picked":"Second Wind","floor":47.0},{"not_picked":["Headbutt+1","True Grit","Iron Wave+1"],"picked":"SKIP","floor":48.0},{"not_picked":["Armaments+1","Twin Strike","Iron Wave"],"picked":"SKIP","floor":55.0}],"player_experience":3139517,"relics_obtained":[{"floor":8.0,"key":"Anchor"},{"floor":9.0,"key":"Bag of Marbles"},{"floor":14.0,"key":"Potion Belt"},{"floor":24.0,"key":"Ancient Tea Set"},{"floor":28.0,"key":"Oddly Smooth Stone"},{"floor":40.0,"key":"Pantograph"},{"floor":42.0,"key":"Ornamental Fan"},{"floor":43.0,"key":"Paper Frog"},{"floor":44.0,"key":"Unceasing Top"},{"floor":46.0,"key":"War Paint"},{"floor":48.0,"key":"Dead Branch"},{"floor":55.0,"key":"Bag of Preparation"}],"event_choices":[{"damage_healed":0.0,"max_hp_gain":5.0,"max_hp_loss":0.0,"gold_gain":0.0,"event_name":"Big Fish","player_choice":"Donut","floor":2.0,"gold_loss":0.0,"damage_taken":0.0},{"damage_healed":0.0,"max_hp_gain":0.0,"max_hp_loss":0.0,"gold_gain":275.0,"event_name":"Golden Shrine","player_choice":"Desecrate","floor":7.0,"gold_loss":0.0,"damage_taken":0.0,"cards_obtained":["Regret"]},{"damage_healed":0.0,"max_hp_gain":0.0,"max_hp_loss":0.0,"gold_gain":0.0,"event_name":"Liars Game","player_choice":"Ignored","floor":11.0,"gold_loss":0.0,"damage_taken":0.0},{"damage_healed":0.0,"max_hp_gain":0.0,"max_hp_loss":0.0,"gold_gain":50.0,"event_name":"Nest","player_choice":"Stole From Cult","floor":20.0,"gold_loss":0.0,"damage_taken":0.0},{"cards_removed":["Strike_R"],"damage_healed":0.0,"max_hp_gain":0.0,"max_hp_loss":0.0,"gold_gain":0.0,"event_name":"Back to Basics","player_choice":"Elegance","floor":21.0,"gold_loss":0.0,"damage_taken":0.0},{"damage_healed":0.0,"max_hp_gain":0.0,"max_hp_loss":0.0,"gold_gain":0.0,"event_name":"MindBloom","player_choice":"Upgrade","floor":36.0,"gold_loss":0.0,"damage_taken":0.0,"cards_upgraded":["Strike_R","Defend_R","Defend_R","Defend_R","Defend_R","Burning Pact","Shrug It Off","Shrug It Off","Battle Trance","Seeing Red","Impervious","Power Through","Fiend Fire","Battle Trance"],"relics_obtained":["Mark of the Bloom"]},{"cards_removed":["Carnage"],"damage_healed":0.0,"max_hp_gain":0.0,"max_hp_loss":0.0,"gold_gain":0.0,"event_name":"Falling","player_choice":"Removed Attack","floor":37.0,"gold_loss":0.0,"damage_taken":0.0},{"damage_healed":0.0,"max_hp_gain":0.0,"max_hp_loss":0.0,"gold_gain":0.0,"event_name":"SensoryStone","player_choice":"Memory 1","floor":41.0,"gold_loss":0.0,"damage_taken":0.0},{"damage_healed":0.0,"max_hp_gain":0.0,"max_hp_loss":0.0,"gold_gain":0.0,"event_name":"Mysterious Sphere","player_choice":"Fight","floor":44.0,"gold_loss":0.0,"damage_taken":0.0}],"is_beta":false,"boss_relics":[{"not_picked":["Pandora\u0027s Box","Lizard Tail"],"picked":"Runic Pyramid"},{"not_picked":["Black Blood","Eternal Feather"],"picked":"Philosopher\u0027s Stone"}],"items_purged_floors":[12,25,54],"is_endless":false,"potions_floor_spawned":[3,4,5,10,18,22,29,31,39,40,44,47],"ascension_level":20}