{"path_per_floor":["M","?","M","T","M","E","M","M","T","R","M","$","R","?","R"],"character_chosen":"THE_SILENT","items_purchased":["Pantograph"],"gold_per_floor":[119,119,131,131,150,185,197,210,256,256,271,11,11,76,76,76],"floor_reached":16,"campfire_rested":0,"playtime":521,"current_hp_per_floor":[63,60,58,58,58,16,16,16,16,16,16,16,16,11,11,0],"items_purged":[],"gold":76,"score":138,"play_id":"78196d4a-959d-44a4-8a3f-f89e6d599fd8","local_time":"20180422224416","is_prod":false,"is_daily":false,"chose_seed":false,"is_ascension_mode":true,"campfire_upgraded":3,"timestamp":1524408256,"path_taken":["M","?","M","?","?","E","M","M","T","R","M","?","R","?","R","BOSS"],"build_version":"2018-04-19","seed_source_timestamp":20142104457475,"purchased_purges":0,"victory":false,"master_deck":["Defend_G","Defend_G","Defend_G","Defend_G","Defend_G","Strike_G","Strike_G","Strike_G","Strike_G","Strike_G","Survivor","Neutralize+1","Prepared+1","Escape Plan","Dagger Throw+1","Slice","Adrenaline+1","Underhanded Strike","Slice","Prepared+1"],"max_hp_per_floor":[70,70,70,70,70,70,70,70,70,70,70,70,70,70,70,70],"relics":["Ring of the Snake","Ancient Tea Set","Toxic Egg 2","Lantern","Prayer Wheel","Pantograph","The Specimen"],"card_choices":[{"not_picked":["Underhanded Strike","Footwork"],"picked":"Prepared","floor":1},{"not_picked":["Accuracy","Malaise"],"picked":"Escape Plan","floor":3},{"not_picked":["Skewer","Deadly Poison"],"picked":"Dagger Throw","floor":5},{"not_picked":["Poisoned Stab","Flying Knee"],"picked":"Slice","floor":6},{"not_picked":["Riddle With Holes","Acrobatics"],"picked":"Adrenaline","floor":7},{"not_picked":["Deflect","Sucker Punch"],"picked":"Underhanded Strike","floor":8},{"not_picked":["Quick Slash","Flying Knee"],"picked":"Slice","floor":11},{"not_picked":["Dodge and Roll","Flying Knee"],"picked":"Prepared","floor":14}],"player_experience":426119,"potions_floor_usage":[7,16],"damage_taken":[{"damage":0,"enemies":"Jaw Worm","floor":1,"turns":5},{"damage":2,"enemies":"Cultist","floor":3,"turns":5},{"damage":0,"enemies":"Small Slimes","floor":5,"turns":3},{"damage":42,"enemies":"Gremlin Nob","floor":6,"turns":6},{"damage":0,"enemies":"2 Fungi Beasts","floor":7,"turns":4},{"damage":0,"enemies":"Large Slime","floor":8,"turns":5},{"damage":0,"enemies":"Blue Slaver","floor":11,"turns":2},{"damage":5,"enemies":"3 Sentries","floor":14,"turns":7},{"damage":46,"enemies":"Slime Boss","floor":16,"turns":7}],"event_choices":[{"event_name":"Scrap Ooze","player_choice":"success","floor":2,"damage_taken":3},{"event_name":"Dead Adventurer","player_choice":"Searched \u00272\u0027 times","floor":14,"damage_taken":0}],"boss_relics":[],"potions_floor_spawned":[6,7,11,14,14],"seed_played":"3387110558213077407","killed_by":"Slime Boss","ascension_level":7,"is_trial":false}