{"gold_per_floor":[110,110,121,46,46,46,46,81,127,127,141,173,190,225,225,225],"floor_reached":16,"playtime":395,"items_purged":["Strike_G"],"score":386,"play_id":"0f5471a2-7a0c-4e07-a64f-011b0931aa3c","local_time":"20190114111222","is_ascension_mode":true,"campfire_choices":[{"data":"Glass Knife","floor":6.0,"key":"SMITH"},{"data":"Neutralize","floor":10.0,"key":"SMITH"},{"data":"Outmaneuver","floor":15.0,"key":"SMITH"}],"neow_cost":"TEN_PERCENT_HP_LOSS","seed_source_timestamp":2875280455181,"circlet_count":0,"master_deck":["AscendersBane","Defend_G","Defend_G","Defend_G","Defend_G","Defend_G","Strike_G","Strike_G","Survivor","Neutralize+1","Blade Dance","Poisoned Stab","Glass Knife+1","Outmaneuver+1","Dash","Backflip"],"special_seed":0,"relics":["Ring of the Snake","Lantern","The Specimen","Pen Nib","Art of War","Tough Bandages"],"potions_floor_usage":[],"damage_taken":[{"damage":6.0,"enemies":"2 Louse","floor":1.0,"turns":3.0},{"damage":0.0,"enemies":"Jaw Worm","floor":3.0,"turns":3.0},{"damage":24.0,"enemies":"3 Sentries","floor":8.0,"turns":11.0},{"damage":0.0,"enemies":"Cultist","floor":11.0,"turns":2.0},{"damage":0.0,"enemies":"Gremlin Nob","floor":12.0,"turns":2.0},{"damage":1.0,"enemies":"Looter","floor":13.0,"turns":3.0},{"damage":17.0,"enemies":"Lagavulin","floor":14.0,"turns":6.0},{"damage":10,"enemies":"The Guardian","floor":16,"turns":5}],"seed_played":"8635611849737887636","potions_obtained":[{"floor":8.0,"key":"FearPotion"},{"floor":12.0,"key":"Fire Potion"},{"floor":14.0,"key":"SmokeBomb"}],"is_trial":false,"path_per_floor":["M","?","M","$","?","R","$","E","T","R","M","E","M","E","R","B"],"character_chosen":"THE_SILENT","items_purchased":[],"campfire_rested":0,"item_purchase_floors":[],"current_hp_per_floor":[53,48,48,48,48,48,48,24,24,24,24,24,23,6,6,0],"gold":225,"neow_bonus":"TRANSFORM_TWO_CARDS","is_prod":false,"is_daily":false,"chose_seed":false,"campfire_upgraded":3,"win_rate":0,"timestamp":1547435542,"path_taken":["M","?","M","$","?","R","?","E","T","R","M","E","M","E","R","BOSS"],"build_version":"2019-01-10","purchased_purges":1,"victory":false,"max_hp_per_floor":[60,60,60,60,60,60,60,60,60,60,60,60,60,60,60,60],"card_choices":[{"not_picked":["Sucker Punch","Poisoned Stab","Tactician"],"picked":"SKIP","floor":1.0},{"not_picked":["Underhanded Strike","Finisher"],"picked":"Glass Knife","floor":3.0},{"not_picked":["Choke","Dagger Throw"],"picked":"Outmaneuver","floor":8.0},{"not_picked":["Expertise","Crippling Poison","Underhanded Strike"],"picked":"SKIP","floor":11.0},{"not_picked":["Sucker Punch","Die Die Die"],"picked":"Dash","floor":12.0},{"not_picked":["Infinite Blades","Dodge and Roll","Outmaneuver"],"picked":"SKIP","floor":13.0},{"not_picked":["Blade Dance","Night Terror"],"picked":"Backflip","floor":14.0}],"player_experience":1278238,"relics_obtained":[{"floor":8.0,"key":"The Specimen"},{"floor":9.0,"key":"Pen Nib"},{"floor":12.0,"key":"Art of War"},{"floor":14.0,"key":"Tough Bandages"}],"event_choices":[{"damage_healed":0.0,"max_hp_gain":0.0,"max_hp_loss":0.0,"gold_gain":0.0,"event_name":"Scrap Ooze","player_choice":"Success","floor":2.0,"gold_loss":0.0,"damage_taken":5.0,"relics_obtained":["Lantern"]},{"damage_healed":0.0,"max_hp_gain":0.0,"max_hp_loss":0.0,"gold_gain":0.0,"event_name":"The Cleric","player_choice":"Leave","floor":5.0,"gold_loss":0.0,"damage_taken":0.0}],"is_beta":true,"boss_relics":[],"items_purged_floors":[4],"is_endless":false,"potions_floor_spawned":[8,12,14],"killed_by":"The Guardian","ascension_level":20}