{"gold_per_floor":[118,16,16,16,16,56,56,76,154,167,180,223,238,257,257,257],"floor_reached":16,"playtime":378,"items_purged":[],"score":274,"play_id":"ddb10430-31c2-4203-a5df-795f58e2b23a","local_time":"20190124165933","is_ascension_mode":true,"campfire_choices":[{"data":"Masterful Stab","floor":7,"key":"SMITH"},{"data":"All Out Attack","floor":15,"key":"SMITH"}],"neow_cost":"NONE","seed_source_timestamp":22451233315583,"circlet_count":0,"master_deck":["AscendersBane","Defend_G","Defend_G","Defend_G","Defend_G","Defend_G","Strike_G","Strike_G","Strike_G","Strike_G","Strike_G","Survivor","Neutralize","Masterful Stab+1","Impatience+1","All Out Attack+1","Predator","Backflip"],"relics":["Ring of the Snake","NeowsBlessing","Golden Idol","Ornamental Fan","Paper Crane","Orichalcum"],"potions_floor_usage":[12],"damage_taken":[{"damage":0,"enemies":"Small Slimes","floor":1,"turns":1},{"damage":0,"enemies":"Gremlin Nob","floor":6,"turns":1},{"damage":0,"enemies":"Cultist","floor":8,"turns":1},{"damage":1,"enemies":"2 Louse","floor":10,"turns":3},{"damage":0,"enemies":"Blue Slaver","floor":11,"turns":3},{"damage":14,"enemies":"Lagavulin","floor":12,"turns":6},{"damage":5,"enemies":"Lots of Slimes","floor":13,"turns":4},{"damage":0,"enemies":"Large Slime","floor":14,"turns":4},{"damage":41,"enemies":"Slime Boss","floor":16,"turns":7}],"seed_played":"-94752162808537635","potions_obtained":[{"floor":6,"key":"Energy Potion"},{"floor":8,"key":"Swift Potion"}],"is_trial":false,"path_per_floor":["M","$","?","$","?","E","R","M","T","M","M","E","M","M","R","B"],"character_chosen":"THE_SILENT","items_purchased":["Impatience"],"campfire_rested":0,"item_purchase_floors":[2],"current_hp_per_floor":[59,59,59,59,59,59,59,59,59,58,58,44,39,39,39,0],"gold":257,"neow_bonus":"THREE_ENEMY_KILL","is_prod":false,"is_daily":false,"chose_seed":false,"campfire_upgraded":2,"win_rate":0,"timestamp":1548320373,"path_taken":["M","$","?","?","?","E","R","?","T","M","M","E","M","M","R","BOSS"],"build_version":"2019-01-23","purchased_purges":0,"victory":false,"max_hp_per_floor":[66,66,66,66,60,60,60,60,60,60,60,60,60,60,60,60],"card_choices":[{"not_picked":["Quick Slash","Distraction"],"picked":"Masterful Stab","floor":1},{"not_picked":["Setup","Dodge and Roll","Caltrops"],"picked":"SKIP","floor":6},{"not_picked":["Dodge and Roll","Deadly Poison","Deflect"],"picked":"SKIP","floor":8},{"not_picked":["Poisoned Stab","Phantasmal Killer"],"picked":"All Out Attack","floor":10},{"not_picked":["Quick Slash","Dodge and Roll","Poisoned Stab"],"picked":"SKIP","floor":11},{"not_picked":["Outmaneuver","Catalyst","PiercingWail"],"picked":"SKIP","floor":12},{"not_picked":["Reflex","Slice"],"picked":"Predator","floor":13},{"not_picked":["Sucker Punch","Catalyst"],"picked":"Backflip","floor":14}],"player_experience":1330823,"relics_obtained":[{"floor":6,"key":"Ornamental Fan"},{"floor":9,"key":"Paper Crane"},{"floor":12,"key":"Orichalcum"}],"event_choices":[{"damage_healed":0,"gold_gain":0,"player_choice":"Forge","damage_taken":0,"max_hp_gain":0,"max_hp_loss":0,"event_name":"Accursed Blacksmith","floor":3,"gold_loss":0,"cards_upgraded":["Impatience"]},{"damage_healed":0,"gold_gain":0,"player_choice":"Lose Max HP","damage_taken":0,"relics_obtained":["Golden Idol"],"max_hp_gain":0,"max_hp_loss":6,"event_name":"Golden Idol","floor":5,"gold_loss":0}],"is_beta":true,"boss_relics":[],"items_purged_floors":[],"is_endless":false,"potions_floor_spawned":[6,8,11],"killed_by":"Slime Boss","ascension_level":20}