{"gold_per_floor":[112,125,125,142,157,157,186,35,35,35,45,45,74,93,93,171,171,187,187,187,206,220,220,254,272,272,288,305,305,339,239,239,312,312,326,201,201,51,64,98,98,123,123,123,150,150,161,161,161,161,161,161,161,111,139,139],"floor_reached":57,"playtime":2376,"items_purged":["Thunderclap","Fiend Fire","Clash","Fire Breathing","Metallicize+1"],"score":3430,"play_id":"159076dc-6878-4f4d-8b40-d00e81acac5f","local_time":"20190608183202","is_ascension_mode":true,"campfire_choices":[{"data":"Battle Trance","floor":6.0,"key":"SMITH"},{"data":"Barricade","floor":12.0,"key":"SMITH"},{"data":"Body Slam","floor":15.0,"key":"SMITH"},{"data":"Second Wind","floor":23,"key":"SMITH"},{"data":"Feed","floor":29,"key":"SMITH"},{"data":"1","floor":32,"key":"LIFT"},{"floor":41,"key":"RECALL"},{"data":"2","floor":46,"key":"LIFT"},{"data":"3","floor":49,"key":"LIFT"},{"floor":53,"key":"REST"}],"neow_cost":"NONE","seed_source_timestamp":21426312768526,"circlet_count":0,"master_deck":["AscendersBane","Feed+1","Second Wind+1","Barricade+1","Seeing Red+1","Power Through+1","Battle Trance+1","Evolve+1","Body Slam+1"],"special_seed":0,"relics":["Pandora\u0027s Box","Centennial Puzzle","Sundial","Busted Crown","Torii","Blood Vial","Girya","Darkstone Periapt","White Beast Statue","Bottled Flame","Smiling Mask","Molten Egg 2","Lantern","Mark of the Bloom","Orichalcum"],"potions_floor_usage":[56],"damage_taken":[{"damage":0.0,"enemies":"Cultist","floor":1.0,"turns":2.0},{"damage":6.0,"enemies":"2 Louse","floor":2.0,"turns":4.0},{"damage":6.0,"enemies":"Small Slimes","floor":4.0,"turns":3.0},{"damage":0.0,"enemies":"2 Fungi Beasts","floor":5.0,"turns":4.0},{"damage":0.0,"enemies":"Lagavulin","floor":7.0,"turns":8.0},{"damage":15.0,"enemies":"Large Slime","floor":11.0,"turns":9.0},{"damage":10.0,"enemies":"3 Sentries","floor":13.0,"turns":8.0},{"damage":6.0,"enemies":"Red Slaver","floor":14.0,"turns":5.0},{"damage":0.0,"enemies":"Slime Boss","floor":16.0,"turns":15.0},{"damage":0,"enemies":"Chosen","floor":18,"turns":3},{"damage":22,"enemies":"2 Thieves","floor":21,"turns":4},{"damage":2,"enemies":"Cultist and Chosen","floor":22,"turns":10},{"damage":11,"enemies":"Slavers","floor":24,"turns":5},{"damage":0,"enemies":"Sentry and Sphere","floor":25,"turns":4},{"damage":24,"enemies":"Shelled Parasite and Fungi","floor":27,"turns":10},{"damage":18,"enemies":"3 Cultists","floor":28,"turns":5},{"damage":1,"enemies":"Gremlin Leader","floor":30,"turns":3},{"damage":0,"enemies":"Collector","floor":33,"turns":6},{"damage":0,"enemies":"Orb Walker","floor":35,"turns":2},{"damage":7,"enemies":"3 Shapes","floor":39,"turns":3},{"damage":0,"enemies":"Giant Head","floor":40,"turns":5},{"damage":6,"enemies":"Nemesis","floor":42,"turns":13},{"damage":15,"enemies":"Reptomancer","floor":45,"turns":9},{"damage":0,"enemies":"Jaw Worm Horde","floor":47,"turns":3},{"damage":0,"enemies":"Awakened One","floor":50,"turns":6},{"damage":1,"enemies":"Time Eater","floor":51,"turns":9},{"damage":18,"enemies":"Shield and Spear","floor":55,"turns":5},{"damage":6,"enemies":"The Heart","floor":56,"turns":6}],"seed_played":"-8788021343268942061","potions_obtained":[{"floor":11.0,"key":"SteroidPotion"},{"floor":14.0,"key":"Swift Potion"},{"floor":16.0,"key":"AttackPotion"},{"floor":24,"key":"SpeedPotion"},{"floor":35,"key":"Weak Potion"},{"floor":55,"key":"PowerPotion"}],"is_trial":false,"path_per_floor":["M","M","?","M","M","R","E","$","T","?","M","R","E","M","R","B",null,"M","?","?","M","M","R","E","M","T","M","M","R","E","$","R","B",null,"M","$","?","$","M","E","R","E","T","?","E","R","M","?","R","B","B",null,"R","$","E","B",null],"character_chosen":"IRONCLAD","items_purchased":["Evolve"],"campfire_rested":1,"item_purchase_floors":[8],"current_hp_per_floor":[71,68,68,65,68,68,71,71,71,76,64,64,57,54,54,57,95,98,98,98,79,80,80,72,77,77,58,45,45,50,50,50,56,116,122,122,122,122,121,127,127,127,127,127,118,118,124,124,124,124,123,123,123,123,105,99],"gold":139,"neow_bonus":"BOSS_RELIC","is_prod":false,"is_daily":false,"chose_seed":false,"campfire_upgraded":5,"win_rate":0,"timestamp":1559989922,"path_taken":["M","?","?","?","?","R","E","?","T","?","M","R","E","M","R","BOSS","M","?","?","M","M","R","E","M","T","M","M","R","E","$","R","BOSS","M","$","?","$","M","E","R","E","T","?","E","R","M","?","R","BOSS","BOSS","R","$","E","BOSS"],"build_version":"2019-01-23","purchased_purges":5,"victory":true,"max_hp_per_floor":[78,81,81,84,87,87,90,90,90,95,98,98,101,104,104,107,107,110,110,110,113,116,116,119,122,122,125,128,128,132,132,132,136,136,140,140,133,133,137,141,141,145,145,145,149,149,153,153,153,157,161,161,161,161,165,169],"card_choices":[{"not_picked":["Pommel Strike","Headbutt","Thunderclap"],"picked":"SKIP","floor":1.0},{"not_picked":["Sword Boomerang","Corruption","Sentinel"],"picked":"SKIP","floor":2.0},{"not_picked":["Spot Weakness","Sever Soul"],"picked":"Battle Trance","floor":4.0},{"not_picked":["Inflame","Twin Strike"],"picked":"Clash","floor":5.0},{"not_picked":["Clothesline","Immolate","Dual Wield"],"picked":"SKIP","floor":7.0},{"not_picked":["Spot Weakness","Shrug It Off","Anger"],"picked":"SKIP","floor":11.0},{"not_picked":["Flex","Armaments","Iron Wave"],"picked":"SKIP","floor":13.0},{"not_picked":["Flex","Battle Trance"],"picked":"Body Slam","floor":14.0},{"not_picked":["Perfected Strike"],"picked":"SKIP","floor":18},{"not_picked":["Thunderclap"],"picked":"SKIP","floor":21},{"not_picked":["Body Slam"],"picked":"SKIP","floor":22},{"not_picked":["Pommel Strike"],"picked":"SKIP","floor":24},{"not_picked":["Armaments"],"picked":"SKIP","floor":25},{"not_picked":["Feel No Pain"],"picked":"SKIP","floor":27},{"not_picked":["Armaments"],"picked":"SKIP","floor":28},{"not_picked":["Hemokinesis"],"picked":"SKIP","floor":30},{"not_picked":["Spot Weakness"],"picked":"SKIP","floor":35},{"not_picked":["Clash"],"picked":"SKIP","floor":39},{"not_picked":["Anger"],"picked":"SKIP","floor":40},{"not_picked":["Bloodletting+1"],"picked":"SKIP","floor":42},{"not_picked":["Body Slam+1"],"picked":"SKIP","floor":45},{"not_picked":["Wild Strike+1"],"picked":"SKIP","floor":47},{"not_picked":["Dual Wield"],"picked":"SKIP","floor":55}],"player_experience":5098737,"relics_obtained":[{"floor":7.0,"key":"Centennial Puzzle"},{"floor":13.0,"key":"Sundial"},{"floor":24,"key":"Blood Vial"},{"floor":26,"key":"Girya"},{"floor":30,"key":"Darkstone Periapt"},{"floor":40,"key":"Bottled Flame"},{"floor":42,"key":"Smiling Mask"},{"floor":43,"key":"Molten Egg 2"},{"floor":45,"key":"Lantern"},{"floor":55,"key":"Orichalcum"}],"event_choices":[{"cards_removed":["Bash"],"damage_healed":0.0,"max_hp_gain":0.0,"max_hp_loss":0.0,"gold_gain":0.0,"event_name":"Purifier","player_choice":"Purged","floor":3.0,"gold_loss":0.0,"damage_taken":0.0},{"damage_healed":0.0,"max_hp_gain":5.0,"max_hp_loss":0.0,"gold_gain":0.0,"event_name":"Big Fish","player_choice":"Donut","floor":10.0,"gold_loss":0.0,"damage_taken":0.0},{"damage_healed":0,"gold_gain":0,"player_choice":"Ignored","damage_taken":0,"max_hp_gain":0,"max_hp_loss":0,"event_name":"Ghosts","floor":19,"gold_loss":0},{"damage_healed":0,"gold_gain":0,"player_choice":"Gave Potion","damage_taken":0,"relics_obtained":["Torii"],"max_hp_gain":0,"max_hp_loss":0,"event_name":"WeMeetAgain","floor":20,"gold_loss":0},{"damage_healed":0,"gold_gain":0,"player_choice":"Max HP","damage_taken":0,"max_hp_gain":0,"max_hp_loss":7,"event_name":"Winding Halls","floor":37,"gold_loss":0},{"damage_healed":0,"gold_gain":0,"player_choice":"Memory 1","damage_taken":0,"max_hp_gain":0,"max_hp_loss":0,"event_name":"SensoryStone","floor":44,"gold_loss":0},{"damage_healed":0,"gold_gain":0,"player_choice":"Upgrade","damage_taken":0,"relics_obtained":["Mark of the Bloom"],"max_hp_gain":0,"max_hp_loss":0,"event_name":"MindBloom","floor":48,"gold_loss":0,"cards_upgraded":["Metallicize","Seeing Red","Power Through","Evolve"]}],"is_beta":false,"boss_relics":[{"not_picked":["Ectoplasm","Calling Bell"],"picked":"Busted Crown"},{"not_picked":["Fusion Hammer","Velvet Choker"],"picked":"White Beast Statue"}],"items_purged_floors":[8,31,36,38,54],"is_endless":false,"potions_floor_spawned":[11,14,16,18,24,28,33,35,39,40,42,45,47,55],"ascension_level":20}