{"gold_per_floor":[218,233,248,15,15,15,28,38,38,68,68,98,98,116,116,216,216,234,246,259,159,174,174,174],"floor_reached":24,"playtime":2681,"items_purged":["Strike_R","Strike_R"],"score":221,"play_id":"0eeee509-bb0c-4d61-a83d-2941eb755bc3","local_time":"20190711195119","is_ascension_mode":true,"campfire_choices":[{"data":"Double Tap","floor":6.0,"key":"SMITH"},{"data":"Flame Barrier","floor":11.0,"key":"SMITH"},{"data":"Feed","floor":15.0,"key":"SMITH"},{"data":"Demon Form","floor":23,"key":"SMITH"}],"neow_cost":"NONE","seed_source_timestamp":0,"circlet_count":0,"master_deck":["Strike_R","Strike_R","Defend_R","Defend_R","Defend_R","Defend_R","Bash","Shrug It Off","Ghostly Armor","Ghostly Armor","Double Tap+1","Uppercut","Shrug It Off","Flame Barrier+1","Uppercut","Feed+1","Demon Form+1","Havoc+1","Shrug It Off"],"special_seed":0,"relics":["Burning Blood","Self Forming Clay","Ornamental Fan","Meat on the Bone","Black Star"],"potions_floor_usage":[],"damage_taken":[{"damage":1.0,"enemies":"Cultist","floor":1.0,"turns":4.0},{"damage":0.0,"enemies":"2 Louse","floor":2.0,"turns":2.0},{"damage":0.0,"enemies":"Small Slimes","floor":3.0,"turns":4.0},{"damage":3.0,"enemies":"2 Fungi Beasts","floor":7.0,"turns":7.0},{"damage":17.0,"enemies":"Lots of Slimes","floor":8.0,"turns":6.0},{"damage":40.0,"enemies":"Gremlin Nob","floor":10.0,"turns":5.0},{"damage":13.0,"enemies":"Lagavulin","floor":12.0,"turns":7.0},{"damage":0.0,"enemies":"Exordium Wildlife","floor":14.0,"turns":5.0},{"damage":45.0,"enemies":"Slime Boss","floor":16.0,"turns":16.0},{"damage":40,"enemies":"Chosen","floor":18,"turns":9},{"damage":32,"enemies":"Spheric Guardian","floor":19,"turns":14},{"damage":16,"enemies":"Snecko","floor":20,"turns":8},{"damage":34,"enemies":"Chosen and Byrds","floor":22,"turns":8},{"damage":36,"enemies":"Book of Stabbing","floor":24,"turns":7}],"seed_played":"-7954966172534881763","potions_obtained":[{"floor":3.0,"key":"Fire Potion"},{"floor":7.0,"key":"Energy Potion"},{"floor":10.0,"key":"LiquidBronze"},{"floor":12.0,"key":"SteroidPotion"},{"floor":18,"key":"Swift Potion"},{"floor":19,"key":"GamblersBrew"}],"is_trial":false,"path_per_floor":["M","M","M","$","?","R","M","M","T","E","R","E","?","M","R","B",null,"M","M","M","$","M","R","E"],"character_chosen":"IRONCLAD","items_purchased":["Double Tap"],"campfire_rested":0,"item_purchase_floors":[4],"current_hp_per_floor":[80,80,80,80,80,80,80,69,69,35,35,28,33,51,51,28,89,55,41,43,43,31,31,0],"gold":174,"neow_bonus":"HUNDRED_GOLD","is_prod":false,"is_daily":false,"chose_seed":false,"campfire_upgraded":4,"win_rate":0,"timestamp":1562892679,"path_taken":["M","M","?","$","?","R","M","?","T","E","R","E","?","M","R","BOSS","M","M","M","$","M","R","E"],"build_version":"2019-07-05","purchased_purges":2,"victory":false,"max_hp_per_floor":[80,80,80,80,80,80,80,80,80,80,80,80,85,85,85,89,89,89,89,89,89,93,93,93],"card_choices":[{"not_picked":["Iron Wave","True Grit"],"picked":"Shrug It Off","floor":1.0},{"not_picked":["Perfected Strike","Heavy Blade"],"picked":"Ghostly Armor","floor":2.0},{"not_picked":["Clothesline","Thunderclap"],"picked":"Ghostly Armor","floor":3.0},{"not_picked":["Blood for Blood","Dropkick"],"picked":"Uppercut","floor":7.0},{"not_picked":["Entrench","Havoc"],"picked":"Shrug It Off","floor":8.0},{"not_picked":["Wild Strike","True Grit"],"picked":"Flame Barrier","floor":10.0},{"not_picked":["Inflame","Clothesline"],"picked":"Uppercut","floor":12.0},{"not_picked":["Anger","Thunderclap"],"picked":"Feed","floor":14.0},{"not_picked":["Bludgeon","Dark Embrace"],"picked":"Demon Form","floor":16.0},{"not_picked":["Burning Pact","Iron Wave+1","Pummel"],"picked":"SKIP","floor":18},{"not_picked":["Headbutt","Sword Boomerang"],"picked":"Havoc+1","floor":19},{"not_picked":["Rupture+1","Pummel"],"picked":"Shrug It Off","floor":20},{"not_picked":["Sentinel","Clothesline","Wild Strike"],"picked":"SKIP","floor":22}],"player_experience":122322,"relics_obtained":[{"floor":9.0,"key":"Self Forming Clay"},{"floor":10.0,"key":"Ornamental Fan"},{"floor":12.0,"key":"Meat on the Bone"}],"event_choices":[{"cards_removed":["Strike_R"],"damage_healed":0.0,"max_hp_gain":0.0,"max_hp_loss":0.0,"gold_gain":0.0,"event_name":"Purifier","player_choice":"Purged","floor":5.0,"gold_loss":0.0,"damage_taken":0.0},{"damage_healed":0.0,"max_hp_gain":5.0,"max_hp_loss":0.0,"gold_gain":0.0,"event_name":"Big Fish","player_choice":"Donut","floor":13.0,"gold_loss":0.0,"damage_taken":0.0}],"is_beta":false,"boss_relics":[{"not_picked":["Tiny House","Cursed Key"],"picked":"Black Star"}],"items_purged_floors":[4,21],"is_endless":false,"potions_floor_spawned":[3,7,10,12,18,19],"killed_by":"Book of Stabbing","ascension_level":1}