{"path_per_floor":["M","?","M","$","M","R","E","R","T","?","E","?","E","?","R","B",null,"M","M","$","M","M","R","?","?","T","M","?","M","M","$","R"],"character_chosen":"THE_SILENT","items_purchased":["Deadly Poison+1","Ornamental Fan","Infinite Blades","Catalyst+1"],"gold_per_floor":[111,111,123,123,137,137,167,167,167,267,297,297,326,326,326,421,421,404,422,55,74,93,93,93,93,119,139,64,84,98,27,27,27],"floor_reached":33,"campfire_rested":1,"playtime":913,"item_purchase_floors":[20,20,20,31],"current_hp_per_floor":[63,63,63,63,63,63,32,32,32,32,17,17,6,29,29,29,64,51,51,51,26,9,9,9,76,82,53,53,39,31,31,55,0],"items_purged":[],"gold":27,"score":488,"play_id":"b7e88a8a-86af-4b59-bf59-ff4fddfe7a8d","local_time":"20180612225411","is_prod":false,"is_daily":false,"chose_seed":false,"is_ascension_mode":true,"campfire_upgraded":4,"win_rate":0,"timestamp":1528815251,"campfire_choices":[{"data":"Neutralize","floor":6,"key":"SMITH"},{"data":"Deadly Poison","floor":8,"key":"SMITH"},{"data":"Noxious Fumes","floor":15,"key":"SMITH"},{"data":"Envenom","floor":23,"key":"SMITH"},{"floor":32,"key":"REST"}],"path_taken":["M","?","?","?","?","R","E","R","T","?","E","?","E","?","R","BOSS","M","M","$","M","?","R","?","?","T","?","?","?","M","$","R","BOSS"],"build_version":"2018-06-11","seed_source_timestamp":48159233368030,"purchased_purges":0,"victory":false,"master_deck":["Defend_G","Defend_G","Defend_G","Defend_G","Defend_G","Strike_G","Strike_G","Strike_G","Strike_G","Strike_G","Survivor+1","Neutralize+1","AscendersBane","Poisoned Stab","Deadly Poison+1","Poisoned Stab","Backflip+1","Noxious Fumes+1","Parasite","Envenom+1","Calculated Gamble+1","Cloak And Dagger+1","Deadly Poison+1","Infinite Blades+1","Deflect+1","Infinite Blades","Deadly Poison+1","Acrobatics+1","Catalyst+1"],"max_hp_per_floor":[70,70,70,70,70,70,70,70,70,70,70,70,70,76,76,76,76,76,76,76,76,76,76,76,76,82,82,82,82,82,82,82,82],"special_seed":0,"relics":["Ring of the Snake","NeowsBlessing","Bottled Lightning","Thread and Needle","Toxic Egg 2","Darkstone Periapt","Cursed Key","Ornamental Fan","Art of War"],"card_choices":[{"not_picked":["Dagger Throw","Flying Knee"],"picked":"Poisoned Stab","floor":1},{"not_picked":["Dash","Caltrops"],"picked":"Deadly Poison","floor":3},{"not_picked":["Slice","Backflip"],"picked":"Poisoned Stab","floor":5},{"not_picked":["Dash","Dagger Throw"],"picked":"Escape Plan","floor":7},{"not_picked":["Quick Slash","Underhanded Strike"],"picked":"Backflip","floor":11},{"not_picked":["A Thousand Cuts","Backflip+1"],"picked":"Noxious Fumes","floor":13},{"not_picked":["Glass Knife","Night Terror+1"],"picked":"Envenom","floor":16},{"not_picked":["Acrobatics+1","Expertise+1"],"picked":"Calculated Gamble+1","floor":18},{"not_picked":["Deflect+1","Underhanded Strike+1"],"picked":"Cloak And Dagger+1","floor":19},{"not_picked":["Eviscerate","Masterful Stab"],"picked":"Deflect+1","floor":21},{"not_picked":["Distraction+1","Accuracy","Calculated Gamble+1"],"picked":"SKIP","floor":22},{"not_picked":["Outmaneuver+1","Masterful Stab+1"],"picked":"Infinite Blades","floor":27},{"not_picked":["Poisoned Stab+1","Dodge and Roll+1"],"picked":"Deadly Poison+1","floor":29},{"not_picked":["Caltrops+1","Deadly Poison+1"],"picked":"Acrobatics+1","floor":30}],"player_experience":583609,"potions_floor_usage":[16,16,33],"damage_taken":[{"damage":0,"enemies":"Cultist","floor":1,"turns":1},{"damage":0,"enemies":"Small Slimes","floor":3,"turns":1},{"damage":0,"enemies":"Jaw Worm","floor":5,"turns":1},{"damage":31,"enemies":"Gremlin Nob","floor":7,"turns":5},{"damage":15,"enemies":"Lagavulin","floor":11,"turns":5},{"damage":11,"enemies":"Gremlin Nob","floor":13,"turns":4},{"damage":0,"enemies":"Hexaghost","floor":16,"turns":8},{"damage":13,"enemies":"2 Thieves","floor":18,"turns":4},{"damage":0,"enemies":"Chosen","floor":19,"turns":5},{"damage":25,"enemies":"Snecko","floor":21,"turns":5},{"damage":17,"enemies":"3 Cultists","floor":22,"turns":6},{"damage":29,"enemies":"Slaver and Parasite","floor":27,"turns":8},{"damage":14,"enemies":"Snake Plant","floor":29,"turns":4},{"damage":8,"enemies":"Centurion and Healer","floor":30,"turns":6},{"damage":56,"enemies":"Automaton","floor":33,"turns":6}],"relics_obtained":[{"floor":7,"key":"Bottled Lightning"},{"floor":9,"key":"Thread and Needle"},{"floor":11,"key":"Toxic Egg 2"},{"floor":13,"key":"Darkstone Periapt"},{"floor":26,"key":"Art of War"}],"event_choices":[{"event_name":"The Lab","player_choice":"Got Potions","floor":2,"damage_taken":0},{"event_name":"Golden Shrine","player_choice":"Pray","floor":10,"damage_taken":0},{"event_name":"Upgrade Shrine","player_choice":"Upgraded","floor":12,"damage_taken":0},{"event_name":"Mushrooms","player_choice":"Healed and dodged fight","floor":14,"damage_taken":0},{"event_name":"Upgrade Shrine","player_choice":"Upgraded","floor":24,"damage_taken":0},{"event_name":"Bonfire Elementals","player_choice":"UNCOMMON","floor":25,"damage_taken":0},{"event_name":"Beggar","player_choice":"Gave Gold","floor":28,"damage_taken":0}],"boss_relics":[{"not_picked":["Velvet Choker","Philosopher\u0027s Stone"],"picked":"Cursed Key"}],"items_purged_floors":[],"potions_floor_spawned":[5,7,11,29,30],"seed_played":"-76231040545069440","killed_by":"Automaton","ascension_level":11,"potions_obtained":[{"floor":2,"key":"GhostInAJar"},{"floor":2,"key":"Dexterity Potion"},{"floor":7,"key":"EssenceOfSteel"},{"floor":29,"key":"Explosive Potion"},{"floor":30,"key":"FearPotion"}],"is_trial":false}