{"gold_per_floor":[111,125,36,48,48,48,76,89,89,89,121,138,138,155,155,226,226,245,258,258,15,35,35,66,66,66,66,85,114,134,167,167,245,245,260,278,278,301,317,317,347,347,347,347,347,347,347,376,376,376,376,376,376,18,49,49],"floor_reached":57,"playtime":3838,"items_purged":["Pain"],"score":2706,"play_id":"787c3d33-9e1e-4552-8499-3cb49c3c05c5","local_time":"20190424005937","is_ascension_mode":true,"campfire_choices":[{"data":"Dualcast","floor":6.0,"key":"SMITH"},{"data":"Discovery","floor":10.0,"key":"SMITH"},{"data":"Fission","floor":13.0,"key":"SMITH"},{"data":"Turbo","floor":15.0,"key":"SMITH"},{"data":"Defragment","floor":23.0,"key":"SMITH"},{"data":"Consume","floor":27.0,"key":"SMITH"},{"data":"Creative AI","floor":32.0,"key":"SMITH"},{"data":"Turbo","floor":40,"key":"SMITH"},{"data":"Deep Breath","floor":42,"key":"SMITH"},{"data":"Skim","floor":44,"key":"SMITH"},{"data":"Amplify","floor":45,"key":"SMITH"},{"data":"Capacitor","floor":47,"key":"SMITH"},{"floor":49,"key":"RECALL"},{"data":"Rainbow","floor":53,"key":"SMITH"}],"neow_cost":"TEN_PERCENT_HP_LOSS","seed_source_timestamp":114408649345790,"circlet_count":0,"master_deck":["AscendersBane","Zap","Dualcast+1","Core Surge","Ball Lightning","Discovery+1","Ball Lightning","Fission+1","Capacitor+1","Multi-Cast","Cold Snap","Turbo+1","Creative AI+1","Coolheaded+1","Consume+1","Defragment+1","Undo+1","Reboot","Rainbow+1","Amplify+1","Compile Driver","Lockon","Reboot","Glacier","FTL","Lockon","Turbo+1","Skim+1","Deep Breath+1","Coolheaded+1","Hologram+1"],"special_seed":0,"relics":["Cracked Core","Question Card","WingedGreaves","Bird Faced Urn","Coffee Dripper","Lantern","Pocketwatch","Anchor","Orichalcum","Unceasing Top","Pandora\u0027s Box","Toxic Egg 2","Molten Egg 2","WarpedTongs","Bottled Tornado","Dodecahedron","Ornamental Fan"],"potions_floor_usage":[41,56,56],"damage_taken":[{"damage":0.0,"enemies":"Cultist","floor":1.0,"turns":2.0},{"damage":0.0,"enemies":"Small Slimes","floor":2.0,"turns":2.0},{"damage":2.0,"enemies":"Jaw Worm","floor":4.0,"turns":3.0},{"damage":10.0,"enemies":"3 Sentries","floor":7.0,"turns":2.0},{"damage":3.0,"enemies":"Blue Slaver","floor":8.0,"turns":2.0},{"damage":14.0,"enemies":"Gremlin Nob","floor":11.0,"turns":3.0},{"damage":20.0,"enemies":"Gremlin Gang","floor":12.0,"turns":13.0},{"damage":7.0,"enemies":"Exordium Wildlife","floor":14.0,"turns":4.0},{"damage":26.0,"enemies":"Slime Boss","floor":16.0,"turns":9.0},{"damage":24.0,"enemies":"2 Thieves","floor":18.0,"turns":4.0},{"damage":39.0,"enemies":"3 Byrds","floor":19.0,"turns":11.0},{"damage":9.0,"enemies":"Sentry and Sphere","floor":22.0,"turns":8.0},{"damage":58.0,"enemies":"Gremlin Leader","floor":24.0,"turns":10.0},{"damage":24.0,"enemies":"Snake Plant","floor":28.0,"turns":13.0},{"damage":30.0,"enemies":"Slavers","floor":29.0,"turns":10.0},{"damage":11.0,"enemies":"Shelled Parasite and Fungi","floor":30.0,"turns":7.0},{"damage":44.0,"enemies":"Book of Stabbing","floor":31.0,"turns":6.0},{"damage":48.0,"enemies":"Automaton","floor":33.0,"turns":11.0},{"damage":1.0,"enemies":"Orb Walker","floor":35.0,"turns":2.0},{"damage":21.0,"enemies":"3 Darklings","floor":36.0,"turns":6.0},{"damage":14,"enemies":"4 Shapes","floor":39,"turns":7},{"damage":37,"enemies":"Reptomancer","floor":41,"turns":11},{"damage":43,"enemies":"Nemesis","floor":48,"turns":13},{"damage":31,"enemies":"Donu and Deca","floor":50,"turns":9},{"damage":36,"enemies":"Time Eater","floor":51,"turns":16},{"damage":15,"enemies":"Shield and Spear","floor":55,"turns":9},{"damage":73,"enemies":"The Heart","floor":56,"turns":11}],"seed_played":"-5471062147350126526","potions_obtained":[{"floor":2.0,"key":"GamblersBrew"},{"floor":4.0,"key":"Dexterity Potion"},{"floor":8.0,"key":"PowerPotion"},{"floor":11.0,"key":"Strength Potion"},{"floor":16.0,"key":"Ancient Potion"},{"floor":30.0,"key":"Explosive Potion"},{"floor":41,"key":"AttackPotion"},{"floor":55,"key":"LiquidBronze"}],"is_trial":false,"path_per_floor":["M","M","$","M","?","R","E","M","T","R","E","M","R","M","R","B",null,"M","M","?","$","M","R","E","?","T","R","M","E","M","E","R","B",null,"M","M","?","T","M","R","E","R","T","R","R","?","R","E","R","B","B",null,"R","$","E","B",null],"character_chosen":"DEFECT","items_purchased":["Discovery","Lantern","Defragment","Dodecahedron"],"campfire_rested":0,"item_purchase_floors":[3,21,21,54],"current_hp_per_floor":[64,64,64,62,62,62,52,49,49,49,35,64,64,61,61,37,57,37,62,45,45,54,54,40,40,40,40,69,63,69,36,36,46,63,64,68,68,68,69,69,59,59,59,59,59,59,59,69,69,69,69,69,69,69,69,69],"gold":49,"neow_bonus":"THREE_RARE_CARDS","is_prod":false,"is_daily":false,"chose_seed":false,"campfire_upgraded":13,"win_rate":0,"timestamp":1556038777,"path_taken":["M","M","?","M","?","R","E","M","T","R","E","M","R","?","R","BOSS","M","M","?","$","M","R","E","?","T","R","?","E","M","E","R","BOSS","M","M","?","?","M","R","E","R","T","R","R","?","R","E","R","BOSS","BOSS","R","$","E","BOSS"],"build_version":"2019-01-23","purchased_purges":1,"victory":true,"max_hp_per_floor":[64,64,64,64,64,64,64,64,64,64,64,64,64,64,64,64,64,64,64,69,69,69,69,69,69,69,69,69,69,69,69,69,69,69,69,69,69,69,69,69,69,69,69,69,69,69,69,69,69,69,69,69,69,69,69,69],"card_choices":[{"not_picked":["Creative AI","Echo Form"],"picked":"Core Surge","floor":0.0},{"not_picked":["Streamline","Beam Cell"],"picked":"Ball Lightning","floor":1.0},{"not_picked":["Beam Cell","Rebound","Storm"],"picked":"SKIP","floor":2.0},{"not_picked":["Blizzard","Redo"],"picked":"Ball Lightning","floor":4.0},{"not_picked":["Conserve Battery","Coolheaded"],"picked":"Fission","floor":7.0},{"not_picked":["Steam Power","FTL","Skim"],"picked":"Capacitor","floor":8.0},{"not_picked":["Streamline","Go for the Eyes","Hologram"],"picked":"Multi-Cast","floor":11.0},{"not_picked":["Hologram","Stack","Streamline"],"picked":"Cold Snap","floor":12.0},{"not_picked":["Doom and Gloom","Rip and Tear","Rebound"],"picked":"Turbo","floor":14.0},{"not_picked":["Core Surge","Meteor Strike","Fission"],"picked":"Creative AI","floor":16.0},{"not_picked":["Cold Snap","Compile Driver","Steam"],"picked":"Coolheaded+1","floor":18.0},{"not_picked":["Ball Lightning","Go for the Eyes","Gash"],"picked":"Consume","floor":19.0},{"not_picked":["Turbo","Redo","Force Field","Stack"],"picked":"SKIP","floor":22.0},{"not_picked":["Rip and Tear","Chill+1","Darkness"],"picked":"Undo+1","floor":24.0},{"not_picked":["Turbo","Streamline","Self Repair+1"],"picked":"Reboot","floor":28.0},{"not_picked":["Fusion","Hello World+1","Streamline+1","Conserve Battery"],"picked":"SKIP","floor":29.0},{"not_picked":["Sweeping Beam","Barrage","Cold Snap","Gash"],"picked":"SKIP","floor":30.0},{"not_picked":["Barrage+1","Redo","Compile Driver"],"picked":"Rainbow","floor":31.0},{"not_picked":["Machine Learning","Reboot","Electrodynamics"],"picked":"Amplify","floor":33.0},{"not_picked":["Barrage","Hello World","Compile Driver"],"picked":"Turbo","floor":35.0},{"not_picked":["Genetic Algorithm+1","Redo","Barrage"],"picked":"Skim","floor":36.0},{"not_picked":["PanicButton","Violence","Good Instincts"],"picked":"Deep Breath","floor":37},{"not_picked":["Leap","Sunder","Cold Snap","Barrage+1"],"picked":"SKIP","floor":39},{"not_picked":["Force Field","Go for the Eyes","Barrage+1"],"picked":"Coolheaded","floor":41},{"not_picked":["Self Repair+1","FTL+1","Redo+1","Sweeping Beam+1"],"picked":"SKIP","floor":48},{"not_picked":["Multi-Cast+1","Force Field+1","Go for the Eyes+1"],"picked":"Hologram+1","floor":55}],"player_experience":4470149,"relics_obtained":[{"floor":7.0,"key":"Question Card"},{"floor":9.0,"key":"WingedGreaves"},{"floor":11.0,"key":"Bird Faced Urn"},{"floor":24.0,"key":"Pocketwatch"},{"floor":26.0,"key":"Anchor"},{"floor":29.0,"key":"Orichalcum"},{"floor":31.0,"key":"Unceasing Top"},{"floor":41,"key":"Toxic Egg 2"},{"floor":43,"key":"Molten Egg 2"},{"floor":48,"key":"Bottled Tornado"},{"floor":55,"key":"Ornamental Fan"}],"event_choices":[{"cards_removed":["Strike_B"],"damage_healed":0.0,"max_hp_gain":0.0,"max_hp_loss":0.0,"gold_gain":0.0,"event_name":"Purifier","player_choice":"Purged","floor":5.0,"gold_loss":0.0,"damage_taken":0.0},{"damage_healed":0.0,"max_hp_gain":5.0,"max_hp_loss":0.0,"gold_gain":0.0,"event_name":"Forgotten Altar","player_choice":"Shed Blood","floor":20.0,"gold_loss":0.0,"damage_taken":22.0},{"cards_removed":["Strike_B"],"damage_healed":0.0,"max_hp_gain":0.0,"max_hp_loss":0.0,"gold_gain":0.0,"event_name":"Bonfire Elementals","player_choice":"Offered Basic","floor":25.0,"gold_loss":0.0,"damage_taken":0.0},{"damage_healed":0,"gold_gain":0,"player_choice":"Memory 1","damage_taken":0,"max_hp_gain":0,"max_hp_loss":0,"event_name":"SensoryStone","floor":37,"gold_loss":0},{"damage_healed":0,"gold_gain":0,"player_choice":"Rummage","damage_taken":0,"relics_obtained":["WarpedTongs"],"max_hp_gain":0,"max_hp_loss":0,"event_name":"Accursed Blacksmith","floor":46,"gold_loss":0,"cards_obtained":["Pain"]}],"is_beta":false,"boss_relics":[{"not_picked":["White Beast Statue","Orrery"],"picked":"Coffee Dripper"},{"not_picked":["Runic Dome","Sozu"],"picked":"Pandora\u0027s Box"}],"items_purged_floors":[54],"is_endless":false,"potions_floor_spawned":[2,4,8,11,16,18,19,30,31,36,41,55],"ascension_level":20}