{"path_per_floor":["M","?","M","?","?","E","M","M","T","M","M","?","E","M","R","B",null,"M","M","?"],"character_chosen":"IRONCLAD","items_purchased":[],"gold_per_floor":[110,110,128,303,303,334,348,368,368,381,391,370,402,420,420,518,518,536,546,546],"floor_reached":21,"campfire_rested":1,"playtime":1872,"current_hp_per_floor":[80,80,72,72,72,34,40,15,15,21,39,39,17,16,40,8,80,48,28,28],"items_purged":[],"gold":546,"score":193,"play_id":"24dd3811-8572-4484-b9c1-121f5aada4b7","local_time":"20180306102057","is_prod":false,"is_daily":false,"is_ascension_mode":false,"campfire_upgraded":0,"timestamp":1520328057,"path_taken":["M","?","M","?","?","E","M","M","T","?","M","?","E","M","R","BOSS","M","M","?","M"],"build_version":"2018-03-01-PROD1","purchased_purges":0,"victory":false,"master_deck":["Strike_R","Strike_R","Strike_R","Strike_R","Strike_R","Defend_R","Defend_R","Defend_R","Defend_R","Bash","Berserk","Bloodletting+1","Impervious","Doubt","Evolve+1","Reaper","Seeing Red","Headbutt","Corruption+1","Wild Strike","Limit Break","Flex","Cleave","Decay"],"max_hp_per_floor":[80,80,80,80,80,80,80,80,80,80,80,80,80,80,80,80,80,80,80,80],"relics":["Black Blood","Frozen Egg 2","Red Skull","Gremlin Horn"],"card_choices":[{"not_picked":["Cleave","Perfected Strike"],"picked":"Bloodletting"},{"not_picked":["Havoc","Whirlwind"],"picked":"Impervious"},{"not_picked":["Corruption","Clash"],"picked":"Evolve"},{"not_picked":["True Grit","Iron Wave"],"picked":"Reaper"},{"not_picked":["Armaments","Warcry"],"picked":"Seeing Red"},{"not_picked":["Second Wind","Reckless Charge"],"picked":"Headbutt"},{"not_picked":["Bloodletting","Combust"],"picked":"Corruption"},{"not_picked":["Disarm","True Grit"],"picked":"Wild Strike"},{"not_picked":["Impervious","Reaper"],"picked":"Limit Break"},{"not_picked":["Ghostly Armor","Havoc"],"picked":"Flex"},{"not_picked":["Pommel Strike","Carnage"],"picked":"Cleave"}],"player_experience":104232,"potions_floor_usage":[6,8,10,16,18,19],"damage_taken":[{"damage":2,"enemies":"Small Slimes","floor":1,"turns":4},{"damage":14,"enemies":"Jaw Worm","floor":3,"turns":2},{"damage":44,"enemies":"3 Sentries","floor":6,"turns":12},{"damage":0,"enemies":"2 Louse","floor":7,"turns":4},{"damage":31,"enemies":"Gremlin Gang","floor":8,"turns":7},{"damage":10,"enemies":"Looter","floor":10,"turns":3},{"damage":2,"enemies":"Large Slime","floor":11,"turns":5},{"damage":35,"enemies":"Gremlin Nob","floor":13,"turns":6},{"damage":14,"enemies":"Blue Slaver","floor":14,"turns":4},{"damage":48,"enemies":"The Guardian","floor":16,"turns":9},{"damage":46,"enemies":"Chosen","floor":18,"turns":7},{"damage":38,"enemies":"3 Byrds","floor":19,"turns":6},{"damage":44,"enemies":"Snake Plant","floor":21,"turns":3}],"event_choices":[{"event_name":"Living Wall","player_choice":"Grow","floor":2,"damage_taken":0},{"event_name":"Liars Game","player_choice":"agreed","floor":4,"damage_taken":0},{"event_name":"The Lab","player_choice":"Got Potions","floor":5,"damage_taken":0},{"event_name":"World of Goop","player_choice":"Left","floor":12,"damage_taken":0},{"event_name":"Wheel of Change","player_choice":"Curse","floor":20,"damage_taken":0}],"boss_relics":[{"not_picked":["Snecko Eye","Velvet Choker"],"picked":"Black Blood"}],"potions_floor_spawned":[7,10,14,16,19],"seed_played":"8927760438282691445","killed_by":"Snake Plant","ascension_level":0,"is_trial":false}