{"gold_per_floor":[117,192,71,86,86,129,129,142,142,142,142,176,176,211,211,307,307,327,341,168,168,168,168,168],"floor_reached":24,"playtime":447,"items_purged":[],"score":570,"play_id":"634a977e-e00d-4cc3-b072-99aa6f8fd20b","local_time":"20190217222455","is_ascension_mode":true,"campfire_choices":[{"data":"Rip and Tear","floor":7.0,"key":"SMITH"},{"data":"Loop","floor":10.0,"key":"SMITH"},{"data":"Dualcast","floor":15.0,"key":"SMITH"},{"data":"Hologram","floor":23,"key":"SMITH"}],"neow_cost":"NONE","seed_source_timestamp":8359422371457,"circlet_count":0,"master_deck":["AscendersBane","Strike_B","Strike_B","Strike_B","Strike_B","Defend_B","Defend_B","Defend_B","Defend_B","Zap","Dualcast+1","Turbo","Rip and Tear+1","BootSequence","Ball Lightning","Loop+1","Coolheaded","Stack","Electrodynamics","Conserve Battery","Hologram+1","Glacier","Melter","Pain"],"special_seed":0,"relics":["Cracked Core","NeowsBlessing","Golden Idol","Question Card","Happy Flower","WingedGreaves","Cables","Letter Opener","Sozu","WarpedTongs"],"potions_floor_usage":[16,16],"damage_taken":[{"damage":0.0,"enemies":"Small Slimes","floor":1.0,"turns":1.0},{"damage":0.0,"enemies":"Jaw Worm","floor":4.0,"turns":1.0},{"damage":0.0,"enemies":"3 Sentries","floor":6.0,"turns":1.0},{"damage":0.0,"enemies":"2 Louse","floor":8.0,"turns":3.0},{"damage":36.0,"enemies":"Gremlin Nob","floor":12.0,"turns":4.0},{"damage":15.0,"enemies":"3 Sentries","floor":14.0,"turns":4.0},{"damage":0,"enemies":"Slime Boss","floor":16,"turns":6},{"damage":7,"enemies":"Chosen","floor":18,"turns":3},{"damage":20,"enemies":"3 Byrds","floor":19,"turns":3},{"damage":23,"enemies":"Gremlin Leader","floor":24,"turns":2}],"seed_played":"3664696395296561386","potions_obtained":[{"floor":4.0,"key":"Strength Potion"},{"floor":12.0,"key":"Explosive Potion"},{"floor":14.0,"key":"GamblersBrew"}],"is_trial":false,"path_per_floor":["M","?","$","M","?","E","R","M","T","R","?","E","?","E","R","B",null,"M","M","$","?","?","R","E"],"character_chosen":"DEFECT","items_purchased":["Rip and Tear","BootSequence","Glacier","Melter"],"campfire_rested":0,"item_purchase_floors":[3,3,20,20],"current_hp_per_floor":[64,53,53,53,53,53,53,53,53,53,48,12,17,2,2,2,49,42,22,22,22,22,22,0],"gold":168,"neow_bonus":"THREE_ENEMY_KILL","is_prod":false,"is_daily":false,"chose_seed":false,"campfire_upgraded":4,"win_rate":0,"timestamp":1550413495,"path_taken":["M","?","$","M","?","E","R","M","T","R","?","E","?","E","R","BOSS","M","M","$","?","?","R","E"],"build_version":"2019-01-23","purchased_purges":0,"victory":false,"max_hp_per_floor":[71,71,71,71,64,64,64,64,64,64,64,64,64,64,64,64,64,64,64,64,64,64,64,64],"card_choices":[{"not_picked":["Chill","Fusion"],"picked":"Turbo","floor":1.0},{"not_picked":["Storm","Redo"],"picked":"Ball Lightning","floor":4.0},{"not_picked":["Barrage","Rebound"],"picked":"Sweeping Beam","floor":6.0},{"not_picked":["Streamline","Cold Snap","Gash"],"picked":"Loop","floor":8.0},{"not_picked":["Stack","Storm","FTL"],"picked":"Coolheaded","floor":12.0},{"not_picked":["Ball Lightning","Compile Driver","Rip and Tear"],"picked":"Stack","floor":14.0},{"not_picked":["Multi-Cast","Reboot","Core Surge"],"picked":"Electrodynamics","floor":16},{"not_picked":["Compile Driver","Chaos","Sweeping Beam"],"picked":"Conserve Battery","floor":18},{"not_picked":["Auto Shields+1","Heatsinks","Turbo"],"picked":"Hologram","floor":19}],"player_experience":803300,"relics_obtained":[{"floor":6.0,"key":"Question Card"},{"floor":9.0,"key":"Happy Flower"},{"floor":12.0,"key":"Cables"},{"floor":14.0,"key":"Letter Opener"}],"event_choices":[{"damage_healed":0.0,"max_hp_gain":0.0,"max_hp_loss":0.0,"gold_gain":75.0,"event_name":"World of Goop","player_choice":"Gather Gold","floor":2.0,"gold_loss":0.0,"damage_taken":11.0},{"damage_healed":0.0,"max_hp_gain":0.0,"max_hp_loss":7.0,"gold_gain":0.0,"event_name":"Golden Idol","player_choice":"Lose Max HP","floor":5.0,"gold_loss":0.0,"damage_taken":0.0,"relics_obtained":["Golden Idol"]},{"damage_healed":0.0,"max_hp_gain":0.0,"max_hp_loss":0.0,"gold_gain":0.0,"event_name":"Scrap Ooze","player_choice":"Success","floor":11.0,"gold_loss":0.0,"damage_taken":5.0,"relics_obtained":["WingedGreaves"]},{"cards_removed":["Sweeping Beam"],"damage_healed":5.0,"max_hp_gain":0.0,"max_hp_loss":0.0,"gold_gain":0.0,"event_name":"Bonfire Elementals","player_choice":"Offered Common","floor":13.0,"gold_loss":0.0,"damage_taken":0.0},{"cards_removed":["Sweeping Beam"],"damage_healed":5.0,"max_hp_gain":0.0,"max_hp_loss":0.0,"gold_gain":0.0,"event_name":"Bonfire Elementals","player_choice":"Offered Special","floor":13.0,"gold_loss":0.0,"damage_taken":0.0},{"damage_healed":0,"gold_gain":0,"player_choice":"Ignored","damage_taken":0,"max_hp_gain":0,"max_hp_loss":0,"event_name":"The Mausoleum","floor":21,"gold_loss":0},{"damage_healed":0,"gold_gain":0,"player_choice":"Rummage","damage_taken":0,"relics_obtained":["WarpedTongs"],"max_hp_gain":0,"max_hp_loss":0,"event_name":"Accursed Blacksmith","floor":22,"gold_loss":0,"cards_obtained":["Pain"]}],"is_beta":false,"boss_relics":[{"not_picked":["Astrolabe","Cursed Key"],"picked":"Sozu"}],"items_purged_floors":[],"is_endless":false,"potions_floor_spawned":[4,12,14,18],"killed_by":"Gremlin Leader","ascension_level":20}