{"path_per_floor":["M","M","M","?","M","E","M","E","T","?","$","E","R","M","R","B",null,"M","M","M","$","M","E","R","E","T"],"character_chosen":"IRONCLAD","items_purchased":["Shrug It Off","Clash","Rupture"],"gold_per_floor":[114,129,144,144,159,189,204,234,234,291,217,247,247,262,262,362,362,377,392,407,371,386,416,416,446,446,446],"floor_reached":27,"campfire_rested":0,"playtime":884,"current_hp_per_floor":[80,80,80,85,77,66,67,52,52,46,46,44,44,50,50,53,85,83,85,85,85,52,31,31,16,16,0],"items_purged":[],"gold":446,"score":325,"play_id":"33d143fd-6a12-4af3-a566-c8579c026fe6","local_time":"20180501094933","daily_mods":["Diverse","Time Dilation","Lethality"],"is_prod":false,"is_daily":true,"chose_seed":false,"is_ascension_mode":false,"campfire_upgraded":3,"timestamp":1525139373,"path_taken":["M","M","M","?","M","E","M","E","T","?","?","E","R","?","R","BOSS","M","M","M","$","M","E","R","E","T","M"],"build_version":"2018-04-27v3","seed_source_timestamp":0,"purchased_purges":2,"victory":false,"master_deck":["Strike_R","Strike_R","Strike_R","Strike_R","Strike_R","Defend_R","Defend_R","Defend_R","Defend_R","Bash+1","Cleave","Rampage+1","Headbutt","Ghostly Armor","Sword Boomerang+1","Shrug It Off+1","Clash","Bloodletting+1","Brutality","Shrug It Off+1","Rupture","Pummel","Limit Break+1","Battle Trance+1"],"max_hp_per_floor":[80,80,80,85,85,85,85,85,85,85,85,85,85,85,85,85,85,85,85,85,85,85,85,85,85,85,85],"relics":["Burning Blood","Prayer Wheel","Mummified Hand","Toxic Egg 2","Lantern","Orichalcum","Black Star","Self Forming Clay","The Courier","Bag of Preparation","Pen Nib","Bottled Flame"],"card_choices":[{"not_picked":["Armaments","Ghostly Armor"],"picked":"Cleave","floor":1},{"not_picked":["Warcry","Shockwave"],"picked":"Rampage","floor":2},{"not_picked":["Armaments","Wild Strike"],"picked":"Headbutt","floor":6},{"not_picked":["Dual Wield","Iron Wave"],"picked":"Ghostly Armor","floor":8},{"not_picked":["Whirlwind","Demon Form"],"picked":"Sword Boomerang","floor":10},{"not_picked":["True Grit","Thunderclap"],"picked":"Bloodletting","floor":14},{"not_picked":["Fiend Fire","Dark Embrace"],"picked":"Brutality","floor":16},{"not_picked":["Entrench","Perfected Strike"],"picked":"Shrug It Off","floor":19},{"not_picked":["Headbutt","Iron Wave"],"picked":"Pummel","floor":22},{"not_picked":["Dropkick","Havoc"],"picked":"Limit Break","floor":23},{"not_picked":["Reckless Charge","Carnage"],"picked":"Battle Trance","floor":26}],"player_experience":449221,"potions_floor_usage":[10,10,23,25],"damage_taken":[{"damage":0,"enemies":"2 Louse","floor":1,"turns":2},{"damage":4,"enemies":"Jaw Worm","floor":2,"turns":3},{"damage":0,"enemies":"Small Slimes","floor":3,"turns":2},{"damage":14,"enemies":"Exordium Wildlife","floor":5,"turns":2},{"damage":17,"enemies":"Gremlin Nob","floor":6,"turns":3},{"damage":5,"enemies":"Blue Slaver","floor":7,"turns":3},{"damage":21,"enemies":"Lagavulin","floor":8,"turns":3},{"damage":12,"enemies":"3 Sentries","floor":10,"turns":5},{"damage":8,"enemies":"Gremlin Nob","floor":12,"turns":3},{"damage":0,"enemies":"Large Slime","floor":14,"turns":2},{"damage":3,"enemies":"Slime Boss","floor":16,"turns":7},{"damage":8,"enemies":"2 Thieves","floor":18,"turns":2},{"damage":3,"enemies":"Spheric Guardian","floor":19,"turns":3},{"damage":3,"enemies":"Centurion and Healer","floor":20,"turns":4},{"damage":39,"enemies":"Snake Plant","floor":22,"turns":4},{"damage":27,"enemies":"Book of Stabbing","floor":23,"turns":3},{"damage":21,"enemies":"Slavers","floor":25,"turns":4},{"damage":19,"enemies":"Slaver and Parasite","floor":27,"turns":2}],"event_choices":[{"event_name":"Big Fish","player_choice":"Donut","floor":4,"damage_taken":0},{"event_name":"Dead Adventurer","player_choice":"Searched \u00272\u0027 times","floor":10,"damage_taken":0}],"boss_relics":[{"not_picked":["Lizard Tail","Ectoplasm"],"picked":"Black Star"}],"potions_floor_spawned":[3,6,7,10,10,18,19],"seed_played":"5608395613026536580","killed_by":"Slaver and Parasite","ascension_level":0,"is_trial":false}