{"gold_per_floor":[109,27,27,51,75,75,114,114,114,114,39,60,60,78,78,203,203,219,318,318,341,364,364,389,389,413,97,97,120,120,136,136,264,264,287,287,287,58,74,74,113,138,138,138,151,39,39,59,59,59],"floor_reached":51,"playtime":4085,"items_purged":["Strike_B"],"score":702,"play_id":"126f3fe3-11cc-4b03-883d-bc56107798ca","local_time":"20190615233822","is_ascension_mode":false,"campfire_choices":[{"data":"Rip and Tear","floor":6.0,"key":"SMITH"},{"data":"Beam Cell","floor":8.0,"key":"SMITH"},{"data":"Dualcast","floor":10.0,"key":"SMITH"},{"data":"Recycle","floor":15.0,"key":"SMITH"},{"data":"Zap","floor":23.0,"key":"SMITH"},{"data":"Buffer","floor":25.0,"key":"SMITH"},{"data":"Coolheaded","floor":28.0,"key":"SMITH"},{"data":"Blizzard","floor":30.0,"key":"SMITH"},{"data":"Fission","floor":32.0,"key":"SMITH"},{"data":"Impatience","floor":40.0,"key":"SMITH"},{"data":"Impatience","floor":44.0,"key":"SMITH"},{"data":"Defragment","floor":49.0,"key":"SMITH"}],"neow_cost":"NONE","seed_source_timestamp":14041493295044,"circlet_count":0,"master_deck":["Strike_B","Strike_B","Defend_B","Defend_B","Defend_B","Defend_B","Zap+1","Rip and Tear+1","Recycle+1","Beam Cell+1","Chill+1","Conserve Battery","Buffer+1","White Noise","White Noise+1","All For One","Blizzard+1","White Noise","Coolheaded+1","Fission+1","Creative AI","Coolheaded+1","Sadistic Nature","Impatience+1","Dark Shackles","BootSequence","Impatience+1","Capacitor+1","Glacier","Defragment+1","Chill+1"],"special_seed":0,"relics":["Cracked Core","Golden Idol","Turnip","Mummified Hand","Eternal Feather","War Paint","Pen Nib","Dead Branch","Cursed Key","DollysMirror","Smiling Mask"],"potions_floor_usage":[50],"damage_taken":[{"damage":1.0,"enemies":"2 Louse","floor":1.0,"turns":2.0},{"damage":1.0,"enemies":"Jaw Worm","floor":4.0,"turns":3.0},{"damage":0.0,"enemies":"Cultist","floor":5.0,"turns":3.0},{"damage":23.0,"enemies":"Gremlin Nob","floor":7.0,"turns":4.0},{"damage":6.0,"enemies":"3 Louse","floor":12.0,"turns":3.0},{"damage":0.0,"enemies":"2 Fungi Beasts","floor":14.0,"turns":4.0},{"damage":13.0,"enemies":"Hexaghost","floor":16.0,"turns":9.0},{"damage":0.0,"enemies":"Chosen","floor":18.0,"turns":5.0},{"damage":1.0,"enemies":"2 Thieves","floor":21.0,"turns":4.0},{"damage":10.0,"enemies":"Centurion and Healer","floor":22.0,"turns":8.0},{"damage":1.0,"enemies":"Snecko","floor":24.0,"turns":3.0},{"damage":0.0,"enemies":"Shelled Parasite and Fungi","floor":29.0,"turns":2.0},{"damage":2.0,"enemies":"3 Cultists","floor":31.0,"turns":4.0},{"damage":9.0,"enemies":"Champ","floor":33.0,"turns":7.0},{"damage":18.0,"enemies":"3 Darklings","floor":35.0,"turns":5.0},{"damage":0.0,"enemies":"Orb Walker","floor":39.0,"turns":3.0},{"damage":4.0,"enemies":"Nemesis","floor":41.0,"turns":5.0},{"damage":0.0,"enemies":"Spire Growth","floor":42.0,"turns":1.0},{"damage":0.0,"enemies":"Maw","floor":45.0,"turns":4.0},{"damage":0.0,"enemies":"Sphere and 2 Shapes","floor":48.0,"turns":4.0},{"damage":0,"enemies":"Awakened One","floor":50,"turns":7}],"seed_played":"-8336246504781836","potions_obtained":[{"floor":4.0,"key":"LiquidBronze"},{"floor":12.0,"key":"Fire Potion"},{"floor":14.0,"key":"Swift Potion"},{"floor":16.0,"key":"GamblersBrew"},{"floor":33.0,"key":"LiquidBronze"},{"floor":42.0,"key":"Ancient Potion"}],"is_trial":false,"path_per_floor":["M","$","?","M","M","R","E","R","T","R","$","M","?","M","R","B",null,"M","?","?","M","M","R","M","R","T","$","R","M","R","M","R","B",null,"M","?","?","$","M","R","E","M","T","R","M","$","?","M","R","B",null],"character_chosen":"DEFECT","items_purchased":["Recycle","Beam Cell","Coolheaded","Dead Branch","BootSequence","DollysMirror","Glacier","Defragment"],"campfire_rested":0,"item_purchase_floors":[2,2,27,27,38,38,46,46],"current_hp_per_floor":[74,74,56,55,55,55,32,32,32,32,32,26,26,26,26,13,75,75,75,75,74,64,73,72,75,75,75,75,75,75,73,75,66,75,57,57,47,47,47,62,58,58,58,73,73,73,73,73,75,75],"gold":59,"neow_bonus":"REMOVE_CARD","is_prod":false,"is_daily":false,"chose_seed":false,"campfire_upgraded":12,"win_rate":0,"timestamp":1560613102,"path_taken":["M","$","?","M","M","R","E","R","T","R","$","M","?","?","R","BOSS","M","?","?","?","M","R","M","R","T","$","R","M","R","M","R","BOSS","M","?","?","$","M","R","E","M","T","R","M","$","?","M","R","BOSS"],"build_version":"2019-01-23","purchased_purges":1,"victory":true,"max_hp_per_floor":[75,75,75,75,75,75,75,75,75,75,75,75,75,75,75,75,75,75,75,75,75,75,75,75,75,75,75,75,75,75,75,75,75,75,75,75,75,75,75,75,75,75,75,75,75,75,75,75,75,75],"card_choices":[{"not_picked":["Barrage","Hello World"],"picked":"Rip and Tear","floor":1.0},{"not_picked":["Stack","Barrage"],"picked":"Chill","floor":4.0},{"not_picked":["Aggregate","Static Discharge","Hologram"],"picked":"SKIP","floor":5.0},{"not_picked":["Beam Cell","Conserve Battery","Reprogram"],"picked":"SKIP","floor":7.0},{"not_picked":["Aggregate","Stack"],"picked":"Conserve Battery","floor":12.0},{"not_picked":["Conserve Battery","Beam Cell"],"picked":"White Noise","floor":14.0},{"not_picked":["Reboot","Fission"],"picked":"All For One","floor":16.0},{"not_picked":["Aggregate","Rebound","Gash"],"picked":"SKIP","floor":18.0},{"not_picked":["Sweeping Beam+1","Rebound","Cold Snap"],"picked":"SKIP","floor":21.0},{"not_picked":["Gash","Beam Cell"],"picked":"Blizzard","floor":22.0},{"not_picked":["Stack","Compile Driver+1"],"picked":"White Noise","floor":24.0},{"not_picked":["Barrage","Rebound+1","Melter"],"picked":"SKIP","floor":29.0},{"not_picked":["Ball Lightning","Chill"],"picked":"Fission","floor":31.0},{"not_picked":["Core Surge","Multi-Cast"],"picked":"Creative AI","floor":33.0},{"not_picked":["Rip and Tear","Skim"],"picked":"Coolheaded+1","floor":35.0},{"not_picked":["Good Instincts","Violence"],"picked":"Sadistic Nature","floor":37.0},{"not_picked":["Mind Blast","Madness"],"picked":"Impatience","floor":37.0},{"not_picked":["Blind","Swift Strike"],"picked":"Dark Shackles","floor":37.0},{"not_picked":["Ball Lightning","Reprogram+1","Redo"],"picked":"SKIP","floor":39.0},{"not_picked":["BootSequence+1","Barrage"],"picked":"Capacitor+1","floor":41.0},{"not_picked":["Scrape+1","Aggregate+1","Rebound+1"],"picked":"SKIP","floor":42.0},{"not_picked":["Hologram+1","Sunder","Genetic Algorithm+1"],"picked":"SKIP","floor":45.0},{"not_picked":["Storm","Turbo+1"],"picked":"Chill+1","floor":48.0}],"player_experience":5267785,"relics_obtained":[{"floor":7.0,"key":"Turnip"},{"floor":9.0,"key":"Mummified Hand"},{"floor":26.0,"key":"Pen Nib"},{"floor":41.0,"key":"Smiling Mask"}],"event_choices":[{"damage_healed":0.0,"max_hp_gain":0.0,"max_hp_loss":0.0,"gold_gain":0.0,"event_name":"Golden Idol","player_choice":"Take Damage","floor":3.0,"gold_loss":0.0,"damage_taken":18.0,"relics_obtained":["Golden Idol"]},{"damage_healed":0.0,"max_hp_gain":0.0,"max_hp_loss":0.0,"gold_gain":0.0,"event_name":"Match and Keep!","player_choice":"2 cards matched","floor":13.0,"gold_loss":0.0,"damage_taken":0.0,"cards_obtained":["Buffer","White Noise"]},{"damage_healed":0.0,"max_hp_gain":0.0,"max_hp_loss":0.0,"gold_gain":99.0,"event_name":"Nest","player_choice":"Stole From Cult","floor":19.0,"gold_loss":0.0,"damage_taken":0.0},{"damage_healed":0.0,"max_hp_gain":0.0,"max_hp_loss":0.0,"gold_gain":0.0,"event_name":"WeMeetAgain","player_choice":"Gave Potion","floor":20.0,"gold_loss":0.0,"damage_taken":0.0,"relics_obtained":["War Paint"]},{"damage_healed":0.0,"max_hp_gain":0.0,"max_hp_loss":0.0,"gold_gain":0.0,"event_name":"Tomb of Lord Red Mask","player_choice":"Ignored","floor":36.0,"gold_loss":0.0,"damage_taken":0.0},{"damage_healed":0.0,"max_hp_gain":0.0,"max_hp_loss":0.0,"gold_gain":0.0,"event_name":"SensoryStone","player_choice":"Memory 3","floor":37.0,"gold_loss":0.0,"damage_taken":10.0},{"cards_removed":["Dualcast"],"damage_healed":0.0,"max_hp_gain":0.0,"max_hp_loss":0.0,"gold_gain":0.0,"event_name":"Falling","player_choice":"Removed Skill","floor":47.0,"gold_loss":0.0,"damage_taken":0.0}],"is_beta":false,"boss_relics":[{"not_picked":["Snecko Eye","Philosopher\u0027s Stone"],"picked":"Eternal Feather"},{"not_picked":["FrozenCore","Velvet Choker"],"picked":"Cursed Key"}],"items_purged_floors":[11],"is_endless":false,"potions_floor_spawned":[4,12,14,16,18,33,39,41,42],"ascension_level":0}