{"gold_per_floor":[109,127,57,57,75,75,4,4,4,4,78,78,94,19,19,123,123,140,140,40,40,51,51,51,51,51,51,51,64,81,93,93,188,188,206,221,240,251,251,251,262,262,287,15,15,35,35,50,50,50],"floor_reached":51,"playtime":1960,"items_purged":["Strike_G","Strike_G","Strike_G"],"score":637,"play_id":"cd36c7e1-06f6-4be8-9587-228925bd0f24","local_time":"20181024131652","is_ascension_mode":false,"campfire_choices":[{"data":"Noxious Fumes","floor":6.0,"key":"SMITH"},{"data":"Well Laid Plans","floor":10.0,"key":"SMITH"},{"data":"Footwork","floor":12.0,"key":"SMITH"},{"data":"Deadly Poison","floor":15.0,"key":"SMITH"},{"data":"Noxious Fumes","floor":23.0,"key":"SMITH"},{"floor":25.0,"key":"REST"},{"data":"Noxious Fumes","floor":32.0,"key":"SMITH"},{"data":"Malaise","floor":40,"key":"SMITH"},{"data":"Neutralize","floor":42,"key":"SMITH"},{"data":"Night Terror","floor":45,"key":"SMITH"},{"data":"Malaise","floor":49,"key":"SMITH"}],"neow_cost":"TEN_PERCENT_HP_LOSS","seed_source_timestamp":10022798197851,"circlet_count":0,"master_deck":["Defend_G","Defend_G","Defend_G","Defend_G","Defend_G","Strike_G","Strike_G","Survivor","Neutralize+1","Deadly Poison+1","Well Laid Plans+1","Corpse Explosion","Noxious Fumes+1","Footwork+1","Backflip","Tools of the Trade","Noxious Fumes+1","Noxious Fumes+1","Acrobatics","Malaise+1","Concentrate","Deflect","Night Terror+1","Malaise+1","Parasite","Backflip"],"special_seed":0,"relics":["Ring of the Snake","Calipers","NlothsMask","Blue Candle","Velvet Choker","Meat on the Bone","Runic Pyramid","Bag of Preparation","Anchor"],"potions_floor_usage":[46,50],"damage_taken":[{"damage":1.0,"enemies":"2 Louse","floor":1.0,"turns":3.0},{"damage":0.0,"enemies":"Cultist","floor":2.0,"turns":4.0},{"damage":0.0,"enemies":"Small Slimes","floor":5.0,"turns":4.0},{"damage":0.0,"enemies":"Gremlin Gang","floor":13.0,"turns":1.0},{"damage":27.0,"enemies":"Slime Boss","floor":16.0,"turns":8.0},{"damage":12.0,"enemies":"3 Byrds","floor":18.0,"turns":3.0},{"damage":12.0,"enemies":"Shell Parasite","floor":22.0,"turns":5.0},{"damage":29.0,"enemies":"Colosseum Slavers","floor":24.0,"turns":5.0},{"damage":1.0,"enemies":"Cultist and Chosen","floor":29.0,"turns":6.0},{"damage":21.0,"enemies":"Snecko","floor":30.0,"turns":5.0},{"damage":0.0,"enemies":"Shelled Parasite and Fungi","floor":31.0,"turns":5.0},{"damage":39.0,"enemies":"Collector","floor":33.0,"turns":9.0},{"damage":0.0,"enemies":"Orb Walker","floor":35.0,"turns":6.0},{"damage":12,"enemies":"3 Shapes","floor":36,"turns":3},{"damage":27,"enemies":"Spire Growth","floor":37,"turns":7},{"damage":15,"enemies":"Sphere and 2 Shapes","floor":38,"turns":6},{"damage":25,"enemies":"Jaw Worm Horde","floor":41,"turns":4},{"damage":0,"enemies":"Spire Growth","floor":46,"turns":6},{"damage":1,"enemies":"Writhing Mass","floor":48,"turns":7},{"damage":28,"enemies":"Awakened One","floor":50,"turns":17}],"seed_played":"8936897569624108807","potions_obtained":[{"floor":2.0,"key":"SpeedPotion"},{"floor":5.0,"key":"SteroidPotion"},{"floor":16.0,"key":"SteroidPotion"},{"floor":27.0,"key":"AttackPotion"},{"floor":27.0,"key":"Block Potion"},{"floor":27.0,"key":"SpeedPotion"},{"floor":29.0,"key":"Ancient Potion"},{"floor":37,"key":"AttackPotion"},{"floor":41,"key":"Explosive Potion"},{"floor":48,"key":"FearPotion"}],"is_trial":false,"path_per_floor":["M","M","$","?","M","R","$","?","T","R","T","R","M","$","R","B",null,"M","?","$","?","M","R","?","R","T","?","$","M","M","M","R","B",null,"M","M","M","M","?","R","M","R","T","$","R","M","?","M","R","B"],"character_chosen":"THE_SILENT","items_purchased":["Well Laid Plans","Footwork","Night Terror"],"campfire_rested":1,"item_purchase_floors":[3,7,44],"current_hp_per_floor":[62,62,62,62,62,62,62,62,62,62,62,62,62,62,62,35,63,51,51,51,51,39,39,10,28,28,28,28,39,30,42,42,15,63,63,51,36,33,33,33,20,20,20,20,20,32,32,43,43,27],"gold":50,"neow_bonus":"ONE_RARE_RELIC","is_prod":false,"is_daily":false,"chose_seed":false,"campfire_upgraded":10,"win_rate":0,"timestamp":1540358212,"path_taken":["M","M","$","?","?","R","?","?","T","R","?","R","M","$","R","BOSS","M","?","$","?","M","R","?","R","T","?","?","M","?","M","R","BOSS","M","M","M","M","?","R","M","R","T","$","R","M","?","M","R","BOSS"],"build_version":"2018-10-18","purchased_purges":3,"victory":true,"max_hp_per_floor":[63,63,63,63,63,63,63,63,63,63,63,63,63,63,63,63,63,63,63,63,63,63,63,63,63,63,63,63,63,63,63,63,63,63,63,63,63,63,63,63,63,63,63,63,63,63,63,63,63,63],"card_choices":[{"not_picked":["Terror","Outmaneuver"],"picked":"Deadly Poison","floor":1.0},{"not_picked":["Underhanded Strike","Accuracy","Deflect"],"picked":"SKIP","floor":2.0},{"not_picked":["Dodge and Roll","Prepared"],"picked":"Noxious Fumes","floor":5.0},{"not_picked":["Blade Dance","Underhanded Strike"],"picked":"Backflip","floor":13.0},{"not_picked":["Phantasmal Killer","Unload"],"picked":"Tools of the Trade","floor":16.0},{"not_picked":["Escape Plan","Riddle With Holes"],"picked":"Noxious Fumes","floor":18.0},{"not_picked":["Reflex","Cloak And Dagger","Bane"],"picked":"SKIP","floor":22.0},{"not_picked":["Reflex","Bouncing Flask","Masterful Stab"],"picked":"SKIP","floor":29.0},{"not_picked":["Cloak And Dagger","Choke"],"picked":"Acrobatics","floor":30.0},{"not_picked":["PiercingWail","Backstab","Crippling Poison"],"picked":"SKIP","floor":31.0},{"not_picked":["Corpse Explosion","Envenom"],"picked":"Malaise","floor":33.0},{"not_picked":["Dagger Throw+1","Cloak And Dagger"],"picked":"Concentrate","floor":35.0},{"not_picked":["Poisoned Stab+1","Terror+1","Infinite Blades"],"picked":"SKIP","floor":36},{"not_picked":["Blade Dance","Quick Slash+1","Prepared"],"picked":"SKIP","floor":37},{"not_picked":["Riddle With Holes+1","Sucker Punch","Dagger Spray+1"],"picked":"SKIP","floor":38},{"not_picked":["Quick Slash","Flying Knee+1"],"picked":"Deflect","floor":41},{"not_picked":["Dagger Spray+1","Bouncing Flask"],"picked":"Malaise","floor":46},{"not_picked":["Blur","Sucker Punch"],"picked":"Backflip","floor":48}],"player_experience":594468,"relics_obtained":[{"floor":11.0,"key":"Blue Candle"},{"floor":26.0,"key":"Meat on the Bone"},{"floor":43,"key":"Bag of Preparation"}],"event_choices":[{"damage_healed":0.0,"max_hp_gain":0.0,"max_hp_loss":0.0,"gold_gain":0.0,"event_name":"Match and Keep!","player_choice":"1 cards matched","floor":4.0,"gold_loss":0.0,"damage_taken":0.0,"cards_obtained":["Corpse Explosion"]},{"damage_healed":0.0,"max_hp_gain":0.0,"max_hp_loss":0.0,"gold_gain":0.0,"event_name":"FaceTrader","player_choice":"Trade","floor":8.0,"gold_loss":0.0,"damage_taken":0.0,"relics_obtained":["NlothsMask"]},{"damage_healed":0.0,"max_hp_gain":0.0,"max_hp_loss":0.0,"gold_gain":0.0,"event_name":"Match and Keep!","player_choice":"1 cards matched","floor":19.0,"gold_loss":0.0,"damage_taken":0.0,"cards_obtained":["Noxious Fumes"]},{"damage_healed":0.0,"max_hp_gain":0.0,"max_hp_loss":0.0,"gold_gain":0.0,"event_name":"Beggar","player_choice":"Ignored","floor":21.0,"gold_loss":0.0,"damage_taken":0.0},{"damage_healed":0.0,"max_hp_gain":0.0,"max_hp_loss":0.0,"gold_gain":0.0,"event_name":"Colosseum","player_choice":"Fight","floor":24.0,"gold_loss":0.0,"damage_taken":0.0},{"damage_healed":0.0,"max_hp_gain":0.0,"max_hp_loss":0.0,"gold_gain":0.0,"event_name":"Colosseum","player_choice":"Fled From Nobs","floor":24.0,"gold_loss":0.0,"damage_taken":0.0},{"damage_healed":0.0,"max_hp_gain":0.0,"max_hp_loss":0.0,"gold_gain":0.0,"event_name":"The Lab","player_choice":"Got Potions","floor":27.0,"gold_loss":0.0,"damage_taken":0.0},{"damage_healed":0,"gold_gain":0,"player_choice":"Ignored","damage_taken":0,"max_hp_gain":0,"max_hp_loss":0,"event_name":"Mysterious Sphere","floor":39,"gold_loss":0},{"damage_healed":0,"gold_gain":0,"player_choice":"Gave Potion","damage_taken":0,"relics_obtained":["Anchor"],"max_hp_gain":0,"max_hp_loss":0,"event_name":"WeMeetAgain","floor":47,"gold_loss":0}],"is_beta":false,"boss_relics":[{"not_picked":["Ectoplasm","Lizard Tail"],"picked":"Velvet Choker"},{"not_picked":["Snecko Eye","White Beast Statue"],"picked":"Runic Pyramid"}],"items_purged_floors":[14,20,44],"is_endless":false,"potions_floor_spawned":[2,5,16,24,29,30,37,41,48],"ascension_level":0}