{"gold_per_floor":[215,114,114,94,110,110,124,124,149,149,162,196,210,221,221,221],"floor_reached":16,"playtime":312,"items_purged":["Strike_B"],"score":204,"play_id":"3bacf30e-ec1b-4746-b79c-c9e8b69c90aa","local_time":"20190306112111","is_ascension_mode":true,"campfire_choices":[{"data":"Streamline","floor":6.0,"key":"SMITH"},{"data":"Chaos","floor":8.0,"key":"SMITH"},{"data":"Dualcast","floor":10.0,"key":"SMITH"},{"data":"Hologram","floor":15,"key":"SMITH"}],"neow_cost":"NONE","seed_source_timestamp":8425027173760,"circlet_count":0,"master_deck":["AscendersBane","Strike_B","Strike_B+1","Strike_B","Defend_B","Defend_B","Defend_B+1","Defend_B","Zap","Dualcast+1","Streamline+1","Chaos+1","Hologram+1","Turbo","Ball Lightning","FTL"],"special_seed":0,"relics":["Cracked Core","Bronze Scales","Potion Belt"],"potions_floor_usage":[],"damage_taken":[{"damage":6.0,"enemies":"Small Slimes","floor":1.0,"turns":4.0},{"damage":6.0,"enemies":"Jaw Worm","floor":5.0,"turns":3.0},{"damage":0.0,"enemies":"Cultist","floor":7.0,"turns":3.0},{"damage":7,"enemies":"Large Slime","floor":11,"turns":4},{"damage":5,"enemies":"3 Sentries","floor":12,"turns":5},{"damage":0,"enemies":"Blue Slaver","floor":13,"turns":2},{"damage":7,"enemies":"Looter","floor":14,"turns":3},{"damage":0,"enemies":"The Guardian","floor":16,"turns":2}],"seed_played":"204554504418715990","potions_obtained":[{"floor":4.0,"key":"SteroidPotion"},{"floor":12,"key":"Poison Potion"},{"floor":13,"key":"Regen Potion"},{"floor":14,"key":"Poison Potion"}],"is_trial":false,"path_per_floor":["M","$","?","?","M","R","M","R","T","R","M","E","M","M","R","B"],"character_chosen":"DEFECT","items_purchased":["Streamline"],"campfire_rested":0,"item_purchase_floors":[2],"current_hp_per_floor":[58,58,37,37,31,31,31,31,31,31,24,19,19,12,12,12],"gold":221,"neow_bonus":"HUNDRED_GOLD","is_prod":false,"is_daily":false,"chose_seed":false,"campfire_upgraded":4,"win_rate":0,"timestamp":1551842471,"path_taken":["M","$","?","?","M","R","M","R","T","R","M","E","M","?","R","BOSS"],"build_version":"2019-01-23","purchased_purges":1,"victory":false,"max_hp_per_floor":[71,71,71,71,71,71,71,71,71,71,71,71,71,71,71,71],"card_choices":[{"not_picked":["Gash","Steam","Fusion"],"picked":"SKIP","floor":1.0},{"not_picked":["Redo","Go for the Eyes","Barrage"],"picked":"SKIP","floor":5.0},{"not_picked":["Stack","Coolheaded"],"picked":"Chaos","floor":7.0},{"not_picked":["Gash","Compile Driver"],"picked":"Hologram","floor":11},{"not_picked":["Gash","Leap","Turbo"],"picked":"SKIP","floor":12},{"not_picked":["Gash","Leap"],"picked":"Turbo","floor":12},{"not_picked":["Scrape","Compile Driver"],"picked":"Ball Lightning","floor":13},{"not_picked":["Conserve Battery","Stack"],"picked":"FTL","floor":14}],"player_experience":3350159,"relics_obtained":[{"floor":9.0,"key":"Bronze Scales"},{"floor":12,"key":"Potion Belt"}],"event_choices":[{"damage_healed":0.0,"max_hp_gain":0.0,"max_hp_loss":0.0,"gold_gain":0.0,"event_name":"Shining Light","player_choice":"Entered Light","floor":3.0,"gold_loss":0.0,"damage_taken":21.0,"cards_upgraded":["Defend_B","Strike_B"]},{"damage_healed":0.0,"max_hp_gain":0.0,"max_hp_loss":0.0,"gold_gain":0.0,"event_name":"The Woman in Blue","player_choice":"Bought 1 Potion","floor":4.0,"gold_loss":0.0,"damage_taken":0.0}],"is_beta":false,"boss_relics":[],"items_purged_floors":[2],"is_endless":false,"potions_floor_spawned":[12,13,14],"killed_by":"The Guardian","ascension_level":20}