{"path_per_floor":["M","?","M","?","?","R","?","$","T","M","R","$","R","E","R","B",null,"M","?","?","M","$","E","$","R","T","M","R","?","?","M","R","B",null,"M","?","$","M","T","E","?","R","T","R","M","R","M","M","R"],"character_chosen":"IRONCLAD","items_purchased":["Gremlin Horn","Flex","Ghostly Armor","Evolve","Battle Trance"],"gold_per_floor":[117,292,304,254,254,254,314,57,108,120,120,15,15,41,41,143,143,156,156,156,172,66,100,100,100,100,112,112,112,112,132,132,227,227,239,239,164,178,178,205,0,0,0,0,13,13,31,46,46],"floor_reached":50,"campfire_rested":3,"playtime":3189,"current_hp_per_floor":[89,89,79,79,79,79,62,62,62,66,66,66,66,25,53,23,94,94,94,94,80,80,67,67,67,67,46,46,46,46,41,41,11,65,64,56,56,57,57,18,18,37,37,37,65,65,59,45,64],"items_purged":["Doubt"],"gold":46,"score":460,"play_id":"e339bf6a-8d7a-4ee3-a2e8-435b978e83f6","local_time":"20180305231450","is_prod":false,"is_daily":false,"is_ascension_mode":false,"campfire_upgraded":5,"timestamp":1520288090,"path_taken":["M","?","M","?","?","R","?","$","T","M","R","$","R","E","R","BOSS","M","?","?","M","$","E","$","R","T","M","R","?","?","?","R","BOSS","M","?","$","?","?","E","?","R","T","R","M","R","M","M","R","BOSS"],"build_version":"2018-03-01-PROD1","purchased_purges":1,"victory":false,"master_deck":["Bash","Body Slam+1","Combust","Shrug It Off","Reaper+1","Flex+1","Ghostly Armor","Uppercut","Bludgeon","Warcry","Evolve+1","Battle Trance+1","Writhe","Bite","Bite","Bite","Bite","Bite","Reaper","Reaper+1","Intimidate+1","Battle Trance+1","Metallicize","Madness","Madness","Immolate","Clash+1","Dropkick+1","Heavy Blade+1","Inflame+1"],"max_hp_per_floor":[94,94,94,94,94,94,94,94,94,94,94,94,94,94,94,94,94,94,94,94,94,94,94,94,94,94,94,94,94,65,65,65,65,65,65,65,65,65,65,65,65,65,65,65,65,65,65,65,65],"relics":["Burning Blood","Mango","Vajra","Gremlin Horn","Dream Catcher","Bronze Scales","Mark of Pain","Girya","Peace Pipe","Ancient Tea Set","Astrolabe","Bottled Flame","Blood Vial","Red Mask","Ice Cream"],"card_choices":[{"not_picked":["Sword Boomerang","Warcry"],"picked":"Body Slam"},{"not_picked":["Pommel Strike","Iron Wave"],"picked":"Intimidate"},{"not_picked":["Warcry","Body Slam"],"picked":"Shrug It Off"},{"not_picked":["Twin Strike","Wild Strike"],"picked":"Reaper"},{"not_picked":["Iron Wave","Shrug It Off"],"picked":"Uppercut"},{"not_picked":["Limit Break","Fiend Fire"],"picked":"Bludgeon"},{"not_picked":["Shrug It Off","Perfected Strike"],"picked":"Warcry"},{"not_picked":["Limit Break","Immolate"],"picked":"Reaper"},{"not_picked":["Infernal Blade","Shrug It Off"],"picked":"Metallicize"},{"not_picked":["Clothesline","Cleave"],"picked":"Immolate"},{"not_picked":["Flex","Sever Soul"],"picked":"Clash"},{"not_picked":["Perfected Strike","Burning Pact"],"picked":"Dropkick"},{"not_picked":["Corruption","Reckless Charge"],"picked":"Heavy Blade"},{"not_picked":["Burning Pact","Combust"],"picked":"Inflame"}],"player_experience":95741,"potions_floor_usage":[7,18,23,40,48],"damage_taken":[{"damage":11,"enemies":"2 Louse","floor":1,"turns":3},{"damage":16,"enemies":"Jaw Worm","floor":3,"turns":4},{"damage":23,"enemies":"Gremlin Nob","floor":7,"turns":5},{"damage":2,"enemies":"Cultist","floor":10,"turns":4},{"damage":54,"enemies":"Lagavulin","floor":14,"turns":9},{"damage":46,"enemies":"Slime Boss","floor":16,"turns":9},{"damage":2,"enemies":"2 Thieves","floor":18,"turns":4},{"damage":20,"enemies":"Shell Parasite","floor":21,"turns":5},{"damage":33,"enemies":"Slavers","floor":23,"turns":5},{"damage":38,"enemies":"Sentry and Sphere","floor":27,"turns":3},{"damage":27,"enemies":"Slaver and Parasite","floor":31,"turns":6},{"damage":95,"enemies":"Collector","floor":33,"turns":8},{"damage":32,"enemies":"Orb Walker","floor":35,"turns":4},{"damage":44,"enemies":"3 Shapes","floor":38,"turns":4},{"damage":67,"enemies":"Giant Head","floor":40,"turns":7},{"damage":19,"enemies":"3 Darklings","floor":45,"turns":3},{"damage":24,"enemies":"4 Shapes","floor":47,"turns":3},{"damage":57,"enemies":"Maw","floor":48,"turns":6},{"damage":88,"enemies":"Donu and Deca","floor":50,"turns":4}],"event_choices":[{"event_name":"Liars Game","player_choice":"agreed","floor":2,"damage_taken":0},{"event_name":"The Cleric","player_choice":"Card Removal","floor":4,"damage_taken":0},{"event_name":"Living Wall","player_choice":"Change","floor":5,"damage_taken":0},{"event_name":"Dead Adventurer","player_choice":"Searched \u00273\u0027 times","floor":7,"damage_taken":0},{"event_name":"Bonfire Elementals","player_choice":"UNCOMMON","floor":19,"damage_taken":0},{"event_name":"Back to Basics","player_choice":"Simplicity","floor":20,"damage_taken":0},{"event_name":"The Mausoleum","player_choice":"Yes","floor":29,"damage_taken":0},{"event_name":"Vampires","player_choice":"Became a vampire","floor":30,"damage_taken":0},{"event_name":"Winding Halls","player_choice":"Embrace Madness","floor":36,"damage_taken":0},{"event_name":"Tomb of Lord Red Mask","player_choice":"Paid","floor":41,"damage_taken":0}],"boss_relics":[{"not_picked":["Black Star","Runic Cube"],"picked":"Mark of Pain"},{"not_picked":["Tiny House","Cursed Key"],"picked":"Astrolabe"}],"potions_floor_spawned":[3,16,21,33,40,47],"seed_played":"1441502200649260450","killed_by":"Donu and Deca","ascension_level":0,"is_trial":false}