{"gold_per_floor":[118,118,193,193,216,255,255,290,340,340,360,360,374,374],"floor_reached":14,"playtime":168,"items_purged":[],"score":246,"play_id":"645fd131-6a6c-453f-a7c7-46fa3094bd99","local_time":"20181224121858","is_ascension_mode":true,"campfire_choices":[{"data":"Flechettes","floor":7.0,"key":"SMITH"},{"data":"Tactician","floor":10.0,"key":"SMITH"}],"neow_cost":"NONE","seed_source_timestamp":6864851626364,"circlet_count":0,"master_deck":["AscendersBane","Defend_G","Defend_G","Defend_G","Defend_G","Defend_G","Strike_G","Strike_G","Strike_G","Strike_G","Strike_G","Survivor","Neutralize+1","Poisoned Stab","Flechettes+1","Tactician+1","Well Laid Plans","Acrobatics"],"special_seed":0,"relics":["Ring of the Snake","NeowsBlessing","Golden Idol","Boot","Bottled Lightning"],"potions_floor_usage":[],"damage_taken":[{"damage":0.0,"enemies":"2 Louse","floor":1.0,"turns":1.0},{"damage":0.0,"enemies":"Jaw Worm","floor":5.0,"turns":1.0},{"damage":0.0,"enemies":"Lagavulin","floor":6.0,"turns":1.0},{"damage":21.0,"enemies":"Gremlin Nob","floor":8.0,"turns":4.0},{"damage":1.0,"enemies":"Small Slimes","floor":11.0,"turns":3.0},{"damage":11,"enemies":"Looter","floor":13,"turns":3}],"seed_played":"8564509810946585248","potions_obtained":[{"floor":8.0,"key":"Explosive Potion"}],"is_trial":false,"path_per_floor":["M","?","?","?","M","E","R","E","T","R","M","?","M","?"],"character_chosen":"THE_SILENT","items_purchased":[],"campfire_rested":0,"item_purchase_floors":[],"current_hp_per_floor":[59,59,48,53,53,53,53,32,32,32,31,31,20,0],"gold":374,"neow_bonus":"THREE_ENEMY_KILL","is_prod":false,"is_daily":false,"chose_seed":false,"campfire_upgraded":2,"win_rate":0,"timestamp":1545625138,"path_taken":["M","?","?","?","M","E","R","E","T","R","?","?","M","?"],"build_version":"2018-12-20","purchased_purges":0,"victory":false,"max_hp_per_floor":[66,60,60,65,65,65,65,65,65,65,65,65,65,65],"card_choices":[{"not_picked":["PiercingWail","Acrobatics"],"picked":"Poisoned Stab","floor":1.0},{"not_picked":["Blade Dance","Slice"],"picked":"Flechettes","floor":5.0},{"not_picked":["Endless Agony","Flying Knee","Deadly Poison"],"picked":"SKIP","floor":6.0},{"not_picked":["Expertise","Backflip"],"picked":"Tactician","floor":8.0},{"not_picked":["Calculated Gamble","Outmaneuver"],"picked":"Well Laid Plans","floor":11.0},{"not_picked":["Sucker Punch","Predator"],"picked":"Acrobatics","floor":13}],"player_experience":1235154,"relics_obtained":[{"floor":6.0,"key":"Boot"},{"floor":8.0,"key":"Bottled Lightning"}],"event_choices":[{"damage_healed":0.0,"max_hp_gain":0.0,"max_hp_loss":6.0,"gold_gain":0.0,"event_name":"Golden Idol","player_choice":"Lose Max HP","floor":2.0,"gold_loss":0.0,"damage_taken":0.0,"relics_obtained":["Golden Idol"]},{"damage_healed":0.0,"max_hp_gain":0.0,"max_hp_loss":0.0,"gold_gain":75.0,"event_name":"World of Goop","player_choice":"Gather Gold","floor":3.0,"gold_loss":0.0,"damage_taken":11.0},{"damage_healed":0.0,"max_hp_gain":5.0,"max_hp_loss":0.0,"gold_gain":0.0,"event_name":"Big Fish","player_choice":"Donut","floor":4.0,"gold_loss":0.0,"damage_taken":0.0},{"damage_healed":0,"gold_gain":0,"player_choice":"Grow","damage_taken":0,"max_hp_gain":0,"max_hp_loss":0,"event_name":"Living Wall","floor":12,"gold_loss":0,"cards_upgraded":["Neutralize"]}],"is_beta":true,"boss_relics":[],"items_purged_floors":[],"is_endless":false,"potions_floor_spawned":[8],"ascension_level":20}