{"gold_per_floor":[114,114,114,127,68,99,99,142,166,205,224,149,167,38,38,131,131,154,154,178,53,178,222,235,235,235,235,269,290,325,350,350,444,444,463,463,190,206,219,254,254,15,86,100,141,141,141,160,160,160,160],"floor_reached":52,"playtime":1292,"items_purged":["Defend_R","Defend_R","Bash"],"score":2076,"play_id":"578ac055-be85-48bc-8e00-1c529564006a","local_time":"20181025164649","is_ascension_mode":true,"campfire_choices":[{"data":"Perfected Strike","floor":7.0,"key":"SMITH"},{"data":"Perfected Strike","floor":15.0,"key":"SMITH"},{"data":"Double Tap","floor":25.0,"key":"SMITH"},{"data":"Dual Wield","floor":27.0,"key":"SMITH"},{"data":"Seeing Red","floor":32.0,"key":"SMITH"},{"data":"Madness","floor":41.0,"key":"SMITH"},{"data":"Madness","floor":47.0,"key":"SMITH"},{"floor":49.0,"key":"REST"}],"neow_cost":"NONE","seed_source_timestamp":4049336164779,"circlet_count":0,"master_deck":["Strike_R+1","Strike_R+1","Strike_R+1","Strike_R+1","Strike_R+1","Defend_R+1","Defend_R+1","AscendersBane","Perfected Strike+1","Twin Strike+1","Perfected Strike+1","Perfected Strike+1","Battle Trance","Double Tap+1","Thunderclap","Immolate+1","Dual Wield+1","Seeing Red+1","Madness+1","Madness+1","Pommel Strike","Pommel Strike"],"special_seed":0,"relics":["Burning Blood","Prudence","NeowsBlessing","Golden Idol","Blood Vial","Nunchaku","Centennial Puzzle","Ornamental Fan","Mark of Pain","CrystalShield","Bottled Lightning","Whetstone","Paper Frog","Vajra","Bag of Preparation","Busted Crown","Membership Card","HeartOfDaVinci","Omamori","Question Card","Red Skull"],"potions_floor_usage":[],"damage_taken":[{"damage":0.0,"enemies":"Small Slimes","floor":1.0,"turns":1.0},{"damage":0.0,"enemies":"2 Louse","floor":4.0,"turns":1.0},{"damage":0.0,"enemies":"Gremlin Nob","floor":6.0,"turns":1.0},{"damage":25.0,"enemies":"3 Sentries","floor":8.0,"turns":7.0},{"damage":11.0,"enemies":"Gremlin Nob","floor":10.0,"turns":3.0},{"damage":4.0,"enemies":"Jaw Worm","floor":11.0,"turns":2.0},{"damage":0.0,"enemies":"Exordium Wildlife","floor":13.0,"turns":2.0},{"damage":0.0,"enemies":"Slime Boss","floor":16.0,"turns":4.0},{"damage":10.0,"enemies":"3 Byrds","floor":18.0,"turns":4.0},{"damage":12.0,"enemies":"Chosen","floor":20.0,"turns":3.0},{"damage":8.0,"enemies":"Colosseum Slavers","floor":22.0,"turns":2.0},{"damage":10.0,"enemies":"Colosseum Nobs","floor":22.0,"turns":3.0},{"damage":4.0,"enemies":"Slavers","floor":23.0,"turns":3.0},{"damage":0.0,"enemies":"Snecko","floor":24.0,"turns":2.0},{"damage":6.0,"enemies":"Gremlin Leader","floor":28.0,"turns":2.0},{"damage":0.0,"enemies":"Chosen and Byrds","floor":29.0,"turns":3.0},{"damage":23.0,"enemies":"Slavers","floor":30.0,"turns":2.0},{"damage":0.0,"enemies":"3 Cultists","floor":31.0,"turns":1.0},{"damage":27.0,"enemies":"Collector","floor":33.0,"turns":3.0},{"damage":0.0,"enemies":"Orb Walker","floor":35.0,"turns":1.0},{"damage":0.0,"enemies":"3 Shapes","floor":38.0,"turns":2.0},{"damage":0.0,"enemies":"Writhing Mass","floor":39.0,"turns":1.0},{"damage":27.0,"enemies":"Nemesis","floor":40.0,"turns":5.0},{"damage":0.0,"enemies":"Spire Growth","floor":44.0,"turns":2.0},{"damage":25.0,"enemies":"Reptomancer","floor":45.0,"turns":4.0},{"damage":0.0,"enemies":"3 Darklings","floor":48.0,"turns":1.0},{"damage":34.0,"enemies":"Awakened One","floor":50.0,"turns":6.0},{"damage":38,"enemies":"Donu and Deca","floor":51,"turns":4}],"seed_played":"-9120017966135137536","potions_obtained":[{"floor":6.0,"key":"Weak Potion"},{"floor":8.0,"key":"SpacePotion"},{"floor":11.0,"key":"Swift Potion"},{"floor":13.0,"key":"Block Potion"},{"floor":22.0,"key":"GamblersBrew"},{"floor":29.0,"key":"SpacePotion"},{"floor":30.0,"key":"SkillPotion"},{"floor":33.0,"key":"SkillPotion"},{"floor":40.0,"key":"SpacePotion"},{"floor":48.0,"key":"LiquidBronze"}],"is_trial":false,"path_per_floor":["M","?","?","M","$","E","R","E","T","E","M","$","M","$","R","B",null,"M","?","M","$","?","E","M","R","T","R","E","M","E","M","R","B",null,"M","?","$","M","M","E","R","$","T","M","E","?","R","M","R","B","B"],"character_chosen":"IRONCLAD","items_purchased":["Perfected Strike","Thunderclap","Membership Card","SpacePotion","Omamori","Block Potion","Energy Potion","RepeatForm"],"campfire_rested":1,"item_purchase_floors":[5,14,37,37,42,42,42,42],"current_hp_per_floor":[74,48,25,31,31,37,37,20,20,17,21,21,29,29,29,37,66,64,64,60,60,58,62,70,70,70,70,72,75,58,66,66,47,68,75,61,61,69,75,54,54,54,54,62,45,45,45,53,75,47,17],"gold":160,"neow_bonus":"THREE_ENEMY_KILL","is_prod":false,"is_daily":false,"chose_seed":false,"campfire_upgraded":7,"win_rate":0,"timestamp":1540457209,"path_taken":["M","?","?","M","$","E","R","E","T","E","M","?","M","$","R","BOSS","M","?","?","$","?","E","M","R","T","R","E","M","E","M","R","BOSS","M","?","$","M","M","E","R","?","T","?","E","?","R","M","R","BOSS","BOSS"],"build_version":"2018-10-18","purchased_purges":3,"victory":true,"max_hp_per_floor":[75,75,75,75,75,75,75,75,75,75,75,75,75,75,75,75,75,75,75,75,75,75,75,75,75,75,75,75,75,75,75,75,75,75,75,75,75,75,75,75,75,75,75,75,75,75,75,75,75,75,75],"card_choices":[{"not_picked":["Feel No Pain","Intimidate"],"picked":"Perfected Strike","floor":1.0},{"not_picked":["Power Through","True Grit"],"picked":"Twin Strike","floor":4.0},{"not_picked":["Intimidate","Shockwave"],"picked":"Perfected Strike","floor":6.0},{"not_picked":["Clothesline","Bloodletting"],"picked":"Battle Trance","floor":8.0},{"not_picked":["Ghostly Armor","Cleave","Havoc"],"picked":"SKIP","floor":10.0},{"not_picked":["Reckless Charge","Sword Boomerang"],"picked":"Double Tap","floor":11.0},{"not_picked":["Sever Soul","Iron Wave","Havoc"],"picked":"SKIP","floor":13.0},{"not_picked":["Dark Embrace","Brutality"],"picked":"Immolate","floor":16.0},{"not_picked":["Flex","Second Wind","True Grit+1"],"picked":"SKIP","floor":18.0},{"not_picked":["Pummel+1","Heavy Blade","Twin Strike+1"],"picked":"SKIP","floor":20.0},{"not_picked":["Warcry","Whirlwind","Body Slam"],"picked":"SKIP","floor":23.0},{"not_picked":["Metallicize","Iron Wave+1"],"picked":"Dual Wield","floor":24.0},{"not_picked":["Dropkick","Iron Wave","Warcry"],"picked":"SKIP","floor":28.0},{"not_picked":["Sentinel","Combust","Sword Boomerang"],"picked":"SKIP","floor":29.0},{"not_picked":["Feed","Rampage"],"picked":"Seeing Red","floor":30.0},{"not_picked":["Clash","True Grit","Armaments"],"picked":"SKIP","floor":31.0},{"not_picked":["Disarm+1"],"picked":"SKIP","floor":35.0},{"not_picked":[],"picked":"Pommel Strike","floor":38.0},{"not_picked":["Combust"],"picked":"SKIP","floor":39.0},{"not_picked":["Bloodletting"],"picked":"SKIP","floor":40.0},{"not_picked":["True Grit","Havoc"],"picked":"SKIP","floor":44.0},{"not_picked":["Seeing Red"],"picked":"Pommel Strike","floor":45.0},{"not_picked":["Flex+1","Burning Pact"],"picked":"SKIP","floor":48.0}],"player_experience":379728,"relics_obtained":[{"floor":6.0,"key":"Blood Vial"},{"floor":8.0,"key":"Nunchaku"},{"floor":9.0,"key":"Centennial Puzzle"},{"floor":10.0,"key":"Ornamental Fan"},{"floor":22.0,"key":"CrystalShield"},{"floor":22.0,"key":"Bottled Lightning"},{"floor":23.0,"key":"Whetstone"},{"floor":26.0,"key":"Paper Frog"},{"floor":28.0,"key":"Vajra"},{"floor":30.0,"key":"Bag of Preparation"},{"floor":40.0,"key":"HeartOfDaVinci"},{"floor":43.0,"key":"Question Card"},{"floor":45.0,"key":"Red Skull"}],"event_choices":[{"damage_healed":0.0,"max_hp_gain":0.0,"max_hp_loss":0.0,"gold_gain":0.0,"event_name":"Golden Idol","player_choice":"Take Damage","floor":2.0,"gold_loss":0.0,"damage_taken":26.0,"relics_obtained":["Golden Idol"]},{"damage_healed":0.0,"max_hp_gain":0.0,"max_hp_loss":0.0,"gold_gain":0.0,"event_name":"Shining Light","player_choice":"Entered Light","floor":3.0,"gold_loss":0.0,"damage_taken":23.0,"cards_upgraded":["Defend_R","Perfected Strike"]},{"damage_healed":0.0,"max_hp_gain":0.0,"max_hp_loss":0.0,"gold_gain":0.0,"event_name":"Back to Basics","player_choice":"Simplicity","floor":19.0,"gold_loss":0.0,"damage_taken":0.0,"cards_upgraded":["Strike_R","Strike_R","Strike_R","Strike_R","Strike_R","Defend_R"]},{"damage_healed":0.0,"max_hp_gain":0.0,"max_hp_loss":0.0,"gold_gain":0.0,"event_name":"Colosseum","player_choice":"Fight","floor":22.0,"gold_loss":0.0,"damage_taken":0.0},{"damage_healed":0.0,"max_hp_gain":0.0,"max_hp_loss":0.0,"gold_gain":0.0,"event_name":"Colosseum","player_choice":"Fought Nobs","floor":22.0,"gold_loss":0.0,"damage_taken":0.0},{"damage_healed":0.0,"max_hp_gain":0.0,"max_hp_loss":0.0,"gold_gain":0.0,"event_name":"Winding Halls","player_choice":"Embrace Madness","floor":36.0,"gold_loss":0.0,"damage_taken":14.0,"cards_obtained":["Madness","Madness"]},{"cards_removed":["RepeatForm"],"damage_healed":0.0,"max_hp_gain":0.0,"max_hp_loss":0.0,"gold_gain":0.0,"event_name":"Falling","player_choice":"Removed Power","floor":46.0,"gold_loss":0.0,"damage_taken":0.0}],"is_beta":false,"boss_relics":[{"not_picked":["PortableAltar","Pandora\u0027s Box"],"picked":"Mark of Pain"},{"not_picked":["Velvet Choker","Calling Bell"],"picked":"Busted Crown"}],"items_purged_floors":[12,14,21],"is_endless":false,"potions_floor_spawned":[6,8,11,13,16,20,22,22,29,30,33,38,40,48],"ascension_level":20}