{"gold_per_floor":[19,36,62,72,35,35,51,51,51,51,85,85,143,168,168,273,273,292,312,312,411,50,50,78,95,95,95,95,115,131,147,147,243,243,261,271,91,0,0,0,14,27,51,51,66,99,99,99,99,99],"floor_reached":51,"playtime":1450,"items_purged":["Strike_B","Strike_B"],"score":755,"play_id":"da619987-23e5-4e9f-922d-9230b16f274c","local_time":"20190614201016","is_ascension_mode":false,"campfire_choices":[{"data":"Darkness","floor":6.0,"key":"SMITH"},{"data":"Loop","floor":8.0,"key":"SMITH"},{"data":"Dualcast","floor":10.0,"key":"SMITH"},{"data":"Coolheaded","floor":15.0,"key":"SMITH"},{"data":"Recycle","floor":23,"key":"SMITH"},{"data":"Skim","floor":28,"key":"SMITH"},{"data":"Amplify","floor":32,"key":"SMITH"},{"data":"White Noise","floor":40,"key":"SMITH"},{"data":"Reinforced Body","floor":44,"key":"SMITH"},{"data":"Reinforced Body","floor":47,"key":"SMITH"},{"data":"Thinking Ahead","floor":49,"key":"SMITH"}],"neow_cost":"NO_GOLD","seed_source_timestamp":34169715008072,"circlet_count":0,"master_deck":["Strike_B","Defend_B+1","Defend_B","Defend_B","Defend_B","Zap+1","Dualcast+1","Electrodynamics","Loop+1","Reinforced Body+1","Darkness+1","Coolheaded+1","Recycle+1","Machine Learning+1","Self Repair+1","Biased Cognition+1","Force Field+1","Tempest","Storm+1","White Noise+1","Skim+1","Amplify+1","Machine Learning+1","Capacitor+1","Reinforced Body+1","Coolheaded+1","Coolheaded+1","Thinking Ahead+1","Master of Strategy","Violence"],"special_seed":0,"relics":["Cracked Core","Happy Flower","Mummified Hand","Frozen Egg 2","Pantograph","Art of War","Philosopher\u0027s Stone","Nilry\u0027s Codex","Chemical X","Torii","Symbiotic Virus","Ice Cream","Sozu","Red Mask","Dream Catcher","War Paint"],"potions_floor_usage":[50,50],"damage_taken":[{"damage":1.0,"enemies":"Cultist","floor":1.0,"turns":3.0},{"damage":1.0,"enemies":"Jaw Worm","floor":2.0,"turns":3.0},{"damage":2.0,"enemies":"2 Louse","floor":4.0,"turns":2.0},{"damage":2.0,"enemies":"Blue Slaver","floor":7.0,"turns":2.0},{"damage":0.0,"enemies":"Lagavulin","floor":11.0,"turns":4.0},{"damage":20.0,"enemies":"Lagavulin Event","floor":13.0,"turns":6.0},{"damage":23.0,"enemies":"Gremlin Nob","floor":14.0,"turns":4.0},{"damage":14.0,"enemies":"Slime Boss","floor":16.0,"turns":7.0},{"damage":19,"enemies":"Spheric Guardian","floor":18,"turns":4},{"damage":0,"enemies":"2 Thieves","floor":19,"turns":4},{"damage":9,"enemies":"Gremlin Leader","floor":24,"turns":4},{"damage":0,"enemies":"Centurion and Healer","floor":25,"turns":3},{"damage":0,"enemies":"Snecko","floor":29,"turns":3},{"damage":21,"enemies":"Shelled Parasite and Fungi","floor":30,"turns":3},{"damage":0,"enemies":"Centurion and Healer","floor":31,"turns":3},{"damage":1,"enemies":"Collector","floor":33,"turns":3},{"damage":33,"enemies":"3 Darklings","floor":35,"turns":3},{"damage":11,"enemies":"Orb Walker","floor":36,"turns":2},{"damage":1,"enemies":"3 Darklings","floor":41,"turns":2},{"damage":15,"enemies":"4 Shapes","floor":42,"turns":3},{"damage":1,"enemies":"Transient","floor":45,"turns":5},{"damage":0,"enemies":"Nemesis","floor":46,"turns":3},{"damage":31,"enemies":"Time Eater","floor":50,"turns":4}],"seed_played":"-2451717601368859663","potions_obtained":[{"floor":1.0,"key":"Weak Potion"},{"floor":4.0,"key":"Poison Potion"},{"floor":24,"key":"SpeedPotion"},{"floor":25,"key":"PowerPotion"}],"is_trial":false,"path_per_floor":["M","M","T","M","$","R","M","R","T","R","E","?","?","E","R","B",null,"M","M","?","?","$","R","E","M","T","T","R","M","M","M","R","B",null,"M","M","$","?","?","R","M","M","T","R","M","E","R","?","R","B",null],"character_chosen":"DEFECT","items_purchased":["Darkness","Chemical X","Storm+1","Capacitor+1"],"campfire_rested":0,"item_purchase_floors":[5,22,22,37],"current_hp_per_floor":[74,73,73,71,71,71,69,69,69,69,69,69,49,26,26,47,75,66,75,59,59,59,59,60,70,70,70,70,70,69,75,75,75,75,52,51,51,51,51,51,70,65,65,65,75,75,75,65,65,64],"gold":99,"neow_bonus":"THREE_RARE_CARDS","is_prod":false,"is_daily":false,"chose_seed":false,"campfire_upgraded":11,"win_rate":0,"timestamp":1560514216,"path_taken":["M","M","?","M","$","R","M","R","T","R","E","?","?","E","R","BOSS","M","M","?","?","$","R","E","M","T","?","R","M","M","M","R","BOSS","M","M","$","?","?","R","M","M","T","R","M","E","R","?","R","BOSS"],"build_version":"2019-01-23","purchased_purges":2,"victory":true,"max_hp_per_floor":[75,75,75,75,75,75,75,75,75,75,75,75,75,75,75,75,75,75,75,75,75,75,75,75,75,75,75,75,75,75,75,75,75,75,75,75,75,75,75,75,75,75,75,75,75,75,75,75,75,75],"card_choices":[{"not_picked":["Buffer","Creative AI"],"picked":"Electrodynamics","floor":0.0},{"not_picked":["Force Field","Static Discharge"],"picked":"Loop","floor":1.0},{"not_picked":["Chaos","Streamline","Barrage"],"picked":"SKIP","floor":2.0},{"not_picked":["Hologram","Turbo"],"picked":"Reinforced Body","floor":4.0},{"not_picked":["Rebound","Rip and Tear"],"picked":"Coolheaded","floor":7.0},{"not_picked":["Gash","Conserve Battery","Go for the Eyes"],"picked":"SKIP","floor":11.0},{"not_picked":["Barrage","Gash"],"picked":"Machine Learning+1","floor":13.0},{"not_picked":["Coolheaded","Sweeping Beam"],"picked":"Self Repair+1","floor":14.0},{"not_picked":["Fission","Echo Form+1"],"picked":"Biased Cognition+1","floor":16.0},{"not_picked":["Ball Lightning","Force Field+1","Leap"],"picked":"SKIP","floor":18},{"not_picked":["Ball Lightning","Leap"],"picked":"Force Field+1","floor":18},{"not_picked":["Hologram","Steam"],"picked":"Tempest","floor":19},{"not_picked":["Conserve Battery","Aggregate"],"picked":"White Noise","floor":24},{"not_picked":["Conserve Battery","Reprogram+1"],"picked":"Skim","floor":25},{"not_picked":["Go for the Eyes+1","Streamline+1"],"picked":"Amplify","floor":29},{"not_picked":["Melter","Leap","Blizzard"],"picked":"SKIP","floor":30},{"not_picked":["Stack","Aggregate","Rebound+1"],"picked":"SKIP","floor":31},{"not_picked":["Rainbow","Reboot"],"picked":"Machine Learning+1","floor":33},{"not_picked":["Steam","Beam Cell","Hologram"],"picked":"SKIP","floor":35},{"not_picked":["Hologram+1","Genetic Algorithm+1","Rebound"],"picked":"SKIP","floor":36},{"not_picked":["Lockon","Rebound"],"picked":"Reinforced Body","floor":41},{"not_picked":["Chill","Conserve Battery+1","Beam Cell+1"],"picked":"SKIP","floor":42},{"not_picked":["Barrage+1","BootSequence"],"picked":"Coolheaded+1","floor":45},{"not_picked":["Streamline","Doom and Gloom"],"picked":"Coolheaded+1","floor":46},{"not_picked":["Enlightenment","Dramatic Entrance"],"picked":"Thinking Ahead","floor":48},{"not_picked":["Chrysalis","Good Instincts"],"picked":"Master of Strategy","floor":48},{"not_picked":["Chrysalis","Deep Breath"],"picked":"Violence","floor":48}],"player_experience":5208563,"relics_obtained":[{"floor":3.0,"key":"Happy Flower"},{"floor":9.0,"key":"Mummified Hand"},{"floor":11.0,"key":"Frozen Egg 2"},{"floor":13.0,"key":"Pantograph"},{"floor":14.0,"key":"Art of War"},{"floor":20,"key":"Nilry\u0027s Codex"},{"floor":24,"key":"Torii"},{"floor":26,"key":"Symbiotic Virus"},{"floor":27,"key":"Ice Cream"},{"floor":43,"key":"Dream Catcher"},{"floor":46,"key":"War Paint"}],"event_choices":[{"damage_healed":0.0,"max_hp_gain":0.0,"max_hp_loss":0.0,"gold_gain":0.0,"cards_transformed":["Strike_B"],"event_name":"Living Wall","player_choice":"Change","floor":12.0,"gold_loss":0.0,"damage_taken":0.0,"cards_obtained":["Recycle"]},{"damage_healed":0.0,"max_hp_gain":0.0,"max_hp_loss":0.0,"gold_gain":0.0,"event_name":"Dead Adventurer","player_choice":"Searched \u00271\u0027 times","floor":13.0,"gold_loss":0.0,"damage_taken":0.0},{"damage_healed":0,"gold_gain":0,"player_choice":"Obtained Book","damage_taken":16,"max_hp_gain":0,"max_hp_loss":0,"event_name":"Cursed Tome","floor":20,"gold_loss":0},{"damage_healed":0,"gold_gain":99,"player_choice":"Stole From Cult","damage_taken":0,"max_hp_gain":0,"max_hp_loss":0,"event_name":"Nest","floor":21,"gold_loss":0},{"damage_healed":0,"gold_gain":0,"player_choice":"Paid","damage_taken":0,"relics_obtained":["Red Mask"],"max_hp_gain":0,"max_hp_loss":0,"event_name":"Tomb of Lord Red Mask","floor":38,"gold_loss":91},{"damage_healed":0,"gold_gain":0,"player_choice":"Ignored","damage_taken":0,"max_hp_gain":0,"max_hp_loss":0,"event_name":"Mysterious Sphere","floor":39,"gold_loss":0},{"damage_healed":0,"gold_gain":0,"player_choice":"Memory 3","damage_taken":10,"max_hp_gain":0,"max_hp_loss":0,"event_name":"SensoryStone","floor":48,"gold_loss":0}],"is_beta":false,"boss_relics":[{"not_picked":["Orrery","FrozenCore"],"picked":"Philosopher\u0027s Stone"},{"not_picked":["Velvet Choker","Snecko Eye"],"picked":"Sozu"}],"items_purged_floors":[22,37],"is_endless":false,"potions_floor_spawned":[1,4,24,25,29,31,42,45],"ascension_level":0}