{"gold_per_floor":[110,35,35,35,35,67,67,79,103,117,152,166,166,166,166,243,243],"floor_reached":17,"playtime":334,"items_purged":[],"score":476,"play_id":"a72f02c5-28b6-43e6-b80e-b9680b0d0197","local_time":"20181125220718","is_ascension_mode":true,"campfire_choices":[{"data":"All Out Attack","floor":7,"key":"SMITH"},{"data":"Deadly Poison","floor":13,"key":"SMITH"},{"data":"Footwork","floor":15,"key":"SMITH"}],"neow_cost":"NONE","seed_source_timestamp":13456019145757,"circlet_count":0,"master_deck":["AscendersBane","Defend_G","Defend_G","Defend_G","Defend_G","Defend_G","Strike_G","Strike_G","Strike_G","Survivor","Neutralize+1","Footwork+1","All Out Attack+1","Acrobatics","Acrobatics","Deadly Poison+1","Corpse Explosion"],"relics":["Ring of the Snake","NeowsBlessing","Blood Vial","Bag of Marbles","Ancient Tea Set","Tough Bandages"],"potions_floor_usage":[11,16],"damage_taken":[{"damage":0,"enemies":"2 Louse","floor":1,"turns":1},{"damage":0,"enemies":"3 Sentries","floor":6,"turns":1},{"damage":0,"enemies":"Small Slimes","floor":8,"turns":1},{"damage":0,"enemies":"Cultist","floor":10,"turns":2},{"damage":32,"enemies":"Gremlin Nob","floor":11,"turns":4},{"damage":2,"enemies":"Exordium Thugs","floor":12,"turns":5},{"damage":0,"enemies":"The Guardian","floor":16,"turns":12}],"seed_played":"6341701398180522251","potions_obtained":[{"floor":1,"key":"GamblersBrew"},{"floor":8,"key":"SkillPotion"},{"floor":11,"key":"GamblersBrew"}],"is_trial":false,"path_per_floor":["M","?","?","$","?","E","R","M","T","M","E","M","R","?","R","B",null],"character_chosen":"THE_SILENT","items_purchased":[],"campfire_rested":0,"item_purchase_floors":[],"current_hp_per_floor":[59,59,59,59,48,50,50,52,52,54,24,24,24,24,24,26,26],"gold":243,"neow_bonus":"THREE_ENEMY_KILL","is_prod":false,"is_daily":false,"chose_seed":false,"campfire_upgraded":3,"win_rate":0,"timestamp":1543154838,"path_taken":["M","?","?","$","?","E","R","M","T","M","E","M","R","?","R","BOSS"],"build_version":"2018-11-15","purchased_purges":0,"victory":false,"max_hp_per_floor":[66,66,66,66,66,66,66,66,66,66,66,66,66,66,66,66,66],"card_choices":[{"not_picked":["Blur","Eviscerate"],"picked":"Footwork","floor":1},{"not_picked":["Bane","Calculated Gamble"],"picked":"Acrobatics","floor":6},{"not_picked":["Choke","Dagger Throw","Blade Dance"],"picked":"SKIP","floor":8},{"not_picked":["Dodge and Roll","Terror","Riddle With Holes"],"picked":"SKIP","floor":10},{"not_picked":["Venomology","Underhanded Strike"],"picked":"Acrobatics","floor":11},{"not_picked":["Bane","Dagger Throw"],"picked":"Deadly Poison","floor":12},{"not_picked":["Night Terror","Unload"],"picked":"Corpse Explosion","floor":16}],"player_experience":1160182,"relics_obtained":[{"floor":6,"key":"Bag of Marbles"},{"floor":9,"key":"Ancient Tea Set"},{"floor":11,"key":"Tough Bandages"}],"event_choices":[{"cards_removed":["Strike_G"],"damage_healed":0,"gold_gain":0,"player_choice":"Card Removal","damage_taken":0,"max_hp_gain":0,"max_hp_loss":0,"event_name":"The Cleric","floor":2,"gold_loss":75},{"damage_healed":0,"gold_gain":0,"cards_transformed":["Strike_G"],"player_choice":"Change","damage_taken":0,"max_hp_gain":0,"max_hp_loss":0,"event_name":"Living Wall","floor":3,"gold_loss":0,"cards_obtained":["All Out Attack"]},{"damage_healed":0,"gold_gain":0,"player_choice":"Success","damage_taken":11,"relics_obtained":["Blood Vial"],"max_hp_gain":0,"max_hp_loss":0,"event_name":"Scrap Ooze","floor":5,"gold_loss":0},{"damage_healed":0,"gold_gain":0,"player_choice":"Forge","damage_taken":0,"max_hp_gain":0,"max_hp_loss":0,"event_name":"Accursed Blacksmith","floor":14,"gold_loss":0,"cards_upgraded":["Neutralize"]}],"is_beta":true,"boss_relics":[],"items_purged_floors":[],"is_endless":false,"potions_floor_spawned":[1,8,11],"ascension_level":20}