{"gold_per_floor":[119,133,133,133,133,158,176,209,209,223,236,236,253,267,267,267],"floor_reached":16,"playtime":326,"items_purged":[],"score":278,"play_id":"13b42235-91bc-48d4-9d6a-103bd820bbe4","local_time":"20190806141158","is_ascension_mode":true,"campfire_choices":[{"data":"All Out Attack","floor":12.0,"key":"SMITH"},{"data":"Neutralize","floor":15.0,"key":"SMITH"}],"neow_cost":"NONE","seed_source_timestamp":854058342641000,"circlet_count":0,"master_deck":["AscendersBane","Strike_G","Strike_G","Strike_G","Defend_G","Defend_G","Defend_G","Defend_G","Defend_G","Survivor","Neutralize+1","Well Laid Plans","Caltrops","Dash","Footwork","All Out Attack+1","Calculated Gamble"],"special_seed":0,"relics":["Ring of the Snake","NeowsBlessing","Bronze Scales","The Courier","Strawberry"],"potions_floor_usage":[16],"damage_taken":[{"damage":0.0,"enemies":"Cultist","floor":1.0,"turns":1.0},{"damage":0.0,"enemies":"Small Slimes","floor":2.0,"turns":1.0},{"damage":0.0,"enemies":"3 Sentries","floor":6.0,"turns":1.0},{"damage":1.0,"enemies":"2 Louse","floor":7.0,"turns":2.0},{"damage":24.0,"enemies":"Gremlin Nob","floor":8.0,"turns":5.0},{"damage":0.0,"enemies":"2 Fungi Beasts","floor":10.0,"turns":4.0},{"damage":0.0,"enemies":"Blue Slaver","floor":11.0,"turns":4.0},{"damage":9.0,"enemies":"Large Slime","floor":13.0,"turns":5.0},{"damage":3.0,"enemies":"3 Louse","floor":14.0,"turns":2.0},{"damage":0,"enemies":"Slime Boss","floor":16,"turns":7}],"seed_played":"1437626388056034890","potions_obtained":[{"floor":1.0,"key":"GamblersBrew"},{"floor":7.0,"key":"AttackPotion"},{"floor":8.0,"key":"Block Potion"}],"is_trial":false,"path_per_floor":["M","M","?","?","?","E","M","E","T","M","M","R","M","M","R","B"],"character_chosen":"THE_SILENT","items_purchased":[],"campfire_rested":0,"item_purchase_floors":[],"current_hp_per_floor":[59,59,59,52,52,52,51,27,34,34,34,34,25,22,22,22],"gold":267,"neow_bonus":"THREE_ENEMY_KILL","is_prod":false,"is_daily":false,"chose_seed":false,"campfire_upgraded":2,"win_rate":0,"timestamp":1565071918,"path_taken":["M","M","?","?","?","E","M","E","T","M","M","R","M","M","R","BOSS"],"build_version":"2019-07-17","purchased_purges":0,"victory":false,"max_hp_per_floor":[66,66,66,66,66,66,66,66,73,73,73,73,73,73,73,73],"card_choices":[{"not_picked":["Backflip","Dagger Throw"],"picked":"Well Laid Plans","floor":1.0},{"not_picked":["Prepared","Backflip","Slice"],"picked":"SKIP","floor":2.0},{"not_picked":["Sucker Punch","Dodge and Roll"],"picked":"Dash","floor":6.0},{"not_picked":["Finisher","Backflip"],"picked":"Footwork","floor":7.0},{"not_picked":["PiercingWail","Flying Knee","Backflip"],"picked":"SKIP","floor":8.0},{"not_picked":["Blade Dance","Outmaneuver"],"picked":"All Out Attack","floor":10.0},{"not_picked":["Wraith Form v2","Leg Sweep","Deflect"],"picked":"SKIP","floor":11.0},{"not_picked":["Prepared","Bane","Flying Knee"],"picked":"SKIP","floor":13.0},{"not_picked":["Expertise","Sucker Punch"],"picked":"Calculated Gamble","floor":14.0}],"player_experience":736661,"relics_obtained":[{"floor":6.0,"key":"Bronze Scales"},{"floor":8.0,"key":"The Courier"},{"floor":9.0,"key":"Strawberry"}],"event_choices":[{"damage_healed":0.0,"max_hp_gain":0.0,"max_hp_loss":0.0,"gold_gain":0.0,"cards_transformed":["Strike_G"],"event_name":"Living Wall","player_choice":"Change","floor":3.0,"gold_loss":0.0,"damage_taken":0.0,"cards_obtained":["Caltrops"]},{"cards_removed":["Strike_G"],"damage_healed":0.0,"max_hp_gain":0.0,"max_hp_loss":0.0,"gold_gain":0.0,"event_name":"Golden Wing","player_choice":"Card Removal","floor":4.0,"gold_loss":0.0,"damage_taken":7.0},{"damage_healed":0.0,"max_hp_gain":0.0,"max_hp_loss":0.0,"gold_gain":0.0,"event_name":"Liars Game","player_choice":"Ignored","floor":5.0,"gold_loss":0.0,"damage_taken":0.0}],"is_beta":false,"boss_relics":[],"items_purged_floors":[],"is_endless":false,"potions_floor_spawned":[1,7,8,14],"killed_by":"Slime Boss","ascension_level":20}