{"gold_per_floor":[111,111,138,138,138,173,191,204,228,228,271,52,71,96,96,186,186,186],"floor_reached":18,"playtime":568,"items_purged":["Strike_G"],"score":390,"play_id":"c20123b8-3462-4260-a9e5-b22e53947a49","local_time":"20181130204126","is_ascension_mode":true,"campfire_choices":[{"data":"Flechettes","floor":10.0,"key":"SMITH"},{"data":"Calculated Gamble","floor":15,"key":"SMITH"}],"neow_cost":"NONE","seed_source_timestamp":9822767811269,"circlet_count":0,"master_deck":["AscendersBane","Defend_G+1","Defend_G","Defend_G","Defend_G","Defend_G","Strike_G","Strike_G","Strike_G","Survivor+1","Neutralize","Prepared","Backflip","Flechettes+1","Masterful Stab","Footwork","Calculated Gamble+1","Corpse Explosion"],"special_seed":0,"relics":["Ring of the Snake","NeowsBlessing","Golden Idol","Pen Nib","War Paint","Smiling Mask","Art of War","HoveringKite"],"potions_floor_usage":[11],"damage_taken":[{"damage":0.0,"enemies":"Cultist","floor":1.0,"turns":1.0},{"damage":0.0,"enemies":"Gremlin Nob","floor":6.0,"turns":1.0},{"damage":0.0,"enemies":"Jaw Worm","floor":7.0,"turns":1.0},{"damage":2.0,"enemies":"Small Slimes","floor":8.0,"turns":5.0},{"damage":14,"enemies":"3 Sentries","floor":11,"turns":10},{"damage":0,"enemies":"2 Fungi Beasts","floor":13,"turns":4},{"damage":0,"enemies":"Blue Slaver","floor":14,"turns":4},{"damage":23,"enemies":"The Guardian","floor":16,"turns":16},{"damage":13,"enemies":"Shell Parasite","floor":18,"turns":7}],"seed_played":"-5479503350076663704","potions_obtained":[{"floor":6.0,"key":"SteroidPotion"},{"floor":8.0,"key":"AttackPotion"},{"floor":16,"key":"Dexterity Potion"}],"is_trial":false,"path_per_floor":["M","?","T","?","?","E","M","M","T","R","E","$","M","M","R","B",null,"M"],"character_chosen":"THE_SILENT","items_purchased":["Footwork","Calculated Gamble"],"campfire_rested":0,"item_purchase_floors":[12,12],"current_hp_per_floor":[59,59,59,52,41,41,41,39,39,39,25,25,25,25,25,2,46,33],"gold":186,"neow_bonus":"THREE_ENEMY_KILL","is_prod":false,"is_daily":false,"chose_seed":false,"campfire_upgraded":2,"win_rate":0,"timestamp":1543581686,"path_taken":["M","?","?","?","?","E","M","M","T","R","E","$","M","M","R","BOSS","M"],"build_version":"2018-11-15","purchased_purges":1,"victory":false,"max_hp_per_floor":[66,60,60,60,60,60,60,60,60,60,60,60,60,60,60,60,60,60],"card_choices":[{"not_picked":["Bane","Infinite Blades"],"picked":"Prepared","floor":1.0},{"not_picked":["Unload","Dagger Throw"],"picked":"Backflip","floor":6.0},{"not_picked":["Choke","Expertise"],"picked":"Flechettes","floor":7.0},{"not_picked":["Dodge and Roll","Expertise"],"picked":"Masterful Stab","floor":8.0},{"not_picked":["Infinite Blades","All Out Attack","Storm of Steel"],"picked":"SKIP","floor":11},{"not_picked":["Catalyst","PiercingWail","Masterful Stab"],"picked":"SKIP","floor":13},{"not_picked":["Outmaneuver","Heel Hook","Infinite Blades"],"picked":"SKIP","floor":14},{"not_picked":["Venomology","Unload"],"picked":"Corpse Explosion","floor":16}],"player_experience":1184341,"relics_obtained":[{"floor":3.0,"key":"Pen Nib"},{"floor":6.0,"key":"Smiling Mask"},{"floor":11,"key":"Art of War"}],"event_choices":[{"damage_healed":0.0,"max_hp_gain":0.0,"max_hp_loss":6.0,"gold_gain":0.0,"event_name":"Golden Idol","player_choice":"Lose Max HP","floor":2.0,"gold_loss":0.0,"damage_taken":0.0,"relics_obtained":["Golden Idol"]},{"cards_removed":["Strike_G"],"damage_healed":0.0,"max_hp_gain":0.0,"max_hp_loss":0.0,"gold_gain":0.0,"event_name":"Golden Wing","player_choice":"Card Removal","floor":4.0,"gold_loss":0.0,"damage_taken":7.0},{"damage_healed":0.0,"max_hp_gain":0.0,"max_hp_loss":0.0,"gold_gain":0.0,"event_name":"Scrap Ooze","player_choice":"Success","floor":5.0,"gold_loss":0.0,"damage_taken":11.0,"relics_obtained":["War Paint"]}],"is_beta":true,"boss_relics":[{"not_picked":["Calling Bell","Eternal Feather"],"picked":"HoveringKite"}],"items_purged_floors":[12],"is_endless":false,"potions_floor_spawned":[6,8,16],"killed_by":"Shell Parasite","ascension_level":20}