{"gold_per_floor":[114,130,130,151,171,171,246,84,84,84,98,98,118,28,28,28],"floor_reached":16,"playtime":650,"items_purged":["Defend_B"],"score":184,"play_id":"96a73ec0-ba11-483b-a42d-a7bdf29479d0","local_time":"20190327172751","is_ascension_mode":true,"campfire_choices":[{"data":"Zap","floor":6,"key":"SMITH"},{"data":"Dualcast","floor":10,"key":"SMITH"},{"data":"Discovery","floor":15,"key":"SMITH"}],"neow_cost":"TEN_PERCENT_HP_LOSS","seed_source_timestamp":20200889784071,"circlet_count":0,"master_deck":["AscendersBane","Strike_B","Strike_B","Defend_B","Defend_B","Defend_B","Zap+1","Dualcast+1","Conserve Battery","Hologram","Coolheaded+1","Glacier","Core Surge","Discovery+1"],"relics":["Cracked Core","Golden Idol","Singing Bowl"],"potions_floor_usage":[16,16],"damage_taken":[{"damage":6,"enemies":"Small Slimes","floor":1,"turns":4},{"damage":2,"enemies":"Jaw Worm","floor":2,"turns":4},{"damage":0,"enemies":"Cultist","floor":4,"turns":3},{"damage":5,"enemies":"3 Louse","floor":5,"turns":6},{"damage":0,"enemies":"Looter","floor":11,"turns":4},{"damage":2,"enemies":"Exordium Thugs","floor":13,"turns":7},{"damage":21,"enemies":"Hexaghost","floor":16,"turns":11}],"seed_played":"1714913762671977423","potions_obtained":[{"floor":5,"key":"Dexterity Potion"},{"floor":11,"key":"GamblersBrew"}],"is_trial":false,"path_per_floor":["M","M","?","M","M","R","?","$","T","R","M","?","M","$","R","B"],"character_chosen":"DEFECT","items_purchased":["Glacier","Discovery"],"campfire_rested":0,"item_purchase_floors":[8,14],"current_hp_per_floor":[58,56,34,34,29,29,18,18,18,18,20,20,18,18,18,0],"gold":28,"neow_bonus":"REMOVE_TWO","is_prod":false,"is_daily":false,"chose_seed":false,"campfire_upgraded":3,"win_rate":0,"timestamp":1553678871,"path_taken":["M","M","?","M","M","R","?","?","T","R","M","?","?","$","R","BOSS"],"build_version":"2019-01-23","purchased_purges":1,"victory":false,"max_hp_per_floor":[64,64,64,64,64,64,64,64,64,64,66,66,66,66,66,66],"card_choices":[{"not_picked":["Barrage","Go for the Eyes","Compile Driver"],"picked":"SKIP","floor":1},{"not_picked":["Sweeping Beam","Storm"],"picked":"Conserve Battery","floor":2},{"not_picked":["Beam Cell","Redo"],"picked":"Hologram","floor":4},{"not_picked":["Gash","Hologram"],"picked":"Coolheaded","floor":5},{"not_picked":["Redo","Sweeping Beam","Steam"],"picked":"Singing Bowl","floor":11},{"not_picked":["Sweeping Beam","Beam Cell"],"picked":"Core Surge","floor":13}],"player_experience":3901644,"relics_obtained":[{"floor":9,"key":"Singing Bowl"}],"event_choices":[{"damage_healed":0,"gold_gain":0,"player_choice":"Take Damage","damage_taken":22,"relics_obtained":["Golden Idol"],"max_hp_gain":0,"max_hp_loss":0,"event_name":"Golden Idol","floor":3,"gold_loss":0},{"damage_healed":0,"gold_gain":75,"player_choice":"Gather Gold","damage_taken":11,"max_hp_gain":0,"max_hp_loss":0,"event_name":"World of Goop","floor":7,"gold_loss":0},{"damage_healed":0,"gold_gain":0,"player_choice":"Upgraded","damage_taken":0,"max_hp_gain":0,"max_hp_loss":0,"event_name":"Upgrade Shrine","floor":12,"gold_loss":0,"cards_upgraded":["Coolheaded"]}],"is_beta":false,"boss_relics":[],"items_purged_floors":[8],"is_endless":false,"potions_floor_spawned":[5,11],"killed_by":"Hexaghost","ascension_level":20}