{"gold_per_floor":[117,117,131,143,161,190,190,221,247,299,313,313,300,312,312,414,414,427,444,146,146,23,38,66,84,84,9,109,124,155,168,168,271,271,290,290,290,307,321,354,354,454,454,454,12,47,61,81,81,81],"floor_reached":51,"playtime":3515,"items_purged":["Strike_R","Strike_R","Defend_R"],"score":761,"play_id":"de1c398d-f3ad-4e1d-b85b-7139da043eed","local_time":"20190723100241","is_ascension_mode":false,"campfire_choices":[{"data":"Bash","floor":7,"key":"SMITH"},{"data":"Uppercut","floor":12,"key":"SMITH"},{"floor":15,"key":"REST"},{"floor":32,"key":"REST"},{"floor":41,"key":"REST"},{"floor":44,"key":"REST"},{"floor":49,"key":"REST"}],"neow_cost":"NONE","seed_source_timestamp":1147784886823611,"circlet_count":0,"master_deck":["Strike_R","Strike_R","Strike_R","Defend_R+1","Defend_R+1","Bash+1","Flame Barrier","Cleave","Headbutt","Uppercut+1","Twin Strike","Perfected Strike","Double Tap","Thunderclap+1","Clothesline+1","Shrug It Off","Necronomicurse","Battle Trance","Spot Weakness","True Grit","Flex+1","Rampage","Pommel Strike","Brutality","Dropkick+1","Secret Weapon","Whirlwind","Dropkick","Armaments+1","Spot Weakness+1","Searing Blow+1","Pommel Strike+1"],"relics":["Burning Blood","War Paint","Lantern","Boot","PreservedInsect","Smiling Mask","Fusion Hammer","Lee\u0027s Waffle","Necronomicon","Shuriken","Kunai","Calipers","Darkstone Periapt","Red Skull","Sozu","Omamori","Magic Flower","Bronze Scales","Molten Egg 2","Bag of Marbles","Regal Pillow"],"potions_floor_usage":[8,14,16,19,28,38,40],"damage_taken":[{"damage":3,"enemies":"Jaw Worm","floor":1,"turns":3},{"damage":0,"enemies":"Cultist","floor":3,"turns":4},{"damage":0,"enemies":"2 Louse","floor":4,"turns":3},{"damage":0,"enemies":"2 Fungi Beasts","floor":5,"turns":3},{"damage":27,"enemies":"Gremlin Nob","floor":6,"turns":4},{"damage":24,"enemies":"Lagavulin","floor":8,"turns":6},{"damage":10,"enemies":"Looter","floor":11,"turns":3},{"damage":8,"enemies":"Exordium Thugs","floor":13,"turns":4},{"damage":15,"enemies":"Large Slime","floor":14,"turns":3},{"damage":39,"enemies":"Hexaghost","floor":16,"turns":9},{"damage":20,"enemies":"2 Thieves","floor":18,"turns":4},{"damage":10,"enemies":"Spheric Guardian","floor":19,"turns":4},{"damage":12,"enemies":"Cultist and Chosen","floor":23,"turns":4},{"damage":20,"enemies":"Slavers","floor":24,"turns":3},{"damage":2,"enemies":"3 Cultists","floor":25,"turns":4},{"damage":4,"enemies":"Colosseum Slavers","floor":28,"turns":4},{"damage":5,"enemies":"Colosseum Nobs","floor":28,"turns":3},{"damage":4,"enemies":"Centurion and Healer","floor":29,"turns":4},{"damage":11,"enemies":"Gremlin Leader","floor":30,"turns":3},{"damage":5,"enemies":"Snecko","floor":31,"turns":3},{"damage":48,"enemies":"Automaton","floor":33,"turns":5},{"damage":0,"enemies":"Orb Walker","floor":35,"turns":2},{"damage":10,"enemies":"3 Darklings","floor":38,"turns":3},{"damage":24,"enemies":"Writhing Mass","floor":39,"turns":4},{"damage":16,"enemies":"Giant Head","floor":40,"turns":5},{"damage":2,"enemies":"Mind Bloom Boss Battle","floor":42,"turns":3},{"damage":30,"enemies":"Reptomancer","floor":46,"turns":4},{"damage":0,"enemies":"Transient","floor":47,"turns":5},{"damage":21,"enemies":"4 Shapes","floor":48,"turns":1},{"damage":44,"enemies":"Donu and Deca","floor":50,"turns":5}],"seed_played":"7949889824500392771","potions_obtained":[{"floor":6,"key":"Poison Potion"},{"floor":8,"key":"SpeedPotion"},{"floor":11,"key":"Fire Potion"},{"floor":16,"key":"Block Potion"},{"floor":24,"key":"Fire Potion"},{"floor":29,"key":"Explosive Potion"},{"floor":31,"key":"FairyPotion"},{"floor":33,"key":"SteroidPotion"}],"is_trial":false,"path_per_floor":["M","?","M","M","M","E","R","E","T","?","M","R","M","M","R","B",null,"M","M","$","?","$","M","E","M","T","?","?","M","E","M","R","B",null,"M","?","?","M","M","E","R","?","T","R","$","E","M","M","R","B",null],"character_chosen":"IRONCLAD","items_purchased":["Shrug It Off","Lee\u0027s Waffle","Battle Trance","Molten Egg 2","Bag of Marbles"],"campfire_rested":5,"item_purchase_floors":[20,20,22,45,45],"current_hp_per_floor":[80,80,80,80,80,59,59,41,41,41,37,37,35,26,50,17,80,66,62,87,71,71,65,51,55,55,55,58,60,55,56,82,40,87,87,87,77,73,55,45,71,75,75,87,87,66,75,63,87,52],"gold":81,"neow_bonus":"RANDOM_COMMON_RELIC","is_prod":false,"is_daily":false,"chose_seed":false,"campfire_upgraded":2,"win_rate":0.0,"timestamp":1563865361,"path_taken":["M","?","?","M","M","E","R","E","T","?","M","R","M","M","R","BOSS","M","M","$","?","$","M","E","M","T","?","?","M","E","M","R","BOSS","M","?","?","M","M","E","R","?","T","R","$","E","M","M","R","BOSS"],"build_version":"2019-07-17","purchased_purges":3,"victory":true,"max_hp_per_floor":[80,80,80,80,80,80,80,80,80,80,80,80,80,80,80,80,80,80,80,87,87,87,87,87,87,87,87,87,87,87,87,87,87,87,87,87,87,87,87,87,87,87,87,87,87,87,87,87,87,87],"card_choices":[{"not_picked":["Warcry","Flex"],"picked":"True Grit","floor":1},{"not_picked":["Feel No Pain","Power Through"],"picked":"Flame Barrier","floor":3},{"not_picked":["Havoc","Sword Boomerang"],"picked":"Cleave","floor":4},{"not_picked":["Anger","Perfected Strike"],"picked":"Headbutt","floor":5},{"not_picked":["Heavy Blade","Ghostly Armor"],"picked":"Uppercut","floor":6},{"not_picked":["Warcry","Exhume","Searing Blow"],"picked":"SKIP","floor":8},{"not_picked":["Fire Breathing","Warcry"],"picked":"Twin Strike","floor":11},{"not_picked":["Clash","Rupture","Power Through"],"picked":"SKIP","floor":13},{"not_picked":["Headbutt","Dark Embrace"],"picked":"Perfected Strike","floor":14},{"not_picked":["Bludgeon","Berserk"],"picked":"Double Tap","floor":16},{"not_picked":["Corruption","Sword Boomerang"],"picked":"Thunderclap+1","floor":18},{"not_picked":["Iron Wave","Disarm"],"picked":"Clothesline+1","floor":19},{"not_picked":["Sword Boomerang+1","Sentinel","Body Slam"],"picked":"SKIP","floor":23},{"not_picked":["Infernal Blade","Disarm"],"picked":"Spot Weakness","floor":24},{"not_picked":["Infernal Blade","Spot Weakness"],"picked":"True Grit","floor":25},{"not_picked":["Power Through","Havoc"],"picked":"Clash","floor":28},{"not_picked":["Body Slam","Twin Strike"],"picked":"Flex+1","floor":29},{"not_picked":["Feel No Pain","Perfected Strike"],"picked":"Rampage","floor":30},{"not_picked":["Body Slam","Anger+1"],"picked":"Pommel Strike","floor":31},{"not_picked":["Exhume","Fiend Fire"],"picked":"Brutality","floor":33},{"not_picked":["Heavy Blade+1","Headbutt+1"],"picked":"Dropkick+1","floor":35},{"not_picked":["Forethought","Thinking Ahead"],"picked":"Secret Weapon","floor":37},{"not_picked":["Intimidate+1","True Grit"],"picked":"Whirlwind","floor":38},{"not_picked":["Clothesline","Rupture"],"picked":"Dropkick","floor":39},{"not_picked":["Clothesline","Shockwave+1"],"picked":"Armaments+1","floor":40},{"not_picked":["Corruption+1","Heavy Blade"],"picked":"Spot Weakness+1","floor":42},{"not_picked":["Clothesline+1","Havoc","Whirlwind+1"],"picked":"SKIP","floor":46},{"not_picked":["Thunderclap+1","Sever Soul+1"],"picked":"Searing Blow+1","floor":47},{"not_picked":["Headbutt+1","Feed+1"],"picked":"Pommel Strike+1","floor":48}],"player_experience":76573,"relics_obtained":[{"floor":6,"key":"Boot"},{"floor":8,"key":"PreservedInsect"},{"floor":9,"key":"Smiling Mask"},{"floor":21,"key":"Necronomicon"},{"floor":24,"key":"Shuriken"},{"floor":26,"key":"Kunai"},{"floor":28,"key":"Calipers"},{"floor":28,"key":"Darkstone Periapt"},{"floor":30,"key":"Red Skull"},{"floor":40,"key":"Omamori"},{"floor":42,"key":"Magic Flower"},{"floor":43,"key":"Bronze Scales"},{"floor":46,"key":"Regal Pillow"}],"event_choices":[{"cards_removed":["True Grit"],"damage_healed":0,"gold_gain":0,"player_choice":"Gave Card","damage_taken":0,"relics_obtained":["Lantern"],"max_hp_gain":0,"max_hp_loss":0,"event_name":"WeMeetAgain","floor":2,"gold_loss":0},{"damage_healed":0,"gold_gain":52,"player_choice":"Gained Gold","damage_taken":0,"max_hp_gain":0,"max_hp_loss":0,"event_name":"Golden Wing","floor":10,"gold_loss":0},{"damage_healed":0,"gold_gain":0,"player_choice":"Obtained Book","damage_taken":16,"max_hp_gain":0,"max_hp_loss":0,"event_name":"Cursed Tome","floor":21,"gold_loss":0},{"cards_removed":["Defend_R"],"damage_healed":0,"gold_gain":0,"player_choice":"Gave Gold","damage_taken":0,"max_hp_gain":0,"max_hp_loss":0,"event_name":"Beggar","floor":27,"gold_loss":75},{"damage_healed":0,"gold_gain":0,"player_choice":"Fight","damage_taken":0,"max_hp_gain":0,"max_hp_loss":0,"event_name":"Colosseum","floor":28,"gold_loss":0},{"damage_healed":0,"gold_gain":0,"player_choice":"Fought Nobs","damage_taken":0,"max_hp_gain":0,"max_hp_loss":0,"event_name":"Colosseum","floor":28,"gold_loss":0},{"cards_removed":["Clash"],"damage_healed":0,"gold_gain":0,"player_choice":"Removed Attack","damage_taken":0,"max_hp_gain":0,"max_hp_loss":0,"event_name":"Falling","floor":36,"gold_loss":0},{"damage_healed":0,"gold_gain":0,"player_choice":"Memory 3","damage_taken":10,"max_hp_gain":0,"max_hp_loss":0,"event_name":"SensoryStone","floor":37,"gold_loss":0},{"damage_healed":0,"gold_gain":0,"player_choice":"Fight","damage_taken":0,"max_hp_gain":0,"max_hp_loss":0,"event_name":"MindBloom","floor":42,"gold_loss":0}],"is_beta":false,"boss_relics":[{"not_picked":["Runic Pyramid","Runic Cube"],"picked":"Fusion Hammer"},{"not_picked":["White Beast Statue","Lizard Tail"],"picked":"Sozu"}],"items_purged_floors":[20,22,45],"is_endless":false,"potions_floor_spawned":[6,8,11,16,24,29,31,33,35,38,47,48],"ascension_level":0}