{"path_per_floor":["M","?","M","M","M","E","R","M","T","M","R","$","M","M","R","B",null,"M","M","?","$","?","E","R","E","T","M","R","E","$","M","R"],"character_chosen":"IRONCLAD","items_purchased":["Bag of Marbles","Oddly Smooth Stone"],"gold_per_floor":[115,115,127,140,153,181,181,196,196,210,210,58,74,89,89,189,189,199,219,219,0,0,30,30,61,61,73,73,104,4,22,22],"floor_reached":33,"campfire_rested":1,"playtime":1472,"current_hp_per_floor":[75,75,78,81,81,62,62,67,81,86,86,86,92,98,98,68,116,108,113,88,88,88,80,80,60,60,67,108,95,95,110,110],"items_purged":["Defend_R","Defend_R"],"gold":22,"score":359,"play_id":"f8136cd4-e005-45b7-9832-ecb7ec43bcd5","local_time":"20180319212049","is_prod":false,"is_daily":false,"is_ascension_mode":false,"campfire_upgraded":5,"timestamp":1521490849,"path_taken":["M","?","M","M","M","E","R","M","T","M","R","$","M","M","R","BOSS","M","M","?","$","?","E","R","E","T","?","R","E","$","M","R","BOSS"],"build_version":"2018-03-15v3","purchased_purges":2,"victory":false,"master_deck":["Strike_R","Strike_R","Strike_R","Strike_R","Strike_R","Defend_R","Defend_R","Bash+1","Feed+1","Dropkick","Headbutt","Seeing Red+1","Blood for Blood+1","Offering+1","Shrug It Off+1","Ghostly Armor+1","Perfected Strike+1","Double Tap+1","Thunderclap+1","Feel No Pain","Infernal Blade+1","Iron Wave+1","Battle Trance+1","Flex+1"],"max_hp_per_floor":[75,75,78,81,81,84,84,87,101,104,104,104,108,112,112,116,116,116,120,125,125,125,129,129,133,133,137,137,141,141,145,145],"relics":["Burning Blood","Toxic Egg 2","Mango","Bag of Marbles","Velvet Choker","Oddly Smooth Stone","Dead Branch","Frozen Eye","Magic Flower","Paper Frog"],"card_choices":[{"not_picked":["Brutality","Berserk"],"picked":"Feed"},{"not_picked":["Cleave","Warcry"],"picked":"Dropkick"},{"not_picked":["Havoc","Clothesline"],"picked":"Headbutt"},{"not_picked":["Clothesline","Shockwave"],"picked":"Seeing Red"},{"not_picked":["Clothesline","Anger"],"picked":"Blood for Blood"},{"not_picked":["Sword Boomerang","Headbutt"],"picked":"Offering"},{"not_picked":["Clothesline","Sentinel"],"picked":"Shrug It Off"},{"not_picked":["True Grit","Warcry"],"picked":"Ghostly Armor"},{"not_picked":["Clothesline","Combust"],"picked":"Perfected Strike"},{"not_picked":["Exhume","Brutality"],"picked":"Double Tap"},{"not_picked":["Headbutt","Second Wind"],"picked":"Thunderclap"},{"not_picked":["Juggernaut","Body Slam"],"picked":"Feel No Pain"},{"not_picked":["Second Wind","Cleave"],"picked":"Infernal Blade"},{"not_picked":["Pummel","Fire Breathing"],"picked":"Iron Wave"},{"not_picked":["Ghostly Armor","Shrug It Off"],"picked":"Battle Trance"},{"not_picked":["Bloodletting","Dual Wield"],"picked":"Flex"}],"player_experience":176600,"potions_floor_usage":[6,16,16,19,25,29,33],"damage_taken":[{"damage":0,"enemies":"2 Louse","floor":1,"turns":2},{"damage":1,"enemies":"Cultist","floor":3,"turns":4},{"damage":6,"enemies":"Jaw Worm","floor":4,"turns":3},{"damage":0,"enemies":"Large Slime","floor":5,"turns":3},{"damage":28,"enemies":"Gremlin Nob","floor":6,"turns":4},{"damage":4,"enemies":"2 Fungi Beasts","floor":8,"turns":2},{"damage":4,"enemies":"Blue Slaver","floor":10,"turns":1},{"damage":4,"enemies":"3 Louse","floor":13,"turns":1},{"damage":4,"enemies":"Gremlin Gang","floor":14,"turns":3},{"damage":40,"enemies":"The Guardian","floor":16,"turns":9},{"damage":14,"enemies":"Shell Parasite","floor":18,"turns":2},{"damage":5,"enemies":"2 Thieves","floor":19,"turns":3},{"damage":18,"enemies":"Book of Stabbing","floor":23,"turns":5},{"damage":30,"enemies":"Slavers","floor":25,"turns":4},{"damage":8,"enemies":"3 Cultists","floor":27,"turns":4},{"damage":28,"enemies":"Gremlin Leader","floor":29,"turns":4},{"damage":0,"enemies":"Cultist and Chosen","floor":31,"turns":5},{"damage":120,"enemies":"Collector","floor":33,"turns":8}],"event_choices":[{"event_name":"The Lab","player_choice":"Got Potions","floor":2,"damage_taken":0},{"event_name":"Forgotten Altar","player_choice":"Shed Blood","floor":20,"damage_taken":0},{"event_name":"Upgrade Shrine","player_choice":"Upgraded","floor":22,"damage_taken":0}],"boss_relics":[{"not_picked":["Orrery","Runic Pyramid"],"picked":"Velvet Choker"}],"potions_floor_spawned":[3,8,13,19,23,25],"seed_played":"2007399688346056615","killed_by":"Collector","ascension_level":0,"is_trial":false}