{"gold_per_floor":[119,119,133,58,77,77,4,16,16,16,28,28,43,5,5,109,109,120,195,213,313,329,329,428,428,428,447,71,105,123,142,142,244,244,254,267,267,267,70,70,96,112,112,112,125,142,142,142,142,142],"floor_reached":51,"playtime":1529,"items_purged":["Strike_B","Strike_B","Strike_B"],"score":739,"play_id":"d032b50d-2c42-410e-bafa-d3c4cc86b36c","local_time":"20190616021057","is_ascension_mode":false,"campfire_choices":[{"data":"Dualcast","floor":6.0,"key":"SMITH"},{"data":"Storm","floor":10.0,"key":"SMITH"},{"data":"Zap","floor":12.0,"key":"SMITH"},{"data":"Loop","floor":15.0,"key":"SMITH"},{"data":"Buffer","floor":23.0,"key":"SMITH"},{"data":"Electrodynamics","floor":25.0,"key":"SMITH"},{"data":"Discovery","floor":32.0,"key":"SMITH"},{"data":"Amplify","floor":40,"key":"SMITH"},{"data":"Self Repair","floor":44,"key":"SMITH"},{"data":"Hologram","floor":47,"key":"SMITH"},{"floor":49,"key":"REST"}],"neow_cost":"PERCENT_DAMAGE","seed_source_timestamp":25789786535909,"circlet_count":0,"master_deck":["Defend_B","Defend_B","Defend_B","Zap+1","Dualcast+1","Glacier","Hologram+1","Self Repair+1","Storm+1","Electrodynamics+1","Loop+1","Buffer+1","Heatsinks+1","Magnetism+1","Discovery+1","Amplify+1","Capacitor+1","Electrodynamics+1","White Noise+1","Self Repair+1","Heatsinks+1","Storm+1","Heatsinks+1","Madness+1","Madness+1"],"special_seed":0,"relics":["Cracked Core","Molten Egg 2","Nuclear Battery","FossilizedHelix","Letter Opener","Frozen Egg 2","Cables","Black Star","Ginger","Bottled Lightning","Toxic Egg 2"],"potions_floor_usage":[50,50,50],"damage_taken":[{"damage":0.0,"enemies":"Jaw Worm","floor":1.0,"turns":5.0},{"damage":1.0,"enemies":"Cultist","floor":3.0,"turns":3.0},{"damage":0.0,"enemies":"Small Slimes","floor":5.0,"turns":4.0},{"damage":5.0,"enemies":"2 Fungi Beasts","floor":8.0,"turns":3.0},{"damage":0.0,"enemies":"3 Louse","floor":11.0,"turns":1.0},{"damage":8.0,"enemies":"Red Slaver","floor":13.0,"turns":3.0},{"damage":41.0,"enemies":"The Guardian","floor":16.0,"turns":10.0},{"damage":7.0,"enemies":"Chosen","floor":18.0,"turns":4.0},{"damage":0.0,"enemies":"Spheric Guardian","floor":20.0,"turns":3.0},{"damage":12.0,"enemies":"Colosseum Slavers","floor":21.0,"turns":3.0},{"damage":15.0,"enemies":"Colosseum Nobs","floor":21.0,"turns":4.0},{"damage":10.0,"enemies":"Cultist and Chosen","floor":22.0,"turns":4.0},{"damage":0.0,"enemies":"Chosen and Byrds","floor":27.0,"turns":4.0},{"damage":17.0,"enemies":"Slavers","floor":29.0,"turns":3.0},{"damage":0.0,"enemies":"3 Cultists","floor":30.0,"turns":2.0},{"damage":14.0,"enemies":"Snake Plant","floor":31.0,"turns":3.0},{"damage":0.0,"enemies":"Champ","floor":33.0,"turns":8.0},{"damage":0,"enemies":"3 Shapes","floor":35,"turns":3},{"damage":15,"enemies":"Orb Walker","floor":36,"turns":4},{"damage":56,"enemies":"Reptomancer","floor":41,"turns":4},{"damage":0,"enemies":"3 Darklings","floor":42,"turns":1},{"damage":0,"enemies":"4 Shapes","floor":45,"turns":2},{"damage":14,"enemies":"Jaw Worm Horde","floor":46,"turns":2},{"damage":48,"enemies":"Awakened One","floor":50,"turns":6}],"seed_played":"8021950506911971667","potions_obtained":[{"floor":3.0,"key":"Regen Potion"},{"floor":8.0,"key":"Dexterity Potion"},{"floor":18.0,"key":"Weak Potion"},{"floor":42,"key":"Regen Potion"}],"is_trial":false,"path_per_floor":["M","?","M","$","M","R","$","M","T","R","M","R","M","$","R","B",null,"M","?","M","?","M","R","?","R","T","M","$","E","M","M","R","B",null,"M","M","?","?","$","R","E","M","T","R","M","M","R","?","R","B",null],"character_chosen":"DEFECT","items_purchased":["Storm","Loop","Magnetism+1","Discovery","Heatsinks+1"],"campfire_rested":1,"item_purchase_floors":[7,14,28,28,39],"current_hp_per_floor":[54,59,58,58,58,58,58,60,60,60,60,60,59,59,59,25,75,75,68,75,62,59,59,59,59,59,66,66,49,49,42,42,49,75,75,60,60,60,60,60,38,38,38,38,68,64,64,55,75,74],"gold":142,"neow_bonus":"TRANSFORM_TWO_CARDS","is_prod":false,"is_daily":false,"chose_seed":false,"campfire_upgraded":10,"win_rate":0,"timestamp":1560622257,"path_taken":["M","?","?","$","?","R","$","M","T","R","M","R","M","$","R","BOSS","M","?","?","?","M","R","?","R","T","M","$","E","M","M","R","BOSS","M","M","?","?","$","R","E","M","T","R","M","M","R","?","R","BOSS"],"build_version":"2019-01-23","purchased_purges":3,"victory":true,"max_hp_per_floor":[75,75,75,75,75,75,75,75,75,75,75,75,75,75,75,75,75,75,75,75,75,75,75,75,75,75,75,75,75,75,75,75,75,75,75,75,75,75,75,75,75,75,75,75,75,75,75,75,75,75],"card_choices":[{"not_picked":["Cold Snap","Stack"],"picked":"Ball Lightning","floor":1.0},{"not_picked":["Stack","Rebound"],"picked":"Hologram","floor":3.0},{"not_picked":["Barrage","Beam Cell"],"picked":"Self Repair","floor":5.0},{"not_picked":["Sweeping Beam","FTL"],"picked":"Electrodynamics","floor":8.0},{"not_picked":["Barrage+1","Darkness","Streamline+1"],"picked":"SKIP","floor":11.0},{"not_picked":["Melter+1","Steam Power","Glacier"],"picked":"SKIP","floor":13.0},{"not_picked":["All For One+1","Echo Form"],"picked":"Buffer","floor":16.0},{"not_picked":["Compile Driver+1","Hologram","Sweeping Beam+1"],"picked":"SKIP","floor":18.0},{"not_picked":["Redo","Barrage+1","Lockon+1"],"picked":"SKIP","floor":20.0},{"not_picked":["Reprogram","Coolheaded","Turbo"],"picked":"SKIP","floor":22.0},{"not_picked":["Leap","Compile Driver+1"],"picked":"Heatsinks+1","floor":27.0},{"not_picked":["Coolheaded+1","Gash+1"],"picked":"Amplify","floor":29.0},{"not_picked":["Streamline+1","Rebound+1"],"picked":"Capacitor+1","floor":30.0},{"not_picked":["Rebound+1","FTL+1","Go for the Eyes+1"],"picked":"SKIP","floor":31.0},{"not_picked":["Fission","All For One+1"],"picked":"Electrodynamics+1","floor":33.0},{"not_picked":["Undo","Gash+1"],"picked":"White Noise+1","floor":35},{"not_picked":["Skim","Barrage+1"],"picked":"Self Repair+1","floor":36},{"not_picked":["Compile Driver+1","Cold Snap+1"],"picked":"Storm+1","floor":41},{"not_picked":["Leap","Aggregate+1","Genetic Algorithm+1"],"picked":"SKIP","floor":42},{"not_picked":["Sweeping Beam+1","Glacier+1","Doom and Gloom+1"],"picked":"SKIP","floor":45},{"not_picked":["BootSequence+1","Go for the Eyes+1"],"picked":"Heatsinks+1","floor":46}],"player_experience":5276889,"relics_obtained":[{"floor":9.0,"key":"Molten Egg 2"},{"floor":21.0,"key":"FossilizedHelix"},{"floor":21.0,"key":"Letter Opener"},{"floor":26.0,"key":"Frozen Egg 2"},{"floor":29.0,"key":"Cables"},{"floor":41,"key":"Ginger"},{"floor":41,"key":"Bottled Lightning"},{"floor":43,"key":"Toxic Egg 2"}],"event_choices":[{"cards_removed":["Stack"],"damage_healed":5.0,"max_hp_gain":0.0,"max_hp_loss":0.0,"gold_gain":0.0,"event_name":"Bonfire Elementals","player_choice":"Offered Common","floor":2.0,"gold_loss":0.0,"damage_taken":0.0},{"cards_removed":["Stack"],"damage_healed":5.0,"max_hp_gain":0.0,"max_hp_loss":0.0,"gold_gain":0.0,"event_name":"Bonfire Elementals","player_choice":"Offered Special","floor":2.0,"gold_loss":0.0,"damage_taken":0.0},{"damage_healed":0.0,"max_hp_gain":0.0,"max_hp_loss":0.0,"gold_gain":75.0,"event_name":"FaceTrader","player_choice":"Touch","floor":19.0,"gold_loss":0.0,"damage_taken":7.0},{"damage_healed":0.0,"max_hp_gain":0.0,"max_hp_loss":0.0,"gold_gain":0.0,"event_name":"Colosseum","player_choice":"Fight","floor":21.0,"gold_loss":0.0,"damage_taken":0.0},{"damage_healed":0.0,"max_hp_gain":0.0,"max_hp_loss":0.0,"gold_gain":0.0,"event_name":"Colosseum","player_choice":"Fought Nobs","floor":21.0,"gold_loss":0.0,"damage_taken":0.0},{"damage_healed":0.0,"max_hp_gain":0.0,"max_hp_loss":0.0,"gold_gain":99.0,"event_name":"Nest","player_choice":"Stole From Cult","floor":24.0,"gold_loss":0.0,"damage_taken":0.0},{"damage_healed":0,"gold_gain":0,"player_choice":"Ignored","damage_taken":0,"max_hp_gain":0,"max_hp_loss":0,"event_name":"Tomb of Lord Red Mask","floor":37,"gold_loss":0},{"cards_removed":["Ball Lightning"],"damage_healed":0,"gold_gain":0,"player_choice":"Removed Attack","damage_taken":0,"max_hp_gain":0,"max_hp_loss":0,"event_name":"Falling","floor":38,"gold_loss":0},{"damage_healed":0,"gold_gain":0,"player_choice":"Embrace Madness","damage_taken":9,"max_hp_gain":0,"max_hp_loss":0,"event_name":"Winding Halls","floor":48,"gold_loss":0,"cards_obtained":["Madness","Madness"]}],"is_beta":false,"boss_relics":[{"not_picked":["Ectoplasm","Coffee Dripper"],"picked":"Nuclear Battery"},{"not_picked":["Pandora\u0027s Box","Velvet Choker"],"picked":"Black Star"}],"items_purged_floors":[4,28,39],"is_endless":false,"potions_floor_spawned":[3,8,18,20,21,22,30,31,42,45],"ascension_level":0}