{"gold_per_floor":[461,548,560,586,622,634],"floor_reached":6,"playtime":585,"items_purged":[],"score":268,"play_id":"e15d8271-71f3-47db-9e0f-535e2e1a4ce2","local_time":"20190326152906","is_ascension_mode":true,"campfire_choices":[],"neow_cost":"","seed_source_timestamp":8190085170683,"circlet_count":0,"master_deck":["Mayhem","Magnetism","Sadistic Nature","Panache","The Bomb","Apotheosis","Chrysalis","Metamorphosis","Secret Technique","Violence","Secret Weapon","Master of Strategy","Thinking Ahead","Transmutation","Discovery","Madness","Dark Shackles","PanicButton","Trip","Impatience","Blind","Bandage Up","Deep Breath","Forethought","Enlightenment","Purity","Panacea","Finesse","Good Instincts","Jack Of All Trades","Ghostly","J.A.X.","HandOfGreed","Mind Blast","Dramatic Entrance","Flash of Steel","Swift Strike","RitualDagger","Bite","Shiv","Wraith Form v2","A Thousand Cuts","Envenom","After Image","Tools of the Trade","Caltrops","Noxious Fumes","Infinite Blades","Accuracy","Footwork","Well Laid Plans","Bullet Time","Night Terror","Storm of Steel","Phantasmal Killer","Corpse Explosion","Burst+1","Venomology","Adrenaline","Doppelganger","Malaise","Crippling Poison","Leg Sweep","Bouncing Flask","Catalyst","Expertise","Blur","Setup","Terror","Distraction","Calculated Gamble","Escape Plan","Concentrate","Tactician","Reflex","Cloak And Dagger","Deadly Poison","Blade Dance","Acrobatics","Backflip","Outmaneuver","PiercingWail","Dodge and Roll","Deflect","Prepared","Survivor","Defend_G","Glass Knife","Unload","Die Die Die","Grand Finale","Eviscerate","Choke","Riddle With Holes","Dash","Predator","Finisher","Heel Hook","Flechettes","All Out Attack","Endless Agony","Backstab","Masterful Stab","Skewer","Underhanded Strike","Dagger Spray","Bane","Dagger Throw","Poisoned Stab","Quick Slash","Sucker Punch","Flying Knee","Slice","Strike_G","Neutralize","Barricade","Demon Form","Juggernaut","Dark Embrace","Brutality","Berserk","Corruption","Inflame","Metallicize","Combust","Feel No Pain","Rupture","Fire Breathing","Evolve","Impervious","Exhume","Limit Break","Double Tap","Offering","Flame Barrier","Shockwave","Entrench","Spot Weakness","Power Through","Dual Wield","Infernal Blade","Burning Pact+1","Seeing Red","Disarm","Sentinel","Second Wind","Ghostly Armor","Intimidate","Rage","Battle Trance","Bloodletting","True Grit","Shrug It Off","Armaments","Havoc","Warcry","Flex","Defend_R","Bludgeon","Immolate","Reaper","Fiend Fire","Feed","Blood for Blood","Sever Soul","Searing Blow","Carnage+1","Uppercut","Hemokinesis","Pummel","Rampage","Dropkick","Reckless Charge","Whirlwind","Clothesline","Heavy Blade","Perfected Strike","Cleave","Iron Wave","Body Slam","Thunderclap","Pommel Strike","Twin Strike","Headbutt","Wild Strike","Sword Boomerang","Anger","Clash","Bash","Strike_R","Creative AI","Echo Form","Buffer","Electrodynamics","Machine Learning","Biased Cognition","Storm","Hello World","Self Repair","Loop","Static Discharge","Heatsinks","Capacitor","Defragment","Rainbow","Amplify","Fission","Reboot","Seek","Multi-Cast","Force Field","Glacier","Consume","Fusion","Undo","Genetic Algorithm","Aggregate","Chaos","Darkness","Double Energy","Auto Shields","Recycle","Skim","White Noise","Steam Power","Chill","BootSequence","Reprogram","Tempest","Reinforced Body","Redo","Stack","Coolheaded","Conserve Battery","Hologram","Leap","Turbo","Steam","Zap","Defend_B","Dualcast","Meteor Strike","Thunder Strike","All For One","Hyperbeam","Core Surge","Sunder","Doom and Gloom","Blizzard","Melter","Rip and Tear","Lockon","Scrape+1","FTL","Streamline","Ball Lightning","Compile Driver","Barrage","Rebound","Sweeping Beam","Cold Snap","Go for the Eyes","Gash","Beam Cell","Strike_B"],"special_seed":0,"relics":["Burning Blood","PrismaticShard","OrangePellets","Membership Card","Medical Kit","Juzu Bracelet","Ice Cream","Frozen Eye","Frozen Egg 2","Bag of Preparation","Sling","Chemical X","StoneCalendar","Centennial Puzzle","Regal Pillow","Molten Egg 2","Toxic Egg 2","Du-Vu Doll","Sundial","PreservedInsect","Lantern","Dead Branch","WingedGreaves","Pantograph","Dodecahedron","ClockworkSouvenir","Incense Burner","MealTicket","Vajra","Prayer Wheel","The Courier","Thread and Needle","Pen Nib","Blue Candle","Turnip","Ginger","Shovel","Anchor","Question Card","Singing Bowl","Torii","Bird Faced Urn","Darkstone Periapt","Gambling Chip","Bronze Scales","FossilizedHelix","Potion Belt","Strawberry","Kunai","Mango","Lee\u0027s Waffle","Toy Ornithopter","Pear","Mercury Hourglass","Shuriken","Whetstone","War Paint","TheAbacus","Ornamental Fan","Happy Flower","Letter Opener","Orichalcum","Art of War","Peace Pipe","Matryoshka","Strange Spoon","Tiny Chest","Blood Vial","Toolbox","MawBank","Meat on the Bone","Mummified Hand","Dream Catcher","HandDrill","Oddly Smooth Stone","Pocketwatch","Smiling Mask","Omamori","Girya","Gremlin Horn","Calipers","Unceasing Top","Nunchaku","Boot","Ancient Tea Set","Old Coin","Bag of Marbles","Bottled Lightning","Paper Frog","Charon\u0027s Ashes"],"potions_floor_usage":[],"damage_taken":[{"damage":0.0,"enemies":"2 Louse","floor":1.0,"turns":1.0},{"damage":0.0,"enemies":"Jaw Worm","floor":4.0,"turns":1.0}],"seed_played":"301626008228046723","potions_obtained":[{"floor":1.0,"key":"Dexterity Potion"}],"is_trial":true,"path_per_floor":["M","?","$","M","T","R"],"character_chosen":"IRONCLAD","items_purchased":[],"campfire_rested":0,"item_purchase_floors":[],"current_hp_per_floor":[117,106,117,121,121,121],"gold":634,"neow_bonus":"","is_prod":false,"is_daily":false,"chose_seed":false,"campfire_upgraded":0,"win_rate":0,"timestamp":1553585346,"path_taken":["M","?","$","M","?","R"],"build_version":"2019-01-23","purchased_purges":0,"victory":false,"max_hp_per_floor":[117,117,117,121,121,121],"card_choices":[{"not_picked":["Dagger Throw+1","All Out Attack+1","Noxious Fumes+1","Flying Knee+1"],"picked":"Singing Bowl","floor":1.0},{"not_picked":["Poisoned Stab+1","Streamline+1","Flex+1","Dagger Spray+1"],"picked":"Singing Bowl","floor":1.0},{"not_picked":["Stack+1","Scrape+1","Heavy Blade+1","Tools of the Trade+1"],"picked":"Singing Bowl","floor":4.0},{"not_picked":["Intimidate+1","Sucker Punch+1","Underhanded Strike+1","Skewer+1"],"picked":"Singing Bowl","floor":4.0}],"player_experience":3882043,"relics_obtained":[{"floor":5.0,"key":"Paper Frog"},{"floor":5.0,"key":"Charon\u0027s Ashes"}],"event_choices":[{"damage_healed":0.0,"max_hp_gain":0.0,"max_hp_loss":0.0,"gold_gain":75.0,"event_name":"World of Goop","player_choice":"Gather Gold","floor":2.0,"gold_loss":0.0,"damage_taken":11.0}],"is_beta":false,"boss_relics":[],"items_purged_floors":[],"is_endless":false,"potions_floor_spawned":[1],"ascension_level":20}