{"gold_per_floor":[99,99,99,99,99,99,18,18,18,18,18,18,18,18,18,18,18,18,18,18,18,18],"floor_reached":22,"playtime":520,"items_purged":[],"score":355,"play_id":"2c4cb310-694e-4e9f-8d62-7d47c0da0f70","local_time":"20181216222840","is_ascension_mode":true,"campfire_choices":[{"data":"Inflame","floor":6.0,"key":"SMITH"},{"data":"Heavy Blade","floor":8.0,"key":"SMITH"},{"data":"Flex","floor":10.0,"key":"SMITH"},{"data":"Limit Break","floor":15.0,"key":"SMITH"}],"neow_cost":"NONE","seed_source_timestamp":39127277070264,"circlet_count":0,"master_deck":["AscendersBane","Strike_R","Strike_R","Strike_R","Defend_R","Defend_R","Defend_R","Bash","Inflame+1","Flex+1","Heavy Blade+1","Finesse","True Grit","Limit Break+1","Feed","Thunderclap+1","Spot Weakness"],"special_seed":0,"relics":["Ectoplasm","Odd Mushroom","Empty Cage"],"potions_floor_usage":[22],"damage_taken":[{"damage":1.0,"enemies":"Cultist","floor":1.0,"turns":3.0},{"damage":1.0,"enemies":"2 Louse","floor":2.0,"turns":2.0},{"damage":7.0,"enemies":"Jaw Worm","floor":5.0,"turns":3.0},{"damage":14.0,"enemies":"Exordium Wildlife","floor":11.0,"turns":3.0},{"damage":15.0,"enemies":"The Mushroom Lair","floor":12.0,"turns":4.0},{"damage":13.0,"enemies":"Gremlin Gang","floor":14.0,"turns":4.0},{"damage":15.0,"enemies":"The Guardian","floor":16.0,"turns":4.0},{"damage":9.0,"enemies":"Spheric Guardian","floor":18.0,"turns":3.0},{"damage":14.0,"enemies":"3 Byrds","floor":19.0,"turns":4.0},{"damage":19.0,"enemies":"Cultist and Chosen","floor":20.0,"turns":4.0},{"damage":21.0,"enemies":"3 Cultists","floor":21.0,"turns":5.0},{"damage":16,"enemies":"Snecko","floor":22,"turns":3}],"seed_played":"819255087599694006","potions_obtained":[{"floor":2.0,"key":"SpeedPotion"},{"floor":11.0,"key":"SteroidPotion"},{"floor":21.0,"key":"FearPotion"}],"is_trial":false,"path_per_floor":["M","M","?","?","M","R","$","R","T","R","M","?","$","M","R","B",null,"M","M","M","M","M"],"character_chosen":"IRONCLAD","items_purchased":["Finesse"],"campfire_rested":0,"item_purchase_floors":[7],"current_hp_per_floor":[67,66,71,71,64,64,64,64,64,64,50,35,35,22,22,7,62,53,42,26,8,0],"gold":18,"neow_bonus":"BOSS_RELIC","is_prod":false,"is_daily":false,"chose_seed":false,"campfire_upgraded":4,"win_rate":0,"timestamp":1544970520,"path_taken":["M","M","?","?","M","R","$","R","T","R","?","?","?","M","R","BOSS","M","M","M","M","?"],"build_version":"2018-12-13","purchased_purges":0,"victory":false,"max_hp_per_floor":[75,75,80,80,80,80,80,80,80,80,80,80,80,80,80,80,80,80,83,86,89,89],"card_choices":[{"not_picked":["Anger","Disarm"],"picked":"Inflame","floor":1.0},{"not_picked":["Wild Strike","Anger"],"picked":"Flex","floor":2.0},{"not_picked":["Cleave","Feel No Pain"],"picked":"Heavy Blade","floor":5.0},{"not_picked":["Clash","Wild Strike","Perfected Strike"],"picked":"SKIP","floor":11.0},{"not_picked":["Twin Strike","Disarm"],"picked":"True Grit","floor":12.0},{"not_picked":["Carnage","Sever Soul"],"picked":"Limit Break","floor":14.0},{"not_picked":["Barricade","Offering"],"picked":"Feed","floor":16.0},{"not_picked":["Clash","Carnage+1"],"picked":"Thunderclap+1","floor":18.0},{"not_picked":["Warcry","Hemokinesis","Entrench"],"picked":"SKIP","floor":19.0},{"not_picked":["Perfected Strike","Rupture","True Grit"],"picked":"SKIP","floor":20.0},{"not_picked":["Havoc","Pommel Strike"],"picked":"Spot Weakness","floor":21.0}],"player_experience":1297028,"relics_obtained":[{"floor":12.0,"key":"Odd Mushroom"}],"event_choices":[{"damage_healed":0.0,"max_hp_gain":5.0,"max_hp_loss":0.0,"gold_gain":0.0,"event_name":"Big Fish","player_choice":"Donut","floor":3.0,"gold_loss":0.0,"damage_taken":0.0},{"cards_removed":["Defend_R"],"damage_healed":0.0,"max_hp_gain":0.0,"max_hp_loss":0.0,"gold_gain":0.0,"event_name":"Bonfire Elementals","player_choice":"Offered Basic","floor":4.0,"gold_loss":0.0,"damage_taken":0.0},{"damage_healed":0.0,"max_hp_gain":0.0,"max_hp_loss":0.0,"gold_gain":0.0,"event_name":"Mushrooms","player_choice":"Fought Mushrooms","floor":12.0,"gold_loss":0.0,"damage_taken":0.0}],"is_beta":false,"boss_relics":[{"not_picked":["Philosopher\u0027s Stone","Pandora\u0027s Box"],"picked":"Empty Cage"}],"items_purged_floors":[],"is_endless":false,"potions_floor_spawned":[2,11,14,21],"killed_by":"Snecko","ascension_level":15}