{"gold_per_floor":[118,132,151,50,70,70,80,80,80,110,110,110,110,126,126,126],"floor_reached":16,"playtime":923,"items_purged":["Strike_R"],"score":158,"play_id":"62729503-8d04-42c7-86cc-d95167df0e06","local_time":"20190729211254","is_ascension_mode":true,"campfire_choices":[{"data":"Iron Wave","floor":6,"key":"SMITH"},{"data":"Whirlwind","floor":8,"key":"SMITH"},{"data":"Rage","floor":11,"key":"SMITH"},{"data":"Twin Strike","floor":13,"key":"SMITH"},{"floor":15,"key":"REST"}],"neow_cost":"NONE","seed_source_timestamp":0,"circlet_count":0,"master_deck":["AscendersBane","Strike_R+1","Strike_R","Strike_R","Strike_R","Defend_R","Defend_R+1","Defend_R","Defend_R","Bash","Pommel Strike","Rage+1","Iron Wave+1","Twin Strike+1","Whirlwind+1","Headbutt","Twin Strike"],"special_seed":0,"relics":["Burning Blood","Juzu Bracelet","Blood Vial"],"potions_floor_usage":[16,16],"damage_taken":[{"damage":10,"enemies":"Cultist","floor":1,"turns":5},{"damage":7,"enemies":"Small Slimes","floor":2,"turns":3},{"damage":6,"enemies":"Jaw Worm","floor":3,"turns":3},{"damage":19,"enemies":"Exordium Thugs","floor":5,"turns":5},{"damage":5,"enemies":"Looter","floor":7,"turns":4},{"damage":20,"enemies":"Gremlin Nob","floor":10,"turns":5},{"damage":10,"enemies":"Gremlin Gang","floor":14,"turns":5},{"damage":60,"enemies":"Hexaghost","floor":16,"turns":11}],"seed_played":"62080144445445480","potions_obtained":[{"floor":2,"key":"Weak Potion"},{"floor":3,"key":"Poison Potion"},{"floor":14,"key":"PowerPotion"}],"is_trial":false,"path_per_floor":["M","M","M","$","M","R","M","R","T","E","R","?","R","M","R","B"],"character_chosen":"IRONCLAD","items_purchased":["Twin Strike"],"campfire_rested":1,"item_purchase_floors":[4],"current_hp_per_floor":[76,75,75,75,62,62,63,63,63,49,49,31,31,29,55,0],"gold":126,"neow_bonus":"TEN_PERCENT_HP_BONUS","is_prod":false,"is_daily":false,"chose_seed":false,"campfire_upgraded":4,"win_rate":0,"timestamp":1564452774,"path_taken":["M","M","M","$","?","R","M","R","T","E","R","?","R","M","R","BOSS"],"build_version":"2019-07-17","purchased_purges":1,"victory":false,"max_hp_per_floor":[88,88,88,88,88,88,88,88,88,88,88,88,88,88,88,88],"card_choices":[{"not_picked":["Warcry","Rage"],"picked":"Pommel Strike","floor":1},{"not_picked":["Reckless Charge","Flex"],"picked":"Rage","floor":2},{"not_picked":["Wild Strike","Burning Pact"],"picked":"Iron Wave","floor":3},{"not_picked":["Fire Breathing","Thunderclap","Pummel"],"picked":"SKIP","floor":5},{"not_picked":["Twin Strike","Warcry"],"picked":"Whirlwind","floor":7},{"not_picked":["Intimidate","Burning Pact"],"picked":"Headbutt","floor":10},{"not_picked":["Sever Soul","Cleave"],"picked":"Twin Strike","floor":14}],"player_experience":384311,"relics_obtained":[{"floor":9,"key":"Juzu Bracelet"},{"floor":10,"key":"Blood Vial"}],"event_choices":[{"damage_healed":0,"gold_gain":0,"player_choice":"Entered Light","damage_taken":18,"max_hp_gain":0,"max_hp_loss":0,"event_name":"Shining Light","floor":12,"gold_loss":0,"cards_upgraded":["Defend_R","Strike_R"]}],"is_beta":false,"boss_relics":[],"items_purged_floors":[4],"is_endless":false,"potions_floor_spawned":[2,3,14],"killed_by":"Hexaghost","ascension_level":11}