{"gold_per_floor":[362,377,452,452,471,471,490,490,490,504,231,246,275,275,275,275],"floor_reached":16,"playtime":540,"items_purged":["Strike_G"],"score":153,"play_id":"d51016d9-9f20-45f5-95b7-6d5019c285aa","local_time":"20181010105020","is_ascension_mode":true,"campfire_choices":[{"data":"Neutralize","floor":6,"key":"SMITH"},{"data":"Deadly Poison","floor":8,"key":"SMITH"},{"floor":15,"key":"REST"}],"neow_cost":"CURSE","seed_source_timestamp":9057267602782,"circlet_count":0,"master_deck":["Defend_G","Defend_G","Defend_G","Defend_G","Defend_G","Strike_G","Strike_G","Strike_G","Survivor","Neutralize+1","AscendersBane","Escape Plan","Deadly Poison+1","Bouncing Flask","Deadly Poison","Blur+1"],"relics":["Ring of the Snake","Sundial","Toy Ornithopter","Toxic Egg 2"],"potions_floor_usage":[13,16,16],"damage_taken":[{"damage":5,"enemies":"Cultist","floor":1,"turns":5},{"damage":2,"enemies":"2 Louse","floor":2,"turns":3},{"damage":0,"enemies":"Jaw Worm","floor":5,"turns":6},{"damage":0,"enemies":"Looter","floor":7,"turns":5},{"damage":19,"enemies":"Exordium Wildlife","floor":10,"turns":8},{"damage":1,"enemies":"Blue Slaver","floor":12,"turns":4},{"damage":26,"enemies":"3 Sentries","floor":13,"turns":10},{"damage":48,"enemies":"Slime Boss","floor":16,"turns":7}],"seed_played":"-5109091317995452419","potions_obtained":[{"floor":2,"key":"EssenceOfSteel"},{"floor":7,"key":"Regen Potion"},{"floor":12,"key":"GamblersBrew"}],"is_trial":false,"path_per_floor":["M","M","?","?","M","R","M","R","T","M","$","M","E","?","R"],"character_chosen":"THE_SILENT","items_purchased":["Toy Ornithopter"],"campfire_rested":1,"item_purchase_floors":[11],"current_hp_per_floor":[58,56,45,38,38,38,38,38,38,19,19,18,12,12,33,0],"gold":275,"neow_bonus":"TWO_FIFTY_GOLD","is_prod":false,"is_daily":false,"chose_seed":false,"campfire_upgraded":2,"win_rate":0,"timestamp":1539139820,"path_taken":["M","M","?","?","M","R","M","R","T","M","$","?","E","?","R","BOSS"],"build_version":"2018-10-04v2","purchased_purges":1,"victory":false,"max_hp_per_floor":[70,70,70,70,70,70,70,70,70,70,70,70,70,70,70,70],"card_choices":[{"not_picked":["Bane","Dagger Throw","Terror"],"picked":"SKIP","floor":1},{"not_picked":["Blade Dance","Quick Slash"],"picked":"Escape Plan","floor":2},{"not_picked":["Riddle With Holes","Heel Hook","Eviscerate"],"picked":"SKIP","floor":5},{"not_picked":["Dodge and Roll","All Out Attack"],"picked":"Deadly Poison","floor":7},{"not_picked":["Predator","Backstab"],"picked":"Bouncing Flask","floor":10},{"not_picked":["Setup","Cloak And Dagger"],"picked":"Deadly Poison","floor":12},{"not_picked":["Underhanded Strike","Dodge and Roll"],"picked":"Blur","floor":13}],"player_experience":76056,"relics_obtained":[{"floor":9,"key":"Sundial"},{"floor":13,"key":"Toxic Egg 2"}],"event_choices":[{"event_name":"World of Goop","player_choice":"Gather Gold","floor":3,"damage_taken":0},{"event_name":"Golden Wing","player_choice":"Card Removal","floor":4,"damage_taken":0},{"event_name":"Purifier","player_choice":"One Purge","floor":14,"damage_taken":0}],"is_beta":false,"boss_relics":[],"items_purged_floors":[11],"is_endless":false,"potions_floor_spawned":[2,7,12],"killed_by":"Slime Boss","ascension_level":10}