{"gold_per_floor":[111,111,24,34,52,52,71,103,103,103,103,119,147,17,17,88,88,102,27,27,30,30,30,43,43,43,75,75,75,75,90,90,163,163,173,173,191,91,0,0],"floor_reached":40,"playtime":1363,"items_purged":["Strike_B","Defend_B"],"score":849,"play_id":"1108fae9-e4a5-45a0-8f0d-d6e6783d0e6c","local_time":"20190223023926","is_ascension_mode":true,"campfire_choices":[{"data":"Coolheaded","floor":6.0,"key":"SMITH"},{"data":"Go for the Eyes","floor":10.0,"key":"SMITH"},{"data":"Blizzard","floor":15.0,"key":"SMITH"},{"data":"Defragment","floor":23.0,"key":"SMITH"},{"data":"Dualcast","floor":25.0,"key":"SMITH"},{"floor":28,"key":"REST"},{"data":"Buffer","floor":32,"key":"SMITH"}],"neow_cost":"NONE","seed_source_timestamp":0,"circlet_count":0,"master_deck":["AscendersBane","Defend_B","Defend_B","Zap","Dualcast+1","Reinforced Body","Coolheaded+1","Go for the Eyes+1","Ball Lightning","Chill","Compile Driver","Stack","Blizzard+1","Buffer+1","Defragment+1","Capacitor","Hologram","Self Repair","Biased Cognition","Core Surge","Turbo+1","Cold Snap","Steam"],"special_seed":0,"relics":["Cracked Core","Regal Pillow","Ginger","Bottled Lightning","Thread and Needle","Mercury Hourglass","Empty Cage","Oddly Smooth Stone","Mango","Orrery","Red Mask"],"potions_floor_usage":[27,33],"damage_taken":[{"damage":9.0,"enemies":"Jaw Worm","floor":1.0,"turns":4.0},{"damage":0.0,"enemies":"Small Slimes","floor":4.0,"turns":2.0},{"damage":0.0,"enemies":"2 Louse","floor":5.0,"turns":2.0},{"damage":16.0,"enemies":"Large Slime","floor":7.0,"turns":9.0},{"damage":1.0,"enemies":"Gremlin Nob","floor":8.0,"turns":3.0},{"damage":1.0,"enemies":"3 Louse","floor":12.0,"turns":3.0},{"damage":4.0,"enemies":"3 Sentries","floor":13.0,"turns":7.0},{"damage":5.0,"enemies":"Slime Boss","floor":16.0,"turns":8.0},{"damage":0.0,"enemies":"Chosen","floor":18.0,"turns":5.0},{"damage":16.0,"enemies":"2 Thieves","floor":21.0,"turns":4.0},{"damage":7.0,"enemies":"Snake Plant","floor":24.0,"turns":7.0},{"damage":30,"enemies":"Gremlin Leader","floor":27,"turns":7},{"damage":10,"enemies":"Colosseum Slavers","floor":29,"turns":5},{"damage":2,"enemies":"Cultist and Chosen","floor":31,"turns":8},{"damage":26,"enemies":"Champ","floor":33,"turns":17},{"damage":0,"enemies":"3 Shapes","floor":35,"turns":5},{"damage":4,"enemies":"Orb Walker","floor":37,"turns":5},{"damage":2,"enemies":"Reptomancer","floor":40,"turns":2}],"seed_played":"1260469052085362736","potions_obtained":[{"floor":1.0,"key":"SteroidPotion"},{"floor":4.0,"key":"AttackPotion"},{"floor":8.0,"key":"FearPotion"},{"floor":21.0,"key":"Explosive Potion"},{"floor":27,"key":"GamblersBrew"},{"floor":31,"key":"SteroidPotion"},{"floor":37,"key":"FearPotion"}],"is_trial":false,"path_per_floor":["M","?","$","M","M","R","M","E","T","R","?","M","E","$","R","B",null,"M","?","?","M","$","R","M","R","T","E","R","?","T","M","R","B",null,"M","?","M","$","?","E"],"character_chosen":"DEFECT","items_purchased":["Coolheaded","Go for the Eyes","AttackPotion"],"campfire_rested":1,"item_purchase_floors":[3,3,14],"current_hp_per_floor":[55,37,37,37,37,37,21,20,20,20,25,24,20,20,20,15,61,61,61,61,45,45,45,38,38,38,8,45,35,49,47,47,28,75,75,75,78,78,78,76],"gold":0,"neow_bonus":"RANDOM_COMMON_RELIC","is_prod":false,"is_daily":false,"chose_seed":false,"campfire_upgraded":6,"win_rate":0,"timestamp":1550860766,"path_taken":["M","?","$","M","M","R","M","E","T","R","?","M","E","$","R","BOSS","M","?","?","M","$","R","M","R","T","E","R","?","?","M","R","BOSS","M","?","M","$","?","E"],"build_version":"2019-01-23","purchased_purges":2,"victory":false,"max_hp_per_floor":[71,71,71,71,71,71,71,71,71,71,76,76,76,76,76,76,76,76,76,76,76,76,76,76,76,76,76,76,76,90,90,90,90,90,90,90,90,90,90,90],"card_choices":[{"not_picked":["Chill","Steam Power"],"picked":"Reinforced Body","floor":1.0},{"not_picked":["Stack","Reprogram"],"picked":"Ball Lightning","floor":4.0},{"not_picked":["Storm","Melter"],"picked":"Chill","floor":5.0},{"not_picked":["Rebound","Beam Cell"],"picked":"Compile Driver","floor":7.0},{"not_picked":["Rebound","Auto Shields","Redo"],"picked":"SKIP","floor":8.0},{"not_picked":["Force Field","Ball Lightning"],"picked":"Stack","floor":12.0},{"not_picked":["Reinforced Body","Melter"],"picked":"Blizzard","floor":13.0},{"not_picked":["All For One","Thunder Strike"],"picked":"Buffer","floor":16.0},{"not_picked":["Hello World","Steam Power"],"picked":"Defragment","floor":18.0},{"not_picked":["Compile Driver+1","Blizzard+1"],"picked":"Capacitor","floor":21.0},{"not_picked":["Conserve Battery","Hello World+1"],"picked":"Hologram","floor":24.0},{"not_picked":["All For One","Ball Lightning","Rainbow"],"picked":"SKIP","floor":27},{"not_picked":["Gash","Conserve Battery"],"picked":"Self Repair","floor":31},{"not_picked":["Core Surge","Hyperbeam"],"picked":"Biased Cognition","floor":33},{"not_picked":["Beam Cell","Rebound"],"picked":"Core Surge","floor":34},{"not_picked":["Hologram","Beam Cell"],"picked":"Turbo+1","floor":34},{"not_picked":["Streamline","Sunder"],"picked":"Cold Snap","floor":34},{"not_picked":["Go for the Eyes","Ball Lightning"],"picked":"Steam","floor":34},{"not_picked":["Beam Cell","Amplify","Ball Lightning"],"picked":"SKIP","floor":35},{"not_picked":["Streamline","Compile Driver","Self Repair"],"picked":"SKIP","floor":37}],"player_experience":927324,"relics_obtained":[{"floor":8.0,"key":"Bottled Lightning"},{"floor":9.0,"key":"Thread and Needle"},{"floor":13.0,"key":"Mercury Hourglass"},{"floor":27,"key":"Oddly Smooth Stone"},{"floor":30,"key":"Mango"}],"event_choices":[{"damage_healed":0.0,"max_hp_gain":0.0,"max_hp_loss":0.0,"gold_gain":0.0,"event_name":"Scrap Ooze","player_choice":"Success","floor":2.0,"gold_loss":0.0,"damage_taken":18.0,"relics_obtained":["Ginger"]},{"damage_healed":0.0,"max_hp_gain":5.0,"max_hp_loss":0.0,"gold_gain":0.0,"event_name":"Big Fish","player_choice":"Donut","floor":11.0,"gold_loss":0.0,"damage_taken":0.0},{"cards_removed":["Strike_B"],"damage_healed":0.0,"max_hp_gain":0.0,"max_hp_loss":0.0,"gold_gain":0.0,"event_name":"Beggar","player_choice":"Gave Gold","floor":19.0,"gold_loss":75.0,"damage_taken":0.0},{"cards_removed":["Defend_B"],"damage_healed":0.0,"max_hp_gain":0.0,"max_hp_loss":0.0,"gold_gain":0.0,"event_name":"Back to Basics","player_choice":"Elegance","floor":20.0,"gold_loss":0.0,"damage_taken":0.0},{"damage_healed":0,"gold_gain":0,"player_choice":"Fight","damage_taken":0,"max_hp_gain":0,"max_hp_loss":0,"event_name":"Colosseum","floor":29,"gold_loss":0},{"damage_healed":0,"gold_gain":0,"player_choice":"Fled From Nobs","damage_taken":0,"max_hp_gain":0,"max_hp_loss":0,"event_name":"Colosseum","floor":29,"gold_loss":0},{"damage_healed":0,"gold_gain":0,"player_choice":"Ignored","damage_taken":0,"max_hp_gain":0,"max_hp_loss":0,"event_name":"Mysterious Sphere","floor":36,"gold_loss":0},{"damage_healed":0,"gold_gain":0,"player_choice":"Paid","damage_taken":0,"relics_obtained":["Red Mask"],"max_hp_gain":0,"max_hp_loss":0,"event_name":"Tomb of Lord Red Mask","floor":39,"gold_loss":91}],"is_beta":false,"boss_relics":[{"not_picked":["White Beast Statue","Calling Bell"],"picked":"Empty Cage"},{"not_picked":["Snecko Eye","Runic Pyramid"],"picked":"Orrery"}],"items_purged_floors":[14,38],"is_endless":false,"potions_floor_spawned":[1,4,8,21,27,29,31,37],"killed_by":"Reptomancer","ascension_level":20}