{"gold_per_floor":[110,35,110,129,143,143,154,154,200,200,200,200,100,123,123,213,213,229,242,44,57,57,107,107,120,145,94,117,39,39,52,52,52],"floor_reached":33,"playtime":525,"items_purged":["Strike_B","Strike_B"],"score":427,"play_id":"b88490e6-08d6-48f7-b47c-990e2524912c","local_time":"20190131134908","is_ascension_mode":true,"campfire_choices":[{"data":"Dualcast","floor":6,"key":"SMITH"},{"data":"Zap","floor":8,"key":"SMITH"},{"data":"Streamline","floor":10,"key":"SMITH"},{"data":"Hologram","floor":15,"key":"SMITH"},{"data":"Biased Cognition","floor":24,"key":"SMITH"},{"data":"Defragment","floor":32,"key":"SMITH"}],"neow_cost":"NONE","seed_source_timestamp":40041690657993,"circlet_count":0,"master_deck":["AscendersBane","Strike_B","Strike_B","Defend_B","Defend_B","Defend_B","Defend_B","Zap+1","Dualcast+1","Hologram+1","Streamline+1","All For One","Beam Cell","Gash","Biased Cognition+1","Coolheaded+1","Master of Strategy","Gash","Defragment+1"],"relics":["Cracked Core","NeowsBlessing","Happy Flower","Golden Idol","Coffee Dripper","Bronze Scales"],"potions_floor_usage":[16,16,19,28,31],"damage_taken":[{"damage":0,"enemies":"Jaw Worm","floor":1,"turns":1},{"damage":0,"enemies":"2 Louse","floor":4,"turns":1},{"damage":0,"enemies":"Cultist","floor":5,"turns":1},{"damage":1,"enemies":"Looter","floor":7,"turns":2},{"damage":10,"enemies":"3 Louse","floor":14,"turns":3},{"damage":10,"enemies":"Hexaghost","floor":16,"turns":6},{"damage":2,"enemies":"Chosen","floor":18,"turns":3},{"damage":4,"enemies":"2 Thieves","floor":19,"turns":3},{"damage":17,"enemies":"Shelled Parasite and Fungi","floor":21,"turns":4},{"damage":0,"enemies":"Snake Plant","floor":25,"turns":2},{"damage":2,"enemies":"Sentry and Sphere","floor":28,"turns":5},{"damage":16,"enemies":"Centurion and Healer","floor":31,"turns":4},{"damage":46,"enemies":"Collector","floor":33,"turns":6}],"seed_played":"-2830490652982001247","potions_obtained":[{"floor":1,"key":"EssenceOfSteel"},{"floor":4,"key":"GamblersBrew"},{"floor":5,"key":"PowerPotion"},{"floor":18,"key":"SkillPotion"},{"floor":25,"key":"Ancient Potion"}],"is_trial":false,"path_per_floor":["M","$","?","M","M","R","M","R","T","R","?","?","$","M","R","B",null,"M","M","$","M","?","?","R","M","T","$","M","$","?","M","R","B"],"character_chosen":"DEFECT","items_purchased":["Master of Strategy","Gash","Regen Potion"],"campfire_rested":0,"item_purchase_floors":[20,27,29],"current_hp_per_floor":[64,64,53,53,53,53,52,52,52,52,28,24,24,14,14,4,54,52,48,48,31,31,31,31,31,31,31,29,29,43,39,39,0],"gold":52,"neow_bonus":"THREE_ENEMY_KILL","is_prod":false,"is_daily":false,"chose_seed":false,"campfire_upgraded":6,"win_rate":0,"timestamp":1548913748,"path_taken":["M","$","?","M","M","R","M","R","T","R","?","?","$","M","R","BOSS","M","?","$","M","?","?","R","?","T","?","?","$","?","M","R","BOSS"],"build_version":"2019-01-23","purchased_purges":2,"victory":false,"max_hp_per_floor":[71,71,71,71,71,71,71,71,71,71,71,71,71,71,71,71,71,71,71,71,71,71,71,71,71,71,71,71,71,71,71,71,71],"card_choices":[{"not_picked":["Storm","Cold Snap"],"picked":"Hologram","floor":1},{"not_picked":["Steam Power","Rebound"],"picked":"Streamline","floor":4},{"not_picked":["Compile Driver","Barrage"],"picked":"All For One","floor":5},{"not_picked":["Hologram","Auto Shields"],"picked":"Beam Cell","floor":7},{"not_picked":["Darkness","Reprogram"],"picked":"Gash","floor":14},{"not_picked":["Multi-Cast","Amplify"],"picked":"Biased Cognition","floor":16},{"not_picked":["White Noise","Compile Driver"],"picked":"Coolheaded+1","floor":18},{"not_picked":["Ball Lightning","Streamline","Barrage"],"picked":"SKIP","floor":19},{"not_picked":["Conserve Battery","Go for the Eyes","Ball Lightning+1"],"picked":"SKIP","floor":21},{"not_picked":["Cold Snap","Amplify","Hologram"],"picked":"SKIP","floor":25},{"not_picked":["Go for the Eyes","Beam Cell+1","BootSequence"],"picked":"SKIP","floor":28},{"not_picked":["Cold Snap","Gash"],"picked":"Defragment","floor":31}],"player_experience":2431857,"relics_obtained":[{"floor":9,"key":"Happy Flower"},{"floor":26,"key":"Bronze Scales"}],"event_choices":[{"damage_healed":0,"gold_gain":75,"player_choice":"Gather Gold","damage_taken":11,"max_hp_gain":0,"max_hp_loss":0,"event_name":"World of Goop","floor":3,"gold_loss":0},{"damage_healed":0,"gold_gain":0,"player_choice":"Take Damage","damage_taken":24,"relics_obtained":["Golden Idol"],"max_hp_gain":0,"max_hp_loss":0,"event_name":"Golden Idol","floor":11,"gold_loss":0},{"damage_healed":0,"gold_gain":0,"player_choice":"Bought 0 Potions","damage_taken":0,"max_hp_gain":0,"max_hp_loss":0,"event_name":"The Woman in Blue","floor":12,"gold_loss":0},{"damage_healed":0,"gold_gain":50,"player_choice":"Pray","damage_taken":0,"max_hp_gain":0,"max_hp_loss":0,"event_name":"Golden Shrine","floor":23,"gold_loss":0},{"damage_healed":14,"gold_gain":0,"player_choice":"Heal","damage_taken":0,"max_hp_gain":0,"max_hp_loss":0,"event_name":"The Library","floor":30,"gold_loss":0}],"is_beta":false,"boss_relics":[{"not_picked":["Lizard Tail","Nuclear Battery"],"picked":"Coffee Dripper"}],"items_purged_floors":[2,13],"is_endless":false,"potions_floor_spawned":[1,4,5,14,18,25],"killed_by":"Collector","ascension_level":16}