{"gold_per_floor":[111,41,141,157,157,157,183,202,202,127,143,158,184,196,196,196],"floor_reached":16,"playtime":442,"items_purged":["Strike_B"],"score":174,"play_id":"24448b53-a91e-46ba-adbc-b46798acd032","local_time":"20181009155608","is_ascension_mode":true,"campfire_choices":[{"data":"Zap","floor":6,"key":"SMITH"},{"floor":15,"key":"REST"}],"neow_cost":"NONE","seed_source_timestamp":612475190465374,"circlet_count":0,"master_deck":["Strike_B","Strike_B","Strike_B","Defend_B","Defend_B","Defend_B","Defend_B","Zap+1","Dualcast","AscendersBane","Hologram","FTL","Streamline","Rebound","Sweeping Beam","Beam Cell","Gash","Go for the Eyes"],"relics":["Cracked Core","Bag of Marbles","Frozen Egg 2","DataDisk","Centennial Puzzle"],"potions_floor_usage":[7],"damage_taken":[{"damage":0,"enemies":"Cultist","floor":1,"turns":3},{"damage":2,"enemies":"Jaw Worm","floor":4,"turns":3},{"damage":18,"enemies":"Gremlin Nob","floor":7,"turns":3},{"damage":0,"enemies":"2 Louse","floor":8,"turns":2},{"damage":0,"enemies":"2 Fungi Beasts","floor":11,"turns":2},{"damage":5,"enemies":"Exordium Thugs","floor":12,"turns":4},{"damage":22,"enemies":"3 Sentries","floor":13,"turns":5},{"damage":15,"enemies":"Gremlin Gang","floor":14,"turns":3},{"damage":52,"enemies":"The Guardian","floor":16,"turns":7}],"seed_played":"-3264175552417736304","potions_obtained":[{"floor":1,"key":"AttackPotion"},{"floor":4,"key":"LiquidBronze"},{"floor":7,"key":"SpeedPotion"},{"floor":11,"key":"FairyPotion"}],"is_trial":false,"path_per_floor":["M","$","?","M","?","R","E","M","T","$","M","M","E","M","R"],"character_chosen":"DEFECT","items_purchased":["FTL"],"campfire_rested":1,"item_purchase_floors":[2],"current_hp_per_floor":[68,68,68,66,71,71,53,53,53,53,53,48,26,11,35,0],"gold":196,"neow_bonus":"RANDOM_COMMON_RELIC","is_prod":false,"is_daily":false,"chose_seed":false,"campfire_upgraded":1,"win_rate":0,"timestamp":1539071768,"path_taken":["M","$","?","M","?","R","E","?","T","$","?","M","E","M","R","BOSS"],"build_version":"2018-10-04v2","purchased_purges":1,"victory":false,"max_hp_per_floor":[75,75,75,75,80,80,80,80,80,80,80,80,80,80,80,80],"card_choices":[{"not_picked":["Melter","Blizzard"],"picked":"Hologram","floor":1},{"not_picked":["Barrage","Genetic Algorithm"],"picked":"Streamline","floor":4},{"not_picked":["Darkness","Conserve Battery"],"picked":"Rebound","floor":7},{"not_picked":["Redo","Ball Lightning"],"picked":"Sweeping Beam","floor":8},{"not_picked":["Stack","Reinforced Body"],"picked":"Beam Cell","floor":11},{"not_picked":["Consume","Ball Lightning"],"picked":"Gash","floor":12},{"not_picked":["Machine Learning+1","Sunder"],"picked":"Go for the Eyes","floor":13},{"not_picked":["BootSequence","Coolheaded","Double Energy"],"picked":"SKIP","floor":14}],"player_experience":252063,"relics_obtained":[{"floor":7,"key":"Frozen Egg 2"},{"floor":9,"key":"DataDisk"},{"floor":13,"key":"Centennial Puzzle"}],"event_choices":[{"event_name":"Golden Shrine","player_choice":"Pray","floor":3,"damage_taken":0},{"event_name":"Big Fish","player_choice":"Donut","floor":5,"damage_taken":0}],"is_beta":false,"boss_relics":[],"items_purged_floors":[10],"is_endless":false,"potions_floor_spawned":[1,4,7,11],"killed_by":"The Guardian","ascension_level":11}