{"gold_per_floor":[213,63,63,73,92,92,102,102,102,102,117,117,17,36,36,127,127,151,151,26,51,76,76],"floor_reached":23,"playtime":844,"items_purged":["Strike_G","Strike_G","Strike_G"],"score":366,"play_id":"346ba28b-de45-4e5b-922d-3d55f55e8347","local_time":"20181227124858","is_ascension_mode":true,"campfire_choices":[{"data":"Deadly Poison","floor":6.0,"key":"SMITH"},{"data":"Well Laid Plans","floor":12.0,"key":"SMITH"},{"data":"Neutralize","floor":15.0,"key":"SMITH"}],"neow_cost":"NONE","seed_source_timestamp":3421085335669,"circlet_count":0,"master_deck":["AscendersBane","Defend_G","Defend_G","Defend_G","Defend_G","Defend_G","Strike_G","Survivor","Neutralize+1","Crippling Poison","Footwork","Deadly Poison+1","Concentrate","Backstab","Well Laid Plans+1","Wraith Form v2","Reflex","Deadly Poison"],"special_seed":0,"relics":["Ring of the Snake","Ginger","Letter Opener","Golden Idol","Runic Pyramid"],"potions_floor_usage":[22,23],"damage_taken":[{"damage":2.0,"enemies":"Small Slimes","floor":1.0,"turns":4.0},{"damage":0.0,"enemies":"2 Louse","floor":4.0,"turns":3.0},{"damage":1.0,"enemies":"Cultist","floor":5.0,"turns":5.0},{"damage":6.0,"enemies":"Gremlin Gang","floor":7.0,"turns":6.0},{"damage":0.0,"enemies":"2 Fungi Beasts","floor":11.0,"turns":4.0},{"damage":3.0,"enemies":"Lots of Slimes","floor":14.0,"turns":3.0},{"damage":18.0,"enemies":"Hexaghost","floor":16.0,"turns":12.0},{"damage":0,"enemies":"3 Byrds","floor":18,"turns":5},{"damage":4,"enemies":"Chosen","floor":21,"turns":8},{"damage":0,"enemies":"3 Cultists","floor":22,"turns":5},{"damage":52,"enemies":"Slavers","floor":23,"turns":8}],"seed_played":"2690224791584836529","potions_obtained":[{"floor":11.0,"key":"Fire Potion"},{"floor":14.0,"key":"Fire Potion"}],"is_trial":false,"path_per_floor":["M","$","?","M","M","R","M","?","T","?","M","R","$","M","R","B",null,"M","?","$","M","M","E"],"character_chosen":"THE_SILENT","items_purchased":["Footwork"],"campfire_rested":0,"item_purchase_floors":[2],"current_hp_per_floor":[57,57,31,31,30,30,24,24,24,24,24,24,24,21,21,3,46,46,43,43,39,39,0],"gold":76,"neow_bonus":"HUNDRED_GOLD","is_prod":false,"is_daily":false,"chose_seed":false,"campfire_upgraded":3,"win_rate":0,"timestamp":1545886138,"path_taken":["M","$","?","M","M","R","M","?","T","?","M","R","$","M","R","BOSS","M","?","$","?","M","E"],"build_version":"2018-12-20","purchased_purges":3,"victory":false,"max_hp_per_floor":[66,66,66,66,66,66,66,66,66,60,60,60,60,60,60,60,60,60,60,60,60,60,60],"card_choices":[{"not_picked":["Bane","Backflip"],"picked":"Crippling Poison","floor":1.0},{"not_picked":["Expertise","Setup"],"picked":"Deadly Poison","floor":4.0},{"not_picked":["Crippling Poison","Quick Slash"],"picked":"Concentrate","floor":5.0},{"not_picked":["Cloak And Dagger","PiercingWail"],"picked":"Backstab","floor":7.0},{"not_picked":["Grand Finale","Slice"],"picked":"Well Laid Plans","floor":11.0},{"not_picked":["Deflect","Cloak And Dagger","Slice"],"picked":"SKIP","floor":14.0},{"not_picked":["Tools of the Trade","Storm of Steel"],"picked":"Wraith Form v2","floor":16.0},{"not_picked":["Predator","Deadly Poison"],"picked":"Reflex","floor":18},{"not_picked":["Blade Dance","Infinite Blades"],"picked":"Deadly Poison","floor":21},{"not_picked":["Dodge and Roll","Backstab","Dagger Spray"],"picked":"SKIP","floor":22}],"player_experience":1512649,"relics_obtained":[{"floor":9.0,"key":"Letter Opener"}],"event_choices":[{"damage_healed":0.0,"max_hp_gain":0.0,"max_hp_loss":0.0,"gold_gain":0.0,"event_name":"Scrap Ooze","player_choice":"Success","floor":3.0,"gold_loss":0.0,"damage_taken":26.0,"relics_obtained":["Ginger"]},{"cards_removed":["Strike_G"],"damage_healed":0.0,"max_hp_gain":0.0,"max_hp_loss":0.0,"gold_gain":0.0,"event_name":"Living Wall","player_choice":"Forget","floor":8.0,"gold_loss":0.0,"damage_taken":0.0},{"damage_healed":0.0,"max_hp_gain":0.0,"max_hp_loss":6.0,"gold_gain":0.0,"event_name":"Golden Idol","player_choice":"Lose Max HP","floor":10.0,"gold_loss":0.0,"damage_taken":0.0,"relics_obtained":["Golden Idol"]},{"damage_healed":0,"gold_gain":0,"player_choice":"Bought 0 Potions","damage_taken":0,"max_hp_gain":0,"max_hp_loss":0,"event_name":"The Woman in Blue","floor":19,"gold_loss":0}],"is_beta":false,"boss_relics":[{"not_picked":["Ectoplasm","Pandora\u0027s Box"],"picked":"Runic Pyramid"}],"items_purged_floors":[2,13,20],"is_endless":false,"potions_floor_spawned":[11,14,16,18,21],"killed_by":"Slavers","ascension_level":20}