{"gold_per_floor":[114,72,88,101,120,120,140,43,43,69,69,69,88,13,13,87,87,107,107,172,112,128,139,139,171,198,198,209,109,137,62,62,136,136,150,200,212,62,82,112,112,162,186,211,230,246,279,329,329,329,329,329,329,116,149,149],"floor_reached":57,"playtime":2714,"items_purged":["Writhe","Strike_G","Strike_G","Strike_G"],"score":3464,"play_id":"1fb7ac60-552d-456e-935d-f3853b3b7e3f","local_time":"20190717145813","is_ascension_mode":true,"campfire_choices":[{"data":"Expertise","floor":6.0,"key":"SMITH"},{"data":"Concentrate","floor":11.0,"key":"SMITH"},{"data":"Well Laid Plans","floor":15.0,"key":"SMITH"},{"data":"Reflex","floor":24.0,"key":"SMITH"},{"data":"Tactician","floor":27.0,"key":"SMITH"},{"data":"Grand Finale","floor":32.0,"key":"SMITH"},{"data":"Footwork","floor":41.0,"key":"SMITH"},{"floor":49,"key":"RECALL"},{"data":"Neutralize","floor":53,"key":"SMITH"}],"neow_cost":"CURSE","seed_source_timestamp":882367502357045,"circlet_count":0,"master_deck":["AscendersBane","Defend_G","Defend_G","Defend_G","Defend_G","Defend_G","Survivor","Neutralize+1","Grand Finale+1","Expertise+1","Well Laid Plans+1","Acrobatics+1","Concentrate+1","Adrenaline","Adrenaline","Reflex+1","Tactician+1","Blur+1","Footwork+1","Acrobatics+1"],"special_seed":0,"relics":["Ring of the Snake","Vajra","Pen Nib","Sozu","SsserpentHead","Lantern","Ornamental Fan","Orrery","Pantograph","Juzu Bracelet","Blood Vial","TheAbacus","Oddly Smooth Stone"],"potions_floor_usage":[56,56],"damage_taken":[{"damage":4.0,"enemies":"Cultist","floor":1.0,"turns":5.0},{"damage":0.0,"enemies":"Jaw Worm","floor":3.0,"turns":5.0},{"damage":0.0,"enemies":"2 Louse","floor":4.0,"turns":5.0},{"damage":4.0,"enemies":"Red Slaver","floor":5.0,"turns":6.0},{"damage":0.0,"enemies":"Exordium Wildlife","floor":7.0,"turns":2.0},{"damage":49.0,"enemies":"Gremlin Nob","floor":10.0,"turns":5.0},{"damage":0.0,"enemies":"Exordium Thugs","floor":13.0,"turns":2.0},{"damage":0.0,"enemies":"Slime Boss","floor":16.0,"turns":3.0},{"damage":38.0,"enemies":"Chosen","floor":18.0,"turns":6.0},{"damage":1.0,"enemies":"2 Thieves","floor":20.0,"turns":2.0},{"damage":0.0,"enemies":"Shelled Parasite and Fungi","floor":22.0,"turns":5.0},{"damage":0.0,"enemies":"Snake Plant","floor":23.0,"turns":3.0},{"damage":0.0,"enemies":"Gremlin Leader","floor":25.0,"turns":3.0},{"damage":0.0,"enemies":"Centurion and Healer","floor":28.0,"turns":2.0},{"damage":5.0,"enemies":"Book of Stabbing","floor":30.0,"turns":2.0},{"damage":0.0,"enemies":"Automaton","floor":33.0,"turns":4.0},{"damage":0.0,"enemies":"Orb Walker","floor":35.0,"turns":2.0},{"damage":0.0,"enemies":"3 Shapes","floor":37.0,"turns":2.0},{"damage":0.0,"enemies":"Sphere and 2 Shapes","floor":39.0,"turns":1.0},{"damage":0.0,"enemies":"Reptomancer","floor":40.0,"turns":3.0},{"damage":0.0,"enemies":"Giant Head","floor":44.0,"turns":4.0},{"damage":0,"enemies":"3 Darklings","floor":45,"turns":1},{"damage":0,"enemies":"Maw","floor":46,"turns":4},{"damage":0,"enemies":"Reptomancer","floor":47,"turns":2},{"damage":0,"enemies":"Donu and Deca","floor":50,"turns":3},{"damage":0,"enemies":"Awakened One","floor":51,"turns":5},{"damage":0,"enemies":"Shield and Spear","floor":55,"turns":1},{"damage":0,"enemies":"The Heart","floor":56,"turns":12}],"seed_played":"3177704332139871722","potions_obtained":[{"floor":3.0,"key":"AttackPotion"},{"floor":7.0,"key":"FearPotion"},{"floor":10.0,"key":"Energy Potion"}],"is_trial":false,"path_per_floor":["M","$","M","M","M","R","M","$","T","E","R","?","M","$","R","B",null,"M","?","M","?","M","M","R","E","T","R","M","$","E","$","R","B",null,"M","?","M","$","M","E","R","?","T","E","M","M","E","?","R","B","B",null,"R","$","E","B",null],"character_chosen":"THE_SILENT","items_purchased":["Expertise","Acrobatics","Concentrate","TheAbacus"],"campfire_rested":0,"item_purchase_floors":[2,8,8,54],"current_hp_per_floor":[55,55,55,55,51,51,51,51,51,2,2,2,2,2,2,2,50,12,12,11,11,11,11,11,11,11,11,11,11,6,6,6,6,51,51,51,51,51,51,51,51,51,51,51,51,51,51,51,51,63,63,63,63,63,63,63],"gold":149,"neow_bonus":"THREE_RARE_CARDS","is_prod":false,"is_daily":false,"chose_seed":false,"campfire_upgraded":8,"win_rate":0,"timestamp":1563346693,"path_taken":["M","$","M","M","M","R","M","?","T","E","R","?","M","$","R","BOSS","M","?","?","?","M","M","R","E","T","R","M","$","E","?","R","BOSS","M","?","M","$","M","E","R","?","T","E","M","M","E","?","R","BOSS","BOSS","R","$","E","BOSS"],"build_version":"2019-07-05","purchased_purges":4,"victory":true,"max_hp_per_floor":[66,66,66,66,66,66,66,66,66,66,66,66,66,66,66,66,66,66,66,66,66,66,66,66,66,66,66,66,66,66,66,66,66,66,66,63,63,63,63,63,63,63,63,63,63,63,63,63,63,63,63,63,63,63,63,63],"card_choices":[{"not_picked":["Venomology","Burst"],"picked":"Grand Finale","floor":0.0},{"not_picked":["Underhanded Strike","Dagger Spray","Prepared"],"picked":"SKIP","floor":1.0},{"not_picked":["Bane","Dash","Caltrops"],"picked":"SKIP","floor":3.0},{"not_picked":["Caltrops","PiercingWail"],"picked":"Well Laid Plans","floor":4.0},{"not_picked":["Sucker Punch","Terror","Flying Knee"],"picked":"SKIP","floor":5.0},{"not_picked":["Dagger Throw","Underhanded Strike","Outmaneuver"],"picked":"SKIP","floor":7.0},{"not_picked":["Deadly Poison","Bane"],"picked":"Adrenaline","floor":10.0},{"not_picked":["Sucker Punch","Prepared","Cloak And Dagger"],"picked":"SKIP","floor":13.0},{"not_picked":["Die Die Die","Storm of Steel"],"picked":"Adrenaline","floor":16.0},{"not_picked":["Choke","Dodge and Roll","Deadly Poison"],"picked":"SKIP","floor":18.0},{"not_picked":["Dodge and Roll+1","Blade Dance","Sucker Punch"],"picked":"SKIP","floor":20.0},{"not_picked":["Outmaneuver","Crippling Poison+1"],"picked":"Reflex","floor":22.0},{"not_picked":["All Out Attack+1","Underhanded Strike+1","Concentrate"],"picked":"SKIP","floor":23.0},{"not_picked":["Prepared","Leg Sweep"],"picked":"Tactician","floor":25.0},{"not_picked":["Sucker Punch","Flying Knee","Burst"],"picked":"SKIP","floor":28.0},{"not_picked":["Deadly Poison","Leg Sweep","Finisher"],"picked":"SKIP","floor":30.0},{"not_picked":["Adrenaline","Flying Knee"],"picked":"Blur+1","floor":34.0},{"not_picked":["Terror","Underhanded Strike+1"],"picked":"Footwork","floor":34.0},{"not_picked":["Prepared","Masterful Stab"],"picked":"Acrobatics+1","floor":34.0},{"not_picked":["Slice+1","Well Laid Plans","Dagger Spray"],"picked":"SKIP","floor":35.0},{"not_picked":["Skewer+1","Footwork","Outmaneuver+1"],"picked":"SKIP","floor":37.0},{"not_picked":["Prepared","Dagger Spray","Underhanded Strike"],"picked":"SKIP","floor":39.0},{"not_picked":["Acrobatics","Endless Agony","PiercingWail"],"picked":"SKIP","floor":40.0},{"not_picked":["Concentrate","Quick Slash","Phantasmal Killer"],"picked":"SKIP","floor":44.0},{"not_picked":["Dagger Throw","Dagger Spray","Cloak And Dagger"],"picked":"SKIP","floor":45},{"not_picked":["PiercingWail","Skewer","Phantasmal Killer"],"picked":"SKIP","floor":46},{"not_picked":["Outmaneuver","Bane","Dagger Spray"],"picked":"SKIP","floor":47},{"not_picked":["Dagger Spray+1","Crippling Poison","Leg Sweep"],"picked":"SKIP","floor":55}],"player_experience":1610441,"relics_obtained":[{"floor":9.0,"key":"Vajra"},{"floor":10.0,"key":"Pen Nib"},{"floor":26.0,"key":"Lantern"},{"floor":30.0,"key":"Ornamental Fan"},{"floor":40.0,"key":"Pantograph"},{"floor":44.0,"key":"Juzu Bracelet"},{"floor":47,"key":"Blood Vial"},{"floor":55,"key":"Oddly Smooth Stone"}],"event_choices":[{"damage_healed":0.0,"max_hp_gain":0.0,"max_hp_loss":0.0,"gold_gain":0.0,"event_name":"Scrap Ooze","player_choice":"Fled","floor":12.0,"gold_loss":0.0,"damage_taken":0.0},{"damage_healed":0.0,"max_hp_gain":0.0,"max_hp_loss":0.0,"gold_gain":0.0,"event_name":"FaceTrader","player_choice":"Trade","floor":19.0,"gold_loss":0.0,"damage_taken":0.0,"relics_obtained":["SsserpentHead"]},{"cards_removed":["Strike_G"],"damage_healed":0.0,"max_hp_gain":0.0,"max_hp_loss":0.0,"gold_gain":0.0,"event_name":"Designer","player_choice":"Upgrade and Remove","floor":21.0,"gold_loss":110.0,"damage_taken":0.0,"cards_upgraded":["Acrobatics"]},{"damage_healed":0.0,"max_hp_gain":0.0,"max_hp_loss":3.0,"gold_gain":0.0,"event_name":"Winding Halls","player_choice":"Max HP","floor":36.0,"gold_loss":0.0,"damage_taken":0.0},{"damage_healed":0.0,"max_hp_gain":0.0,"max_hp_loss":0.0,"gold_gain":0.0,"event_name":"Tomb of Lord Red Mask","player_choice":"Ignored","floor":42.0,"gold_loss":0.0,"damage_taken":0.0},{"cards_removed":["Strike_G"],"damage_healed":0,"gold_gain":0,"player_choice":"Removed Attack","damage_taken":0,"max_hp_gain":0,"max_hp_loss":0,"event_name":"Falling","floor":48,"gold_loss":0}],"is_beta":false,"boss_relics":[{"not_picked":["Velvet Choker","Lizard Tail"],"picked":"Sozu"},{"not_picked":["HoveringKite","Cursed Key"],"picked":"Orrery"}],"items_purged_floors":[14,29,31,38],"is_endless":false,"potions_floor_spawned":[3,7,10,16,18,20,22,35,40,44,47],"ascension_level":20}