{"gold_per_floor":[110,127,144,154,2,2,28,28,28,46,46,61,61,71,71,172,172,191,210,210,309,322,322,333,333,381,381,409,409,409,409,409,511,511,525,425,425,437,451,451,326,326,326,345,0,0,23,40,40,40],"floor_reached":51,"playtime":1492,"items_purged":["Strike_B","Defend_B","Defend_B"],"score":667,"play_id":"ffe41ab9-8864-4767-ab0c-1376b73eafde","local_time":"20190612004635","is_ascension_mode":false,"campfire_choices":[{"data":"Zap","floor":6.0,"key":"SMITH"},{"data":"Redo","floor":8.0,"key":"SMITH"},{"floor":13.0,"key":"REST"},{"data":"Recycle","floor":15.0,"key":"SMITH"},{"data":"Dualcast","floor":23,"key":"SMITH"},{"data":"Hologram","floor":25,"key":"SMITH"},{"data":"Skim","floor":27,"key":"SMITH"},{"data":"Thunder Strike","floor":30,"key":"SMITH"},{"data":"Thunder Strike","floor":32,"key":"SMITH"},{"data":"Tempest","floor":40,"key":"SMITH"},{"data":"Electrodynamics","floor":42,"key":"SMITH"},{"data":"Storm","floor":49,"key":"SMITH"}],"neow_cost":"TEN_PERCENT_HP_LOSS","seed_source_timestamp":49691453764939,"circlet_count":0,"master_deck":["Zap+1","Dualcast+1","Go for the Eyes","Thunder Strike+1","Glacier","Redo+1","Tempest+1","Reboot","Recycle+1","Hologram+1","Reboot","Electrodynamics+1","Skim+1","Self Repair","Self Repair","Thunder Strike+1","FTL+1","Buffer","Storm+1","Double Energy+1","Turbo+1"],"special_seed":0,"relics":["Cracked Core","Oddly Smooth Stone","Shuriken","Lizard Tail","Ancient Tea Set","Calipers","Happy Flower","Coffee Dripper","Turnip","Red Mask","Boot"],"potions_floor_usage":[19],"damage_taken":[{"damage":5.0,"enemies":"2 Louse","floor":1.0,"turns":2.0},{"damage":1.0,"enemies":"Jaw Worm","floor":2.0,"turns":3.0},{"damage":0.0,"enemies":"Small Slimes","floor":3.0,"turns":3.0},{"damage":8.0,"enemies":"3 Louse","floor":4.0,"turns":3.0},{"damage":27.0,"enemies":"3 Sentries","floor":7.0,"turns":5.0},{"damage":0.0,"enemies":"Red Slaver","floor":10.0,"turns":2.0},{"damage":10.0,"enemies":"Gremlin Gang","floor":12.0,"turns":3.0},{"damage":0.0,"enemies":"2 Fungi Beasts","floor":14.0,"turns":3.0},{"damage":6.0,"enemies":"The Guardian","floor":16.0,"turns":7.0},{"damage":0,"enemies":"Spheric Guardian","floor":18,"turns":2},{"damage":13,"enemies":"2 Thieves","floor":19,"turns":2},{"damage":0,"enemies":"Snake Plant","floor":22,"turns":4},{"damage":8,"enemies":"Cultist and Chosen","floor":24,"turns":3},{"damage":14,"enemies":"Book of Stabbing","floor":28,"turns":3},{"damage":26,"enemies":"Champ","floor":33,"turns":6},{"damage":0,"enemies":"3 Shapes","floor":35,"turns":1},{"damage":0,"enemies":"Orb Walker","floor":38,"turns":2},{"damage":6,"enemies":"3 Darklings","floor":39,"turns":3},{"damage":0,"enemies":"Spire Growth","floor":44,"turns":3},{"damage":0,"enemies":"Transient","floor":48,"turns":5},{"damage":33,"enemies":"Time Eater","floor":50,"turns":4}],"seed_played":"-6571718035968397532","potions_obtained":[{"floor":2.0,"key":"EntropicBrew"},{"floor":4.0,"key":"Swift Potion"},{"floor":10.0,"key":"GamblersBrew"},{"floor":12.0,"key":"EssenceOfSteel"},{"floor":14.0,"key":"Swift Potion"},{"floor":19,"key":"AttackPotion"},{"floor":48,"key":"Energy Potion"}],"is_trial":false,"path_per_floor":["M","M","M","M","$","R","E","R","T","M","?","M","R","M","R","B",null,"M","M","?","?","M","R","M","R","T","R","E","?","R","?","R","B",null,"M","$","?","M","M","R","$","R","T","M","?","?","T","M","R","B",null],"character_chosen":"DEFECT","items_purchased":["Tempest"],"campfire_rested":1,"item_purchase_floors":[5],"current_hp_per_floor":[63,62,62,54,54,54,27,27,27,27,27,17,37,37,37,31,68,68,55,55,55,55,55,61,61,61,61,47,47,47,47,47,35,68,68,68,68,68,68,68,68,68,68,68,68,68,68,68,68,42],"gold":40,"neow_bonus":"REMOVE_TWO","is_prod":false,"is_daily":false,"chose_seed":false,"campfire_upgraded":11,"win_rate":0,"timestamp":1560271595,"path_taken":["M","M","M","M","$","R","E","R","T","M","?","M","R","M","R","BOSS","M","M","?","?","M","R","M","R","T","R","E","?","R","?","R","BOSS","M","$","?","M","?","R","$","R","T","M","?","?","?","M","R","BOSS"],"build_version":"2019-01-23","purchased_purges":3,"victory":true,"max_hp_per_floor":[68,68,68,68,68,68,68,68,68,68,68,68,68,68,68,68,68,68,68,68,68,68,68,68,68,68,68,68,68,68,68,68,68,68,68,68,68,68,68,68,68,68,68,68,68,68,68,68,68,68],"card_choices":[{"not_picked":["Leap","Rebound"],"picked":"Go for the Eyes","floor":1.0},{"not_picked":["Steam","BootSequence"],"picked":"Thunder Strike","floor":2.0},{"not_picked":["Redo","Hologram"],"picked":"Glacier","floor":3.0},{"not_picked":["Hologram","Beam Cell"],"picked":"Redo","floor":4.0},{"not_picked":["Capacitor","Force Field"],"picked":"Reboot","floor":7.0},{"not_picked":["Streamline","Leap","Stack"],"picked":"SKIP","floor":10.0},{"not_picked":["Coolheaded","Compile Driver"],"picked":"Hologram","floor":12.0},{"not_picked":["Force Field","Stack"],"picked":"Reboot","floor":14.0},{"not_picked":["Multi-Cast","Rainbow"],"picked":"Electrodynamics","floor":16.0},{"not_picked":["Force Field","Steam"],"picked":"Skim","floor":18},{"not_picked":["Steam+1","Stack"],"picked":"Self Repair","floor":19},{"not_picked":["Conserve Battery","Coolheaded"],"picked":"FTL+1","floor":22},{"not_picked":["Streamline","Redo","Ball Lightning"],"picked":"SKIP","floor":24},{"not_picked":["Gash","Beam Cell","Go for the Eyes+1"],"picked":"SKIP","floor":28},{"not_picked":["Machine Learning","Amplify"],"picked":"Buffer","floor":33},{"not_picked":["Reprogram","Leap+1","Sweeping Beam"],"picked":"SKIP","floor":35},{"not_picked":["Rebound+1","Compile Driver+1"],"picked":"Storm","floor":38},{"not_picked":["Loop+1","Lockon+1"],"picked":"Double Energy+1","floor":39},{"not_picked":["Barrage","Ball Lightning+1","Turbo+1"],"picked":"SKIP","floor":44},{"not_picked":["Barrage","Ball Lightning+1"],"picked":"Turbo+1","floor":44},{"not_picked":["Cold Snap","Scrape","Ball Lightning"],"picked":"SKIP","floor":48}],"player_experience":5077151,"relics_obtained":[{"floor":7.0,"key":"Oddly Smooth Stone"},{"floor":9.0,"key":"Shuriken"},{"floor":26,"key":"Ancient Tea Set"},{"floor":28,"key":"Calipers"},{"floor":31,"key":"Happy Flower"},{"floor":43,"key":"Turnip"},{"floor":47,"key":"Boot"}],"event_choices":[{"damage_healed":0.0,"max_hp_gain":0.0,"max_hp_loss":0.0,"gold_gain":0.0,"cards_transformed":["Strike_B"],"event_name":"Living Wall","player_choice":"Change","floor":11.0,"gold_loss":0.0,"damage_taken":0.0,"cards_obtained":["Recycle"]},{"damage_healed":0,"gold_gain":0,"cards_transformed":["Strike_B","Defend_B"],"player_choice":"Became Test Subject","damage_taken":0,"max_hp_gain":0,"max_hp_loss":0,"event_name":"Drug Dealer","floor":20,"gold_loss":0,"cards_obtained":["Self Repair","Thunder Strike"]},{"damage_healed":0,"gold_gain":99,"player_choice":"Stole From Cult","damage_taken":0,"max_hp_gain":0,"max_hp_loss":0,"event_name":"Nest","floor":21,"gold_loss":0},{"damage_healed":0,"gold_gain":0,"player_choice":"Ignored","damage_taken":0,"max_hp_gain":0,"max_hp_loss":0,"event_name":"Vampires","floor":29,"gold_loss":0},{"damage_healed":0,"gold_gain":0,"player_choice":"Relic","damage_taken":0,"max_hp_gain":0,"max_hp_loss":0,"event_name":"Wheel of Change","floor":31,"gold_loss":0},{"damage_healed":0,"gold_gain":0,"player_choice":"Ignored","damage_taken":0,"max_hp_gain":0,"max_hp_loss":0,"event_name":"SecretPortal","floor":37,"gold_loss":0},{"damage_healed":0,"gold_gain":0,"player_choice":"Paid","damage_taken":0,"relics_obtained":["Red Mask"],"max_hp_gain":0,"max_hp_loss":0,"event_name":"Tomb of Lord Red Mask","floor":45,"gold_loss":345},{"damage_healed":0,"gold_gain":0,"player_choice":"Ignored","damage_taken":0,"max_hp_gain":0,"max_hp_loss":0,"event_name":"Mysterious Sphere","floor":46,"gold_loss":0}],"is_beta":false,"boss_relics":[{"not_picked":["Calling Bell","Snecko Eye"],"picked":"Lizard Tail"},{"not_picked":["Orrery","Busted Crown"],"picked":"Coffee Dripper"}],"items_purged_floors":[5,36,41],"is_endless":false,"potions_floor_spawned":[2,4,10,12,14,16,18,19,28,39,48],"ascension_level":0}