{"gold_per_floor":[110,35,49,65,65,65,96,28,53,53],"floor_reached":10,"playtime":210,"items_purged":["Strike_B"],"score":132,"play_id":"aba80ced-0b74-4877-ad2b-06fe716f09a9","local_time":"20190116182404","is_ascension_mode":true,"campfire_choices":[{"data":"Rip and Tear","floor":6,"key":"SMITH"}],"neow_cost":"NONE","seed_source_timestamp":26935500762143,"circlet_count":0,"master_deck":["AscendersBane","Strike_B","Strike_B","Strike_B","Defend_B","Defend_B","Defend_B","Defend_B","Zap+1","Dualcast+1","Rip and Tear+1","Glacier+1","Gash","Buffer"],"relics":["Cracked Core","Potion Belt","Juzu Bracelet"],"potions_floor_usage":[7],"damage_taken":[{"damage":1,"enemies":"Cultist","floor":1,"turns":3},{"damage":2,"enemies":"Jaw Worm","floor":3,"turns":3},{"damage":5,"enemies":"Small Slimes","floor":4,"turns":2},{"damage":39,"enemies":"Gremlin Nob","floor":7,"turns":5},{"damage":11,"enemies":"3 Sentries","floor":10,"turns":2}],"seed_played":"-7568828525170903509","potions_obtained":[{"floor":1,"key":"FairyPotion"},{"floor":3,"key":"Swift Potion"}],"is_trial":false,"path_per_floor":["M","$","M","M","?","R","E","?","T","E"],"character_chosen":"DEFECT","items_purchased":[],"campfire_rested":0,"item_purchase_floors":[],"current_hp_per_floor":[63,63,61,56,35,35,7,7,7,0],"gold":53,"neow_bonus":"UPGRADE_CARD","is_prod":false,"is_daily":false,"chose_seed":false,"campfire_upgraded":1,"win_rate":0,"timestamp":1547634244,"path_taken":["M","$","?","M","?","R","E","?","T","E"],"build_version":"2019-01-10","purchased_purges":1,"victory":false,"max_hp_per_floor":[71,71,71,71,71,71,71,71,71,71],"card_choices":[{"not_picked":["Steam","Cold Snap"],"picked":"Rip and Tear","floor":1},{"not_picked":["Cold Snap","Beam Cell"],"picked":"Glacier","floor":3},{"not_picked":["Barrage","Conserve Battery"],"picked":"Gash","floor":4},{"not_picked":["Leap","Sweeping Beam"],"picked":"Buffer","floor":7}],"player_experience":1951322,"relics_obtained":[{"floor":7,"key":"Potion Belt"},{"floor":9,"key":"Juzu Bracelet"}],"event_choices":[{"damage_healed":0,"gold_gain":0,"player_choice":"Entered Light","damage_taken":21,"max_hp_gain":0,"max_hp_loss":0,"event_name":"Shining Light","floor":5,"gold_loss":0,"cards_upgraded":["Glacier","Zap"]},{"damage_healed":0,"gold_gain":0,"player_choice":"Left Gold","damage_taken":0,"max_hp_gain":0,"max_hp_loss":0,"event_name":"World of Goop","floor":8,"gold_loss":68}],"is_beta":false,"boss_relics":[],"items_purged_floors":[2],"is_endless":false,"potions_floor_spawned":[1,3],"killed_by":"3 Sentries","ascension_level":20}