{"gold_per_floor":[111,130,147,163,180,180,190,225,300,300,314,328,328,328,328,428,428,439,21,39,59,59,59,72,72,124,139,155,166,181,195,195,296,296,315,334,36,54,54,73,90,109,133,43,5,15,15,31,31,31],"floor_reached":51,"playtime":2985,"items_purged":["Strike_B"],"score":740,"play_id":"fdd48aca-0761-4b96-ac45-3b13e88b627e","local_time":"20181014140539","is_ascension_mode":false,"campfire_choices":[{"data":"Capacitor","floor":6.0,"key":"SMITH"},{"data":"Recycle","floor":10.0,"key":"SMITH"},{"data":"Zap","floor":13.0,"key":"SMITH"},{"data":"Dualcast","floor":15.0,"key":"SMITH"},{"data":"Fusion","floor":23.0,"key":"SMITH"},{"data":"Coolheaded","floor":25.0,"key":"SMITH"},{"data":"Redo","floor":32,"key":"SMITH"},{"data":"Recycle","floor":47,"key":"SMITH"},{"data":"Coolheaded","floor":49,"key":"SMITH"}],"neow_cost":"NONE","seed_source_timestamp":6800329549091,"circlet_count":0,"master_deck":["Strike_B","Strike_B+1","Defend_B","Defend_B","Defend_B","Zap+1","Dualcast+1","Go for the Eyes","Ball Lightning","Conserve Battery","Capacitor+1","Glacier","Ball Lightning","Recycle+1","Reinforced Body","Undo","Electrodynamics+1","Ball Lightning+1","Fusion+1","Coolheaded+1","Ball Lightning","Coolheaded+1","Redo+1","Buffer+1","Coolheaded","Echo Form+1","Undo","Conserve Battery","Conserve Battery+1","Buffer+1","Skim","White Noise+1","Ball Lightning+1","Melter","Coolheaded+1","Recycle+1","Coolheaded+1"],"special_seed":0,"relics":["Cracked Core","Blood Vial","FossilizedHelix","Frozen Egg 2","Eternal Feather","Dodecahedron","Strawberry","Orrery","Pocketwatch","Juzu Bracelet"],"potions_floor_usage":[31,50,50,50],"damage_taken":[{"damage":6.0,"enemies":"Jaw Worm","floor":1.0,"turns":3.0},{"damage":0.0,"enemies":"2 Louse","floor":2.0,"turns":2.0},{"damage":0.0,"enemies":"Cultist","floor":3.0,"turns":3.0},{"damage":0.0,"enemies":"Large Slime","floor":4.0,"turns":5.0},{"damage":4.0,"enemies":"Blue Slaver","floor":5.0,"turns":4.0},{"damage":4.0,"enemies":"Red Slaver","floor":7.0,"turns":4.0},{"damage":11.0,"enemies":"3 Sentries","floor":8.0,"turns":7.0},{"damage":0.0,"enemies":"2 Fungi Beasts","floor":11.0,"turns":4.0},{"damage":0.0,"enemies":"Blue Slaver","floor":12.0,"turns":4.0},{"damage":6.0,"enemies":"Slime Boss","floor":16.0,"turns":12.0},{"damage":0.0,"enemies":"Shell Parasite","floor":18.0,"turns":7.0},{"damage":0.0,"enemies":"Chosen","floor":20.0,"turns":3.0},{"damage":0.0,"enemies":"Snecko","floor":21.0,"turns":5.0},{"damage":0.0,"enemies":"Cultist and Chosen","floor":24.0,"turns":5.0},{"damage":0.0,"enemies":"3 Cultists","floor":27.0,"turns":3.0},{"damage":0.0,"enemies":"Snake Plant","floor":28.0,"turns":4.0},{"damage":16,"enemies":"Centurion and Healer","floor":29,"turns":35},{"damage":6,"enemies":"Shelled Parasite and Fungi","floor":30,"turns":6},{"damage":0,"enemies":"3 Cultists","floor":31,"turns":3},{"damage":41,"enemies":"Automaton","floor":33,"turns":15},{"damage":0,"enemies":"3 Darklings","floor":35,"turns":5},{"damage":0,"enemies":"Orb Walker","floor":36,"turns":3},{"damage":0,"enemies":"Transient","floor":38,"turns":5},{"damage":0,"enemies":"Spire Growth","floor":40,"turns":7},{"damage":0,"enemies":"Maw","floor":41,"turns":10},{"damage":0,"enemies":"Transient","floor":42,"turns":5},{"damage":0,"enemies":"4 Shapes","floor":46,"turns":5},{"damage":0,"enemies":"Sphere and 2 Shapes","floor":48,"turns":3},{"damage":68,"enemies":"Time Eater","floor":50,"turns":25}],"seed_played":"-7096337187233081118","potions_obtained":[{"floor":2.0,"key":"EssenceOfSteel"},{"floor":5.0,"key":"Regen Potion"},{"floor":7.0,"key":"Block Potion"},{"floor":20.0,"key":"Fire Potion"},{"floor":27.0,"key":"Weak Potion"},{"floor":29,"key":"Fire Potion"},{"floor":40,"key":"Weak Potion"}],"is_trial":false,"path_per_floor":["M","M","M","M","M","R","M","E","T","R","M","M","R","?","R","B",null,"M","$","M","M","$","R","M","R","T","M","M","M","M","M","R","B",null,"M","M","$","M","?","M","M","M","T","?","$","M","R","M","R","B"],"character_chosen":"DEFECT","items_purchased":["Fusion","Coolheaded","Dodecahedron","Pocketwatch","Recycle"],"campfire_rested":0,"item_purchase_floors":[19,19,19,37,45],"current_hp_per_floor":[69,71,73,75,71,71,69,60,60,60,62,64,64,64,64,60,75,75,75,75,75,75,75,75,75,82,82,82,66,62,73,82,41,82,82,82,82,82,82,82,82,82,82,82,82,82,82,82,82,14],"gold":31,"neow_bonus":"RANDOM_COMMON_RELIC","is_prod":false,"is_daily":false,"chose_seed":false,"campfire_upgraded":9,"win_rate":0,"timestamp":1539497139,"path_taken":["M","M","M","M","M","R","M","E","T","R","M","M","R","?","R","BOSS","M","$","M","M","$","R","M","R","T","M","M","M","M","M","R","BOSS","M","M","$","M","?","M","M","M","T","?","$","M","R","M","R","BOSS"],"build_version":"2018-10-11","purchased_purges":1,"victory":true,"max_hp_per_floor":[75,75,75,75,75,75,75,75,75,75,75,75,75,75,75,75,75,75,75,75,75,75,75,75,75,82,82,82,82,82,82,82,82,82,82,82,82,82,82,82,82,82,82,82,82,82,82,82,82,82],"card_choices":[{"not_picked":["Sweeping Beam","Beam Cell"],"picked":"Go for the Eyes","floor":1.0},{"not_picked":["Force Field","BootSequence"],"picked":"Ball Lightning","floor":2.0},{"not_picked":["Steam Power","Conserve Battery","Cold Snap"],"picked":"SKIP","floor":3.0},{"not_picked":["Steam Power","Cold Snap"],"picked":"Conserve Battery","floor":3.0},{"not_picked":["Loop","Glacier"],"picked":"Capacitor","floor":4.0},{"not_picked":["Turbo","Compile Driver"],"picked":"Glacier","floor":5.0},{"not_picked":["Blizzard","Hello World"],"picked":"Ball Lightning","floor":7.0},{"not_picked":["Consume","Redo"],"picked":"Recycle","floor":8.0},{"not_picked":["Rebound","Reinforced Body","Sweeping Beam"],"picked":"SKIP","floor":11.0},{"not_picked":["Rebound","Sweeping Beam"],"picked":"Reinforced Body","floor":11.0},{"not_picked":["Compile Driver","Aggregate"],"picked":"Undo","floor":12.0},{"not_picked":["Multi-Cast","Machine Learning+1"],"picked":"Electrodynamics+1","floor":16.0},{"not_picked":["Compile Driver+1","Streamline+1"],"picked":"Ball Lightning+1","floor":18.0},{"not_picked":["Rebound","Leap"],"picked":"Ball Lightning","floor":20.0},{"not_picked":["Doom and Gloom","Hologram","Rip and Tear"],"picked":"SKIP","floor":21.0},{"not_picked":["Darkness","Cold Snap","Scrape+1"],"picked":"SKIP","floor":24.0},{"not_picked":["Leap","Blizzard"],"picked":"Coolheaded","floor":27.0},{"not_picked":["Chill","Ball Lightning"],"picked":"Redo","floor":28.0},{"not_picked":["Beam Cell","Static Discharge+1"],"picked":"Buffer+1","floor":29},{"not_picked":["Steam","Ball Lightning"],"picked":"Coolheaded","floor":30},{"not_picked":["Aggregate","BootSequence","Steam Power+1"],"picked":"SKIP","floor":31},{"not_picked":["Buffer+1","Fission"],"picked":"Echo Form+1","floor":33},{"not_picked":["Coolheaded+1","Blizzard"],"picked":"Undo","floor":34},{"not_picked":["Compile Driver","Double Energy"],"picked":"Conserve Battery","floor":34},{"not_picked":["Auto Shields","Sweeping Beam+1"],"picked":"Conserve Battery+1","floor":34},{"not_picked":["Force Field","Aggregate"],"picked":"Buffer+1","floor":34},{"not_picked":["Leap","Hello World+1"],"picked":"Skim","floor":34},{"not_picked":["Steam","Hologram+1"],"picked":"White Noise+1","floor":35},{"not_picked":["Conserve Battery","Tempest+1"],"picked":"Ball Lightning+1","floor":36},{"not_picked":["Lockon","Hello World+1"],"picked":"Melter","floor":38},{"not_picked":["Rebound+1","Beam Cell","Storm+1"],"picked":"SKIP","floor":40},{"not_picked":["Darkness","Blizzard"],"picked":"Coolheaded+1","floor":41},{"not_picked":["Hello World+1","Doom and Gloom","Barrage+1"],"picked":"SKIP","floor":42},{"not_picked":["Rip and Tear+1","Gash+1","Compile Driver"],"picked":"SKIP","floor":46},{"not_picked":["Meteor Strike","Melter"],"picked":"Coolheaded+1","floor":48}],"player_experience":185157,"relics_obtained":[{"floor":8.0,"key":"FossilizedHelix"},{"floor":9.0,"key":"Frozen Egg 2"},{"floor":26.0,"key":"Strawberry"},{"floor":43,"key":"Juzu Bracelet"}],"event_choices":[{"event_name":"Living Wall","player_choice":"Forget","floor":14.0,"damage_taken":0.0},{"event_name":"Mysterious Sphere","player_choice":"Ignore","floor":39,"damage_taken":0},{"event_name":"Designer","player_choice":"Full Service","floor":44,"damage_taken":0}],"is_beta":false,"boss_relics":[{"not_picked":["Velvet Choker","Pandora\u0027s Box"],"picked":"Eternal Feather"},{"not_picked":["White Beast Statue","Coffee Dripper"],"picked":"Orrery"}],"items_purged_floors":[19],"is_endless":false,"potions_floor_spawned":[2,5,7,12,20,27,29,30,40,42,46,48],"ascension_level":0}