{"gold_per_floor":[115,115,40,40,55,83,183,183,251,268,280,292,292,303,303,380,380,398,31,31,45,57,88,88,101,150,160,174,186,186,198,198,272,272,285,1284,271,289,289,289,319,329,356,387,402,420,420,430,430,430,430],"floor_reached":51,"playtime":2179,"items_purged":["Strike_R","Strike_R","Normality"],"score":1545,"play_id":"c6f89136-5e90-4336-ba22-285588236144","local_time":"20190211162752","is_ascension_mode":true,"campfire_choices":[{"data":"Pommel Strike","floor":8.0,"key":"SMITH"},{"data":"Spot Weakness","floor":13.0,"key":"SMITH"},{"data":"Shrug It Off","floor":15.0,"key":"SMITH"},{"data":"Sword Boomerang","floor":24.0,"key":"SMITH"},{"data":"Inflame","floor":30.0,"key":"SMITH"},{"floor":32.0,"key":"REST"},{"data":"Barricade","floor":40.0,"key":"SMITH"},{"floor":47.0,"key":"RECALL"},{"data":"Defend_R","floor":49.0,"key":"PURGE"}],"neow_cost":"NONE","seed_source_timestamp":1204731317093339,"circlet_count":0,"master_deck":["AscendersBane","Defend_R","Defend_R","Defend_R","Bash+1","Spot Weakness+1","Pommel Strike+1","Shrug It Off+1","Impervious","Burning Pact","Sword Boomerang+1","Impervious","Second Wind","Body Slam+1","Inflame+1","Barricade+1","Warcry+1","Iron Wave+1","Whirlwind","Impervious","Clumsy","Evolve"],"special_seed":0,"relics":["Burning Blood","Whetstone","Gremlin Horn","Cursed Key","Red Skull","Peace Pipe","Bag of Preparation","Omamori","Astrolabe","Bag of Marbles","Centennial Puzzle","Chemical X","Oddly Smooth Stone","Smiling Mask"],"potions_floor_usage":[],"damage_taken":[{"damage":4.0,"enemies":"Jaw Worm","floor":1.0,"turns":4.0},{"damage":10.0,"enemies":"Small Slimes","floor":5.0,"turns":3.0},{"damage":44.0,"enemies":"Lagavulin","floor":6.0,"turns":9.0},{"damage":5.0,"enemies":"2 Louse","floor":10.0,"turns":3.0},{"damage":0.0,"enemies":"Lots of Slimes","floor":11.0,"turns":3.0},{"damage":16.0,"enemies":"3 Louse","floor":12.0,"turns":5.0},{"damage":5.0,"enemies":"Gremlin Gang","floor":14.0,"turns":4.0},{"damage":28.0,"enemies":"Hexaghost","floor":16.0,"turns":9.0},{"damage":8.0,"enemies":"2 Thieves","floor":18.0,"turns":5.0},{"damage":8.0,"enemies":"Chosen","floor":21.0,"turns":6.0},{"damage":24.0,"enemies":"Centurion and Healer","floor":22.0,"turns":4.0},{"damage":30.0,"enemies":"Slavers","floor":23.0,"turns":5.0},{"damage":0.0,"enemies":"Snecko","floor":25.0,"turns":3.0},{"damage":14.0,"enemies":"Snake Plant","floor":27.0,"turns":4.0},{"damage":13.0,"enemies":"Centurion and Healer","floor":28.0,"turns":6.0},{"damage":0.0,"enemies":"Shelled Parasite and Fungi","floor":29.0,"turns":3.0},{"damage":5.0,"enemies":"Sentry and Sphere","floor":31.0,"turns":6.0},{"damage":42.0,"enemies":"Collector","floor":33.0,"turns":9.0},{"damage":19.0,"enemies":"3 Shapes","floor":35.0,"turns":5.0},{"damage":0.0,"enemies":"Orb Walker","floor":38.0,"turns":3.0},{"damage":0.0,"enemies":"Nemesis","floor":41.0,"turns":5.0},{"damage":3.0,"enemies":"Transient","floor":42.0,"turns":6.0},{"damage":0.0,"enemies":"Reptomancer","floor":44.0,"turns":6.0},{"damage":0.0,"enemies":"Jaw Worm Horde","floor":45.0,"turns":1.0},{"damage":0.0,"enemies":"Writhing Mass","floor":46.0,"turns":8.0},{"damage":10.0,"enemies":"Transient","floor":48.0,"turns":6.0},{"damage":48.0,"enemies":"Time Eater","floor":50.0,"turns":11.0},{"damage":54,"enemies":"Awakened One","floor":51,"turns":7}],"seed_played":"-7971071710781056728","potions_obtained":[{"floor":5.0,"key":"SkillPotion"},{"floor":6.0,"key":"Weak Potion"},{"floor":11.0,"key":"BloodPotion"},{"floor":12.0,"key":"PowerPotion"},{"floor":18.0,"key":"Ancient Potion"},{"floor":22.0,"key":"SkillPotion"},{"floor":23.0,"key":"Strength Potion"},{"floor":29.0,"key":"Weak Potion"},{"floor":31.0,"key":"BloodPotion"},{"floor":35.0,"key":"AttackPotion"},{"floor":48.0,"key":"Poison Potion"}],"is_trial":false,"path_per_floor":["M","?","$","?","M","E","?","R","T","M","M","M","R","M","R","B",null,"M","$","?","M","M","E","R","M","T","M","M","M","R","M","R","B",null,"M","?","$","M","?","R","E","M","T","E","M","M","R","M","R","B","B"],"character_chosen":"IRONCLAD","items_purchased":["Burning Pact","Sword Boomerang","Red Skull","Bag of Marbles","Whirlwind","Impervious","Centennial Puzzle","Chemical X","EntropicBrew"],"campfire_rested":1,"item_purchase_floors":[19,19,19,37,37,37,37,37,37],"current_hp_per_floor":[70,63,63,68,64,26,26,26,26,27,33,31,31,32,32,10,63,61,61,61,59,41,17,17,23,23,15,8,14,14,15,39,11,63,50,50,50,56,56,56,62,65,65,71,77,80,80,76,76,34,0],"gold":430,"neow_bonus":"RANDOM_COMMON_RELIC","is_prod":false,"is_daily":false,"chose_seed":false,"campfire_upgraded":6,"win_rate":0,"timestamp":1549873672,"path_taken":["M","?","$","?","M","E","?","R","T","M","M","?","R","M","R","BOSS","M","$","?","?","M","E","R","M","T","M","M","M","R","M","R","BOSS","M","?","$","M","?","R","E","M","T","E","M","?","R","M","R","BOSS","BOSS"],"build_version":"2019-01-23","purchased_purges":3,"victory":false,"max_hp_per_floor":[75,75,75,80,80,80,80,80,80,80,80,80,80,80,80,80,80,80,80,80,80,80,80,80,80,80,80,80,80,80,80,80,80,80,80,80,80,80,80,80,80,80,80,80,80,80,80,80,80,80,80],"card_choices":[{"not_picked":["Cleave","Infernal Blade","Metallicize"],"picked":"SKIP","floor":1.0},{"not_picked":["Dropkick","Perfected Strike"],"picked":"Spot Weakness","floor":5.0},{"not_picked":["Clash","Heavy Blade"],"picked":"Pommel Strike","floor":6.0},{"not_picked":["Wild Strike","Headbutt"],"picked":"Shrug It Off","floor":10.0},{"not_picked":["Heavy Blade","Ghostly Armor","Hemokinesis"],"picked":"SKIP","floor":11.0},{"not_picked":["Twin Strike","Headbutt","Warcry"],"picked":"SKIP","floor":12.0},{"not_picked":["Ghostly Armor","Hemokinesis","Bloodletting"],"picked":"SKIP","floor":14.0},{"not_picked":["Brutality","Dark Embrace"],"picked":"Impervious","floor":16.0},{"not_picked":["Cleave+1","Anger","Rampage"],"picked":"SKIP","floor":18.0},{"not_picked":["Pummel","Wild Strike","Warcry"],"picked":"SKIP","floor":21.0},{"not_picked":["Sever Soul","Flame Barrier","Warcry"],"picked":"SKIP","floor":22.0},{"not_picked":["Ghostly Armor","Thunderclap"],"picked":"Impervious","floor":23.0},{"not_picked":["Flame Barrier","Battle Trance"],"picked":"Second Wind","floor":25.0},{"not_picked":["Seeing Red","Iron Wave","Wild Strike"],"picked":"SKIP","floor":27.0},{"not_picked":["Thunderclap","Pommel Strike"],"picked":"Body Slam+1","floor":28.0},{"not_picked":["Pommel Strike","Clash+1"],"picked":"Inflame","floor":29.0},{"not_picked":["Headbutt","Clothesline","Inflame"],"picked":"SKIP","floor":31.0},{"not_picked":["Impervious","Bludgeon"],"picked":"Barricade","floor":33.0},{"not_picked":["Havoc+1","Warcry","Second Wind"],"picked":"SKIP","floor":35.0},{"not_picked":["Flex","Iron Wave","Body Slam"],"picked":"SKIP","floor":38.0},{"not_picked":["Flame Barrier","Anger","Pommel Strike+1"],"picked":"SKIP","floor":41.0},{"not_picked":["Havoc","Perfected Strike+1","Thunderclap"],"picked":"SKIP","floor":42.0},{"not_picked":["Pummel","Immolate","Sword Boomerang"],"picked":"SKIP","floor":44.0},{"not_picked":["Cleave","Shockwave"],"picked":"Evolve","floor":45.0},{"not_picked":["Anger","Flex","Pummel+1"],"picked":"SKIP","floor":46.0},{"not_picked":["Perfected Strike+1","Armaments","Heavy Blade"],"picked":"SKIP","floor":48.0}],"player_experience":722790,"relics_obtained":[{"floor":9.0,"key":"Gremlin Horn"},{"floor":20.0,"key":"Peace Pipe"},{"floor":23.0,"key":"Bag of Preparation"},{"floor":26.0,"key":"Omamori"},{"floor":41.0,"key":"Oddly Smooth Stone"},{"floor":44.0,"key":"Smiling Mask"}],"event_choices":[{"cards_removed":["Strike_R"],"damage_healed":0.0,"max_hp_gain":0.0,"max_hp_loss":0.0,"gold_gain":0.0,"event_name":"Golden Wing","player_choice":"Card Removal","floor":2.0,"gold_loss":0.0,"damage_taken":7.0},{"damage_healed":0.0,"max_hp_gain":5.0,"max_hp_loss":0.0,"gold_gain":0.0,"event_name":"Big Fish","player_choice":"Donut","floor":4.0,"gold_loss":0.0,"damage_taken":0.0},{"damage_healed":0.0,"max_hp_gain":0.0,"max_hp_loss":0.0,"gold_gain":100.0,"event_name":"Wheel of Change","player_choice":"Gold","floor":7.0,"gold_loss":0.0,"damage_taken":0.0},{"damage_healed":0.0,"max_hp_gain":0.0,"max_hp_loss":0.0,"gold_gain":0.0,"event_name":"Wheel of Change","player_choice":"Relic","floor":20.0,"gold_loss":0.0,"damage_taken":0.0},{"damage_healed":0.0,"max_hp_gain":0.0,"max_hp_loss":0.0,"gold_gain":999.0,"event_name":"MindBloom","player_choice":"Gold","floor":36.0,"gold_loss":0.0,"damage_taken":0.0,"cards_obtained":["Normality","Normality"]},{"damage_healed":0.0,"max_hp_gain":0.0,"max_hp_loss":0.0,"gold_gain":0.0,"event_name":"SecretPortal","player_choice":"Ignored","floor":39.0,"gold_loss":0.0,"damage_taken":0.0}],"is_beta":false,"boss_relics":[{"not_picked":["Velvet Choker","Fusion Hammer"],"picked":"Cursed Key"},{"not_picked":["Runic Cube","Lizard Tail"],"picked":"Astrolabe"}],"items_purged_floors":[3,19,37],"is_endless":false,"potions_floor_spawned":[5,6,11,12,18,22,23,29,31,35,41,48],"killed_by":"Awakened One","ascension_level":20}