{"gold_per_floor":[110,110,260,185,260,260,291,350,350,45,79,94,125,141,141,217,217,230,280,280,295,311,341,30,40,40,60,60,60,92,92,92,170,170,190,203,223,223,239,270,270,86,111,136,148,161,192,192,192,192,192,192,192,41,74,74],"floor_reached":56,"playtime":2790,"items_purged":["Strike_B","Strike_B"],"score":2436,"play_id":"4eb91939-87ba-4206-86d9-db053dcf3f07","local_time":"20190607204624","is_ascension_mode":true,"campfire_choices":[{"data":"Darkness","floor":6.0,"key":"SMITH"},{"data":"Recycle","floor":15.0,"key":"SMITH"},{"data":"Recycle","floor":29.0,"key":"SMITH"},{"data":"Hologram","floor":32.0,"key":"SMITH"},{"floor":41.0,"key":"RECALL"},{"data":"Purity","floor":49.0,"key":"SMITH"},{"data":"Transmutation","floor":53.0,"key":"SMITH"}],"neow_cost":"NONE","seed_source_timestamp":0,"circlet_count":0,"master_deck":["AscendersBane","Defend_B","Zap","Dualcast","Turbo","Darkness+1","Recycle+1","Loop","Self Repair","Chaos","All For One","Cold Snap","Turbo","Biased Cognition","Hologram+1","Hologram+1","Recycle+1","Purity+1","Transmutation+1","Recycle","Ghostly","Ghostly","Ghostly","Glacier","Creative AI","Melter","Echo Form","Melter+1","Lockon+1","Core Surge+1","Heatsinks+1","White Noise+1","Defragment","Creative AI","BootSequence","Madness","Master of Strategy","Stack"],"special_seed":0,"relics":["Cracked Core","NeowsBlessing","Omamori","Orichalcum","Meat on the Bone","Ancient Tea Set","Dead Branch","Snecko Eye","The Courier","Calipers","Astrolabe","CultistMask","Centennial Puzzle","ClockworkSouvenir","Anchor","Vajra","Strawberry","Nunchaku"],"potions_floor_usage":[],"damage_taken":[{"damage":0.0,"enemies":"Small Slimes","floor":1.0,"turns":1.0},{"damage":0.0,"enemies":"3 Sentries","floor":7.0,"turns":1.0},{"damage":0.0,"enemies":"Lagavulin Event","floor":8.0,"turns":1.0},{"damage":43.0,"enemies":"Gremlin Nob","floor":11.0,"turns":4.0},{"damage":14.0,"enemies":"2 Louse","floor":12.0,"turns":3.0},{"damage":20.0,"enemies":"Lagavulin","floor":13.0,"turns":6.0},{"damage":7.0,"enemies":"Jaw Worm","floor":14.0,"turns":3.0},{"damage":36.0,"enemies":"Hexaghost","floor":16.0,"turns":12.0},{"damage":7.0,"enemies":"3 Byrds","floor":18.0,"turns":4.0},{"damage":24.0,"enemies":"Shell Parasite","floor":21.0,"turns":5.0},{"damage":11.0,"enemies":"Centurion and Healer","floor":22.0,"turns":4.0},{"damage":15.0,"enemies":"Slavers","floor":23.0,"turns":3.0},{"damage":8.0,"enemies":"Snake Plant","floor":25.0,"turns":4.0},{"damage":0.0,"enemies":"Cultist and Chosen","floor":27.0,"turns":7.0},{"damage":0.0,"enemies":"Gremlin Leader","floor":30.0,"turns":4.0},{"damage":16.0,"enemies":"Champ","floor":33.0,"turns":9.0},{"damage":0.0,"enemies":"3 Darklings","floor":35.0,"turns":6.0},{"damage":0.0,"enemies":"Orb Walker","floor":36.0,"turns":2.0},{"damage":4.0,"enemies":"4 Shapes","floor":37.0,"turns":6.0},{"damage":0.0,"enemies":"Spire Growth","floor":39.0,"turns":3.0},{"damage":0.0,"enemies":"Nemesis","floor":40.0,"turns":5.0},{"damage":0.0,"enemies":"Reptomancer","floor":44.0,"turns":4.0},{"damage":0.0,"enemies":"Sphere and 2 Shapes","floor":45.0,"turns":9.0},{"damage":0.0,"enemies":"Maw","floor":46.0,"turns":6.0},{"damage":0.0,"enemies":"Giant Head","floor":47.0,"turns":6.0},{"damage":0.0,"enemies":"Awakened One","floor":50.0,"turns":7.0},{"damage":19.0,"enemies":"Donu and Deca","floor":51.0,"turns":7.0},{"damage":0.0,"enemies":"Shield and Spear","floor":55.0,"turns":1.0},{"damage":39,"enemies":"The Heart","floor":56,"turns":6}],"seed_played":"3330676257338765643","potions_obtained":[{"floor":7.0,"key":"Block Potion"},{"floor":12.0,"key":"EssenceOfSteel"},{"floor":14.0,"key":"Energy Potion"},{"floor":20.0,"key":"PowerPotion"},{"floor":23.0,"key":"SkillPotion"},{"floor":25.0,"key":"SteroidPotion"},{"floor":30.0,"key":"FearPotion"}],"is_trial":false,"path_per_floor":["M","?","?","?","?","R","E","?","T","$","E","M","E","M","R","B",null,"M","?","?","M","M","E","$","M","T","M","?","R","E","?","R","B",null,"M","M","M","?","M","E","R","$","T","E","M","M","E","?","R","B","B",null,"R","$","E","B"],"character_chosen":"DEFECT","items_purchased":["Rebound","Self Repair","Chaos","Purity","Transmutation","ClockworkSouvenir","Master of Strategy"],"campfire_rested":0,"item_purchase_floors":[10,10,10,24,24,42,54],"current_hp_per_floor":[64,64,64,64,53,53,53,53,53,53,22,27,26,38,38,21,59,59,59,59,54,43,47,47,39,39,46,35,35,35,35,35,19,31,31,31,34,34,34,35,35,35,35,35,35,35,42,42,42,42,30,39,39,39,39,0],"gold":74,"neow_bonus":"THREE_ENEMY_KILL","is_prod":false,"is_daily":false,"chose_seed":false,"campfire_upgraded":6,"win_rate":0,"timestamp":1559907984,"path_taken":["M","?","?","?","?","R","E","?","T","$","E","M","E","M","R","BOSS","M","?","?","M","?","E","$","M","T","M","?","R","E","?","R","BOSS","M","M","M","?","M","E","R","?","T","E","M","?","E","?","R","BOSS","BOSS","R","$","E","BOSS"],"build_version":"2019-01-23","purchased_purges":2,"victory":false,"max_hp_per_floor":[71,71,71,71,71,71,71,71,71,71,71,71,71,71,71,71,71,71,71,71,71,71,71,71,71,71,71,35,35,35,35,35,35,35,35,35,35,35,35,35,35,35,35,35,35,35,42,42,42,42,42,42,42,42,42,42],"card_choices":[{"not_picked":["Barrage","Redo"],"picked":"Turbo","floor":1.0},{"not_picked":["Rebound","Defragment"],"picked":"Recycle","floor":7.0},{"not_picked":["BootSequence","Stack"],"picked":"Loop","floor":8.0},{"not_picked":["Thunder Strike","Ball Lightning"],"picked":"All For One","floor":11.0},{"not_picked":["Go for the Eyes","Leap"],"picked":"Cold Snap","floor":12.0},{"not_picked":["Redo","Cold Snap","All For One"],"picked":"SKIP","floor":13.0},{"not_picked":["Redo","Cold Snap","All For One"],"picked":"SKIP","floor":13.0},{"not_picked":["Go for the Eyes","Static Discharge"],"picked":"Turbo","floor":14.0},{"not_picked":["Fission","Thunder Strike"],"picked":"Biased Cognition","floor":16.0},{"not_picked":["Cold Snap","Go for the Eyes"],"picked":"Hologram+1","floor":18.0},{"not_picked":["Leap","Blizzard","Redo"],"picked":"SKIP","floor":21.0},{"not_picked":["Barrage","Redo"],"picked":"Hologram","floor":22.0},{"not_picked":["Leap","Double Energy"],"picked":"Recycle","floor":23.0},{"not_picked":["Tempest","Beam Cell","Sunder"],"picked":"SKIP","floor":25.0},{"not_picked":["Storm","FTL+1"],"picked":"Recycle","floor":27.0},{"not_picked":["Reinforced Body","Rebound"],"picked":"Glacier","floor":30.0},{"not_picked":["Fission","Multi-Cast"],"picked":"Echo Form","floor":33.0},{"not_picked":["Beam Cell","Compile Driver","Gash"],"picked":"SKIP","floor":35.0},{"not_picked":["Redo","Coolheaded"],"picked":"Heatsinks+1","floor":36.0},{"not_picked":["Go for the Eyes","Lockon+1"],"picked":"White Noise+1","floor":37.0},{"not_picked":["Self Repair","Doom and Gloom"],"picked":"Defragment","floor":39.0},{"not_picked":["Turbo","Melter"],"picked":"Creative AI","floor":40.0},{"not_picked":["Go for the Eyes","Steam Power","Loop"],"picked":"SKIP","floor":44.0},{"not_picked":["Melter","Rebound","Loop"],"picked":"SKIP","floor":45.0},{"not_picked":["Coolheaded","Streamline","Gash"],"picked":"SKIP","floor":46.0},{"not_picked":["Cold Snap","Ball Lightning"],"picked":"BootSequence","floor":47.0},{"not_picked":["Deep Breath","Dark Shackles"],"picked":"Madness","floor":48.0},{"not_picked":["Ball Lightning","Rebound"],"picked":"Stack","floor":55.0}],"player_experience":563893,"relics_obtained":[{"floor":7.0,"key":"Omamori"},{"floor":8.0,"key":"Orichalcum"},{"floor":9.0,"key":"Meat on the Bone"},{"floor":11.0,"key":"Ancient Tea Set"},{"floor":13.0,"key":"Dead Branch"},{"floor":23.0,"key":"The Courier"},{"floor":30.0,"key":"Calipers"},{"floor":40.0,"key":"Centennial Puzzle"},{"floor":43.0,"key":"Anchor"},{"floor":44.0,"key":"Vajra"},{"floor":47.0,"key":"Strawberry"},{"floor":55.0,"key":"Nunchaku"}],"event_choices":[{"damage_healed":0.0,"max_hp_gain":0.0,"max_hp_loss":0.0,"gold_gain":0.0,"cards_transformed":["Strike_B"],"event_name":"Living Wall","player_choice":"Change","floor":2.0,"gold_loss":0.0,"damage_taken":0.0,"cards_obtained":["Darkness"]},{"damage_healed":0.0,"max_hp_gain":0.0,"max_hp_loss":0.0,"gold_gain":150.0,"event_name":"Liars Game","player_choice":"AGREE","floor":3.0,"gold_loss":0.0,"damage_taken":0.0,"cards_obtained":["Doubt"]},{"cards_removed":["Doubt"],"damage_healed":0.0,"max_hp_gain":0.0,"max_hp_loss":0.0,"gold_gain":0.0,"event_name":"The Cleric","player_choice":"Card Removal","floor":4.0,"gold_loss":75.0,"damage_taken":0.0},{"damage_healed":0.0,"max_hp_gain":0.0,"max_hp_loss":0.0,"gold_gain":75.0,"event_name":"World of Goop","player_choice":"Gather Gold","floor":5.0,"gold_loss":0.0,"damage_taken":11.0},{"damage_healed":0.0,"max_hp_gain":0.0,"max_hp_loss":0.0,"gold_gain":0.0,"event_name":"Dead Adventurer","player_choice":"Searched \u00271\u0027 times","floor":8.0,"gold_loss":0.0,"damage_taken":0.0},{"damage_healed":0.0,"max_hp_gain":0.0,"max_hp_loss":0.0,"gold_gain":50.0,"event_name":"Nest","player_choice":"Stole From Cult","floor":19.0,"gold_loss":0.0,"damage_taken":0.0},{"damage_healed":0.0,"max_hp_gain":0.0,"max_hp_loss":0.0,"gold_gain":0.0,"event_name":"Lab","player_choice":"Got Potions","floor":20.0,"gold_loss":0.0,"damage_taken":0.0},{"damage_healed":0.0,"max_hp_gain":0.0,"max_hp_loss":36.0,"gold_gain":0.0,"event_name":"Ghosts","player_choice":"Became a Ghost","floor":28.0,"gold_loss":0.0,"damage_taken":0.0,"cards_obtained":["Ghostly","Ghostly","Ghostly"]},{"damage_healed":0.0,"max_hp_gain":0.0,"max_hp_loss":0.0,"gold_gain":0.0,"cards_transformed":["Rebound","Strike_B"],"event_name":"Drug Dealer","player_choice":"Became Test Subject","floor":31.0,"gold_loss":0.0,"damage_taken":0.0,"cards_obtained":["Creative AI","Melter"]},{"damage_healed":0.0,"max_hp_gain":0.0,"max_hp_loss":0.0,"gold_gain":0.0,"event_name":"FaceTrader","player_choice":"Trade","floor":38.0,"gold_loss":0.0,"damage_taken":0.0,"relics_obtained":["CultistMask"]},{"damage_healed":0.0,"max_hp_gain":0.0,"max_hp_loss":0.0,"gold_gain":0.0,"event_name":"SensoryStone","player_choice":"Memory 1","floor":48.0,"gold_loss":0.0,"damage_taken":0.0}],"is_beta":false,"boss_relics":[{"not_picked":["Coffee Dripper","Tiny House"],"picked":"Snecko Eye"},{"not_picked":["Empty Cage","Runic Pyramid"],"picked":"Astrolabe"}],"items_purged_floors":[10,24],"is_endless":false,"potions_floor_spawned":[7,12,14,23,25,30,39,44,45,47],"killed_by":"The Heart","ascension_level":20}