{"gold_per_floor":[116,131,141,156,2,2,34,34,34,47,47,47,47,64,64,167,167,177,193,193,193,193,193,209,227,301,301,146,169,200,216,216,313,313,326,337,337,337,160,160,178,178,178,194,214,214,231,32,32,32],"floor_reached":51,"playtime":2106,"items_purged":["Rip and Tear","Strike_B+1","Auto Shields"],"score":694,"play_id":"53c4ae3e-2904-4dfd-b8ba-34fd8d8390e0","local_time":"20181008152458","is_ascension_mode":false,"campfire_choices":[{"data":"Zap","floor":6,"key":"SMITH"},{"data":"Streamline","floor":12,"key":"SMITH"},{"data":"Defragment","floor":15,"key":"SMITH"},{"data":"Buffer","floor":23,"key":"SMITH"},{"data":"Loop","floor":27,"key":"SMITH"},{"floor":32,"key":"REST"},{"data":"Coolheaded","floor":40,"key":"SMITH"},{"data":"White Noise","floor":42,"key":"SMITH"},{"floor":49,"key":"REST"}],"neow_cost":"","seed_source_timestamp":28561537384228,"circlet_count":0,"master_deck":["Strike_B+1","Strike_B+1","Defend_B+1","Defend_B+1","Defend_B+1","Defend_B+1","Zap+1","Dualcast","Coolheaded+1","Streamline+1","Defragment+1","Buffer+1","Loop+1","Auto Shields+1","Electrodynamics","White Noise+1","Glacier","Biased Cognition+1","Consume+1","Defragment+1","Coolheaded+1","Capacitor+1"],"relics":["Cracked Core","Happy Flower","Mango","Gremlin Horn","Inserter","Enchiridion","Letter Opener","Lantern","Frozen Egg 2","Velvet Choker","Question Card"],"potions_floor_usage":[],"damage_taken":[{"damage":1,"enemies":"Jaw Worm","floor":1,"turns":3},{"damage":0,"enemies":"2 Louse","floor":2,"turns":3},{"damage":5,"enemies":"Small Slimes","floor":3,"turns":3},{"damage":3,"enemies":"Looter","floor":4,"turns":3},{"damage":17,"enemies":"Gremlin Nob","floor":7,"turns":4},{"damage":8,"enemies":"Exordium Thugs","floor":10,"turns":3},{"damage":5,"enemies":"Large Slime","floor":14,"turns":6},{"damage":8,"enemies":"Slime Boss","floor":16,"turns":9},{"damage":0,"enemies":"Shell Parasite","floor":18,"turns":6},{"damage":0,"enemies":"Chosen","floor":19,"turns":5},{"damage":5,"enemies":"Snecko","floor":24,"turns":5},{"damage":0,"enemies":"Chosen and Byrds","floor":25,"turns":6},{"damage":7,"enemies":"Slavers","floor":30,"turns":3},{"damage":8,"enemies":"Centurion and Healer","floor":31,"turns":5},{"damage":8,"enemies":"Collector","floor":33,"turns":9},{"damage":0,"enemies":"Orb Walker","floor":35,"turns":3},{"damage":0,"enemies":"3 Shapes","floor":36,"turns":4},{"damage":0,"enemies":"Transient","floor":41,"turns":5},{"damage":0,"enemies":"Reptomancer","floor":44,"turns":4},{"damage":29,"enemies":"3 Darklings","floor":45,"turns":3},{"damage":12,"enemies":"Sphere and 2 Shapes","floor":47,"turns":4},{"damage":16,"enemies":"Time Eater","floor":50,"turns":13}],"seed_played":"4054066878918828537","potions_obtained":[{"floor":4,"key":"EssenceOfSteel"},{"floor":7,"key":"SteroidPotion"},{"floor":16,"key":"FearPotion"},{"floor":25,"key":"Fire Potion"}],"is_trial":false,"path_per_floor":["M","M","M","M","$","R","E","?","T","M","$","R","$","M","R","B",null,"M","M","?","?","?","R","M","M","T","R","$","T","E","M","R","B",null,"M","M","?","?","$","R","M","R","T","M","M","?","M","$","R","B"],"character_chosen":"DEFECT","items_purchased":["Happy Flower","Electrodynamics","Defragment+1","Capacitor+1"],"campfire_rested":2,"item_purchase_floors":[5,28,39,48],"current_hp_per_floor":[74,74,69,66,66,66,63,68,68,60,60,60,60,55,55,47,94,94,94,94,78,78,78,73,73,73,73,73,73,66,58,86,78,94,94,94,94,94,94,94,94,94,94,94,65,65,53,53,81,65],"gold":32,"neow_bonus":"","is_prod":false,"is_daily":false,"chose_seed":false,"campfire_upgraded":7,"win_rate":0.0,"timestamp":1538983498,"path_taken":["M","M","M","M","$","R","E","?","T","M","$","R","$","M","R","BOSS","M","M","?","?","?","R","M","M","T","R","$","?","E","M","R","BOSS","M","M","?","?","$","R","M","R","T","M","?","?","M","$","R","BOSS"],"build_version":"2018-10-04v2","purchased_purges":3,"victory":true,"max_hp_per_floor":[75,75,75,75,75,75,89,94,94,94,94,94,94,94,94,94,94,94,94,94,94,94,94,94,94,94,94,94,94,94,94,94,94,94,94,94,94,94,94,94,94,94,94,94,94,94,94,94,94,94],"card_choices":[{"not_picked":["Ball Lightning","Conserve Battery"],"picked":"Coolheaded","floor":1},{"not_picked":["Go for the Eyes","Cold Snap"],"picked":"Auto Shields","floor":2},{"not_picked":["Tempest","Lockon"],"picked":"Streamline","floor":3},{"not_picked":["Hologram","Conserve Battery","Compile Driver"],"picked":"SKIP","floor":4},{"not_picked":["Thunder Strike","Static Discharge"],"picked":"Rip and Tear","floor":7},{"not_picked":["Stack","Conserve Battery","Chaos"],"picked":"SKIP","floor":10},{"not_picked":["Hologram","Beam Cell"],"picked":"Defragment","floor":14},{"not_picked":["Reboot","Multi-Cast"],"picked":"Buffer","floor":16},{"not_picked":["Streamline","Stack","Compile Driver"],"picked":"SKIP","floor":18},{"not_picked":["Double Energy","Fusion","Leap"],"picked":"SKIP","floor":19},{"not_picked":["Reprogram","Sweeping Beam"],"picked":"Loop","floor":24},{"not_picked":["Heatsinks+1","Streamline"],"picked":"Auto Shields+1","floor":25},{"not_picked":["Chaos","Gash+1"],"picked":"White Noise","floor":30},{"not_picked":["Static Discharge+1","Rip and Tear"],"picked":"Glacier","floor":31},{"not_picked":["Electrodynamics+1","Thunder Strike"],"picked":"Biased Cognition+1","floor":33},{"not_picked":["Fusion+1","Reprogram","Go for the Eyes+1"],"picked":"SKIP","floor":35},{"not_picked":["Storm+1","Compile Driver"],"picked":"Consume+1","floor":36},{"not_picked":["Stack+1","Conserve Battery+1","Go for the Eyes+1"],"picked":"SKIP","floor":41},{"not_picked":["Streamline+1","Rip and Tear","Hologram+1","Go for the Eyes"],"picked":"SKIP","floor":44},{"not_picked":["Beam Cell+1","Self Repair+1","Reprogram+1","Conserve Battery"],"picked":"SKIP","floor":45},{"not_picked":["Ball Lightning+1","Fusion+1","Cold Snap+1"],"picked":"Coolheaded+1","floor":47}],"player_experience":3514,"relics_obtained":[{"floor":7,"key":"Mango"},{"floor":9,"key":"Gremlin Horn"},{"floor":21,"key":"Enchiridion"},{"floor":26,"key":"Letter Opener"},{"floor":29,"key":"Lantern"},{"floor":30,"key":"Frozen Egg 2"},{"floor":43,"key":"Question Card"}],"event_choices":[{"event_name":"Big Fish","player_choice":"Donut","floor":8,"damage_taken":0},{"event_name":"Back to Basics","player_choice":"Simplicity","floor":20,"damage_taken":0},{"event_name":"Cursed Tome","player_choice":"Obtained Book","floor":21,"damage_taken":0},{"event_name":"The Woman in Blue","player_choice":"Bought 0 Potions","floor":22,"damage_taken":0},{"event_name":"Falling","player_choice":"Removed Attack","floor":37,"damage_taken":0},{"event_name":"SensoryStone","player_choice":"Memory 1","floor":38,"damage_taken":0},{"event_name":"Mysterious Sphere","player_choice":"Ignore","floor":46,"damage_taken":0}],"is_beta":false,"boss_relics":[{"not_picked":["White Beast Statue","Cursed Key"],"picked":"Inserter"},{"not_picked":["Lizard Tail","Black Star"],"picked":"Velvet Choker"}],"items_purged_floors":[28,39,48],"is_endless":false,"potions_floor_spawned":[4,7,16,18,25,30,36],"ascension_level":0}