{"gold_per_floor":[114,7,26,26,26,26,43,53,53,53,64,164,178,178,178,283,283,296,308,318,100,113,113,140,140,140,140,140,140,140,5,5,108,108,126,139,14,14,29,29,0,14,14,25,25,25,41,41,41,41],"floor_reached":51,"playtime":1900,"items_purged":["Strike_G","Defend_G","Defend_G"],"score":757,"play_id":"0bcd4e1c-5c4a-4524-b7a7-2214c71802aa","local_time":"20181015190242","is_ascension_mode":false,"campfire_choices":[{"data":"Bouncing Flask","floor":6.0,"key":"SMITH"},{"data":"Footwork","floor":10.0,"key":"SMITH"},{"data":"Burst","floor":15.0,"key":"SMITH"},{"data":"Malaise","floor":23.0,"key":"SMITH"},{"data":"Night Terror","floor":25.0,"key":"SMITH"},{"data":"Neutralize","floor":27.0,"key":"SMITH"},{"data":"Backflip","floor":29.0,"key":"SMITH"},{"data":"Noxious Fumes","floor":32.0,"key":"SMITH"},{"floor":40,"key":"REST"},{"floor":45,"key":"REST"},{"floor":49,"key":"REST"}],"neow_cost":"NONE","seed_source_timestamp":29911160520494,"circlet_count":0,"master_deck":["Defend_G+1","Survivor+1","Neutralize+1","Burst+1","Footwork+1","Bouncing Flask+1","Escape Plan+1","Backflip+1","Escape Plan+1","Night Terror+1","Deadly Poison+1","Malaise+1","Well Laid Plans+1","Escape Plan+1","Noxious Fumes+1","Burst+1","Escape Plan+1","Malaise+1","Blur+1"],"special_seed":0,"relics":["Ring of the Snake","Strawberry","Cursed Key","Question Card","Calipers","Empty Cage","Mark of the Bloom","Red Mask"],"potions_floor_usage":[50,50,50],"damage_taken":[{"damage":0.0,"enemies":"Jaw Worm","floor":1.0,"turns":5.0},{"damage":0.0,"enemies":"Cultist","floor":3.0,"turns":4.0},{"damage":6.0,"enemies":"2 Louse","floor":7.0,"turns":3.0},{"damage":0.0,"enemies":"Gremlin Gang","floor":8.0,"turns":2.0},{"damage":0.0,"enemies":"3 Louse","floor":11.0,"turns":4.0},{"damage":0.0,"enemies":"2 Fungi Beasts","floor":13.0,"turns":6.0},{"damage":11.0,"enemies":"The Guardian","floor":16.0,"turns":8.0},{"damage":2.0,"enemies":"3 Byrds","floor":18.0,"turns":5.0},{"damage":0.0,"enemies":"Shell Parasite","floor":19.0,"turns":4.0},{"damage":0.0,"enemies":"Centurion and Healer","floor":20.0,"turns":7.0},{"damage":2.0,"enemies":"Snake Plant","floor":22.0,"turns":4.0},{"damage":6.0,"enemies":"Gremlin Leader","floor":24.0,"turns":8.0},{"damage":34.0,"enemies":"Collector","floor":33.0,"turns":6.0},{"damage":0.0,"enemies":"Orb Walker","floor":35.0,"turns":4.0},{"damage":0.0,"enemies":"3 Shapes","floor":36.0,"turns":5.0},{"damage":1,"enemies":"Reptomancer","floor":39,"turns":6},{"damage":1,"enemies":"Transient","floor":42,"turns":5},{"damage":0,"enemies":"3 Darklings","floor":44,"turns":6},{"damage":0,"enemies":"Reptomancer","floor":47,"turns":6},{"damage":0,"enemies":"Donu and Deca","floor":50,"turns":14}],"seed_played":"3585752159167418725","potions_obtained":[{"floor":3.0,"key":"AttackPotion"},{"floor":11.0,"key":"Block Potion"},{"floor":13.0,"key":"EssenceOfSteel"},{"floor":20.0,"key":"Block Potion"},{"floor":22.0,"key":"Regen Potion"},{"floor":24.0,"key":"SpeedPotion"},{"floor":39,"key":"Energy Potion"},{"floor":42,"key":"SpeedPotion"}],"is_trial":false,"path_per_floor":["M","$","M","$","?","R","M","M","T","R","M","?","M","?","R","B",null,"M","M","M","$","M","R","E","R","T","R","?","R","?","$","R","B",null,"M","M","$","?","M","R","?","M","T","M","R","$","M","$","R","B"],"character_chosen":"THE_SILENT","items_purchased":["Footwork","Bouncing Flask","Malaise","Escape Plan"],"campfire_rested":3,"item_purchase_floors":[2,2,21,31],"current_hp_per_floor":[70,70,70,70,70,70,64,64,71,71,71,71,71,71,71,60,77,75,75,75,75,73,73,77,77,77,77,77,77,77,77,77,43,77,77,77,77,77,76,76,76,75,75,75,75,75,75,75,75,75],"gold":41,"neow_bonus":"ONE_RANDOM_RARE_CARD","is_prod":false,"is_daily":false,"chose_seed":false,"campfire_upgraded":8,"win_rate":0,"timestamp":1539601362,"path_taken":["M","$","M","$","?","R","M","?","T","R","M","?","M","?","R","BOSS","M","M","M","$","M","R","E","R","T","R","?","R","?","?","R","BOSS","M","M","$","?","M","R","?","M","T","M","R","$","M","$","R","BOSS"],"build_version":"2018-10-11","purchased_purges":3,"victory":true,"max_hp_per_floor":[70,70,70,70,70,70,70,70,77,77,77,77,77,77,77,77,77,77,77,77,77,77,77,77,77,77,77,77,77,77,77,77,77,77,77,77,77,77,77,77,77,77,77,77,77,77,77,77,77,77],"card_choices":[{"not_picked":["Dagger Throw","Sucker Punch","Concentrate"],"picked":"SKIP","floor":1.0},{"not_picked":["Poisoned Stab","Setup","Distraction"],"picked":"SKIP","floor":3.0},{"not_picked":["Riddle With Holes","Deflect"],"picked":"Escape Plan","floor":7.0},{"not_picked":["Poisoned Stab","Finisher","Outmaneuver"],"picked":"SKIP","floor":8.0},{"not_picked":["Quick Slash","Dodge and Roll","Infinite Blades"],"picked":"SKIP","floor":11.0},{"not_picked":["Sucker Punch","Bane"],"picked":"Backflip","floor":13.0},{"not_picked":["Phantasmal Killer","After Image"],"picked":"Night Terror","floor":16.0},{"not_picked":["Skewer","Distraction"],"picked":"Deadly Poison+1","floor":18.0},{"not_picked":["Prepared","Backstab","Concentrate"],"picked":"SKIP","floor":19.0},{"not_picked":["Acrobatics+1","Blur","Concentrate"],"picked":"SKIP","floor":20.0},{"not_picked":["Bane","Dagger Throw+1"],"picked":"Well Laid Plans+1","floor":22.0},{"not_picked":["Prepared","Flying Knee+1"],"picked":"Escape Plan","floor":24.0},{"not_picked":["Unload","Tools of the Trade","Burst"],"picked":"Malaise","floor":33.0},{"not_picked":["Terror+1","Setup","Expertise+1"],"picked":"Blur+1","floor":35.0},{"not_picked":["Dagger Spray","Outmaneuver","Deflect+1","Terror+1"],"picked":"SKIP","floor":36.0},{"not_picked":["Eviscerate+1","Acrobatics+1","Dash","Cloak And Dagger+1"],"picked":"SKIP","floor":39},{"not_picked":["Cloak And Dagger+1","Outmaneuver+1","Doppelganger","All Out Attack+1"],"picked":"SKIP","floor":42},{"not_picked":["Backstab","Sucker Punch+1","PiercingWail","Slice+1"],"picked":"SKIP","floor":44},{"not_picked":["Prepared","Dagger Spray","Flechettes+1","Tactician+1"],"picked":"SKIP","floor":47}],"player_experience":221681,"relics_obtained":[{"floor":9.0,"key":"Strawberry"},{"floor":24.0,"key":"Question Card"}],"event_choices":[{"event_name":"Bonfire Elementals","player_choice":"BASIC","floor":5.0,"damage_taken":0.0},{"event_name":"Golden Shrine","player_choice":"Pray","floor":12.0,"damage_taken":0.0},{"event_name":"Transmorgrifier","player_choice":"Transform","floor":14.0,"damage_taken":0.0},{"event_name":"WeMeetAgain","player_choice":"Potion","floor":28.0,"damage_taken":0.0},{"event_name":"Drug Dealer","player_choice":"Became Test Subject","floor":30.0,"damage_taken":0.0},{"event_name":"MindBloom","player_choice":"Upgrade","floor":38,"damage_taken":0},{"event_name":"Tomb of Lord Red Mask","player_choice":"Paid","floor":41,"damage_taken":0}],"is_beta":false,"boss_relics":[{"not_picked":["Velvet Choker","Astrolabe"],"picked":"Cursed Key"},{"not_picked":["Tiny House","Snecko Eye"],"picked":"Empty Cage"}],"items_purged_floors":[21,31,37],"is_endless":false,"potions_floor_spawned":[3,11,13,20,22,24,39,42,44],"ascension_level":0}