{"gold_per_floor":[112,112,112,126,145,145,66,66,148,164,174,174,191,75,75,176,176,196,96,108,108,120,45,45,76,76,76,88,102,117,127,127,225,225,239,114,132,148,0,0,15,15,15,315,329,348,359,359,359,359],"floor_reached":51,"playtime":3066,"items_purged":["Strike_G","Defend_G","Defend_G"],"score":640,"play_id":"24d20b4d-2e19-4137-85c2-2e4bf86d38cf","local_time":"20181017180259","is_ascension_mode":false,"campfire_choices":[{"data":"Poisoned Stab","floor":6,"key":"SMITH"},{"data":"Well Laid Plans","floor":8,"key":"SMITH"},{"data":"Deadly Poison","floor":12,"key":"SMITH"},{"data":"Glass Knife","floor":15,"key":"SMITH"},{"data":"Footwork","floor":24,"key":"SMITH"},{"data":"Malaise","floor":27,"key":"SMITH"},{"data":"Caltrops","floor":32,"key":"SMITH"},{"data":"Night Terror","floor":40,"key":"SMITH"},{"data":"Malaise","floor":42,"key":"SMITH"},{"data":"Neutralize","floor":49,"key":"SMITH"}],"neow_cost":"NONE","seed_source_timestamp":25833946811505,"circlet_count":0,"master_deck":["Defend_G","Defend_G","Survivor","Neutralize+1","Caltrops+1","Poisoned Stab+1","Bullet Time","Well Laid Plans+1","Deadly Poison+1","Glass Knife+1","Footwork+1","Malaise+1","Slice+1","Wraith Form v2+1","Storm of Steel+1","Dodge and Roll+1","Night Terror+1","Crippling Poison+1","Malaise+1","Backflip+1","Crippling Poison+1"],"relics":["Ring of the Snake","Vajra","Darkstone Periapt","Astrolabe","Ninja Scroll","Boot","Sozu","Red Mask","Pantograph","Old Coin"],"potions_floor_usage":[22,33,33,50],"damage_taken":[{"damage":0,"enemies":"Small Slimes","floor":1,"turns":6},{"damage":0,"enemies":"Jaw Worm","floor":4,"turns":3},{"damage":0,"enemies":"2 Louse","floor":5,"turns":3},{"damage":4,"enemies":"Blue Slaver","floor":10,"turns":3},{"damage":0,"enemies":"2 Fungi Beasts","floor":11,"turns":3},{"damage":0,"enemies":"Large Slime","floor":13,"turns":5},{"damage":3,"enemies":"Hexaghost","floor":16,"turns":8},{"damage":0,"enemies":"3 Byrds","floor":18,"turns":4},{"damage":0,"enemies":"2 Thieves","floor":20,"turns":4},{"damage":12,"enemies":"Snake Plant","floor":22,"turns":4},{"damage":13,"enemies":"Book of Stabbing","floor":25,"turns":5},{"damage":0,"enemies":"Chosen and Byrds","floor":28,"turns":6},{"damage":1,"enemies":"Centurion and Healer","floor":29,"turns":5},{"damage":1,"enemies":"Snake Plant","floor":30,"turns":5},{"damage":8,"enemies":"Cultist and Chosen","floor":31,"turns":6},{"damage":16,"enemies":"Collector","floor":33,"turns":16},{"damage":0,"enemies":"Orb Walker","floor":35,"turns":4},{"damage":2,"enemies":"3 Darklings","floor":37,"turns":4},{"damage":0,"enemies":"Spire Growth","floor":38,"turns":5},{"damage":0,"enemies":"4 Shapes","floor":41,"turns":6},{"damage":6,"enemies":"Maw","floor":45,"turns":8},{"damage":4,"enemies":"Sphere and 2 Shapes","floor":46,"turns":5},{"damage":4,"enemies":"4 Shapes","floor":47,"turns":4},{"damage":42,"enemies":"Donu and Deca","floor":50,"turns":15}],"seed_played":"1963724857628714478","potions_obtained":[{"floor":4,"key":"EntropicBrew"},{"floor":5,"key":"Dexterity Potion"},{"floor":18,"key":"Poison Potion"},{"floor":25,"key":"SpeedPotion"},{"floor":30,"key":"Ancient Potion"}],"is_trial":false,"path_per_floor":["M","?","?","M","M","R","$","R","T","M","M","R","M","$","R","B",null,"M","$","M","?","M","?","R","E","T","R","M","M","M","M","R","B",null,"M","$","M","M","?","R","M","R","T","T","M","M","M","?","R","B"],"character_chosen":"THE_SILENT","items_purchased":["Well Laid Plans","Footwork"],"campfire_rested":0,"item_purchase_floors":[7,14],"current_hp_per_floor":[70,45,50,50,50,50,50,50,50,46,46,46,46,46,46,43,75,75,75,75,75,63,63,63,50,50,50,50,49,48,40,40,24,75,75,75,73,73,73,73,73,73,73,73,67,63,59,59,59,29],"gold":359,"neow_bonus":"TRANSFORM_CARD","is_prod":false,"is_daily":false,"chose_seed":false,"campfire_upgraded":10,"win_rate":0,"timestamp":1539770579,"path_taken":["M","?","?","M","M","R","$","R","T","M","?","R","M","$","R","BOSS","M","$","M","?","M","?","R","E","T","R","M","M","M","M","R","BOSS","M","$","M","M","?","R","M","R","T","?","M","?","?","?","R","BOSS"],"build_version":"2018-10-11","purchased_purges":3,"victory":true,"max_hp_per_floor":[70,70,75,75,75,75,75,75,75,75,75,75,75,75,75,75,75,75,75,75,75,75,75,75,75,75,75,75,75,75,75,75,75,75,75,75,75,75,75,75,75,75,75,75,75,75,75,71,71,71],"card_choices":[{"not_picked":["Prepared","Setup"],"picked":"Poisoned Stab","floor":1},{"not_picked":["Prepared","Acrobatics","Endless Agony"],"picked":"SKIP","floor":4},{"not_picked":["Prepared","Dagger Spray"],"picked":"Bullet Time","floor":5},{"not_picked":["Dagger Throw","Concentrate"],"picked":"Deadly Poison","floor":10},{"not_picked":["Cloak And Dagger","Bane","Flechettes"],"picked":"SKIP","floor":11},{"not_picked":["PiercingWail","Deadly Poison"],"picked":"Glass Knife","floor":13},{"not_picked":["After Image","Adrenaline"],"picked":"Malaise","floor":16},{"not_picked":["Poisoned Stab","Sucker Punch+1","Underhanded Strike"],"picked":"SKIP","floor":18},{"not_picked":["Skewer","Poisoned Stab+1","Sucker Punch+1"],"picked":"SKIP","floor":20},{"not_picked":["Flechettes","Setup+1","Reflex+1"],"picked":"SKIP","floor":22},{"not_picked":["Expertise","Poisoned Stab","Prepared+1"],"picked":"SKIP","floor":25},{"not_picked":["Predator","Poisoned Stab","Outmaneuver"],"picked":"SKIP","floor":28},{"not_picked":["Accuracy","Deflect"],"picked":"Dodge and Roll+1","floor":29},{"not_picked":["Dagger Spray+1","Accuracy","Dash"],"picked":"SKIP","floor":30},{"not_picked":["Dagger Spray+1","Blade Dance","Poisoned Stab"],"picked":"SKIP","floor":31},{"not_picked":["Doppelganger","Tools of the Trade"],"picked":"Night Terror","floor":33},{"not_picked":["Tactician","Deflect+1","Prepared"],"picked":"SKIP","floor":35},{"not_picked":["Poisoned Stab+1","Flying Knee","Dagger Throw+1"],"picked":"SKIP","floor":37},{"not_picked":["Backflip","Blade Dance+1"],"picked":"Crippling Poison+1","floor":38},{"not_picked":["Slice+1","Skewer"],"picked":"Malaise","floor":41},{"not_picked":["Deadly Poison","Deflect","Dagger Throw"],"picked":"SKIP","floor":45},{"not_picked":["Caltrops","Acrobatics+1"],"picked":"Backflip+1","floor":46},{"not_picked":["Infinite Blades+1","Underhanded Strike"],"picked":"Crippling Poison+1","floor":47}],"player_experience":297293,"relics_obtained":[{"floor":9,"key":"Darkstone Periapt"},{"floor":25,"key":"Ninja Scroll"},{"floor":26,"key":"Boot"},{"floor":43,"key":"Pantograph"},{"floor":44,"key":"Old Coin"}],"event_choices":[{"event_name":"Scrap Ooze","player_choice":"success","floor":2,"damage_taken":25},{"event_name":"Big Fish","player_choice":"Donut","floor":3,"damage_taken":0},{"event_name":"Vampires","player_choice":"Ignored","floor":21,"damage_taken":0},{"event_name":"Beggar","player_choice":"Gave Gold","floor":23,"damage_taken":0},{"event_name":"Tomb of Lord Red Mask","player_choice":"Paid","floor":39,"damage_taken":0},{"event_name":"Winding Halls","player_choice":"Max HP","floor":48,"damage_taken":0}],"is_beta":false,"boss_relics":[{"not_picked":["Calling Bell","Ectoplasm"],"picked":"Astrolabe"},{"not_picked":["Orrery","Pandora\u0027s Box"],"picked":"Sozu"}],"items_purged_floors":[14,19,36],"is_endless":false,"potions_floor_spawned":[4,5,18,25,30,31,37,41,45],"ascension_level":0}