{"gold_per_floor":[15,32,32,32,44,44,62,62,62,94,109,109,129,204,204,302,302,322,522,532,457,476,476,121,121,121,132,132,144,144,66,66,161,161,171,186,15,15,29,29,29,44,69,33,33,33,51,84,84,84],"floor_reached":51,"playtime":1712,"items_purged":["Defend_B","Defend_B"],"score":729,"play_id":"7534d5ef-fa9c-43cc-ae99-aed98f6037fc","local_time":"20190615121610","is_ascension_mode":false,"campfire_choices":[{"data":"Dualcast","floor":6.0,"key":"SMITH"},{"data":"Buffer","floor":12.0,"key":"SMITH"},{"data":"Zap","floor":15.0,"key":"SMITH"},{"data":"White Noise","floor":23.0,"key":"SMITH"},{"data":"White Noise","floor":25.0,"key":"SMITH"},{"data":"Coolheaded","floor":28.0,"key":"SMITH"},{"data":"Skim","floor":32.0,"key":"SMITH"},{"floor":40.0,"key":"REST"},{"data":"Hologram","floor":46,"key":"SMITH"},{"floor":49,"key":"REST"}],"neow_cost":"NO_GOLD","seed_source_timestamp":5660170516285,"circlet_count":0,"master_deck":["Defend_B+1","Zap+1","Dualcast+1","Hologram+1","Coolheaded+1","Skim+1","Buffer+1","White Noise+1","Storm+1","White Noise+1","Storm+1","Machine Learning+1","Heatsinks+1","Consume+1","Consume+1","Defragment+1","Defragment+1","Machine Learning+1","Auto Shields+1","Defragment+1","Heatsinks+1","Static Discharge+1"],"special_seed":0,"relics":["Cracked Core","Pocketwatch","Frozen Egg 2","Pantograph","Bottled Tornado","Astrolabe","Lee\u0027s Waffle","Dodecahedron","Runic Dome","Happy Flower","Shuriken"],"potions_floor_usage":[50,50],"damage_taken":[{"damage":0.0,"enemies":"2 Louse","floor":1.0,"turns":2.0},{"damage":6.0,"enemies":"Jaw Worm","floor":2.0,"turns":3.0},{"damage":2.0,"enemies":"Small Slimes","floor":5.0,"turns":3.0},{"damage":5.0,"enemies":"Blue Slaver","floor":7.0,"turns":4.0},{"damage":1.0,"enemies":"Lagavulin","floor":10.0,"turns":7.0},{"damage":5.0,"enemies":"Exordium Thugs","floor":11.0,"turns":5.0},{"damage":9.0,"enemies":"Large Slime","floor":13.0,"turns":5.0},{"damage":21.0,"enemies":"The Guardian","floor":16.0,"turns":8.0},{"damage":20.0,"enemies":"2 Thieves","floor":18.0,"turns":3.0},{"damage":10.0,"enemies":"3 Byrds","floor":20.0,"turns":2.0},{"damage":21.0,"enemies":"Snake Plant","floor":22.0,"turns":2.0},{"damage":0.0,"enemies":"3 Cultists","floor":27.0,"turns":3.0},{"damage":8.0,"enemies":"Centurion and Healer","floor":29.0,"turns":3.0},{"damage":0.0,"enemies":"Snake Plant","floor":30.0,"turns":1.0},{"damage":0.0,"enemies":"Automaton","floor":33.0,"turns":5.0},{"damage":0.0,"enemies":"3 Shapes","floor":35.0,"turns":3.0},{"damage":15.0,"enemies":"3 Darklings","floor":36.0,"turns":3.0},{"damage":23.0,"enemies":"4 Shapes","floor":39.0,"turns":3.0},{"damage":0,"enemies":"Maw","floor":42,"turns":3},{"damage":24,"enemies":"Jaw Worm Horde","floor":47,"turns":2},{"damage":13,"enemies":"Giant Head","floor":48,"turns":4},{"damage":26,"enemies":"Awakened One","floor":50,"turns":5}],"seed_played":"-1787068298158311297","potions_obtained":[{"floor":7.0,"key":"Swift Potion"},{"floor":13.0,"key":"PowerPotion"},{"floor":20.0,"key":"SmokeBomb"},{"floor":33.0,"key":"Strength Potion"},{"floor":39.0,"key":"Ancient Potion"}],"is_trial":false,"path_per_floor":["M","M","?","?","M","R","M","?","T","E","M","R","M","?","R","B",null,"M","?","M","?","M","R","$","R","T","M","R","M","M","$","R","B",null,"M","M","$","?","M","R","?","M","T","$","?","R","M","E","R","B",null],"character_chosen":"DEFECT","items_purchased":["Lee\u0027s Waffle","Defragment+1","Defragment+1","Defragment+1","Heatsinks+1"],"campfire_rested":2,"item_purchase_floors":[24,24,31,37,44],"current_hp_per_floor":[75,69,74,74,72,72,67,67,67,66,61,61,52,41,41,45,80,60,60,50,50,29,29,87,87,87,87,87,79,79,79,79,87,87,87,72,72,72,49,75,75,75,75,75,75,75,51,38,62,57],"gold":84,"neow_bonus":"ONE_RARE_RELIC","is_prod":false,"is_daily":false,"chose_seed":false,"campfire_upgraded":8,"win_rate":0,"timestamp":1560572170,"path_taken":["M","M","?","?","M","R","M","?","T","E","M","R","M","?","R","BOSS","M","?","?","?","M","R","$","R","T","M","R","M","M","$","R","BOSS","M","M","$","?","M","R","?","M","T","$","?","R","?","E","R","BOSS"],"build_version":"2019-01-23","purchased_purges":2,"victory":true,"max_hp_per_floor":[75,75,80,80,80,80,80,80,80,80,80,80,80,80,80,80,80,80,80,80,80,80,80,87,87,87,87,87,87,87,87,87,87,87,87,87,87,87,87,87,83,83,83,83,83,83,83,83,83,83],"card_choices":[{"not_picked":["Barrage","Rebound"],"picked":"Hologram","floor":1.0},{"not_picked":["Double Energy","Go for the Eyes"],"picked":"Coolheaded","floor":2.0},{"not_picked":["Reinforced Body","Turbo"],"picked":"Buffer","floor":5.0},{"not_picked":["Compile Driver","Stack"],"picked":"White Noise","floor":7.0},{"not_picked":["Recycle","Hologram"],"picked":"Storm+1","floor":10.0},{"not_picked":["Compile Driver","Beam Cell"],"picked":"White Noise","floor":11.0},{"not_picked":["Conserve Battery","Hologram"],"picked":"Storm+1","floor":13.0},{"not_picked":["Reboot","Thunder Strike"],"picked":"Machine Learning+1","floor":16.0},{"not_picked":["Rebound","Sweeping Beam","Steam"],"picked":"SKIP","floor":18.0},{"not_picked":["Cold Snap","Rip and Tear","Sweeping Beam+1"],"picked":"SKIP","floor":20.0},{"not_picked":["Blizzard","Steam","Rainbow"],"picked":"SKIP","floor":22.0},{"not_picked":["Conserve Battery+1","Go for the Eyes","Stack"],"picked":"SKIP","floor":27.0},{"not_picked":["Ball Lightning","Gash","Tempest"],"picked":"SKIP","floor":29.0},{"not_picked":["Buffer+1","Multi-Cast"],"picked":"Machine Learning+1","floor":33.0},{"not_picked":["Go for the Eyes","Aggregate","Steam+1"],"picked":"SKIP","floor":35.0},{"not_picked":["Leap","Lockon"],"picked":"Auto Shields+1","floor":36.0},{"not_picked":["Glacier+1","Hologram+1","Lockon"],"picked":"SKIP","floor":39.0},{"not_picked":["Rebound","Go for the Eyes+1","Leap"],"picked":"SKIP","floor":42},{"not_picked":["Core Surge","Auto Shields+1","Coolheaded"],"picked":"SKIP","floor":47},{"not_picked":["Undo+1","Reinforced Body"],"picked":"Static Discharge+1","floor":48}],"player_experience":5235715,"relics_obtained":[{"floor":9.0,"key":"Pantograph"},{"floor":10.0,"key":"Bottled Tornado"},{"floor":26.0,"key":"Dodecahedron"},{"floor":43,"key":"Happy Flower"},{"floor":48,"key":"Shuriken"}],"event_choices":[{"damage_healed":0.0,"max_hp_gain":5.0,"max_hp_loss":0.0,"gold_gain":0.0,"event_name":"Big Fish","player_choice":"Donut","floor":3.0,"gold_loss":0.0,"damage_taken":0.0},{"damage_healed":0.0,"max_hp_gain":0.0,"max_hp_loss":0.0,"gold_gain":0.0,"cards_transformed":["Strike_B"],"event_name":"Living Wall","player_choice":"Change","floor":4.0,"gold_loss":0.0,"damage_taken":0.0,"cards_obtained":["Skim"]},{"damage_healed":0.0,"max_hp_gain":0.0,"max_hp_loss":0.0,"gold_gain":0.0,"event_name":"Dead Adventurer","player_choice":"Searched \u00271\u0027 times","floor":8.0,"gold_loss":0.0,"damage_taken":0.0,"relics_obtained":["Frozen Egg 2"]},{"damage_healed":0.0,"max_hp_gain":0.0,"max_hp_loss":0.0,"gold_gain":75.0,"event_name":"World of Goop","player_choice":"Gather Gold","floor":14.0,"gold_loss":0.0,"damage_taken":11.0},{"damage_healed":0.0,"max_hp_gain":0.0,"max_hp_loss":0.0,"gold_gain":250.0,"event_name":"The Joust","player_choice":"Bet on Owner","floor":19.0,"gold_loss":50.0,"damage_taken":0.0},{"cards_removed":["Defend_B"],"damage_healed":0.0,"max_hp_gain":0.0,"max_hp_loss":0.0,"gold_gain":0.0,"event_name":"Beggar","player_choice":"Gave Gold","floor":21.0,"gold_loss":75.0,"damage_taken":0.0},{"damage_healed":0.0,"max_hp_gain":0.0,"max_hp_loss":0.0,"gold_gain":0.0,"event_name":"Mysterious Sphere","player_choice":"Ignored","floor":38.0,"gold_loss":0.0,"damage_taken":0.0},{"damage_healed":0.0,"max_hp_gain":0.0,"max_hp_loss":4.0,"gold_gain":0.0,"event_name":"Winding Halls","player_choice":"Max HP","floor":41.0,"gold_loss":0.0,"damage_taken":0.0},{"damage_healed":0,"gold_gain":0,"player_choice":"Upgraded","damage_taken":0,"max_hp_gain":0,"max_hp_loss":0,"event_name":"Upgrade Shrine","floor":45,"gold_loss":0,"cards_upgraded":["Defend_B"]}],"is_beta":false,"boss_relics":[{"not_picked":["Inserter","Calling Bell"],"picked":"Astrolabe"},{"not_picked":["Runic Pyramid","Coffee Dripper"],"picked":"Runic Dome"}],"items_purged_floors":[24,37],"is_endless":false,"potions_floor_spawned":[7,13,20,27,30,33,39],"ascension_level":0}