{"gold_per_floor":[119,119,119,119,44,44,59,102,170,170,183,0,0,31,31,125,125,143,143,166,181,181,181,520,520,520,520,28,62,76,76,76,171,171,194,215,65,65,81,81,97,135,181,202,202,227,251,284,284,284,284,284,284,26,26],"floor_reached":55,"playtime":3010,"items_purged":["Strike_G","Defend_G","Writhe","Strike_G","Strike_G"],"score":2021,"play_id":"f6fe1da6-dea5-497d-938a-c5d5fbd2a237","local_time":"20190408224447","is_ascension_mode":true,"campfire_choices":[{"data":"Neutralize","floor":6.0,"key":"SMITH"},{"data":"Glass Knife","floor":10.0,"key":"SMITH"},{"data":"Tactician","floor":13.0,"key":"SMITH"},{"data":"Blade Dance","floor":15.0,"key":"SMITH"},{"data":"Corpse Explosion","floor":23.0,"key":"SMITH"},{"data":"Cloak And Dagger","floor":25.0,"key":"SMITH"},{"floor":27.0,"key":"REST"},{"data":"Footwork","floor":32.0,"key":"SMITH"},{"data":"Venomology","floor":40.0,"key":"SMITH"},{"data":"Cloak And Dagger","floor":45.0,"key":"SMITH"},{"floor":49.0,"key":"RECALL"},{"data":"Blade Dance","floor":53,"key":"SMITH"}],"neow_cost":"NONE","seed_source_timestamp":35871484394603,"circlet_count":0,"master_deck":["AscendersBane","Defend_G","Defend_G+1","Defend_G","Defend_G+1","Survivor","Neutralize+1","Escape Plan","Glass Knife+1","Tactician+1","Blade Dance+1","Corpse Explosion+1","Deflect","Cloak And Dagger+1","Infinite Blades","Backflip","Footwork+1","Venomology+1","Expertise+1","Cloak And Dagger+1","Blade Dance+1","Infinite Blades","Footwork","Accuracy"],"special_seed":0,"relics":["Ring of the Snake","NeowsBlessing","Golden Idol","Kunai","Bag of Preparation","Eternal Feather","Ornamental Fan","Old Coin","Meat on the Bone","Torii","Ninja Scroll","Runic Dome","Pocketwatch","Regal Pillow","Question Card"],"potions_floor_usage":[50,50,51,55],"damage_taken":[{"damage":0.0,"enemies":"2 Louse","floor":1.0,"turns":1.0},{"damage":0.0,"enemies":"Jaw Worm","floor":7.0,"turns":1.0},{"damage":0.0,"enemies":"Lagavulin","floor":8.0,"turns":1.0},{"damage":0.0,"enemies":"Cultist","floor":11.0,"turns":3.0},{"damage":16.0,"enemies":"3 Sentries","floor":14.0,"turns":11.0},{"damage":2.0,"enemies":"The Guardian","floor":16.0,"turns":16.0},{"damage":3.0,"enemies":"Shell Parasite","floor":18.0,"turns":7.0},{"damage":3.0,"enemies":"3 Byrds","floor":20.0,"turns":2.0},{"damage":15.0,"enemies":"Snecko","floor":21.0,"turns":5.0},{"damage":43.0,"enemies":"Gremlin Leader","floor":24.0,"turns":12.0},{"damage":41.0,"enemies":"Slavers","floor":29.0,"turns":4.0},{"damage":0.0,"enemies":"Snake Plant","floor":30.0,"turns":7.0},{"damage":22.0,"enemies":"Automaton","floor":33.0,"turns":20.0},{"damage":9.0,"enemies":"3 Shapes","floor":35.0,"turns":6.0},{"damage":7.0,"enemies":"Orb Walker","floor":36.0,"turns":4.0},{"damage":0.0,"enemies":"4 Shapes","floor":39.0,"turns":2.0},{"damage":0.0,"enemies":"Sphere and 2 Shapes","floor":41.0,"turns":4.0},{"damage":10.0,"enemies":"Nemesis","floor":42.0,"turns":9.0},{"damage":12.0,"enemies":"Spire Growth","floor":44.0,"turns":7.0},{"damage":0.0,"enemies":"Jaw Worm Horde","floor":46.0,"turns":1.0},{"damage":32.0,"enemies":"Maw","floor":47.0,"turns":10.0},{"damage":0.0,"enemies":"Giant Head","floor":48.0,"turns":10.0},{"damage":24,"enemies":"Awakened One","floor":50,"turns":37},{"damage":20,"enemies":"Donu and Deca","floor":51,"turns":14},{"damage":71,"enemies":"Shield and Spear","floor":55,"turns":9}],"seed_played":"-8928470845013585627","potions_obtained":[{"floor":1.0,"key":"Swift Potion"},{"floor":14.0,"key":"LiquidBronze"},{"floor":18.0,"key":"SpeedPotion"},{"floor":20.0,"key":"Strength Potion"},{"floor":29.0,"key":"AttackPotion"},{"floor":41.0,"key":"Weak Potion"},{"floor":42.0,"key":"SpeedPotion"},{"floor":46.0,"key":"Block Potion"}],"is_trial":false,"path_per_floor":["M","?","?","?","$","R","M","E","T","R","M","$","R","E","R","B",null,"M","?","M","M","?","R","E","R","T","R","$","E","M","$","R","B",null,"M","M","$","?","M","R","M","E","T","M","R","M","M","E","R","B","B",null,"R","$","E"],"character_chosen":"THE_SILENT","items_purchased":["Tactician","Infinite Blades","Torii","Accuracy"],"campfire_rested":1,"item_purchase_floors":[12,28,28,54],"current_hp_per_floor":[59,39,32,32,32,32,32,32,32,32,32,32,32,16,16,14,49,46,60,57,42,42,51,8,17,17,44,44,15,27,27,39,29,52,43,36,36,36,36,48,48,38,38,38,50,50,30,42,54,42,34,54,60,60,0],"gold":26,"neow_bonus":"THREE_ENEMY_KILL","is_prod":false,"is_daily":false,"chose_seed":false,"campfire_upgraded":10,"win_rate":0,"timestamp":1554734687,"path_taken":["M","?","?","?","?","R","M","E","T","R","M","$","R","E","R","BOSS","M","?","?","M","?","R","E","R","T","R","$","E","M","?","R","BOSS","M","M","$","?","M","R","M","E","T","M","R","M","?","E","R","BOSS","BOSS","R","$","E"],"build_version":"2019-01-23","purchased_purges":5,"victory":false,"max_hp_per_floor":[66,66,66,60,60,60,60,60,60,60,60,60,60,60,60,60,60,60,60,60,60,60,60,60,60,60,60,60,60,60,60,60,60,60,60,60,60,60,60,60,60,60,60,60,60,60,60,60,60,60,60,60,60,60,60],"card_choices":[{"not_picked":["PiercingWail","Underhanded Strike"],"picked":"Escape Plan","floor":1.0},{"not_picked":["Underhanded Strike","Footwork"],"picked":"Glass Knife","floor":7.0},{"not_picked":["Expertise","Poisoned Stab","Flying Knee"],"picked":"SKIP","floor":8.0},{"not_picked":["Slice","Acrobatics","Quick Slash"],"picked":"SKIP","floor":11.0},{"not_picked":["Deadly Poison","Choke"],"picked":"Blade Dance","floor":14.0},{"not_picked":["Wraith Form v2","Bullet Time"],"picked":"Corpse Explosion","floor":16.0},{"not_picked":["Terror","Deadly Poison","Reflex"],"picked":"SKIP","floor":18.0},{"not_picked":["Flying Knee","Quick Slash","Poisoned Stab"],"picked":"SKIP","floor":20.0},{"not_picked":["Flying Knee","Quick Slash","Poisoned Stab"],"picked":"SKIP","floor":20.0},{"not_picked":["Sucker Punch+1","Outmaneuver+1"],"picked":"Deflect","floor":21.0},{"not_picked":["Flying Knee","Dagger Spray"],"picked":"Cloak And Dagger","floor":24.0},{"not_picked":["Blur","Escape Plan"],"picked":"Backflip","floor":29.0},{"not_picked":["Bullet Time","Sucker Punch"],"picked":"Footwork","floor":30.0},{"not_picked":["Storm of Steel","Grand Finale"],"picked":"Venomology","floor":33.0},{"not_picked":["Deadly Poison","Setup"],"picked":"Expertise+1","floor":35.0},{"not_picked":["Bouncing Flask","Flechettes","Quick Slash+1"],"picked":"SKIP","floor":36.0},{"not_picked":["Quick Slash","Flying Knee+1","Dagger Spray"],"picked":"SKIP","floor":39.0},{"not_picked":["Prepared","Escape Plan"],"picked":"Cloak And Dagger","floor":41.0},{"not_picked":["Outmaneuver+1","Reflex"],"picked":"Blade Dance","floor":42.0},{"not_picked":["Outmaneuver","Deadly Poison","Catalyst+1"],"picked":"SKIP","floor":44.0},{"not_picked":["Choke","Outmaneuver"],"picked":"Infinite Blades","floor":46.0},{"not_picked":["All Out Attack","PiercingWail","Skewer"],"picked":"SKIP","floor":47.0},{"not_picked":["Unload","Crippling Poison+1"],"picked":"Footwork","floor":48.0}],"player_experience":4170841,"relics_obtained":[{"floor":8.0,"key":"Kunai"},{"floor":14.0,"key":"Bag of Preparation"},{"floor":24.0,"key":"Old Coin"},{"floor":26.0,"key":"Meat on the Bone"},{"floor":29.0,"key":"Ninja Scroll"},{"floor":42.0,"key":"Pocketwatch"},{"floor":43.0,"key":"Regal Pillow"},{"floor":48.0,"key":"Question Card"}],"event_choices":[{"damage_healed":0.0,"max_hp_gain":0.0,"max_hp_loss":0.0,"gold_gain":0.0,"event_name":"Shining Light","player_choice":"Entered Light","floor":2.0,"gold_loss":0.0,"damage_taken":20.0,"cards_upgraded":["Defend_G","Defend_G"]},{"cards_removed":["Strike_G"],"damage_healed":0.0,"max_hp_gain":0.0,"max_hp_loss":0.0,"gold_gain":0.0,"event_name":"Golden Wing","player_choice":"Card Removal","floor":3.0,"gold_loss":0.0,"damage_taken":7.0},{"damage_healed":0.0,"max_hp_gain":0.0,"max_hp_loss":6.0,"gold_gain":0.0,"event_name":"Golden Idol","player_choice":"Lose Max HP","floor":4.0,"gold_loss":0.0,"damage_taken":0.0,"relics_obtained":["Golden Idol"]},{"damage_healed":14.0,"max_hp_gain":0.0,"max_hp_loss":0.0,"gold_gain":0.0,"event_name":"Wheel of Change","player_choice":"Full Heal","floor":19.0,"gold_loss":0.0,"damage_taken":0.0},{"damage_healed":0.0,"max_hp_gain":0.0,"max_hp_loss":0.0,"gold_gain":0.0,"event_name":"The Mausoleum","player_choice":"Opened","floor":22.0,"gold_loss":0.0,"damage_taken":0.0,"relics_obtained":["Ornamental Fan"],"cards_obtained":["Writhe"]},{"cards_removed":["Strike_G"],"damage_healed":0.0,"max_hp_gain":0.0,"max_hp_loss":0.0,"gold_gain":0.0,"event_name":"Bonfire Elementals","player_choice":"Offered Basic","floor":38.0,"gold_loss":0.0,"damage_taken":0.0}],"is_beta":false,"boss_relics":[{"not_picked":["HoveringKite","Velvet Choker"],"picked":"Eternal Feather"},{"not_picked":["Lizard Tail","Calling Bell"],"picked":"Runic Dome"}],"items_purged_floors":[5,12,28,37,54],"is_endless":false,"potions_floor_spawned":[1,14,18,20,29,36,41,42,46],"killed_by":"Shield and Spear","ascension_level":20}