{"gold_per_floor":[115,131,206,381,227,227,257,284,311,321,351,351,369,398,398,474,474,491,298,298,310,310,310],"floor_reached":23,"playtime":789,"items_purged":["Doubt","Strike_G"],"score":419,"play_id":"7a1d4681-366e-441a-b3b8-627020584626","local_time":"20190314230446","is_ascension_mode":true,"campfire_choices":[{"data":"Crippling Poison","floor":12.0,"key":"SMITH"},{"data":"Catalyst","floor":15,"key":"SMITH"}],"neow_cost":"NONE","seed_source_timestamp":76760380117638,"circlet_count":0,"master_deck":["AscendersBane","Defend_G","Defend_G","Defend_G","Defend_G","Defend_G","Strike_G","Strike_G","Strike_G","Strike_G","Survivor","Neutralize","Dagger Spray","Blur","Noxious Fumes","Venomology","Acrobatics","Crippling Poison+1","Bane","Catalyst+1","Corpse Explosion","Panacea","Ghostly","Ghostly","Ghostly","Ghostly","Ghostly","Leg Sweep"],"special_seed":0,"relics":["Ring of the Snake","NeowsBlessing","Darkstone Periapt","Odd Mushroom","Oddly Smooth Stone","Kunai","Pen Nib","Runic Pyramid"],"potions_floor_usage":[16,18,21],"damage_taken":[{"damage":0.0,"enemies":"Jaw Worm","floor":1.0,"turns":1.0},{"damage":0.0,"enemies":"Small Slimes","floor":2.0,"turns":1.0},{"damage":0.0,"enemies":"3 Sentries","floor":7.0,"turns":2.0},{"damage":13.0,"enemies":"The Mushroom Lair","floor":8.0,"turns":4.0},{"damage":0.0,"enemies":"2 Louse","floor":10.0,"turns":2.0},{"damage":9.0,"enemies":"Lagavulin","floor":11.0,"turns":10.0},{"damage":5.0,"enemies":"2 Fungi Beasts","floor":13.0,"turns":3.0},{"damage":19.0,"enemies":"Gremlin Nob","floor":14.0,"turns":5.0},{"damage":9,"enemies":"The Guardian","floor":16,"turns":10},{"damage":0,"enemies":"Spheric Guardian","floor":18,"turns":5},{"damage":3,"enemies":"Shell Parasite","floor":21,"turns":7},{"damage":31,"enemies":"Slavers","floor":23,"turns":4}],"seed_played":"-4530844056989082476","potions_obtained":[{"floor":1.0,"key":"Weak Potion"},{"floor":2.0,"key":"Energy Potion"},{"floor":14,"key":"Weak Potion"}],"is_trial":false,"path_per_floor":["M","M","?","?","$","?","E","?","T","M","E","R","M","E","R","B",null,"M","$","?","M","?","E"],"character_chosen":"THE_SILENT","items_purchased":["Noxious Fumes","Panacea"],"campfire_rested":0,"item_purchase_floors":[5,19],"current_hp_per_floor":[59,59,48,48,48,66,66,53,53,53,44,44,39,20,20,11,52,52,52,33,30,27,0],"gold":310,"neow_bonus":"THREE_ENEMY_KILL","is_prod":false,"is_daily":false,"chose_seed":false,"campfire_upgraded":2,"win_rate":0,"timestamp":1552572286,"path_taken":["M","M","?","?","$","?","E","?","T","M","E","R","M","E","R","BOSS","M","$","?","M","?","E"],"build_version":"2019-01-23","purchased_purges":2,"victory":false,"max_hp_per_floor":[66,66,66,66,66,66,66,66,66,66,66,66,66,66,66,66,66,66,66,33,33,38,38],"card_choices":[{"not_picked":["Caltrops","Distraction"],"picked":"Dagger Spray","floor":1.0},{"not_picked":["Deadly Poison","Sucker Punch"],"picked":"Blur","floor":2.0},{"not_picked":["Well Laid Plans","Reflex"],"picked":"Venomology","floor":7.0},{"not_picked":["Slice","Sucker Punch"],"picked":"Acrobatics","floor":8.0},{"not_picked":["Flechettes","Flying Knee"],"picked":"Crippling Poison","floor":10.0},{"not_picked":["Backstab","Terror"],"picked":"Bane","floor":11.0},{"not_picked":["Bane","Acrobatics","All Out Attack"],"picked":"SKIP","floor":13.0},{"not_picked":["Tactician","After Image"],"picked":"Catalyst","floor":14},{"not_picked":["A Thousand Cuts","Die Die Die"],"picked":"Corpse Explosion","floor":16},{"not_picked":["Flechettes","Slice","Underhanded Strike"],"picked":"SKIP","floor":18},{"not_picked":["Blade Dance","Endless Agony"],"picked":"Leg Sweep","floor":21}],"player_experience":95629,"relics_obtained":[{"floor":7.0,"key":"Darkstone Periapt"},{"floor":8.0,"key":"Odd Mushroom"},{"floor":9.0,"key":"Oddly Smooth Stone"},{"floor":11.0,"key":"Kunai"},{"floor":14,"key":"Pen Nib"}],"event_choices":[{"damage_healed":0.0,"max_hp_gain":0.0,"max_hp_loss":0.0,"gold_gain":75.0,"event_name":"World of Goop","player_choice":"Gather Gold","floor":3.0,"gold_loss":0.0,"damage_taken":11.0},{"damage_healed":0.0,"max_hp_gain":0.0,"max_hp_loss":0.0,"gold_gain":175.0,"event_name":"Liars Game","player_choice":"AGREE","floor":4.0,"gold_loss":0.0,"damage_taken":0.0,"cards_obtained":["Doubt"]},{"damage_healed":22.0,"max_hp_gain":0.0,"max_hp_loss":0.0,"gold_gain":0.0,"event_name":"Big Fish","player_choice":"Banana","floor":6.0,"gold_loss":0.0,"damage_taken":0.0},{"damage_healed":0.0,"max_hp_gain":0.0,"max_hp_loss":0.0,"gold_gain":0.0,"event_name":"Mushrooms","player_choice":"Fought Mushrooms","floor":8.0,"gold_loss":0.0,"damage_taken":0.0},{"damage_healed":0,"gold_gain":0,"player_choice":"Became a Ghost","damage_taken":0,"max_hp_gain":0,"max_hp_loss":33,"event_name":"Ghosts","floor":20,"gold_loss":0,"cards_obtained":["Ghostly","Ghostly","Ghostly","Ghostly","Ghostly"]},{"damage_healed":0,"gold_gain":0,"player_choice":"Shed Blood","damage_taken":8,"max_hp_gain":5,"max_hp_loss":0,"event_name":"Forgotten Altar","floor":22,"gold_loss":0}],"is_beta":false,"boss_relics":[{"not_picked":["Philosopher\u0027s Stone","Snecko Eye"],"picked":"Runic Pyramid"}],"items_purged_floors":[5,19],"is_endless":false,"potions_floor_spawned":[1,2,11,14,16,21],"killed_by":"Slavers","ascension_level":14}