{"gold_per_floor":[109,109,129,140,158,158,185,218,218,218,218,245,245,255,255,327,327,337,337,337,337,313,313,331,246,246,274,274,289,289,301,301,301],"floor_reached":33,"playtime":1010,"items_purged":[],"score":650,"play_id":"a9abc586-1103-4acf-ad9a-66a9c80a2e5a","local_time":"20190218205838","is_ascension_mode":true,"campfire_choices":[{"data":"Consume","floor":6,"key":"SMITH"},{"data":"Coolheaded","floor":10,"key":"SMITH"},{"data":"Zap","floor":13,"key":"SMITH"},{"data":"Beam Cell","floor":15,"key":"SMITH"},{"data":"Loop","floor":23,"key":"SMITH"},{"floor":28,"key":"REST"},{"data":"Capacitor","floor":30,"key":"SMITH"},{"data":"Seek","floor":32,"key":"SMITH"}],"neow_cost":"NONE","seed_source_timestamp":89564089289212,"circlet_count":0,"master_deck":["AscendersBane","Strike_B","Strike_B","Strike_B","Defend_B","Defend_B","Defend_B","Defend_B","Zap+1","Dualcast","Capacitor+1","Consume+1","Coolheaded+1","Beam Cell+1","Blizzard","Ball Lightning","Loop+1","Seek+1","Cold Snap","Biased Cognition","Turbo","Undo","BootSequence","Defragment","Recycle"],"relics":["Cracked Core","NeowsBlessing","Odd Mushroom","The Courier","Blue Candle","Ancient Tea Set","Black Star","Cables","FossilizedHelix","Mercury Hourglass","Bottled Lightning","PreservedInsect"],"potions_floor_usage":[12,16,33],"damage_taken":[{"damage":0,"enemies":"Jaw Worm","floor":1,"turns":1},{"damage":0,"enemies":"Cultist","floor":3,"turns":1},{"damage":0,"enemies":"Small Slimes","floor":4,"turns":1},{"damage":15,"enemies":"2 Fungi Beasts","floor":5,"turns":5},{"damage":20,"enemies":"The Mushroom Lair","floor":7,"turns":6},{"damage":15,"enemies":"Lagavulin","floor":8,"turns":7},{"damage":11,"enemies":"Gremlin Nob","floor":12,"turns":3},{"damage":4,"enemies":"Looter","floor":14,"turns":3},{"damage":0,"enemies":"Slime Boss","floor":16,"turns":10},{"damage":9,"enemies":"Spheric Guardian","floor":18,"turns":5},{"damage":10,"enemies":"2 Thieves","floor":22,"turns":4},{"damage":14,"enemies":"Snake Plant","floor":24,"turns":4},{"damage":16,"enemies":"Gremlin Leader","floor":27,"turns":7},{"damage":0,"enemies":"Centurion and Healer","floor":29,"turns":7},{"damage":0,"enemies":"Sentry and Sphere","floor":31,"turns":4},{"damage":32,"enemies":"Collector","floor":33,"turns":3}],"seed_played":"-1613186977116759841","potions_obtained":[{"floor":1,"key":"Poison Potion"},{"floor":3,"key":"GamblersBrew"},{"floor":12,"key":"Explosive Potion"},{"floor":18,"key":"Ancient Potion"}],"is_trial":false,"path_per_floor":["M","?","M","M","M","R","?","E","T","R","?","E","R","M","R","B",null,"M","?","T","?","M","R","M","?","T","E","R","M","R","M","R","B"],"character_chosen":"DEFECT","items_purchased":[],"campfire_rested":1,"item_purchase_floors":[],"current_hp_per_floor":[64,64,64,64,49,49,29,14,14,14,37,26,26,22,22,22,59,50,50,50,50,40,40,26,26,26,10,31,31,31,31,31,0],"gold":301,"neow_bonus":"THREE_ENEMY_KILL","is_prod":false,"is_daily":false,"chose_seed":false,"campfire_upgraded":7,"win_rate":0,"timestamp":1550494718,"path_taken":["M","?","M","M","?","R","?","E","T","R","?","E","R","M","R","BOSS","M","?","?","?","M","R","M","?","T","E","R","?","R","M","R","BOSS"],"build_version":"2019-01-23","purchased_purges":0,"victory":false,"max_hp_per_floor":[71,71,71,71,71,71,71,71,71,71,71,71,71,71,71,71,71,71,71,71,71,71,71,71,71,71,71,71,71,71,71,71,71],"card_choices":[{"not_picked":["Stack","Chill"],"picked":"Capacitor","floor":1},{"not_picked":["Doom and Gloom","Rebound"],"picked":"Coolheaded","floor":3},{"not_picked":["Go for the Eyes","Streamline"],"picked":"Beam Cell","floor":4},{"not_picked":["Rebound","Fusion"],"picked":"Blizzard","floor":5},{"not_picked":["Steam","White Noise"],"picked":"Ball Lightning","floor":7},{"not_picked":["Double Energy","Static Discharge"],"picked":"Loop","floor":8},{"not_picked":["Ball Lightning","Undo"],"picked":"Seek","floor":12},{"not_picked":["Stack","Lockon"],"picked":"Cold Snap","floor":14},{"not_picked":["Hyperbeam","Buffer"],"picked":"Biased Cognition","floor":16},{"not_picked":["Rebound+1","Steam"],"picked":"Turbo","floor":18},{"not_picked":["Redo","Doom and Gloom"],"picked":"Undo","floor":22},{"not_picked":["White Noise","Rebound","Consume"],"picked":"SKIP","floor":24},{"not_picked":["Force Field","Consume"],"picked":"BootSequence","floor":27},{"not_picked":["Steam Power","Beam Cell"],"picked":"Defragment","floor":29},{"not_picked":["Turbo+1","Rebound"],"picked":"Recycle","floor":31}],"player_experience":821152,"relics_obtained":[{"floor":7,"key":"Odd Mushroom"},{"floor":8,"key":"The Courier"},{"floor":9,"key":"Blue Candle"},{"floor":12,"key":"Ancient Tea Set"},{"floor":20,"key":"Cables"},{"floor":26,"key":"Mercury Hourglass"},{"floor":27,"key":"Bottled Lightning"},{"floor":27,"key":"PreservedInsect"}],"event_choices":[{"damage_healed":0,"gold_gain":0,"cards_transformed":["Strike_B"],"player_choice":"Transformed","damage_taken":0,"max_hp_gain":0,"max_hp_loss":0,"event_name":"Transmorgrifier","floor":2,"gold_loss":0,"cards_obtained":["Consume"]},{"damage_healed":0,"gold_gain":0,"player_choice":"Fought Mushrooms","damage_taken":0,"max_hp_gain":0,"max_hp_loss":0,"event_name":"Mushrooms","floor":7,"gold_loss":0},{"damage_healed":23,"gold_gain":0,"player_choice":"Banana","damage_taken":0,"max_hp_gain":0,"max_hp_loss":0,"event_name":"Big Fish","floor":11,"gold_loss":0},{"damage_healed":0,"gold_gain":0,"player_choice":"Ignored","damage_taken":0,"max_hp_gain":0,"max_hp_loss":0,"event_name":"The Mausoleum","floor":19,"gold_loss":0},{"damage_healed":0,"gold_gain":0,"player_choice":"Ignored","damage_taken":0,"max_hp_gain":0,"max_hp_loss":0,"event_name":"Ghosts","floor":21,"gold_loss":0},{"damage_healed":0,"gold_gain":0,"player_choice":"Obtained Relic","damage_taken":0,"relics_obtained":["FossilizedHelix"],"max_hp_gain":0,"max_hp_loss":0,"event_name":"Addict","floor":25,"gold_loss":85}],"is_beta":false,"boss_relics":[{"not_picked":["Orrery","White Beast Statue"],"picked":"Black Star"}],"items_purged_floors":[],"is_endless":false,"potions_floor_spawned":[1,3,7,12,18,22,29],"killed_by":"Collector","ascension_level":20}