{"gold_per_floor":[213,213,57,69,82,82,111,129,129,143,155,155,185,204,204,277,327,346,226,237,237,58,58,76,76,76,76,96,55,55,55,55,134,134,145,159,177,177,102,127,145,145,145,198,213,213,223,98,98,98],"floor_reached":50,"playtime":3120,"items_purged":["Pain","Strike_G","Strike_G"],"score":927,"play_id":"9ad2fa06-4971-4cd8-b417-aea72cb8256a","local_time":"20181218152439","is_ascension_mode":true,"campfire_choices":[{"data":"Noxious Fumes","floor":6.0,"key":"SMITH"},{"floor":12.0,"key":"REST"},{"floor":15.0,"key":"REST"},{"data":"Well Laid Plans","floor":23.0,"key":"SMITH"},{"data":"Footwork","floor":27.0,"key":"SMITH"},{"floor":32.0,"key":"REST"},{"data":"Footwork","floor":42.0,"key":"SMITH"},{"data":"Noxious Fumes","floor":46.0,"key":"SMITH"},{"floor":49,"key":"RECALL"}],"neow_cost":"NONE","seed_source_timestamp":9482059817501,"circlet_count":0,"master_deck":["AscendersBane","Defend_G","Defend_G","Defend_G","Defend_G","Defend_G","Strike_G","Survivor","Neutralize","Infinite Blades","Noxious Fumes+1","Leg Sweep+1","Escape Plan","Bouncing Flask","Tools of the Trade","Backflip","Cloak And Dagger","Wraith Form v2","Cloak And Dagger","Footwork+1","After Image","Well Laid Plans+1","PiercingWail","Blur","Noxious Fumes+1","Tools of the Trade","Adrenaline","Footwork+1","PiercingWail","Backflip+1","Footwork"],"special_seed":0,"relics":["Ring of the Snake","WarpedTongs","Odd Mushroom","Shuriken","Dodecahedron","Tiny House","Lantern","Lizard Tail","FaceOfCleric","Vajra","Juzu Bracelet"],"potions_floor_usage":[47,47],"damage_taken":[{"damage":0.0,"enemies":"2 Louse","floor":1.0,"turns":5.0},{"damage":2.0,"enemies":"Cultist","floor":4.0,"turns":4.0},{"damage":6.0,"enemies":"Small Slimes","floor":5.0,"turns":5.0},{"damage":10.0,"enemies":"The Mushroom Lair","floor":7.0,"turns":5.0},{"damage":0.0,"enemies":"Blue Slaver","floor":8.0,"turns":5.0},{"damage":7.0,"enemies":"3 Louse","floor":10.0,"turns":6.0},{"damage":0.0,"enemies":"Large Slime","floor":11.0,"turns":7.0},{"damage":22.0,"enemies":"Gremlin Nob","floor":13.0,"turns":4.0},{"damage":3.0,"enemies":"Gremlin Gang","floor":14.0,"turns":6.0},{"damage":12.0,"enemies":"Slime Boss","floor":16.0,"turns":10.0},{"damage":5.0,"enemies":"Shell Parasite","floor":18.0,"turns":9.0},{"damage":2.0,"enemies":"2 Thieves","floor":19.0,"turns":5.0},{"damage":28.0,"enemies":"Cultist and Chosen","floor":20.0,"turns":8.0},{"damage":9.0,"enemies":"Snake Plant","floor":24.0,"turns":7.0},{"damage":1.0,"enemies":"Shelled Parasite and Fungi","floor":28.0,"turns":8.0},{"damage":0.0,"enemies":"3 Cultists","floor":30.0,"turns":3.0},{"damage":11.0,"enemies":"Collector","floor":33.0,"turns":11.0},{"damage":12.0,"enemies":"3 Shapes","floor":35.0,"turns":8.0},{"damage":6.0,"enemies":"3 Darklings","floor":36.0,"turns":8.0},{"damage":12.0,"enemies":"Sphere and 2 Shapes","floor":37.0,"turns":8.0},{"damage":0.0,"enemies":"Nemesis","floor":40.0,"turns":13.0},{"damage":0.0,"enemies":"Maw","floor":41.0,"turns":11.0},{"damage":8.0,"enemies":"3 Darklings","floor":45.0,"turns":8.0},{"damage":21,"enemies":"Transient","floor":47,"turns":6},{"damage":57,"enemies":"Awakened One","floor":50,"turns":3}],"seed_played":"-2705193424554562666","potions_obtained":[{"floor":5.0,"key":"Poison Potion"},{"floor":7.0,"key":"FearPotion"},{"floor":13.0,"key":"SteroidPotion"},{"floor":16.0,"key":"PowerPotion"},{"floor":17.0,"key":"SpeedPotion"},{"floor":20.0,"key":"SpeedPotion"},{"floor":24.0,"key":"SmokeBomb"},{"floor":28.0,"key":"Strength Potion"},{"floor":35.0,"key":"LiquidBronze"},{"floor":36.0,"key":"PowerPotion"},{"floor":37.0,"key":"SkillPotion"},{"floor":41.0,"key":"AttackPotion"}],"is_trial":false,"path_per_floor":["M","?","$","M","M","R","?","M","T","M","M","R","E","M","R","B",null,"M","M","M","?","$","R","M","?","T","R","M","$","M","?","R","B",null,"M","M","M","?","$","E","M","R","T","T","M","R","M","$","R","B"],"character_chosen":"THE_SILENT","items_purchased":["Noxious Fumes","Well Laid Plans","Noxious Fumes","Footwork"],"campfire_rested":3,"item_purchase_floors":[3,22,29,39],"current_hp_per_floor":[59,59,59,57,51,51,41,41,41,34,34,53,31,28,47,35,63,58,56,28,28,28,28,19,19,19,19,18,18,18,18,39,28,60,48,42,30,30,30,31,32,32,32,32,25,25,5,5,5,0],"gold":98,"neow_bonus":"HUNDRED_GOLD","is_prod":false,"is_daily":false,"chose_seed":false,"campfire_upgraded":5,"win_rate":0,"timestamp":1545117879,"path_taken":["M","?","$","M","?","R","?","M","T","M","M","R","E","M","R","BOSS","M","M","M","?","$","R","M","?","T","R","M","$","M","?","R","BOSS","M","M","M","?","$","E","?","R","T","?","M","R","M","$","R","BOSS"],"build_version":"2018-12-13","purchased_purges":3,"victory":false,"max_hp_per_floor":[66,66,66,66,66,66,66,66,66,66,66,66,66,66,66,66,71,71,71,71,71,71,71,71,71,71,71,71,71,71,71,71,71,71,71,71,71,71,71,72,73,73,73,73,74,74,75,75,75,75],"card_choices":[{"not_picked":["Slice","Outmaneuver"],"picked":"Infinite Blades","floor":1.0},{"not_picked":["Cloak And Dagger","Underhanded Strike"],"picked":"Leg Sweep","floor":4.0},{"not_picked":["Dodge and Roll","Predator"],"picked":"Escape Plan","floor":5.0},{"not_picked":["Reflex","Infinite Blades"],"picked":"Bouncing Flask","floor":7.0},{"not_picked":["Quick Slash","Acrobatics","Dash"],"picked":"SKIP","floor":8.0},{"not_picked":["Eviscerate","Bouncing Flask"],"picked":"Tools of the Trade","floor":10.0},{"not_picked":["Deflect","Outmaneuver"],"picked":"Backflip","floor":11.0},{"not_picked":["Expertise","Dagger Throw","Dagger Spray"],"picked":"SKIP","floor":13.0},{"not_picked":["Riddle With Holes","Prepared"],"picked":"Cloak And Dagger","floor":14.0},{"not_picked":["Malaise","Glass Knife"],"picked":"Wraith Form v2","floor":16.0},{"not_picked":["Quick Slash","PiercingWail"],"picked":"Cloak And Dagger","floor":18.0},{"not_picked":["Quick Slash","Flying Knee","Concentrate"],"picked":"SKIP","floor":19.0},{"not_picked":["Underhanded Strike","Acrobatics","Quick Slash"],"picked":"SKIP","floor":20.0},{"not_picked":["Die Die Die","All Out Attack"],"picked":"PiercingWail","floor":24.0},{"not_picked":["Skewer","Flying Knee+1"],"picked":"Blur","floor":28.0},{"not_picked":["Glass Knife","Unload"],"picked":"Tools of the Trade","floor":33.0},{"not_picked":["Dagger Spray","Slice+1","Bane"],"picked":"SKIP","floor":35.0},{"not_picked":["Concentrate+1","Sucker Punch","Accuracy"],"picked":"SKIP","floor":36.0},{"not_picked":["Poisoned Stab","Underhanded Strike"],"picked":"Adrenaline","floor":37.0},{"not_picked":["Blade Dance+1","Quick Slash"],"picked":"PiercingWail","floor":40.0},{"not_picked":["PiercingWail","Slice"],"picked":"Backflip+1","floor":41.0},{"not_picked":["Calculated Gamble","Blade Dance"],"picked":"Footwork","floor":45.0},{"not_picked":["Heel Hook","Deadly Poison+1","Quick Slash"],"picked":"SKIP","floor":47}],"player_experience":1343457,"relics_obtained":[{"floor":7.0,"key":"Odd Mushroom"},{"floor":9.0,"key":"Shuriken"},{"floor":13.0,"key":"Dodecahedron"},{"floor":26.0,"key":"Lantern"},{"floor":40.0,"key":"Vajra"},{"floor":44.0,"key":"Juzu Bracelet"}],"event_choices":[{"damage_healed":0.0,"max_hp_gain":0.0,"max_hp_loss":0.0,"gold_gain":0.0,"event_name":"Accursed Blacksmith","player_choice":"Rummage","floor":2.0,"gold_loss":0.0,"damage_taken":0.0,"relics_obtained":["WarpedTongs"],"cards_obtained":["Pain"]},{"damage_healed":0.0,"max_hp_gain":0.0,"max_hp_loss":0.0,"gold_gain":0.0,"event_name":"Mushrooms","player_choice":"Fought Mushrooms","floor":7.0,"gold_loss":0.0,"damage_taken":0.0},{"damage_healed":0.0,"max_hp_gain":0.0,"max_hp_loss":0.0,"gold_gain":0.0,"cards_transformed":["Strike_G","Strike_G"],"event_name":"Drug Dealer","player_choice":"Became Test Subject","floor":21.0,"gold_loss":0.0,"damage_taken":0.0,"cards_obtained":["Footwork","After Image"]},{"damage_healed":0.0,"max_hp_gain":0.0,"max_hp_loss":0.0,"gold_gain":0.0,"event_name":"Cursed Tome","player_choice":"Ignored","floor":25.0,"gold_loss":0.0,"damage_taken":0.0},{"damage_healed":0.0,"max_hp_gain":0.0,"max_hp_loss":0.0,"gold_gain":0.0,"event_name":"Beggar","player_choice":"Ignored","floor":31.0,"gold_loss":0.0,"damage_taken":0.0},{"damage_healed":0.0,"max_hp_gain":0.0,"max_hp_loss":0.0,"gold_gain":0.0,"event_name":"FaceTrader","player_choice":"Trade","floor":38.0,"gold_loss":0.0,"damage_taken":0.0,"relics_obtained":["FaceOfCleric"]}],"is_beta":false,"boss_relics":[{"not_picked":["White Beast Statue","Snecko Eye"],"picked":"Tiny House"},{"not_picked":["Pandora\u0027s Box","Eternal Feather"],"picked":"Lizard Tail"}],"items_purged_floors":[3,22,48],"is_endless":false,"potions_floor_spawned":[5,7,10,11,13,16,20,24,28,30,35,36,37,41],"killed_by":"Awakened One","ascension_level":17}