{"gold_per_floor":[113,13,13,13,13,13,41,41,41,75,75,85,85,102,102,102],"floor_reached":16,"playtime":426,"items_purged":["Regret"],"score":186,"play_id":"93d5cf97-b8ce-422f-9b4a-9782e002e09c","local_time":"20180722102715","is_ascension_mode":true,"campfire_choices":[{"floor":11,"key":"REST"},{"data":"Defend_G","floor":15,"key":"PURGE"}],"neow_cost":"CURSE","seed_source_timestamp":11264170758455,"circlet_count":0,"master_deck":["Defend_G","Defend_G","Defend_G","Defend_G","Strike_G","Strike_G","Strike_G","Strike_G","Strike_G","Survivor","Neutralize+1","AscendersBane","Heel Hook+1","Deadly Poison+1","Deflect","Blur"],"relics":["Ring of the Snake","Peace Pipe","Nunchaku","Mercury Hourglass","Unceasing Top","Strawberry"],"potions_floor_usage":[10],"damage_taken":[{"damage":14,"enemies":"Cultist","floor":1,"turns":6},{"damage":20,"enemies":"3 Sentries","floor":7,"turns":12},{"damage":23,"enemies":"Gremlin Nob","floor":10,"turns":4},{"damage":4,"enemies":"Jaw Worm","floor":12,"turns":3},{"damage":0,"enemies":"2 Louse","floor":14,"turns":2},{"damage":37,"enemies":"Slime Boss","floor":16,"turns":8}],"seed_played":"6577428888948010208","potions_obtained":[{"floor":1,"key":"Ancient Potion"},{"floor":7,"key":"EssenceOfSteel"}],"is_trial":false,"path_per_floor":["M","$","?","?","?","?","E","T","T","E","R","M","$","M","R"],"character_chosen":"THE_SILENT","items_purchased":["Deadly Poison"],"campfire_rested":1,"item_purchase_floors":[2],"current_hp_per_floor":[45,45,45,45,45,45,25,25,25,9,30,26,26,26,26,0],"gold":102,"neow_bonus":"ONE_RARE_RELIC","is_prod":false,"is_daily":false,"chose_seed":false,"campfire_upgraded":0,"win_rate":0,"timestamp":1532226435,"path_taken":["M","?","?","?","?","?","E","?","T","E","R","?","$","M","R","BOSS"],"build_version":"2018-07-19","purchased_purges":1,"victory":false,"max_hp_per_floor":[66,66,66,66,66,66,66,66,66,73,73,73,73,73,73,73],"card_choices":[{"not_picked":["Caltrops","Underhanded Strike"],"picked":"Heel Hook","floor":1},{"not_picked":["Predator","Dodge and Roll"],"picked":"Deflect","floor":7},{"not_picked":["PiercingWail","Heel Hook"],"picked":"Blur","floor":10},{"not_picked":["Finisher","Dagger Throw","Quick Slash"],"picked":"SKIP","floor":12},{"not_picked":["Catalyst","Dagger Throw","Prepared"],"picked":"SKIP","floor":14}],"player_experience":763426,"relics_obtained":[{"floor":7,"key":"Nunchaku"},{"floor":8,"key":"Mercury Hourglass"},{"floor":9,"key":"Unceasing Top"},{"floor":10,"key":"Strawberry"}],"event_choices":[{"event_name":"The Cleric","player_choice":"Leave","floor":3,"damage_taken":0},{"event_name":"Upgrade Shrine","player_choice":"Upgraded","floor":4,"damage_taken":0},{"event_name":"Living Wall","player_choice":"Grow","floor":5,"damage_taken":0},{"event_name":"Accursed Blacksmith","player_choice":"Forge","floor":6,"damage_taken":0}],"is_beta":true,"boss_relics":[],"items_purged_floors":[2],"is_endless":false,"potions_floor_spawned":[1,7],"killed_by":"Slime Boss","ascension_level":15}