{"gold_per_floor":[109,31,206,131,149,149,182,182,182,197,197,211,222,234,234,333,333,345,83,83,98,35,35,69,69,69,69,69,98,98,112,112,207,207,222,222,49,49,66,66,84,101,101,115,115,115,132,44,44,44],"floor_reached":51,"playtime":1824,"items_purged":["Doubt","Defend_G","Decay","Strike_G","Strike_G"],"score":685,"play_id":"d7db2ff6-0ca3-4174-91cf-dd12cdfbfa01","local_time":"20181018111908","is_ascension_mode":false,"campfire_choices":[{"data":"Deadly Poison","floor":6.0,"key":"SMITH"},{"data":"Corpse Explosion","floor":8.0,"key":"SMITH"},{"data":"Footwork","floor":11.0,"key":"SMITH"},{"data":"Neutralize","floor":15.0,"key":"SMITH"},{"data":"Noxious Fumes","floor":23.0,"key":"SMITH"},{"data":"Noxious Fumes","floor":25.0,"key":"SMITH"},{"data":"Malaise","floor":28.0,"key":"SMITH"},{"data":"Bullet Time","floor":30.0,"key":"SMITH"},{"data":"Backflip","floor":32.0,"key":"SMITH"},{"data":"Backflip","floor":40,"key":"SMITH"},{"data":"Coolheaded","floor":46,"key":"SMITH"},{"floor":49,"key":"REST"}],"neow_cost":"NONE","seed_source_timestamp":8276151012840,"circlet_count":0,"master_deck":["Defend_G","Defend_G","Defend_G","Defend_G","Strike_G","Strike_G","Strike_G","Survivor","Neutralize+1","Infinite Blades","Corpse Explosion+1","Deadly Poison+1","Bullet Time+1","Footwork+1","Backflip+1","Backflip+1","Malaise+1","Noxious Fumes+1","Noxious Fumes+1","Escape Plan+1","Tools of the Trade","Good Instincts","Leap+1","Backflip+1","Coolheaded+1","Turbo+1","Chaos+1","Cloak And Dagger+1"],"special_seed":0,"relics":["Ring of the Snake","Blood Vial","Bird Faced Urn","Cursed Key","Membership Card","Shuriken","Ornamental Fan","Sozu","PrismaticShard","Torii"],"potions_floor_usage":[50],"damage_taken":[{"damage":0.0,"enemies":"Jaw Worm","floor":1.0,"turns":4.0},{"damage":0.0,"enemies":"Small Slimes","floor":5.0,"turns":4.0},{"damage":19.0,"enemies":"3 Sentries","floor":7.0,"turns":3.0},{"damage":0.0,"enemies":"2 Louse","floor":10.0,"turns":2.0},{"damage":0.0,"enemies":"Exordium Thugs","floor":12.0,"turns":3.0},{"damage":4.0,"enemies":"Gremlin Gang","floor":13.0,"turns":3.0},{"damage":0.0,"enemies":"3 Louse","floor":14.0,"turns":1.0},{"damage":28.0,"enemies":"The Guardian","floor":16.0,"turns":9.0},{"damage":0.0,"enemies":"Chosen","floor":18.0,"turns":4.0},{"damage":0.0,"enemies":"3 Byrds","floor":21.0,"turns":2.0},{"damage":22.0,"enemies":"Slavers","floor":24.0,"turns":4.0},{"damage":23.0,"enemies":"Book of Stabbing","floor":29.0,"turns":8.0},{"damage":0.0,"enemies":"3 Cultists","floor":31.0,"turns":3.0},{"damage":28,"enemies":"Champ","floor":33,"turns":11},{"damage":4,"enemies":"3 Shapes","floor":35,"turns":4},{"damage":8,"enemies":"Orb Walker","floor":39,"turns":7},{"damage":4,"enemies":"Spire Growth","floor":41,"turns":5},{"damage":10,"enemies":"Maw","floor":42,"turns":7},{"damage":0,"enemies":"Transient","floor":44,"turns":5},{"damage":0,"enemies":"Mind Bloom Boss Battle","floor":45,"turns":7},{"damage":19,"enemies":"3 Darklings","floor":47,"turns":3},{"damage":8,"enemies":"Time Eater","floor":50,"turns":15}],"seed_played":"1859480633778153169","potions_obtained":[{"floor":1.0,"key":"Ancient Potion"},{"floor":7.0,"key":"Weak Potion"},{"floor":12.0,"key":"Block Potion"},{"floor":16.0,"key":"Fire Potion"},{"floor":31.0,"key":"GamblersBrew"}],"is_trial":false,"path_per_floor":["M","$","?","$","M","R","E","R","T","M","R","M","M","M","R","B",null,"M","$","?","M","$","R","E","R","T","?","R","E","R","M","R","B",null,"M","?","$","?","M","R","M","M","T","M","?","R","M","$","R","B"],"character_chosen":"THE_SILENT","items_purchased":["Corpse Explosion","Membership Card","Noxious Fumes","PrismaticShard"],"campfire_rested":1,"item_purchase_floors":[2,19,19,37],"current_hp_per_floor":[70,70,70,70,70,70,51,51,51,53,53,59,61,63,63,41,70,70,70,70,70,70,70,54,54,54,54,54,41,41,49,49,31,70,70,70,70,70,64,64,66,66,66,70,70,70,53,53,70,63],"gold":44,"neow_bonus":"RANDOM_COMMON_RELIC","is_prod":false,"is_daily":false,"chose_seed":false,"campfire_upgraded":11,"win_rate":0,"timestamp":1539832748,"path_taken":["M","$","?","$","M","R","E","R","T","M","R","M","M","M","R","BOSS","M","$","?","M","$","R","E","R","T","?","R","E","R","M","R","BOSS","M","?","$","?","M","R","M","M","T","M","?","R","M","$","R","BOSS"],"build_version":"2018-10-11","purchased_purges":5,"victory":true,"max_hp_per_floor":[70,70,70,70,70,70,70,70,70,70,70,70,70,70,70,70,70,70,70,70,70,70,70,70,70,70,70,70,70,70,70,70,70,70,70,70,70,70,70,70,70,70,70,70,70,70,70,70,70,70],"card_choices":[{"not_picked":["Backstab","Poisoned Stab"],"picked":"Infinite Blades","floor":1.0},{"not_picked":["Concentrate","Flying Knee"],"picked":"Deadly Poison","floor":5.0},{"not_picked":["Finisher","Deadly Poison"],"picked":"Bullet Time","floor":7.0},{"not_picked":["Cloak And Dagger","Blade Dance"],"picked":"Footwork","floor":10.0},{"not_picked":["Quick Slash","Dagger Throw"],"picked":"Backflip","floor":12.0},{"not_picked":["Tactician","Dagger Spray"],"picked":"Backflip","floor":13.0},{"not_picked":["Expertise","All Out Attack","Flying Knee"],"picked":"SKIP","floor":14.0},{"not_picked":["Wraith Form v2","A Thousand Cuts"],"picked":"Malaise","floor":16.0},{"not_picked":["Dodge and Roll","Deflect","Outmaneuver"],"picked":"SKIP","floor":18.0},{"not_picked":["Distraction","Accuracy+1"],"picked":"Noxious Fumes","floor":21.0},{"not_picked":["Choke","Eviscerate"],"picked":"Escape Plan+1","floor":24.0},{"not_picked":["Acrobatics","Flying Knee","Underhanded Strike"],"picked":"SKIP","floor":29.0},{"not_picked":["Deflect","PiercingWail","Dagger Spray+1"],"picked":"SKIP","floor":31.0},{"not_picked":["Grand Finale","Glass Knife"],"picked":"Tools of the Trade","floor":33},{"not_picked":["All Out Attack+1","Prepared+1","Flechettes"],"picked":"SKIP","floor":35},{"not_picked":["Panache","Blind"],"picked":"Good Instincts","floor":38},{"not_picked":["Havoc+1","Deadly Poison+1"],"picked":"Leap+1","floor":39},{"not_picked":["Poisoned Stab+1","Poisoned Stab"],"picked":"Backflip+1","floor":41},{"not_picked":["Underhanded Strike+1","Die Die Die"],"picked":"Coolheaded","floor":42},{"not_picked":["Forethought+1","Flying Knee"],"picked":"Turbo+1","floor":44},{"not_picked":["Acrobatics+1","Go for the Eyes+1"],"picked":"Chaos+1","floor":45},{"not_picked":["Anger+1","Rampage+1"],"picked":"Cloak And Dagger+1","floor":47}],"player_experience":318994,"relics_obtained":[{"floor":7.0,"key":"Bird Faced Urn"},{"floor":24.0,"key":"Shuriken"},{"floor":29.0,"key":"Ornamental Fan"},{"floor":45,"key":"Torii"}],"event_choices":[{"event_name":"Liars Game","player_choice":"agreed","floor":3.0,"damage_taken":0.0},{"event_name":"Wheel of Change","player_choice":"Curse","floor":20.0,"damage_taken":0.0},{"event_name":"The Woman in Blue","player_choice":"Bought 0 Potions","floor":27.0,"damage_taken":0.0},{"event_name":"Tomb of Lord Red Mask","player_choice":"Ignored","floor":36,"damage_taken":0},{"event_name":"SensoryStone","player_choice":"Memory 1","floor":38,"damage_taken":0},{"event_name":"MindBloom","player_choice":"Fight","floor":45,"damage_taken":0}],"is_beta":false,"boss_relics":[{"not_picked":["Astrolabe","Pandora\u0027s Box"],"picked":"Cursed Key"},{"not_picked":["Fusion Hammer","Lizard Tail"],"picked":"Sozu"}],"items_purged_floors":[4,19,22,37,48],"is_endless":false,"potions_floor_spawned":[1,7,12,16,18,31,35,41,42,47],"ascension_level":0}