{"gold_per_floor":[109,109,128,278,298,298,318,318,392,410,430,16,60,60,60,151,151,166,16,16,41,41,41,41,1,1,1,15,39,52,68,68,157,157,171,171,191,191,191,234,6,6,6,30,55,55,55,90,90,90,90,90,33,72,72],"floor_reached":56,"playtime":2267,"items_purged":["Doubt"],"score":2369,"play_id":"41c55d23-5ad5-4ae5-9e01-e90e97b03099","local_time":"20190329194130","is_ascension_mode":true,"campfire_choices":[{"data":"Darkness","floor":6,"key":"SMITH"},{"data":"Dualcast","floor":8,"key":"SMITH"},{"floor":15,"key":"REST"},{"data":"Consume","floor":23,"key":"SMITH"},{"data":"Coolheaded","floor":27,"key":"SMITH"},{"floor":32,"key":"REST"},{"floor":47,"key":"RECALL"},{"data":"Heatsinks","floor":49,"key":"SMITH"},{"floor":52,"key":"REST"}],"neow_cost":"PERCENT_DAMAGE","seed_source_timestamp":0,"circlet_count":0,"master_deck":["AscendersBane","Defend_B+1","Defend_B+1","Zap+1","Dualcast+1","Cold Snap+1","Darkness+1","Redo+1","Conserve Battery+1","Coolheaded+1","Reinforced Body+1","Multi-Cast+1","Biased Cognition+1","Turbo+1","Skim+1","Loop+1","Consume+1","White Noise+1","Amplify+1","Coolheaded+1","Coolheaded+1","Conserve Battery+1","BootSequence+1","Chaos+1","Creative AI+1","Hologram+1","Undo+1","Stack+1","Recycle+1","Heatsinks+1","Turbo+1","Blizzard+1","Reboot+1"],"relics":["Cracked Core","Golden Idol","The Courier","DataDisk","Runic Capacitor","PreservedInsect","Busted Crown","Toxic Egg 2","Inserter","Mark of the Bloom","Molten Egg 2","Darkstone Periapt","Strawberry","Happy Flower","Turnip"],"potions_floor_usage":[11,18,55,55],"damage_taken":[{"damage":2,"enemies":"2 Louse","floor":1,"turns":2},{"damage":4,"enemies":"Small Slimes","floor":3,"turns":4},{"damage":2,"enemies":"Jaw Worm","floor":5,"turns":4},{"damage":7,"enemies":"Large Slime","floor":7,"turns":4},{"damage":1,"enemies":"Blue Slaver","floor":10,"turns":4},{"damage":6,"enemies":"Looter","floor":11,"turns":3},{"damage":13,"enemies":"Lagavulin","floor":13,"turns":7},{"damage":0,"enemies":"Hexaghost","floor":16,"turns":9},{"damage":12,"enemies":"2 Thieves","floor":18,"turns":4},{"damage":2,"enemies":"Spheric Guardian","floor":21,"turns":4},{"damage":26,"enemies":"Shelled Parasite and Fungi","floor":28,"turns":3},{"damage":0,"enemies":"3 Cultists","floor":29,"turns":6},{"damage":2,"enemies":"Centurion and Healer","floor":30,"turns":9},{"damage":0,"enemies":"Chosen and Byrds","floor":31,"turns":7},{"damage":0,"enemies":"Champ","floor":33,"turns":6},{"damage":5,"enemies":"3 Shapes","floor":35,"turns":6},{"damage":0,"enemies":"Orb Walker","floor":37,"turns":5},{"damage":0,"enemies":"Nemesis","floor":40,"turns":9},{"damage":0,"enemies":"Sphere and 2 Shapes","floor":44,"turns":5},{"damage":0,"enemies":"3 Darklings","floor":45,"turns":4},{"damage":0,"enemies":"Giant Head","floor":48,"turns":7},{"damage":0,"enemies":"Time Eater","floor":50,"turns":9},{"damage":17,"enemies":"Shield and Spear","floor":54,"turns":5},{"damage":0,"enemies":"The Heart","floor":55,"turns":9}],"seed_played":"-1739675631248811768","potions_obtained":[{"floor":7,"key":"FairyPotion"},{"floor":11,"key":"Fruit Juice"},{"floor":16,"key":"Swift Potion"},{"floor":29,"key":"Dexterity Potion"},{"floor":37,"key":"Weak Potion"}],"is_trial":false,"path_per_floor":["M","?","M","?","M","R","M","R","T","M","M","$","E","?","R","B",null,"M","$","?","M","?","R","?","$","T","R","M","M","M","M","R","B",null,"M","?","M","?","T","E","$","?","T","M","M","T","R","E","R","B",null,"R","$","E","B",null],"character_chosen":"DEFECT","items_purchased":["Coolheaded","DataDisk","Runic Capacitor","Reinforced Body","Turbo","Skim","Loop","Coolheaded","Recycle+1","Heatsinks","Turbo+1","Blizzard+1","PowerPotion","Ancient Potion"],"campfire_rested":3,"item_purchase_floors":[12,12,12,12,19,19,19,25,41,41,41,41,41,53],"current_hp_per_floor":[44,44,40,40,38,38,31,31,31,30,29,29,16,9,29,29,59,47,47,47,45,45,45,45,45,45,45,19,19,17,17,37,37,61,56,56,56,56,56,56,56,56,56,56,56,56,56,56,56,56,56,56,56,39,39],"gold":72,"neow_bonus":"REMOVE_TWO","is_prod":false,"is_daily":false,"chose_seed":true,"campfire_upgraded":5,"win_rate":0,"timestamp":1553859690,"path_taken":["M","?","M","?","M","R","M","R","T","M","M","$","E","?","R","BOSS","M","$","?","M","?","R","?","$","T","R","M","M","M","M","R","BOSS","M","?","M","?","?","E","$","?","T","M","M","?","R","E","R","BOSS","R","$","E","BOSS"],"build_version":"2019-01-23","purchased_purges":1,"victory":true,"max_hp_per_floor":[71,64,64,64,64,64,64,64,64,64,69,69,69,69,69,69,69,69,69,69,69,69,69,69,69,69,69,69,69,69,69,69,69,69,69,69,69,69,69,69,69,69,69,69,69,76,76,76,76,76,76,76,76,76,76],"card_choices":[{"not_picked":["Go for the Eyes","Leap"],"picked":"Cold Snap","floor":1},{"not_picked":["Creative AI","Barrage"],"picked":"Darkness","floor":3},{"not_picked":["Gash","Go for the Eyes"],"picked":"Redo","floor":5},{"not_picked":["Redo","Steam"],"picked":"Conserve Battery","floor":7},{"not_picked":["Conserve Battery","Gash","Leap"],"picked":"SKIP","floor":10},{"not_picked":["Barrage","Lockon","Force Field"],"picked":"SKIP","floor":11},{"not_picked":["Loop","Steam"],"picked":"Multi-Cast","floor":13},{"not_picked":["Hyperbeam","Buffer"],"picked":"Biased Cognition","floor":16},{"not_picked":["Leap"],"picked":"SKIP","floor":18},{"not_picked":["Conserve Battery"],"picked":"SKIP","floor":21},{"not_picked":[],"picked":"Coolheaded+1","floor":28},{"not_picked":[],"picked":"Conserve Battery+1","floor":29},{"not_picked":[],"picked":"BootSequence+1","floor":30},{"not_picked":[],"picked":"Chaos+1","floor":31},{"not_picked":[],"picked":"Creative AI","floor":33},{"not_picked":[],"picked":"Hologram+1","floor":35},{"not_picked":[],"picked":"Undo+1","floor":37},{"not_picked":[],"picked":"Stack+1","floor":40},{"not_picked":["Stack+1"],"picked":"SKIP","floor":44},{"not_picked":["Stack+1"],"picked":"SKIP","floor":45},{"not_picked":["Lockon+1"],"picked":"SKIP","floor":48},{"not_picked":[],"picked":"Reboot+1","floor":54}],"player_experience":1292270,"relics_obtained":[{"floor":9,"key":"The Courier"},{"floor":13,"key":"PreservedInsect"},{"floor":26,"key":"Toxic Egg 2"},{"floor":40,"key":"Molten Egg 2"},{"floor":43,"key":"Darkstone Periapt"},{"floor":46,"key":"Strawberry"},{"floor":48,"key":"Happy Flower"},{"floor":54,"key":"Turnip"}],"event_choices":[{"damage_healed":0,"gold_gain":0,"player_choice":"Lose Max HP","damage_taken":0,"relics_obtained":["Golden Idol"],"max_hp_gain":0,"max_hp_loss":7,"event_name":"Golden Idol","floor":2,"gold_loss":0},{"damage_healed":0,"gold_gain":150,"player_choice":"AGREE","damage_taken":0,"max_hp_gain":0,"max_hp_loss":0,"event_name":"Liars Game","floor":4,"gold_loss":0,"cards_obtained":["Doubt"]},{"cards_removed":["Strike_B"],"damage_healed":0,"gold_gain":0,"player_choice":"Card Removal","damage_taken":7,"max_hp_gain":0,"max_hp_loss":0,"event_name":"Golden Wing","floor":14,"gold_loss":0},{"damage_healed":0,"gold_gain":0,"player_choice":"Read","damage_taken":0,"max_hp_gain":0,"max_hp_loss":0,"event_name":"The Library","floor":22,"gold_loss":0,"cards_obtained":["Consume"]},{"damage_healed":0,"gold_gain":0,"cards_transformed":["Strike_B","Defend_B"],"player_choice":"Became Test Subject","damage_taken":0,"max_hp_gain":0,"max_hp_loss":0,"event_name":"Drug Dealer","floor":24,"gold_loss":0,"cards_obtained":["White Noise","Amplify"]},{"damage_healed":0,"gold_gain":0,"player_choice":"Upgrade","damage_taken":0,"relics_obtained":["Mark of the Bloom"],"max_hp_gain":0,"max_hp_loss":0,"event_name":"MindBloom","floor":36,"gold_loss":0,"cards_upgraded":["Defend_B","Defend_B","Defend_B","Zap","Cold Snap","Redo","Conserve Battery","Coolheaded","Reinforced Body","Multi-Cast","Biased Cognition","Turbo","Skim","Loop","White Noise","Amplify","Creative AI"]},{"damage_healed":0,"gold_gain":0,"player_choice":"Ignored","damage_taken":0,"max_hp_gain":0,"max_hp_loss":0,"event_name":"Tomb of Lord Red Mask","floor":38,"gold_loss":0},{"cards_removed":["Defend_B"],"damage_healed":0,"gold_gain":0,"player_choice":"Removed Skill","damage_taken":0,"max_hp_gain":0,"max_hp_loss":0,"event_name":"Falling","floor":42,"gold_loss":0}],"is_beta":false,"boss_relics":[{"not_picked":["Ectoplasm","Lizard Tail"],"picked":"Busted Crown"},{"not_picked":["Black Star","Velvet Choker"],"picked":"Inserter"}],"items_purged_floors":[12],"is_endless":false,"potions_floor_spawned":[7,11,16,29,31,37,40,44,45,54],"ascension_level":15}