{"path_per_floor":["M","?","?","M","M","R","?","E","T","?","R","M","R","M","R"],"character_chosen":"THE_SILENT","items_purchased":[],"gold_per_floor":[109,79,79,95,105,105,105,136,160,160,160,175,175,188,188,188],"floor_reached":16,"campfire_rested":0,"playtime":502,"item_purchase_floors":[],"current_hp_per_floor":[31,36,41,40,39,39,39,37,37,37,37,37,37,30,30,1],"items_purged":[],"gold":188,"score":165,"play_id":"333084e3-3754-4239-bef0-4c48babddc9e","local_time":"20180614211143","is_prod":false,"is_daily":false,"chose_seed":false,"is_ascension_mode":true,"campfire_upgraded":4,"win_rate":0,"timestamp":1528981903,"campfire_choices":[{"data":"Neutralize","floor":6,"key":"SMITH"},{"data":"Deadly Poison","floor":11,"key":"SMITH"},{"data":"Well Laid Plans","floor":13,"key":"SMITH"},{"data":"Backflip","floor":15,"key":"SMITH"}],"path_taken":["M","?","?","M","?","R","?","E","T","?","R","M","R","M","R","BOSS"],"build_version":"2018-06-13v3","seed_source_timestamp":32204107503028,"purchased_purges":0,"victory":false,"master_deck":["Defend_G","Defend_G","Defend_G","Defend_G","Defend_G","Strike_G","Strike_G","Strike_G","Strike_G","Survivor","Neutralize+1","AscendersBane","Backflip+1","Deadly Poison+1","Well Laid Plans+1","Injury","Skewer","Poisoned Stab"],"max_hp_per_floor":[70,75,80,80,80,80,80,80,80,80,80,80,80,80,80,80],"relics":["Ring of the Snake","Torii","Golden Idol","Bronze Scales","Pen Nib"],"card_choices":[{"not_picked":["Prepared","Crippling Poison"],"picked":"Backflip","floor":1},{"not_picked":["Bane","Outmaneuver"],"picked":"Deadly Poison","floor":4},{"not_picked":["Flying Knee","Riddle With Holes"],"picked":"Well Laid Plans","floor":5},{"not_picked":["Quick Slash","Doppelganger","Backflip"],"picked":"SKIP","floor":8},{"not_picked":["Dagger Spray","Flechettes","Outmaneuver"],"picked":"SKIP","floor":12},{"not_picked":["Flying Knee","Dagger Throw"],"picked":"Poisoned Stab","floor":14}],"player_experience":601043,"potions_floor_usage":[2,8,16],"damage_taken":[{"damage":1,"enemies":"2 Louse","floor":1,"turns":5},{"damage":1,"enemies":"Cultist","floor":4,"turns":4},{"damage":1,"enemies":"Jaw Worm","floor":5,"turns":5},{"damage":2,"enemies":"Lagavulin","floor":8,"turns":10},{"damage":0,"enemies":"Large Slime","floor":12,"turns":6},{"damage":7,"enemies":"Exordium Thugs","floor":14,"turns":3},{"damage":42,"enemies":"Slime Boss","floor":16,"turns":7}],"relics_obtained":[{"floor":8,"key":"Bronze Scales"},{"floor":9,"key":"Pen Nib"}],"event_choices":[{"event_name":"The Woman in Blue","player_choice":"Bought 2 Potions","floor":2,"damage_taken":0},{"event_name":"Big Fish","player_choice":"Donut","floor":3,"damage_taken":0},{"event_name":"Golden Idol","player_choice":"Take Wound","floor":7,"damage_taken":0},{"event_name":"Transmorgrifier","player_choice":"Transform","floor":10,"damage_taken":0}],"boss_relics":[],"items_purged_floors":[],"potions_floor_spawned":[4,8],"seed_played":"499637010898797023","killed_by":"Slime Boss","ascension_level":13,"potions_obtained":[{"floor":2,"key":"FairyPotion"},{"floor":2,"key":"Fruit Juice"},{"floor":4,"key":"Dexterity Potion"},{"floor":8,"key":"SteroidPotion"}],"is_trial":false}