{"gold_per_floor":[113,128,41,0,100,100,113,128,128,128,157,157,171,171,171,246,246,260,185,185,195,14,14,49,64,64,139,157,170,170,185,185,263,263,273,273,285,299,313,343,343,354,380,397,422,91,117,12,12,12,12,12,12,12,43,43],"floor_reached":56,"playtime":8710,"items_purged":["Strike_G","Defend_G"],"score":2433,"play_id":"88049344-e8a6-4a34-8f3b-c0d0b3289d85","local_time":"20190212133134","is_ascension_mode":true,"campfire_choices":[{"data":"Noxious Fumes","floor":6.0,"key":"SMITH"},{"data":"Bouncing Flask","floor":10.0,"key":"SMITH"},{"data":"Well Laid Plans","floor":12.0,"key":"SMITH"},{"data":"Neutralize","floor":15.0,"key":"SMITH"},{"data":"Expertise","floor":23.0,"key":"SMITH"},{"data":"Acrobatics","floor":30.0,"key":"SMITH"},{"data":"Noxious Fumes","floor":32.0,"key":"SMITH"},{"data":"Acrobatics","floor":41.0,"key":"SMITH"},{"floor":49.0,"key":"RECALL"},{"data":"Impatience","floor":53.0,"key":"SMITH"}],"neow_cost":"NONE","seed_source_timestamp":4032693827223,"circlet_count":0,"master_deck":["AscendersBane","Defend_G","Defend_G","Defend_G","Defend_G","Survivor","Neutralize+1","Escape Plan","Noxious Fumes+1","Well Laid Plans+1","Expertise+1","Bouncing Flask+1","Noxious Fumes+1","Impatience+1","Bouncing Flask+1","Acrobatics+1","Concentrate","Acrobatics+1","Well Laid Plans","Concentrate","Concentrate","Acrobatics","Acrobatics"],"special_seed":0,"relics":["Coffee Dripper","Bottled Lightning","Mummified Hand","Lizard Tail","Girya","FossilizedHelix","Meat on the Bone","Empty Cage","Shovel","Happy Flower","Membership Card","Snake Skull","Medical Kit","Bag of Preparation"],"potions_floor_usage":[],"damage_taken":[{"damage":6.0,"enemies":"Cultist","floor":1.0,"turns":6.0},{"damage":9.0,"enemies":"Small Slimes","floor":2.0,"turns":4.0},{"damage":8.0,"enemies":"2 Louse","floor":7.0,"turns":3.0},{"damage":0.0,"enemies":"Looter","floor":8.0,"turns":4.0},{"damage":31.0,"enemies":"Gremlin Nob","floor":11.0,"turns":4.0},{"damage":7.0,"enemies":"Blue Slaver","floor":13.0,"turns":5.0},{"damage":0.0,"enemies":"Hexaghost","floor":16.0,"turns":8.0},{"damage":34.0,"enemies":"3 Byrds","floor":18.0,"turns":4.0},{"damage":4.0,"enemies":"Shell Parasite","floor":21.0,"turns":5.0},{"damage":4.0,"enemies":"Book of Stabbing","floor":24.0,"turns":6.0},{"damage":2.0,"enemies":"Centurion and Healer","floor":25.0,"turns":6.0},{"damage":6.0,"enemies":"Snake Plant","floor":28.0,"turns":3.0},{"damage":0.0,"enemies":"Snecko","floor":29.0,"turns":4.0},{"damage":12.0,"enemies":"Chosen and Byrds","floor":31.0,"turns":5.0},{"damage":0.0,"enemies":"Champ","floor":33.0,"turns":9.0},{"damage":0.0,"enemies":"3 Darklings","floor":35.0,"turns":5.0},{"damage":0.0,"enemies":"3 Shapes","floor":37.0,"turns":4.0},{"damage":0.0,"enemies":"Spire Growth","floor":38.0,"turns":4.0},{"damage":0.0,"enemies":"Jaw Worm Horde","floor":39.0,"turns":5.0},{"damage":0.0,"enemies":"Giant Head","floor":40.0,"turns":5.0},{"damage":0.0,"enemies":"3 Darklings","floor":42.0,"turns":4.0},{"damage":0.0,"enemies":"Spire Growth","floor":44.0,"turns":5.0},{"damage":27.0,"enemies":"Reptomancer","floor":45.0,"turns":6.0},{"damage":0.0,"enemies":"Donu and Deca","floor":50.0,"turns":4.0},{"damage":31.0,"enemies":"Time Eater","floor":51.0,"turns":9.0},{"damage":0.0,"enemies":"Shield and Spear","floor":55.0,"turns":2.0},{"damage":21,"enemies":"The Heart","floor":56,"turns":2}],"seed_played":"-2041024060417460709","potions_obtained":[{"floor":2.0,"key":"Strength Potion"},{"floor":7.0,"key":"Fruit Juice"},{"floor":13.0,"key":"EssenceOfSteel"},{"floor":16.0,"key":"Dexterity Potion"},{"floor":21.0,"key":"Explosive Potion"},{"floor":25.0,"key":"Swift Potion"},{"floor":35.0,"key":"FearPotion"},{"floor":38.0,"key":"FearPotion"},{"floor":39.0,"key":"Regen Potion"},{"floor":40.0,"key":"SpeedPotion"},{"floor":45.0,"key":"Strength Potion"}],"is_trial":false,"path_per_floor":["M","M","$","$","?","R","M","M","T","R","E","R","M","?","R","B",null,"M","?","?","M","$","R","E","M","T","T","M","M","R","M","R","B",null,"M","?","M","M","M","E","R","M","T","M","E","$","T","$","R","B","B",null,"R","$","E","B"],"character_chosen":"THE_SILENT","items_purchased":["Noxious Fumes","Well Laid Plans","Impatience","Membership Card","Acrobatics","GhostInAJar","Medical Kit"],"campfire_rested":0,"item_purchase_floors":[3,4,22,46,46,46,48],"current_hp_per_floor":[53,44,44,44,44,44,41,41,41,41,10,10,3,3,3,3,54,20,20,20,16,16,16,12,10,10,10,16,28,28,28,28,40,63,63,63,63,63,63,71,71,71,71,71,44,44,44,44,44,44,25,60,60,60,60,39],"gold":43,"neow_bonus":"BOSS_RELIC","is_prod":false,"is_daily":false,"chose_seed":false,"campfire_upgraded":9,"win_rate":0,"timestamp":1549949494,"path_taken":["M","M","?","$","?","R","M","M","T","R","E","R","?","?","R","BOSS","M","?","?","M","$","R","E","M","T","?","?","M","R","M","R","BOSS","M","?","?","?","M","E","R","M","T","?","E","$","?","?","R","BOSS","BOSS","R","$","E","BOSS"],"build_version":"2019-01-23","purchased_purges":2,"victory":false,"max_hp_per_floor":[66,66,66,66,66,66,71,71,71,71,71,71,71,71,71,71,71,71,71,71,71,71,71,71,71,71,71,71,71,71,71,71,71,71,71,71,71,71,71,71,71,71,71,71,71,71,71,71,71,71,71,71,71,71,71,71],"card_choices":[{"not_picked":["PiercingWail","Terror"],"picked":"Escape Plan","floor":1.0},{"not_picked":["Riddle With Holes","Dagger Throw","Prepared"],"picked":"SKIP","floor":2.0},{"not_picked":["Accuracy","Poisoned Stab"],"picked":"Expertise","floor":7.0},{"not_picked":["Eviscerate","Accuracy"],"picked":"Bouncing Flask","floor":8.0},{"not_picked":["Flying Knee","Choke","Slice"],"picked":"SKIP","floor":11.0},{"not_picked":["Poisoned Stab","Caltrops"],"picked":"Noxious Fumes","floor":13.0},{"not_picked":["Flying Knee","Prepared","Dodge and Roll"],"picked":"SKIP","floor":18.0},{"not_picked":["Eviscerate+1","Riddle With Holes","Infinite Blades"],"picked":"SKIP","floor":21.0},{"not_picked":["Slice+1","Quick Slash"],"picked":"Bouncing Flask+1","floor":24.0},{"not_picked":["Deadly Poison","Dagger Throw","Bouncing Flask"],"picked":"SKIP","floor":25.0},{"not_picked":["Quick Slash","Envenom"],"picked":"Acrobatics","floor":28.0},{"not_picked":["Masterful Stab","Acrobatics"],"picked":"Concentrate","floor":29.0},{"not_picked":["Slice","Deflect","Quick Slash"],"picked":"SKIP","floor":31.0},{"not_picked":["Dash","Deadly Poison"],"picked":"Acrobatics","floor":35.0},{"not_picked":["Deadly Poison","Masterful Stab"],"picked":"Well Laid Plans","floor":37.0},{"not_picked":["Poisoned Stab","Bane","Endless Agony"],"picked":"SKIP","floor":38.0},{"not_picked":["Dagger Spray+1","Blade Dance+1"],"picked":"Concentrate","floor":39.0},{"not_picked":["Escape Plan","Venomology"],"picked":"Concentrate","floor":40.0},{"not_picked":["Dash","Eviscerate+1","Heel Hook"],"picked":"SKIP","floor":42.0},{"not_picked":["Outmaneuver+1","Finisher+1"],"picked":"Acrobatics","floor":44.0},{"not_picked":["Sucker Punch","Backstab+1","Prepared+1"],"picked":"SKIP","floor":45.0},{"not_picked":["Blade Dance","Bane","Deflect"],"picked":"SKIP","floor":55.0}],"player_experience":2631291,"relics_obtained":[{"floor":9.0,"key":"Bottled Lightning"},{"floor":11.0,"key":"Mummified Hand"},{"floor":24.0,"key":"Girya"},{"floor":26.0,"key":"FossilizedHelix"},{"floor":27.0,"key":"Meat on the Bone"},{"floor":40.0,"key":"Shovel"},{"floor":45.0,"key":"Happy Flower"},{"floor":47.0,"key":"Snake Skull"},{"floor":55.0,"key":"Bag of Preparation"}],"event_choices":[{"damage_healed":0.0,"max_hp_gain":0.0,"max_hp_loss":0.0,"gold_gain":100.0,"event_name":"Wheel of Change","player_choice":"Gold","floor":5.0,"gold_loss":0.0,"damage_taken":0.0},{"damage_healed":0.0,"max_hp_gain":0.0,"max_hp_loss":0.0,"gold_gain":0.0,"event_name":"Dead Adventurer","player_choice":"Searched \u00270\u0027 times","floor":14.0,"gold_loss":0.0,"damage_taken":0.0},{"cards_removed":["Strike_G"],"damage_healed":0.0,"max_hp_gain":0.0,"max_hp_loss":0.0,"gold_gain":0.0,"event_name":"Beggar","player_choice":"Gave Gold","floor":19.0,"gold_loss":75.0,"damage_taken":0.0},{"damage_healed":0.0,"max_hp_gain":0.0,"max_hp_loss":0.0,"gold_gain":0.0,"cards_transformed":["Strike_G","Strike_G"],"event_name":"Drug Dealer","player_choice":"Became Test Subject","floor":20.0,"gold_loss":0.0,"damage_taken":0.0,"cards_obtained":["Unload","Bane"]},{"cards_removed":["Bane"],"damage_healed":0.0,"max_hp_gain":0.0,"max_hp_loss":0.0,"gold_gain":0.0,"event_name":"Purifier","player_choice":"Purged","floor":36.0,"gold_loss":0.0,"damage_taken":0.0}],"is_beta":false,"boss_relics":[{"not_picked":["Velvet Choker","Ectoplasm"],"picked":"Lizard Tail"},{"not_picked":["Black Star","Eternal Feather"],"picked":"Empty Cage"}],"items_purged_floors":[22,46],"is_endless":false,"potions_floor_spawned":[2,7,13,16,18,21,25,29,35,38,39,40,45],"killed_by":"The Heart","ascension_level":20}