{"gold_per_floor":[113,113,42,52,52,52,17,17,17,49,49,59,59,85,85,159,159,172,200,200,300,138,138,151,151,151,151,151,151,183,108,108,108],"floor_reached":33,"playtime":1133,"items_purged":["Strike_B"],"score":530,"play_id":"1e5a5bac-7fbd-4516-ac41-62192fb2c052","local_time":"20190318232904","is_ascension_mode":true,"campfire_choices":[{"data":"Dualcast","floor":6.0,"key":"SMITH"},{"data":"Zap","floor":8.0,"key":"SMITH"},{"data":"Defragment","floor":11.0,"key":"SMITH"},{"data":"Sunder","floor":13.0,"key":"SMITH"},{"data":"Darkness","floor":15.0,"key":"SMITH"},{"data":"Defragment","floor":23.0,"key":"SMITH"},{"data":"Fission","floor":25.0,"key":"SMITH"},{"data":"Hologram","floor":27.0,"key":"SMITH"},{"data":"Recycle","floor":32.0,"key":"SMITH"}],"neow_cost":"PERCENT_DAMAGE","seed_source_timestamp":44170095822898,"circlet_count":0,"master_deck":["AscendersBane","Defend_B","Defend_B","Defend_B","Zap+1","Dualcast+1","Ball Lightning","Glacier","Defragment+1","Sunder+1","Darkness+1","Core Surge","Recycle+1","Defragment+1","Hologram+1","Self Repair","Fission+1","Meteor Strike"],"special_seed":0,"relics":["Cracked Core","Juzu Bracelet","Blood Vial","Mercury Hourglass","Coffee Dripper","Red Mask","Calipers","Darkstone Periapt","The Courier","Bronze Scales"],"potions_floor_usage":[],"damage_taken":[{"damage":4.0,"enemies":"Small Slimes","floor":1.0,"turns":4.0},{"damage":0.0,"enemies":"Cultist","floor":4.0,"turns":3.0},{"damage":18.0,"enemies":"Gremlin Nob","floor":10.0,"turns":4.0},{"damage":0.0,"enemies":"Jaw Worm","floor":12.0,"turns":3.0},{"damage":7.0,"enemies":"3 Sentries","floor":14.0,"turns":6.0},{"damage":16.0,"enemies":"Hexaghost","floor":16.0,"turns":5.0},{"damage":1.0,"enemies":"Chosen","floor":18.0,"turns":3.0},{"damage":12.0,"enemies":"Masked Bandits","floor":19.0,"turns":3.0},{"damage":3.0,"enemies":"Colosseum Slavers","floor":21.0,"turns":4.0},{"damage":29.0,"enemies":"Colosseum Nobs","floor":21.0,"turns":4.0},{"damage":0.0,"enemies":"2 Thieves","floor":24.0,"turns":4.0},{"damage":9.0,"enemies":"Gremlin Leader","floor":30.0,"turns":7.0},{"damage":37,"enemies":"Collector","floor":33,"turns":8}],"seed_played":"8625190173899367618","potions_obtained":[{"floor":1.0,"key":"EntropicBrew"},{"floor":18.0,"key":"SkillPotion"},{"floor":19.0,"key":"Strength Potion"},{"floor":24.0,"key":"Explosive Potion"}],"is_trial":false,"path_per_floor":["M","?","?","M","?","R","?","R","T","E","R","M","R","E","R","B",null,"M","?","?","?","$","R","M","R","T","R","?","?","E","?","R","B"],"character_chosen":"DEFECT","items_purchased":["Self Repair"],"campfire_rested":0,"item_purchase_floors":[22],"current_hp_per_floor":[42,42,42,42,35,35,52,52,52,34,34,36,36,31,31,17,58,59,49,49,21,21,21,30,30,30,30,30,30,30,30,30,0],"gold":108,"neow_bonus":"REMOVE_TWO","is_prod":false,"is_daily":false,"chose_seed":false,"campfire_upgraded":9,"win_rate":0,"timestamp":1552922944,"path_taken":["M","?","?","M","?","R","?","R","T","E","R","M","R","E","R","BOSS","M","?","?","?","?","R","M","R","T","R","?","?","E","?","R","BOSS"],"build_version":"2019-01-23","purchased_purges":1,"victory":false,"max_hp_per_floor":[71,71,71,71,71,71,71,71,71,71,71,71,71,71,71,71,71,71,71,71,71,71,71,71,71,71,71,71,71,71,71,71,71],"card_choices":[{"not_picked":["Steam Power","Compile Driver"],"picked":"Ball Lightning","floor":1.0},{"not_picked":["Compile Driver","Chaos"],"picked":"Glacier","floor":4.0},{"not_picked":["Reprogram","Steam"],"picked":"Defragment","floor":10.0},{"not_picked":["Ball Lightning","Glacier"],"picked":"Sunder","floor":12.0},{"not_picked":["Reprogram","BootSequence"],"picked":"Darkness","floor":14.0},{"not_picked":["Machine Learning","Buffer"],"picked":"Core Surge","floor":16.0},{"not_picked":["Barrage+1","Stack"],"picked":"Recycle","floor":18.0},{"not_picked":["Conserve Battery","Compile Driver+1"],"picked":"Hologram","floor":21.0},{"not_picked":["Ball Lightning","Leap"],"picked":"Fission","floor":24.0},{"not_picked":["Rip and Tear","Compile Driver+1"],"picked":"Meteor Strike","floor":30.0}],"player_experience":3702256,"relics_obtained":[{"floor":10.0,"key":"Blood Vial"},{"floor":14.0,"key":"Mercury Hourglass"},{"floor":19.0,"key":"Red Mask"},{"floor":21.0,"key":"Calipers"},{"floor":21.0,"key":"Darkstone Periapt"},{"floor":26.0,"key":"The Courier"},{"floor":30.0,"key":"Bronze Scales"}],"event_choices":[{"damage_healed":0.0,"max_hp_gain":0.0,"max_hp_loss":0.0,"gold_gain":0.0,"event_name":"Liars Game","player_choice":"Ignored","floor":2.0,"gold_loss":0.0,"damage_taken":0.0},{"damage_healed":0.0,"max_hp_gain":0.0,"max_hp_loss":0.0,"gold_gain":0.0,"event_name":"WeMeetAgain","player_choice":"Paid Gold","floor":3.0,"gold_loss":71.0,"damage_taken":0.0,"relics_obtained":["Juzu Bracelet"]},{"cards_removed":["Defend_B"],"damage_healed":0.0,"max_hp_gain":0.0,"max_hp_loss":0.0,"gold_gain":0.0,"event_name":"Golden Wing","player_choice":"Card Removal","floor":5.0,"gold_loss":0.0,"damage_taken":7.0},{"damage_healed":17.0,"max_hp_gain":0.0,"max_hp_loss":0.0,"gold_gain":0.0,"event_name":"The Cleric","player_choice":"Healed","floor":7.0,"gold_loss":35.0,"damage_taken":0.0},{"damage_healed":0.0,"max_hp_gain":0.0,"max_hp_loss":0.0,"gold_gain":0.0,"event_name":"Masked Bandits","player_choice":"Fought Bandits","floor":19.0,"gold_loss":0.0,"damage_taken":0.0},{"damage_healed":0.0,"max_hp_gain":0.0,"max_hp_loss":0.0,"gold_gain":0.0,"event_name":"The Library","player_choice":"Read","floor":20.0,"gold_loss":0.0,"damage_taken":0.0,"cards_obtained":["Defragment"]},{"damage_healed":0.0,"max_hp_gain":0.0,"max_hp_loss":0.0,"gold_gain":0.0,"event_name":"Colosseum","player_choice":"Fight","floor":21.0,"gold_loss":0.0,"damage_taken":0.0},{"damage_healed":0.0,"max_hp_gain":0.0,"max_hp_loss":0.0,"gold_gain":0.0,"event_name":"Colosseum","player_choice":"Fought Nobs","floor":21.0,"gold_loss":0.0,"damage_taken":0.0},{"damage_healed":0.0,"max_hp_gain":0.0,"max_hp_loss":0.0,"gold_gain":0.0,"event_name":"Vampires","player_choice":"Ignored","floor":28.0,"gold_loss":0.0,"damage_taken":0.0},{"damage_healed":0.0,"max_hp_gain":0.0,"max_hp_loss":0.0,"gold_gain":0.0,"event_name":"The Mausoleum","player_choice":"Ignored","floor":29.0,"gold_loss":0.0,"damage_taken":0.0},{"cards_removed":["Strike_B"],"damage_healed":0.0,"max_hp_gain":0.0,"max_hp_loss":0.0,"gold_gain":0.0,"event_name":"Beggar","player_choice":"Gave Gold","floor":31.0,"gold_loss":75.0,"damage_taken":0.0}],"is_beta":false,"boss_relics":[{"not_picked":["Black Star","Cursed Key"],"picked":"Coffee Dripper"}],"items_purged_floors":[22],"is_endless":false,"potions_floor_spawned":[1,12,18,19,21,24],"killed_by":"Collector","ascension_level":20}