{"gold_per_floor":[110,60,60,60,60,60,71,71,71,71,100,100,119,130,130,232,232,250,267,267,283,283],"floor_reached":22,"playtime":506,"items_purged":[],"score":276,"play_id":"2622f71b-341e-45b7-9159-002cc0913f3e","local_time":"20181010095401","is_ascension_mode":true,"campfire_choices":[{"data":"Bash","floor":6,"key":"SMITH"},{"data":"Flex","floor":8,"key":"SMITH"},{"data":"Strike_R","floor":10,"key":"SMITH"},{"data":"Dropkick","floor":15,"key":"SMITH"}],"neow_cost":"NONE","seed_source_timestamp":5711888416317,"circlet_count":0,"master_deck":["Strike_R+1","Strike_R","Strike_R","Defend_R+1","Defend_R+1","Bash+1","AscendersBane","Flex+1","Dropkick+1","Double Tap","Limit Break","True Grit+1"],"relics":["Burning Blood","Blood Vial","War Paint","Empty Cage"],"potions_floor_usage":[16,18,21,21,21],"damage_taken":[{"damage":3,"enemies":"2 Louse","floor":1,"turns":3},{"damage":7,"enemies":"Jaw Worm","floor":7,"turns":3},{"damage":40,"enemies":"Gremlin Nob","floor":11,"turns":4},{"damage":0,"enemies":"Cultist","floor":13,"turns":3},{"damage":5,"enemies":"Blue Slaver","floor":14,"turns":3},{"damage":33,"enemies":"The Guardian","floor":16,"turns":7},{"damage":32,"enemies":"2 Thieves","floor":18,"turns":4},{"damage":4,"enemies":"Chosen","floor":19,"turns":3},{"damage":31,"enemies":"Snecko","floor":21,"turns":8},{"damage":12,"enemies":"3 Cultists","floor":22,"turns":2}],"seed_played":"-1666835806209892861","potions_obtained":[{"floor":1,"key":"SpeedPotion"},{"floor":13,"key":"PowerPotion"},{"floor":14,"key":"GamblersBrew"},{"floor":16,"key":"EssenceOfSteel"},{"floor":18,"key":"Weak Potion"}],"is_trial":false,"path_per_floor":["M","?","$","?","$","R","M","R","T","R","E","?","M","M","R","B",null,"M","M","?","M"],"character_chosen":"IRONCLAD","items_purchased":[],"campfire_rested":0,"item_purchase_floors":[],"current_hp_per_floor":[75,75,75,75,75,75,74,74,74,74,42,35,43,46,46,21,65,41,45,30,7,0],"gold":283,"neow_bonus":"THREE_CARDS","is_prod":false,"is_daily":false,"chose_seed":false,"campfire_upgraded":4,"win_rate":0,"timestamp":1539136441,"path_taken":["M","?","$","?","$","R","M","R","T","R","E","?","?","?","R","BOSS","M","M","?","M","M"],"build_version":"2018-10-04v2","purchased_purges":0,"victory":false,"max_hp_per_floor":[80,80,80,80,80,80,80,80,80,80,80,80,80,80,80,80,80,80,80,85,85,85],"card_choices":[{"not_picked":["Second Wind","Sever Soul","Headbutt"],"picked":"SKIP","floor":1},{"not_picked":["Sword Boomerang","Evolve"],"picked":"Flex","floor":7},{"not_picked":["Twin Strike","Havoc","Body Slam"],"picked":"SKIP","floor":11},{"not_picked":["Anger","Havoc","Bloodletting"],"picked":"SKIP","floor":13},{"not_picked":["Armaments","Headbutt"],"picked":"Dropkick","floor":14},{"not_picked":["Juggernaut","Barricade"],"picked":"Double Tap","floor":16},{"not_picked":["Anger","Pommel Strike+1","Power Through"],"picked":"SKIP","floor":18},{"not_picked":["Pommel Strike","Thunderclap"],"picked":"Limit Break","floor":19},{"not_picked":["Combust","Thunderclap+1"],"picked":"True Grit+1","floor":21}],"player_experience":72858,"relics_obtained":[{"floor":9,"key":"Blood Vial"},{"floor":11,"key":"War Paint"}],"event_choices":[{"event_name":"The Cleric","player_choice":"Card Removal","floor":2,"damage_taken":0},{"event_name":"The Woman in Blue","player_choice":"Bought 0 Potions","floor":4,"damage_taken":0},{"event_name":"Golden Wing","player_choice":"Card Removal","floor":12,"damage_taken":0},{"event_name":"Forgotten Altar","player_choice":"Shed Blood","floor":20,"damage_taken":0}],"is_beta":false,"boss_relics":[{"not_picked":["Velvet Choker","Fusion Hammer"],"picked":"Empty Cage"}],"items_purged_floors":[],"is_endless":false,"potions_floor_spawned":[1,13,14,16,18],"killed_by":"3 Cultists","ascension_level":10}