{"gold_per_floor":[115,128,14,24,44,44,79,79,131,147,147,147,47,60,60,60],"floor_reached":16,"playtime":834,"items_purged":["Strike_R","Defend_R"],"score":204,"play_id":"1f7b0d36-584d-4ec0-a10a-bf4c1d4b2dbb","local_time":"20181115162946","is_ascension_mode":true,"campfire_choices":[{"data":"Flame Barrier","floor":6,"key":"SMITH"},{"data":"Feel No Pain","floor":8,"key":"SMITH"},{"data":"Exhume","floor":12,"key":"SMITH"},{"data":"Bash","floor":15,"key":"SMITH"}],"neow_cost":"NONE","seed_source_timestamp":1315720859284146,"circlet_count":0,"master_deck":["AscendersBane","Strike_R","Strike_R","Strike_R","Strike_R","Defend_R","Defend_R","Defend_R","Bash+1","Exhume+1","Flame Barrier+1","Metallicize+1","Feel No Pain+1","Headbutt"],"relics":["Burning Blood","Bottled Lightning","Ancient Tea Set"],"potions_floor_usage":[7,10,10],"damage_taken":[{"damage":2,"enemies":"Cultist","floor":1,"turns":4},{"damage":19,"enemies":"Jaw Worm","floor":2,"turns":4},{"damage":11,"enemies":"2 Louse","floor":4,"turns":3},{"damage":12,"enemies":"Looter","floor":5,"turns":5},{"damage":15,"enemies":"3 Sentries","floor":7,"turns":36},{"damage":26,"enemies":"Exordium Thugs","floor":10,"turns":5},{"damage":3,"enemies":"2 Fungi Beasts","floor":14,"turns":5},{"damage":23,"enemies":"The Guardian","floor":16,"turns":11}],"seed_played":"-8565590923053173748","potions_obtained":[{"floor":2,"key":"Poison Potion"},{"floor":5,"key":"Energy Potion"},{"floor":7,"key":"AttackPotion"}],"is_trial":false,"path_per_floor":["M","M","$","M","M","R","E","R","T","M","?","R","$","M","R","B"],"character_chosen":"IRONCLAD","items_purchased":["Metallicize"],"campfire_rested":0,"item_purchase_floors":[3],"current_hp_per_floor":[72,59,59,54,48,48,39,39,39,19,19,19,19,22,22,0],"gold":60,"neow_bonus":"ONE_RANDOM_RARE_CARD","is_prod":false,"is_daily":false,"chose_seed":false,"campfire_upgraded":4,"win_rate":0,"timestamp":1542270586,"path_taken":["M","?","$","M","M","R","E","R","T","M","?","R","$","M","R","BOSS"],"build_version":"2018-11-13","purchased_purges":2,"victory":false,"max_hp_per_floor":[75,75,75,75,75,75,75,75,75,75,75,75,75,75,75,75],"card_choices":[{"not_picked":["Warcry","Rupture","Clash"],"picked":"SKIP","floor":1},{"not_picked":["Shrug It Off","Evolve"],"picked":"Flame Barrier","floor":2},{"not_picked":["Hemokinesis","Warcry","Sword Boomerang"],"picked":"SKIP","floor":4},{"not_picked":["Hemokinesis","Twin Strike"],"picked":"Feel No Pain","floor":5},{"not_picked":["Sentinel","Warcry","Twin Strike"],"picked":"SKIP","floor":7},{"not_picked":["Spot Weakness","Combust","Metallicize"],"picked":"SKIP","floor":10},{"not_picked":["Anger","Wild Strike"],"picked":"Headbutt","floor":14}],"player_experience":486377,"relics_obtained":[{"floor":7,"key":"Bottled Lightning"},{"floor":9,"key":"Ancient Tea Set"}],"event_choices":[{"damage_healed":0,"gold_gain":0,"player_choice":"Upgraded","damage_taken":0,"max_hp_gain":0,"max_hp_loss":0,"event_name":"Upgrade Shrine","floor":11,"gold_loss":0,"cards_upgraded":["Metallicize"]}],"is_beta":true,"boss_relics":[],"items_purged_floors":[3,13],"is_endless":false,"potions_floor_spawned":[2,5,7],"killed_by":"The Guardian","ascension_level":20}