{"gold_per_floor":[113,29,47,47,47,47,77,2,27,27,39,54,88,104,104,181,181,195,172,172,172,183,183],"floor_reached":23,"playtime":859,"items_purged":["Strike_G"],"score":502,"play_id":"c9fd7dfd-9233-4e5b-9d3c-28b7c385ae76","local_time":"20181118002121","is_ascension_mode":true,"campfire_choices":[{"data":"Blade Dance","floor":6,"key":"SMITH"},{"data":"Footwork","floor":15,"key":"SMITH"}],"neow_cost":"TEN_PERCENT_HP_LOSS","seed_source_timestamp":1516791085451598,"circlet_count":0,"master_deck":["AscendersBane","Defend_G","Defend_G","Defend_G","Defend_G","Defend_G","Strike_G","Strike_G","Strike_G","Survivor","Neutralize","Bouncing Flask","Footwork+1","Blade Dance+1","Malaise","Escape Plan","After Image","Endless Agony","Backstab","Crippling Poison"],"relics":["Ring of the Snake","Dead Branch","Bottled Lightning","Vajra","Art of War","Centennial Puzzle","Coffee Dripper"],"potions_floor_usage":[16],"damage_taken":[{"damage":0,"enemies":"Cultist","floor":1,"turns":4},{"damage":0,"enemies":"Small Slimes","floor":3,"turns":3},{"damage":17,"enemies":"Gremlin Nob","floor":7,"turns":4},{"damage":0,"enemies":"2 Louse","floor":11,"turns":2},{"damage":4,"enemies":"Red Slaver","floor":12,"turns":3},{"damage":6,"enemies":"Lagavulin","floor":13,"turns":5},{"damage":3,"enemies":"Looter","floor":14,"turns":4},{"damage":0,"enemies":"Hexaghost","floor":16,"turns":10},{"damage":14,"enemies":"Spheric Guardian","floor":18,"turns":4},{"damage":10,"enemies":"2 Thieves","floor":19,"turns":4},{"damage":4,"enemies":"Chosen and Byrds","floor":22,"turns":7},{"damage":0,"enemies":"Book of Stabbing","floor":23,"turns":1}],"seed_played":"6996884181762994521","potions_obtained":[{"floor":1,"key":"Fire Potion"},{"floor":13,"key":"Fire Potion"},{"floor":18,"key":"LiquidBronze"}],"is_trial":false,"path_per_floor":["M","$","M","T","?","R","E","$","T","?","M","M","E","M","R","B",null,"M","M","?","?","M","E"],"character_chosen":"THE_SILENT","items_purchased":["Footwork"],"campfire_rested":0,"item_purchase_floors":[2],"current_hp_per_floor":[59,59,59,59,59,59,42,42,42,60,60,56,50,47,47,47,57,43,33,17,17,13,13],"gold":183,"neow_bonus":"ONE_RARE_RELIC","is_prod":false,"is_daily":false,"chose_seed":false,"campfire_upgraded":2,"win_rate":0,"timestamp":1542471681,"path_taken":["M","$","M","?","?","R","E","$","T","?","?","M","E","M","R","BOSS","M","M","?","?","M","E"],"build_version":"2018-11-15","purchased_purges":1,"victory":false,"max_hp_per_floor":[60,60,60,60,60,60,60,60,60,60,60,60,60,60,60,60,60,60,60,65,65,65,65],"card_choices":[{"not_picked":["Infinite Blades","Escape Plan"],"picked":"Bouncing Flask","floor":1},{"not_picked":["Dodge and Roll","Underhanded Strike"],"picked":"Blade Dance","floor":3},{"not_picked":["Bane","Expertise","Sucker Punch"],"picked":"SKIP","floor":7},{"not_picked":["Deadly Poison","Flechettes"],"picked":"Malaise","floor":11},{"not_picked":["Bouncing Flask","Underhanded Strike"],"picked":"Escape Plan","floor":12},{"not_picked":["Flying Knee","Dash","Calculated Gamble"],"picked":"SKIP","floor":13},{"not_picked":["Finisher","Bouncing Flask","Skewer"],"picked":"SKIP","floor":14},{"not_picked":["Phantasmal Killer","Wraith Form v2"],"picked":"After Image","floor":16},{"not_picked":["Blade Dance","Slice"],"picked":"Endless Agony","floor":18},{"not_picked":["Sucker Punch","Prepared"],"picked":"Backstab","floor":19},{"not_picked":["Blade Dance","Deflect"],"picked":"Crippling Poison","floor":22}],"player_experience":521420,"relics_obtained":[{"floor":4,"key":"Bottled Lightning"},{"floor":7,"key":"Vajra"},{"floor":9,"key":"Art of War"},{"floor":13,"key":"Centennial Puzzle"}],"event_choices":[{"damage_healed":0,"gold_gain":0,"player_choice":"Leave","damage_taken":0,"max_hp_gain":0,"max_hp_loss":0,"event_name":"The Cleric","floor":5,"gold_loss":0},{"damage_healed":18,"gold_gain":0,"player_choice":"Full Heal","damage_taken":0,"max_hp_gain":0,"max_hp_loss":0,"event_name":"Wheel of Change","floor":10,"gold_loss":0},{"damage_healed":0,"gold_gain":0,"player_choice":"Shed Blood","damage_taken":21,"max_hp_gain":5,"max_hp_loss":0,"event_name":"Forgotten Altar","floor":20,"gold_loss":0},{"cards_removed":["Strike_G"],"damage_healed":0,"gold_gain":0,"player_choice":"Elegance","damage_taken":0,"max_hp_gain":0,"max_hp_loss":0,"event_name":"Back to Basics","floor":21,"gold_loss":0}],"is_beta":true,"boss_relics":[{"not_picked":["Empty Cage","Velvet Choker"],"picked":"Coffee Dripper"}],"items_purged_floors":[8],"is_endless":false,"potions_floor_spawned":[1,13,18,22],"killed_by":"Book of Stabbing","ascension_level":20}