{"gold_per_floor":[113,113,4,23,39,39,39,39,39,55,330,344,379,35,35,138,138,149,166,185,29,42,42,55,55,55,72,72,90,109,109,109,214,214,230,246,121,134,153,153,171,187,212,244,256,118,118,28,28,28],"floor_reached":51,"playtime":2007,"items_purged":["Strike_B","Strike_B","Strike_B","Defend_B"],"score":680,"play_id":"adba12a6-184c-4d6f-83e5-29612f2101cb","local_time":"20190614000303","is_ascension_mode":false,"campfire_choices":[{"data":"Darkness","floor":6.0,"key":"SMITH"},{"data":"Loop","floor":8.0,"key":"SMITH"},{"data":"Lockon","floor":15.0,"key":"SMITH"},{"data":"Redo","floor":23.0,"key":"SMITH"},{"data":"Dualcast","floor":25.0,"key":"SMITH"},{"data":"Coolheaded","floor":28.0,"key":"SMITH"},{"data":"Reboot","floor":32.0,"key":"SMITH"},{"data":"Multi-Cast","floor":40,"key":"SMITH"},{"data":"Seek","floor":45,"key":"SMITH"},{"floor":49,"key":"RECALL"}],"neow_cost":"NONE","seed_source_timestamp":43546080885140,"circlet_count":0,"master_deck":["Defend_B+1","Defend_B+1","Zap+1","Dualcast+1","Coolheaded+1","Loop+1","Sunder+1","Darkness+1","Ball Lightning+1","Regret","Lockon+1","Redo+1","Reboot+1","Undo+1","Self Repair+1","Seek+1","Loop+1","Multi-Cast+1","Undo+1"],"special_seed":0,"relics":["Cracked Core","Darkstone Periapt","Blue Candle","Prayer Wheel","Chemical X","Coffee Dripper","DataDisk","Boot","Velvet Choker","MawBank","Mark of the Bloom"],"potions_floor_usage":[50,50],"damage_taken":[{"damage":1.0,"enemies":"Cultist","floor":1.0,"turns":3.0},{"damage":0.0,"enemies":"2 Louse","floor":4.0,"turns":1.0},{"damage":0.0,"enemies":"Jaw Worm","floor":5.0,"turns":3.0},{"damage":0.0,"enemies":"Gremlin Gang","floor":10.0,"turns":3.0},{"damage":10.0,"enemies":"Looter","floor":12.0,"turns":3.0},{"damage":8.0,"enemies":"Gremlin Nob","floor":13.0,"turns":3.0},{"damage":22.0,"enemies":"The Guardian","floor":16.0,"turns":7.0},{"damage":4.0,"enemies":"Spheric Guardian","floor":18.0,"turns":3.0},{"damage":0.0,"enemies":"Chosen","floor":19.0,"turns":3.0},{"damage":7.0,"enemies":"Snecko","floor":20.0,"turns":5.0},{"damage":13.0,"enemies":"Centurion and Healer","floor":22.0,"turns":4.0},{"damage":2.0,"enemies":"Shelled Parasite and Fungi","floor":24.0,"turns":6.0},{"damage":12.0,"enemies":"Snake Plant","floor":27.0,"turns":4.0},{"damage":1.0,"enemies":"Snecko","floor":29.0,"turns":3.0},{"damage":17.0,"enemies":"Chosen and Byrds","floor":30.0,"turns":6.0},{"damage":19.0,"enemies":"Champ","floor":33.0,"turns":6.0},{"damage":0,"enemies":"Orb Walker","floor":35,"turns":1},{"damage":1,"enemies":"3 Shapes","floor":36,"turns":2},{"damage":1,"enemies":"Spire Growth","floor":38,"turns":4},{"damage":1,"enemies":"Transient","floor":39,"turns":5},{"damage":1,"enemies":"4 Shapes","floor":41,"turns":5},{"damage":1,"enemies":"Maw","floor":42,"turns":3},{"damage":14,"enemies":"3 Darklings","floor":44,"turns":3},{"damage":3,"enemies":"Donu and Deca","floor":50,"turns":3}],"seed_played":"-225269684557805421","potions_obtained":[{"floor":4.0,"key":"AttackPotion"},{"floor":7.0,"key":"Poison Potion"},{"floor":7.0,"key":"FocusPotion"},{"floor":10.0,"key":"SmokeBomb"},{"floor":12.0,"key":"Strength Potion"},{"floor":18.0,"key":"SpeedPotion"},{"floor":22.0,"key":"PowerPotion"},{"floor":27.0,"key":"SpeedPotion"}],"is_trial":false,"path_per_floor":["M","T","$","M","M","R","?","R","T","M","?","M","E","$","R","B",null,"M","M","M","$","M","R","M","R","T","M","R","M","M","$","R","B",null,"M","M","$","M","M","R","M","M","T","M","R","$","?","?","R","B",null],"character_chosen":"DEFECT","items_purchased":["Loop","Redo","Chemical X","DataDisk"],"campfire_rested":0,"item_purchase_floors":[3,14,14,21],"current_hp_per_floor":[74,74,74,74,74,74,74,74,74,74,80,70,62,62,62,40,81,77,77,70,70,64,64,69,69,69,64,64,63,53,53,53,41,81,81,80,80,81,81,81,81,81,81,74,74,74,74,74,74,71],"gold":28,"neow_bonus":"REMOVE_CARD","is_prod":false,"is_daily":false,"chose_seed":false,"campfire_upgraded":9,"win_rate":0,"timestamp":1560441783,"path_taken":["M","?","$","M","M","R","?","R","T","?","?","M","E","$","R","BOSS","M","M","?","$","M","R","M","R","T","M","R","M","M","$","R","BOSS","M","M","$","M","M","R","M","M","T","M","R","$","?","?","R","BOSS"],"build_version":"2019-01-23","purchased_purges":4,"victory":true,"max_hp_per_floor":[75,75,75,75,75,75,75,75,75,75,81,81,81,81,81,81,81,81,81,81,81,81,81,81,81,81,81,81,81,81,81,81,81,81,81,81,81,81,81,81,81,81,81,81,81,81,81,81,81,81],"card_choices":[{"not_picked":["Compile Driver","Hologram"],"picked":"Coolheaded","floor":1.0},{"not_picked":["Gash","Barrage"],"picked":"Sunder","floor":4.0},{"not_picked":["Melter","Static Discharge"],"picked":"Darkness","floor":5.0},{"not_picked":["Cold Snap","Beam Cell"],"picked":"Ball Lightning","floor":10.0},{"not_picked":["Steam Power","Scrape"],"picked":"Lockon","floor":12.0},{"not_picked":["Static Discharge","Coolheaded","Leap"],"picked":"SKIP","floor":13.0},{"not_picked":["Meteor Strike","All For One"],"picked":"Reboot","floor":16.0},{"not_picked":["Compile Driver+1","Rebound"],"picked":"Undo","floor":18.0},{"not_picked":["Blizzard","Conserve Battery","Compile Driver+1"],"picked":"SKIP","floor":18.0},{"not_picked":["Reprogram+1","Barrage","Leap"],"picked":"SKIP","floor":19.0},{"not_picked":["Conserve Battery","Steam Power","Rebound"],"picked":"SKIP","floor":19.0},{"not_picked":["Rebound","Redo"],"picked":"Self Repair","floor":20.0},{"not_picked":["Fusion+1","Conserve Battery","Cold Snap"],"picked":"SKIP","floor":20.0},{"not_picked":["White Noise","Rebound","Redo+1"],"picked":"SKIP","floor":22.0},{"not_picked":["Cold Snap","Ball Lightning","Compile Driver"],"picked":"SKIP","floor":22.0},{"not_picked":["Stack","Go for the Eyes"],"picked":"Seek","floor":24.0},{"not_picked":["Hello World+1","Steam","Aggregate"],"picked":"SKIP","floor":24.0},{"not_picked":["Defragment","Leap"],"picked":"Loop+1","floor":27.0},{"not_picked":["Rebound","Streamline","Ball Lightning"],"picked":"SKIP","floor":27.0},{"not_picked":["Fusion","Aggregate","Lockon"],"picked":"SKIP","floor":29.0},{"not_picked":["Go for the Eyes+1","Beam Cell+1","Conserve Battery+1"],"picked":"SKIP","floor":29.0},{"not_picked":["Steam Power+1","Cold Snap","Redo"],"picked":"SKIP","floor":30.0},{"not_picked":["Lockon","Chill","Double Energy"],"picked":"SKIP","floor":30.0},{"not_picked":["Hyperbeam","Buffer"],"picked":"Multi-Cast","floor":33.0},{"not_picked":["Glacier","Sweeping Beam+1"],"picked":"Undo","floor":35},{"not_picked":["Sunder","Beam Cell","Barrage+1"],"picked":"SKIP","floor":35},{"not_picked":["Go for the Eyes+1","Turbo+1","Beam Cell+1"],"picked":"SKIP","floor":36},{"not_picked":["Doom and Gloom","White Noise+1","Rebound"],"picked":"SKIP","floor":36},{"not_picked":["White Noise+1","Compile Driver+1","Barrage+1"],"picked":"SKIP","floor":38},{"not_picked":["Rebound","Gash+1","Conserve Battery"],"picked":"SKIP","floor":38},{"not_picked":["Rebound","Fusion","Streamline"],"picked":"SKIP","floor":39},{"not_picked":["Hologram","Go for the Eyes","Ball Lightning"],"picked":"SKIP","floor":39},{"not_picked":["Storm+1","Stack+1","BootSequence+1"],"picked":"SKIP","floor":41},{"not_picked":["Sweeping Beam+1","Force Field+1","Doom and Gloom+1"],"picked":"SKIP","floor":41},{"not_picked":["Buffer","Tempest+1","Reinforced Body+1"],"picked":"SKIP","floor":42},{"not_picked":["Coolheaded","Compile Driver","Reinforced Body+1"],"picked":"SKIP","floor":42},{"not_picked":["Hologram","Tempest","Static Discharge+1"],"picked":"SKIP","floor":44},{"not_picked":["Redo","Turbo","Darkness"],"picked":"SKIP","floor":44}],"player_experience":5172278,"relics_obtained":[{"floor":2.0,"key":"Darkstone Periapt"},{"floor":9.0,"key":"Blue Candle"},{"floor":13.0,"key":"Prayer Wheel"},{"floor":26.0,"key":"Boot"},{"floor":43,"key":"MawBank"}],"event_choices":[{"damage_healed":0.0,"max_hp_gain":0.0,"max_hp_loss":0.0,"gold_gain":0.0,"event_name":"Lab","player_choice":"Got Potions","floor":7.0,"gold_loss":0.0,"damage_taken":0.0},{"damage_healed":0.0,"max_hp_gain":0.0,"max_hp_loss":0.0,"gold_gain":275.0,"event_name":"Golden Shrine","player_choice":"Desecrate","floor":11.0,"gold_loss":0.0,"damage_taken":0.0,"cards_obtained":["Regret"]},{"damage_healed":0,"gold_gain":0,"player_choice":"Upgrade","damage_taken":0,"relics_obtained":["Mark of the Bloom"],"max_hp_gain":0,"max_hp_loss":0,"event_name":"MindBloom","floor":47,"gold_loss":0,"cards_upgraded":["Defend_B","Defend_B","Defend_B","Zap","Sunder","Ball Lightning","Undo","Self Repair","Undo"]},{"cards_removed":["Defend_B"],"damage_healed":0,"gold_gain":0,"player_choice":"Removal","damage_taken":0,"max_hp_gain":0,"max_hp_loss":0,"event_name":"Designer","floor":48,"gold_loss":90}],"is_beta":false,"boss_relics":[{"not_picked":["Tiny House","Busted Crown"],"picked":"Coffee Dripper"},{"not_picked":["Calling Bell","Lizard Tail"],"picked":"Velvet Choker"}],"items_purged_floors":[3,14,37,46],"is_endless":false,"potions_floor_spawned":[4,10,12,18,19,22,27,42,44],"ascension_level":0}