{"gold_per_floor":[112,10,10,10,10,42,42,69,69,84,84,98,23,42,42,136,136,156,170,170,70,85,124,124,165,165,165],"floor_reached":27,"playtime":841,"items_purged":["Strike_G","Heel Hook"],"score":618,"play_id":"0d227458-1b20-4ec3-a6ca-8648c1f51316","local_time":"20181118182752","is_ascension_mode":true,"campfire_choices":[{"data":"Glass Knife","floor":7,"key":"SMITH"},{"data":"Noxious Fumes","floor":15,"key":"SMITH"},{"data":"Adrenaline","floor":24,"key":"SMITH"}],"neow_cost":"NONE","seed_source_timestamp":1582000309721157,"circlet_count":0,"master_deck":["AscendersBane","Survivor","Neutralize+1","Acrobatics","Noxious Fumes+1","Backflip","Glass Knife+1","Footwork","Expertise","Adrenaline","Acrobatics","Prepared","Slice","Dash","Acrobatics","PiercingWail","Cloak And Dagger","Well Laid Plans","Adrenaline+1","Blade Dance+1"],"relics":["Ring of the Snake","NeowsBlessing","Oddly Smooth Stone","Pear","Boot","Golden Idol","Pandora\u0027s Box","Bottled Lightning","Shuriken","Kunai"],"potions_floor_usage":[23],"damage_taken":[{"damage":0,"enemies":"2 Louse","floor":1,"turns":1},{"damage":0,"enemies":"3 Sentries","floor":6,"turns":2},{"damage":0,"enemies":"Lagavulin","floor":8,"turns":1},{"damage":0,"enemies":"Small Slimes","floor":10,"turns":2},{"damage":0,"enemies":"Cultist","floor":12,"turns":2},{"damage":22,"enemies":"Exordium Thugs","floor":14,"turns":4},{"damage":22,"enemies":"The Guardian","floor":16,"turns":12},{"damage":16,"enemies":"3 Byrds","floor":18,"turns":5},{"damage":0,"enemies":"Chosen","floor":19,"turns":5},{"damage":9,"enemies":"Snecko","floor":22,"turns":4},{"damage":18,"enemies":"Book of Stabbing","floor":23,"turns":7},{"damage":9,"enemies":"Slavers","floor":25,"turns":6},{"damage":0,"enemies":"3 Cultists","floor":27,"turns":1}],"seed_played":"-1325654846113090042","potions_obtained":[{"floor":10,"key":"Dexterity Potion"},{"floor":19,"key":"GamblersBrew"},{"floor":25,"key":"PowerPotion"}],"is_trial":false,"path_per_floor":["M","$","?","?","?","E","R","E","T","M","?","M","$","M","R","B",null,"M","M","?","$","M","E","R","E","T","M"],"character_chosen":"THE_SILENT","items_purchased":["Noxious Fumes","Backflip"],"campfire_rested":0,"item_purchase_floors":[2,2],"current_hp_per_floor":[59,59,39,39,39,39,39,49,49,49,49,49,49,27,27,5,53,37,37,37,37,28,10,10,1,1,1],"gold":165,"neow_bonus":"THREE_ENEMY_KILL","is_prod":false,"is_daily":false,"chose_seed":false,"campfire_upgraded":3,"win_rate":0,"timestamp":1542536872,"path_taken":["M","$","?","?","?","E","R","E","T","M","?","M","$","M","R","BOSS","M","M","?","$","?","E","R","E","T","M"],"build_version":"2018-11-15","purchased_purges":2,"victory":false,"max_hp_per_floor":[66,66,66,66,66,66,66,76,76,76,69,69,69,69,69,69,69,69,69,69,69,69,69,69,69,69,69],"card_choices":[{"not_picked":["Dodge and Roll","Quick Slash"],"picked":"Acrobatics","floor":1},{"not_picked":["Acrobatics","Prepared"],"picked":"Glass Knife","floor":6},{"not_picked":["PiercingWail","Flying Knee","Distraction"],"picked":"SKIP","floor":8},{"not_picked":["Deadly Poison","Caltrops","Cloak And Dagger"],"picked":"SKIP","floor":10},{"not_picked":["Blade Dance","PiercingWail"],"picked":"Footwork","floor":12},{"not_picked":["Infinite Blades","Outmaneuver"],"picked":"Expertise","floor":14},{"not_picked":["Venomology","A Thousand Cuts"],"picked":"Adrenaline","floor":16},{"not_picked":["Dagger Spray","Predator","Caltrops+1"],"picked":"SKIP","floor":18},{"not_picked":["Deadly Poison","Bane","Flying Knee"],"picked":"SKIP","floor":19},{"not_picked":["Acrobatics","Quick Slash","Dodge and Roll"],"picked":"SKIP","floor":22},{"not_picked":["Sucker Punch","Malaise","Choke"],"picked":"SKIP","floor":23},{"not_picked":["Venomology","Glass Knife"],"picked":"Blade Dance+1","floor":25}],"player_experience":539832,"relics_obtained":[{"floor":6,"key":"Oddly Smooth Stone"},{"floor":8,"key":"Pear"},{"floor":9,"key":"Boot"},{"floor":23,"key":"Bottled Lightning"},{"floor":25,"key":"Shuriken"},{"floor":26,"key":"Kunai"}],"event_choices":[{"damage_healed":0,"gold_gain":0,"player_choice":"Entered Light","damage_taken":20,"max_hp_gain":0,"max_hp_loss":0,"event_name":"Shining Light","floor":3,"gold_loss":0,"cards_upgraded":["Neutralize","Strike_G"]},{"damage_healed":0,"gold_gain":0,"player_choice":"Leave","damage_taken":0,"max_hp_gain":0,"max_hp_loss":0,"event_name":"The Cleric","floor":4,"gold_loss":0},{"damage_healed":0,"gold_gain":0,"player_choice":"Ignored","damage_taken":0,"max_hp_gain":0,"max_hp_loss":0,"event_name":"Liars Game","floor":5,"gold_loss":0},{"damage_healed":0,"gold_gain":0,"player_choice":"Lose Max HP","damage_taken":0,"relics_obtained":["Golden Idol"],"max_hp_gain":0,"max_hp_loss":7,"event_name":"Golden Idol","floor":11,"gold_loss":0},{"damage_healed":0,"gold_gain":0,"player_choice":"Copied","damage_taken":0,"max_hp_gain":0,"max_hp_loss":0,"event_name":"Duplicator","floor":20,"gold_loss":0,"cards_obtained":["Adrenaline"]}],"is_beta":true,"boss_relics":[{"not_picked":["Busted Crown","Orrery"],"picked":"Pandora\u0027s Box"}],"items_purged_floors":[13,21],"is_endless":false,"potions_floor_spawned":[10,19,22,25],"killed_by":"3 Cultists","ascension_level":20}