{"gold_per_floor":[362,362,381,398,398,398,429,447,472,472,483,499,499,63,63,63],"floor_reached":16,"playtime":9222,"items_purged":[],"score":102,"play_id":"cc4c5a58-0d69-4285-b145-c75059717c58","local_time":"20190709193108","is_ascension_mode":false,"campfire_choices":[{"data":"Perfected Strike","floor":6,"key":"SMITH"},{"data":"Pommel Strike","floor":10,"key":"SMITH"},{"data":"Bludgeon","floor":15,"key":"SMITH"}],"neow_cost":"TEN_PERCENT_HP_LOSS","seed_source_timestamp":1449200761204488,"circlet_count":0,"master_deck":["Strike_R","Strike_R+1","Strike_R","Strike_R","Strike_R","Defend_R","Defend_R","Defend_R","Bash+1","Iron Wave","Pommel Strike","Perfected Strike+1","Corruption","Pommel Strike+1","Armaments","Shrug It Off","Bludgeon+1","Reaper","Spot Weakness","Impervious"],"relics":["Burning Blood","Boot","Lantern"],"potions_floor_usage":[7,12],"damage_taken":[{"damage":6,"enemies":"Jaw Worm","floor":1,"turns":5},{"damage":2,"enemies":"Small Slimes","floor":3,"turns":3},{"damage":1,"enemies":"Cultist","floor":4,"turns":4},{"damage":21,"enemies":"Lagavulin","floor":7,"turns":5},{"damage":5,"enemies":"Gremlin Gang","floor":8,"turns":5},{"damage":7,"enemies":"Blue Slaver","floor":11,"turns":2},{"damage":0,"enemies":"Looter","floor":12,"turns":3},{"damage":49,"enemies":"Hexaghost","floor":16,"turns":7}],"seed_played":"1909910364534011317","potions_obtained":[{"floor":4,"key":"Weak Potion"},{"floor":7,"key":"SkillPotion"}],"is_trial":false,"path_per_floor":["M","?","M","M","?","R","E","M","T","R","M","M","?","$","R","B"],"character_chosen":"IRONCLAD","items_purchased":["Bludgeon","Reaper","Spot Weakness","Impervious"],"campfire_rested":0,"item_purchase_floors":[14,14,14,14],"current_hp_per_floor":[72,72,72,72,72,72,57,58,58,58,57,63,49,49,49,0],"gold":63,"neow_bonus":"TWO_FIFTY_GOLD","is_prod":false,"is_daily":false,"chose_seed":false,"campfire_upgraded":3,"win_rate":0.0,"timestamp":1562689868,"path_taken":["M","?","M","M","?","R","E","?","T","R","?","M","?","$","R","BOSS"],"build_version":"2019-07-05","purchased_purges":0,"victory":false,"max_hp_per_floor":[72,72,72,72,72,72,72,72,72,72,72,72,72,72,72,72],"card_choices":[{"not_picked":["Clothesline","Heavy Blade"],"picked":"Iron Wave","floor":1},{"not_picked":["Twin Strike","Cleave"],"picked":"Pommel Strike","floor":3},{"not_picked":["True Grit","Body Slam"],"picked":"Perfected Strike","floor":4},{"not_picked":["Anger","Warcry"],"picked":"Corruption","floor":7},{"not_picked":["Impervious","Warcry"],"picked":"Pommel Strike","floor":8},{"not_picked":["Iron Wave","Heavy Blade"],"picked":"Armaments","floor":11},{"not_picked":["Bloodletting","True Grit"],"picked":"Shrug It Off","floor":12}],"player_experience":33461,"relics_obtained":[{"floor":7,"key":"Boot"},{"floor":9,"key":"Lantern"}],"event_choices":[{"damage_healed":0,"gold_gain":0,"player_choice":"Leave","damage_taken":0,"max_hp_gain":0,"max_hp_loss":0,"event_name":"The Cleric","floor":2,"gold_loss":0},{"cards_removed":["Defend_R"],"damage_healed":0,"gold_gain":0,"player_choice":"Purged","damage_taken":0,"max_hp_gain":0,"max_hp_loss":0,"event_name":"Purifier","floor":5,"gold_loss":0},{"damage_healed":0,"gold_gain":0,"player_choice":"Entered Light","damage_taken":14,"max_hp_gain":0,"max_hp_loss":0,"event_name":"Shining Light","floor":13,"gold_loss":0,"cards_upgraded":["Strike_R","Bash"]}],"is_beta":false,"boss_relics":[],"items_purged_floors":[],"is_endless":false,"potions_floor_spawned":[4,7],"killed_by":"Hexaghost","ascension_level":0}