{"gold_per_floor":[115,125,125,50,66,66,91,109,109,109,109],"floor_reached":11,"playtime":307,"items_purged":["Strike_G"],"score":146,"play_id":"86a0430b-54bc-4448-9ef5-4bf9fd52c66f","local_time":"20190122162543","is_ascension_mode":true,"campfire_choices":[{"data":"Neutralize","floor":6,"key":"SMITH"},{"data":"Bouncing Flask","floor":10,"key":"SMITH"}],"neow_cost":"NONE","seed_source_timestamp":4048760960468,"circlet_count":0,"master_deck":["AscendersBane","Defend_G","Defend_G","Defend_G","Defend_G","Defend_G","Strike_G","Strike_G","Strike_G","Strike_G","Survivor","Neutralize+1","Acrobatics","Backflip","Dagger Throw","Bouncing Flask+1"],"relics":["Ring of the Snake","Boot","Dodecahedron"],"potions_floor_usage":[7,7],"damage_taken":[{"damage":3,"enemies":"Cultist","floor":1,"turns":5},{"damage":4,"enemies":"2 Louse","floor":2,"turns":4},{"damage":7,"enemies":"Jaw Worm","floor":5,"turns":5},{"damage":15,"enemies":"Lagavulin","floor":7,"turns":8},{"damage":17,"enemies":"Exordium Thugs","floor":8,"turns":6},{"damage":14,"enemies":"Lots of Slimes","floor":11,"turns":2}],"seed_played":"8580192506993030799","potions_obtained":[{"floor":1,"key":"Dexterity Potion"},{"floor":3,"key":"FearPotion"},{"floor":8,"key":"LiquidBronze"}],"is_trial":false,"path_per_floor":["M","?"],"character_chosen":"THE_SILENT","items_purchased":[],"campfire_rested":0,"item_purchase_floors":[],"current_hp_per_floor":[56,52,52,52,45,45,30,13,13,13,0],"gold":109,"neow_bonus":"RANDOM_COMMON_RELIC","is_prod":false,"is_daily":false,"chose_seed":false,"campfire_upgraded":2,"win_rate":0,"timestamp":1548145543,"path_taken":["M","?","?","$","M","R","E","M","T","R","M"],"build_version":"2019-01-20","purchased_purges":1,"victory":false,"max_hp_per_floor":[66,66,66,66,66,66,66,66,66,66,66],"card_choices":[{"not_picked":["Dash","Dodge and Roll"],"picked":"Acrobatics","floor":1},{"not_picked":["Blade Dance","Sucker Punch"],"picked":"Backflip","floor":2},{"not_picked":["Prepared","Poisoned Stab"],"picked":"Dagger Throw","floor":5},{"not_picked":["Deflect","Distraction","Catalyst"],"picked":"SKIP","floor":7},{"not_picked":["Deflect","Distraction","Catalyst"],"picked":"SKIP","floor":7},{"not_picked":["Wraith Form v2","Acrobatics"],"picked":"Bouncing Flask","floor":8}],"player_experience":1312113,"relics_obtained":[{"floor":7,"key":"Dodecahedron"}],"event_choices":[{"damage_healed":0,"gold_gain":0,"player_choice":"Got Potions","damage_taken":0,"max_hp_gain":0,"max_hp_loss":0,"event_name":"Lab","floor":3,"gold_loss":0}],"is_beta":true,"boss_relics":[],"items_purged_floors":[4],"is_endless":false,"potions_floor_spawned":[1,5,8],"killed_by":"Lots of Slimes","ascension_level":20}