{"path_per_floor":["M","M","M","$","M","M","R","M","T","?","R","M","M","M","R","B",null,"M"],"character_chosen":"THE_SILENT","items_purchased":["Mind Blast"],"gold_per_floor":[115,133,143,55,68,80,80,91,172,172,172,184,200,210,210,314,314,326],"floor_reached":19,"campfire_rested":0,"playtime":1691,"current_hp_per_floor":[69,69,66,66,62,60,60,60,60,46,46,46,46,46,46,20,70,48],"items_purged":[],"gold":343,"score":193,"play_id":"633264c4-9d54-483b-a491-0d02e337e196","local_time":"20180302201953","is_prod":false,"is_daily":false,"is_ascension_mode":false,"campfire_upgraded":3,"timestamp":1520018393,"path_taken":["M","?","M","?","M","M","R","M","T","?","R","?","?","M","R","BOSS","M","?"],"build_version":"2018-03-01-PROD1","purchased_purges":0,"victory":false,"master_deck":["Defend_G+1","Defend_G","Defend_G","Defend_G","Defend_G+1","Strike_G","Strike_G","Strike_G","Strike_G","Strike_G","Survivor","Neutralize","Caltrops","Infinite Blades+1","Flying Knee","Mind Blast","Dagger Throw","Reflex+1","Burst+1","Cloak And Dagger","Flying Knee","Flying Knee","Night Terror","Flying Knee+1","Dash"],"max_hp_per_floor":[70,70,70,70,70,70,70,70,70,70,70,70,70,70,70,70,70,70],"relics":["Ring of the Snake","Bottled Lightning","Sozu"],"card_choices":[{"not_picked":["Deadly Poison","Underhanded Strike"],"picked":"Caltrops"},{"not_picked":["Footwork","Riddle With Holes"],"picked":"Infinite Blades"},{"not_picked":["Dodge and Roll","PiercingWail"],"picked":"Flying Knee"},{"not_picked":["PiercingWail","Sucker Punch"],"picked":"Dagger Throw"},{"not_picked":["Crippling Poison","Sucker Punch"],"picked":"Reflex"},{"not_picked":["Dash","Backflip"],"picked":"Burst"},{"not_picked":["Acrobatics","Noxious Fumes"],"picked":"Cloak And Dagger"},{"not_picked":["Footwork","Dagger Throw"],"picked":"Flying Knee"},{"not_picked":["Reflex","Deadly Poison"],"picked":"Flying Knee"},{"not_picked":["Corpse Explosion","Phantasmal Killer"],"picked":"Night Terror"},{"not_picked":["Sucker Punch","Deadly Poison"],"picked":"Flying Knee"},{"not_picked":["Slice","Flying Knee"],"picked":"Dash"}],"player_experience":41389,"potions_floor_usage":[],"damage_taken":[{"damage":1.0,"enemies":"Cultist","floor":1.0,"turns":4.0},{"damage":0.0,"enemies":"Small Slimes","floor":2.0,"turns":5.0},{"damage":3.0,"enemies":"2 Louse","floor":3.0,"turns":4.0},{"damage":4.0,"enemies":"Red Slaver","floor":5.0,"turns":3.0},{"damage":2.0,"enemies":"Blue Slaver","floor":6.0,"turns":3.0},{"damage":0.0,"enemies":"2 Fungi Beasts","floor":8.0,"turns":2.0},{"damage":0.0,"enemies":"Lots of Slimes","floor":12.0,"turns":5.0},{"damage":0.0,"enemies":"Looter","floor":13.0,"turns":3.0},{"damage":0.0,"enemies":"Blue Slaver","floor":14.0,"turns":2.0},{"damage":26.0,"enemies":"Slime Boss","floor":16.0,"turns":15.0},{"damage":22,"enemies":"Spheric Guardian","floor":18,"turns":5},{"damage":32,"enemies":"2 Thieves","floor":19,"turns":4}],"event_choices":[{"event_name":"Shining Light","player_choice":"Entered Light","floor":10.0,"damage_taken":0.0}],"boss_relics":[],"potions_floor_spawned":[2,3,6,8,12,14,19],"seed_played":"6838724013665447675","killed_by":"2 Thieves","ascension_level":0,"is_trial":false}