{"gold_per_floor":[116,29,39,53,69,69,23,23,23,23,173,173,43,72,72,146,146,158,170,70,103,119,119,147,22,72,72,72,72,85,120,120,194,194,214,214,64,64,64,64,75,75,128,146,162,195,195,20,20,20,20,20,20,20,55,55],"floor_reached":57,"playtime":2858,"items_purged":["Doubt","Unload","Bouncing Flask","Slice","Infinite Blades"],"score":3157,"play_id":"f32327e0-f049-4a63-89e2-2315ded1623a","local_time":"20190228205623","is_ascension_mode":true,"campfire_choices":[{"data":"Neutralize","floor":6.0,"key":"SMITH"},{"data":"Bouncing Flask","floor":8.0,"key":"SMITH"},{"data":"Well Laid Plans","floor":10.0,"key":"SMITH"},{"data":"Distraction","floor":12.0,"key":"SMITH"},{"data":"Footwork","floor":15.0,"key":"SMITH"},{"data":"Acrobatics","floor":23.0,"key":"SMITH"},{"data":"Concentrate","floor":27.0,"key":"SMITH"},{"data":"Malaise","floor":29.0,"key":"SMITH"},{"data":"Choke","floor":32.0,"key":"SMITH"},{"floor":40.0,"key":"RECALL"},{"data":"Purity","floor":49.0,"key":"SMITH"},{"data":"Backflip","floor":53.0,"key":"SMITH"}],"neow_cost":"PERCENT_DAMAGE","seed_source_timestamp":31581076117493,"circlet_count":0,"master_deck":["AscendersBane","Survivor","Neutralize+1","Adrenaline","Distraction+1","Choke+1","Well Laid Plans+1","Caltrops","Footwork+1","Bouncing Flask+1","Backflip+1","Adrenaline","Acrobatics+1","Adrenaline","Malaise+1","Concentrate+1","Reflex+1","Purity+1"],"special_seed":0,"relics":["Ring of the Snake","Mercury Hourglass","Bottled Lightning","Pandora\u0027s Box","Red Mask","Calipers","Omamori","Coffee Dripper","Bottled Tornado","Ancient Tea Set","Ornamental Fan"],"potions_floor_usage":[56,56],"damage_taken":[{"damage":2.0,"enemies":"Cultist","floor":1.0,"turns":6.0},{"damage":0.0,"enemies":"2 Louse","floor":3.0,"turns":2.0},{"damage":0.0,"enemies":"Small Slimes","floor":4.0,"turns":3.0},{"damage":0.0,"enemies":"3 Louse","floor":5.0,"turns":3.0},{"damage":1.0,"enemies":"Exordium Thugs","floor":7.0,"turns":5.0},{"damage":8.0,"enemies":"Gremlin Nob","floor":14.0,"turns":3.0},{"damage":0.0,"enemies":"Hexaghost","floor":16.0,"turns":9.0},{"damage":0.0,"enemies":"Spheric Guardian","floor":18.0,"turns":2.0},{"damage":0.0,"enemies":"3 Byrds","floor":19.0,"turns":3.0},{"damage":5.0,"enemies":"Masked Bandits","floor":21.0,"turns":4.0},{"damage":0.0,"enemies":"Centurion and Healer","floor":22.0,"turns":5.0},{"damage":33.0,"enemies":"Slavers","floor":24.0,"turns":5.0},{"damage":3.0,"enemies":"Snecko","floor":30.0,"turns":3.0},{"damage":3.0,"enemies":"Gremlin Leader","floor":31.0,"turns":5.0},{"damage":0.0,"enemies":"Automaton","floor":33.0,"turns":6.0},{"damage":0.0,"enemies":"Orb Walker","floor":35.0,"turns":2.0},{"damage":0.0,"enemies":"3 Darklings","floor":41.0,"turns":2.0},{"damage":0.0,"enemies":"Maw","floor":44.0,"turns":1.0},{"damage":0.0,"enemies":"Transient","floor":45.0,"turns":1.0},{"damage":0.0,"enemies":"Giant Head","floor":46.0,"turns":1.0},{"damage":0.0,"enemies":"Time Eater","floor":50.0,"turns":6.0},{"damage":0.0,"enemies":"Donu and Deca","floor":51.0,"turns":1.0},{"damage":0.0,"enemies":"Shield and Spear","floor":55.0,"turns":1.0},{"damage":39,"enemies":"The Heart","floor":56,"turns":4}],"seed_played":"-5911605409412873595","potions_obtained":[{"floor":1.0,"key":"EssenceOfSteel"},{"floor":3.0,"key":"Weak Potion"},{"floor":30.0,"key":"Energy Potion"},{"floor":33.0,"key":"Swift Potion"},{"floor":41.0,"key":"GamblersBrew"},{"floor":46.0,"key":"Ancient Potion"}],"is_trial":false,"path_per_floor":["M","$","M","M","M","R","M","R","T","R","?","R","$","E","R","B",null,"M","M","$","?","M","R","E","$","T","R","?","R","M","E","R","B",null,"M","?","$","?","T","R","M","?","T","M","M","E","?","$","R","B","B",null,"R","$","E","B",null],"character_chosen":"THE_SILENT","items_purchased":["Well Laid Plans","Backflip"],"campfire_rested":0,"item_purchase_floors":[2,13],"current_hp_per_floor":[42,42,42,42,42,42,41,41,41,41,41,41,41,33,33,33,58,58,58,58,53,53,53,20,20,20,20,20,20,17,14,14,14,53,53,53,53,53,53,53,53,53,53,53,53,53,43,43,43,43,43,58,58,58,58,19],"gold":55,"neow_bonus":"TRANSFORM_TWO_CARDS","is_prod":false,"is_daily":false,"chose_seed":false,"campfire_upgraded":11,"win_rate":0,"timestamp":1551358583,"path_taken":["M","$","?","M","M","R","M","R","T","R","?","R","$","E","R","BOSS","M","M","$","?","M","R","E","$","T","R","?","R","M","E","R","BOSS","M","?","$","?","?","R","?","?","T","?","M","E","?","?","R","BOSS","BOSS","R","$","E","BOSS"],"build_version":"2019-01-23","purchased_purges":5,"victory":true,"max_hp_per_floor":[66,66,66,66,66,66,66,66,66,66,66,66,66,66,66,66,66,66,66,66,66,66,66,66,66,66,66,66,66,66,66,66,66,66,66,66,66,63,63,63,63,63,63,63,63,63,63,63,63,63,63,63,63,63,63,63],"card_choices":[{"not_picked":["Crippling Poison","Heel Hook"],"picked":"Choke","floor":1.0},{"not_picked":["Deflect","PiercingWail","Flying Knee"],"picked":"SKIP","floor":3.0},{"not_picked":["Backstab","Dodge and Roll"],"picked":"Caltrops","floor":4.0},{"not_picked":["Outmaneuver","Dodge and Roll"],"picked":"Footwork","floor":5.0},{"not_picked":["Predator","Slice"],"picked":"Bouncing Flask","floor":7.0},{"not_picked":["Prepared","Choke","Finisher"],"picked":"SKIP","floor":14.0},{"not_picked":["Glass Knife","Doppelganger"],"picked":"Adrenaline","floor":16.0},{"not_picked":["Backstab","All Out Attack","Footwork"],"picked":"SKIP","floor":18.0},{"not_picked":["Quick Slash+1","All Out Attack","Flying Knee"],"picked":"SKIP","floor":19.0},{"not_picked":["Bane+1","Deflect+1"],"picked":"Concentrate","floor":22.0},{"not_picked":["Bane+1","Prepared","Choke"],"picked":"SKIP","floor":24.0},{"not_picked":["Blade Dance","Noxious Fumes","Accuracy"],"picked":"SKIP","floor":30.0},{"not_picked":["Glass Knife","Infinite Blades+1","Flying Knee"],"picked":"SKIP","floor":31.0},{"not_picked":["Deflect","Flying Knee"],"picked":"Reflex+1","floor":35.0},{"not_picked":["Underhanded Strike","Skewer","Quick Slash"],"picked":"SKIP","floor":41.0},{"not_picked":["Flying Knee+1","Blur","Quick Slash+1"],"picked":"SKIP","floor":44.0},{"not_picked":["Endless Agony","Underhanded Strike","Quick Slash"],"picked":"SKIP","floor":45.0},{"not_picked":["Skewer","Dodge and Roll","PiercingWail"],"picked":"SKIP","floor":46.0},{"not_picked":["Panacea","Jack Of All Trades"],"picked":"Purity","floor":47.0},{"not_picked":["Bane+1","Backstab","Envenom"],"picked":"SKIP","floor":55.0}],"player_experience":3236347,"relics_obtained":[{"floor":9.0,"key":"Mercury Hourglass"},{"floor":14.0,"key":"Bottled Lightning"},{"floor":21.0,"key":"Red Mask"},{"floor":24.0,"key":"Calipers"},{"floor":26.0,"key":"Omamori"},{"floor":39.0,"key":"Bottled Tornado"},{"floor":46.0,"key":"Ancient Tea Set"},{"floor":55.0,"key":"Ornamental Fan"}],"event_choices":[{"damage_healed":0.0,"max_hp_gain":0.0,"max_hp_loss":0.0,"gold_gain":150.0,"event_name":"Liars Game","player_choice":"AGREE","floor":11.0,"gold_loss":0.0,"damage_taken":0.0,"cards_obtained":["Doubt"]},{"damage_healed":0.0,"max_hp_gain":0.0,"max_hp_loss":0.0,"gold_gain":0.0,"event_name":"Masked Bandits","player_choice":"Fought Bandits","floor":21.0,"gold_loss":0.0,"damage_taken":0.0},{"damage_healed":0.0,"max_hp_gain":0.0,"max_hp_loss":0.0,"gold_gain":0.0,"event_name":"Vampires","player_choice":"Ignored","floor":28.0,"gold_loss":0.0,"damage_taken":0.0},{"damage_healed":0.0,"max_hp_gain":0.0,"max_hp_loss":0.0,"gold_gain":0.0,"cards_transformed":["Flying Knee"],"event_name":"Transmorgrifier","player_choice":"Transformed","floor":36.0,"gold_loss":0.0,"damage_taken":0.0,"cards_obtained":["Burst"]},{"damage_healed":0.0,"max_hp_gain":0.0,"max_hp_loss":3.0,"gold_gain":0.0,"event_name":"Winding Halls","player_choice":"Max HP","floor":38.0,"gold_loss":0.0,"damage_taken":0.0},{"cards_removed":["Burst"],"damage_healed":0.0,"max_hp_gain":0.0,"max_hp_loss":0.0,"gold_gain":0.0,"event_name":"Purifier","player_choice":"Purged","floor":42.0,"gold_loss":0.0,"damage_taken":0.0},{"damage_healed":0.0,"max_hp_gain":0.0,"max_hp_loss":0.0,"gold_gain":0.0,"event_name":"SensoryStone","player_choice":"Memory 3","floor":47.0,"gold_loss":0.0,"damage_taken":10.0}],"is_beta":false,"boss_relics":[{"not_picked":["Runic Pyramid","Black Star"],"picked":"Pandora\u0027s Box"},{"not_picked":["HoveringKite","Velvet Choker"],"picked":"Coffee Dripper"}],"items_purged_floors":[13,20,25,37,48],"is_endless":false,"potions_floor_spawned":[1,3,14,18,21,30,33,41,45,46,55],"ascension_level":20}