{"gold_per_floor":[110,8,23,23,43,43,118,131,161,185,197,229,229,248,248,345,345,355,355,280,297,222,235,235,38,38,54,68,84,84,3,3,106,106,118,118,118,132,144,144,170,170,170,170,187,62,62,89,101,113],"floor_reached":51,"playtime":1729,"items_purged":["Strike_B","Defend_B","Defend_B+1"],"score":852,"play_id":"40a2d624-7cb2-4b58-9f3b-6911d3c3a836","local_time":"20190615131753","is_ascension_mode":false,"campfire_choices":[{"data":"Defragment","floor":6.0,"key":"SMITH"},{"data":"Blizzard","floor":13.0,"key":"SMITH"},{"data":"Coolheaded","floor":15.0,"key":"SMITH"},{"data":"Fission","floor":24.0,"key":"SMITH"},{"data":"Coolheaded","floor":30.0,"key":"SMITH"},{"data":"Defragment","floor":32.0,"key":"SMITH"},{"data":"Recycle","floor":40,"key":"SMITH"},{"floor":47,"key":"REST"},{"floor":49,"key":"REST"}],"neow_cost":"NONE","seed_source_timestamp":9441695604669,"circlet_count":0,"master_deck":["Defend_B+1","Defend_B+1","Zap+1","Dualcast+1","Genetic Algorithm+1","Cold Snap+1","Coolheaded+1","Defragment+1","Blizzard+1","Fission+1","Recycle+1","Turbo+1","Coolheaded+1","Defragment+1","Chill+1","Defragment+1","Fission+1","Coolheaded+1","Skim+1","Glacier+1"],"special_seed":0,"relics":["Cracked Core","Tiny Chest","DataDisk","Blue Candle","Empty Cage","Pear","Inserter","Juzu Bracelet","Symbiotic Virus","Mark of the Bloom","MawBank"],"potions_floor_usage":[38,50,50,50],"damage_taken":[{"damage":2.0,"enemies":"Small Slimes","floor":1.0,"turns":3.0},{"damage":0.0,"enemies":"Jaw Worm","floor":3.0,"turns":4.0},{"damage":0.0,"enemies":"2 Louse","floor":5.0,"turns":3.0},{"damage":1.0,"enemies":"Looter","floor":8.0,"turns":3.0},{"damage":1.0,"enemies":"Exordium Thugs","floor":11.0,"turns":4.0},{"damage":0.0,"enemies":"Lagavulin","floor":12.0,"turns":5.0},{"damage":2.0,"enemies":"Blue Slaver","floor":14.0,"turns":4.0},{"damage":6.0,"enemies":"Slime Boss","floor":16.0,"turns":10.0},{"damage":10.0,"enemies":"3 Byrds","floor":18.0,"turns":7.0},{"damage":0.0,"enemies":"2 Thieves","floor":21.0,"turns":4.0},{"damage":0.0,"enemies":"Snake Plant","floor":23.0,"turns":5.0},{"damage":5.0,"enemies":"Shelled Parasite and Fungi","floor":27.0,"turns":4.0},{"damage":0.0,"enemies":"Centurion and Healer","floor":28.0,"turns":6.0},{"damage":0.0,"enemies":"3 Cultists","floor":29.0,"turns":5.0},{"damage":0.0,"enemies":"Collector","floor":33.0,"turns":8.0},{"damage":0.0,"enemies":"3 Darklings","floor":35.0,"turns":4.0},{"damage":6,"enemies":"Orb Walker","floor":38,"turns":4},{"damage":0,"enemies":"Maw","floor":39,"turns":6},{"damage":0,"enemies":"Sphere and 2 Shapes","floor":45,"turns":1},{"damage":0,"enemies":"Nemesis","floor":48,"turns":1},{"damage":0,"enemies":"Awakened One","floor":50,"turns":3}],"seed_played":"3831790710150479160","potions_obtained":[{"floor":5.0,"key":"Dexterity Potion"},{"floor":11.0,"key":"Regen Potion"},{"floor":12.0,"key":"Regen Potion"},{"floor":18.0,"key":"Swift Potion"},{"floor":23.0,"key":"Swift Potion"},{"floor":27.0,"key":"Poison Potion"},{"floor":28.0,"key":"SkillPotion"},{"floor":38,"key":"LiquidBronze"}],"is_trial":false,"path_per_floor":["M","$","M","?","M","R","?","M","T","T","M","E","R","M","R","B",null,"M","?","$","M","?","M","R","$","T","M","M","M","R","$","R","B",null,"M","?","$","M","M","R","T","?","T","?","M","$","R","E","R","B",null],"character_chosen":"DEFECT","items_purchased":["Cold Snap","Coolheaded","Coolheaded","Defragment","Defragment"],"campfire_rested":2,"item_purchase_floors":[2,2,25,25,31],"current_hp_per_floor":[73,73,73,58,58,58,47,46,46,46,45,45,45,43,43,37,75,74,74,74,74,74,74,74,74,84,85,85,85,85,85,85,85,85,85,85,85,79,79,79,79,79,79,79,79,79,79,79,79,79],"gold":125,"neow_bonus":"UPGRADE_CARD","is_prod":false,"is_daily":false,"chose_seed":false,"campfire_upgraded":7,"win_rate":0,"timestamp":1560575873,"path_taken":["M","$","M","?","M","R","?","M","T","?","M","E","R","M","R","BOSS","M","?","$","M","?","M","R","$","T","?","M","M","R","$","R","BOSS","M","?","$","M","M","R","?","?","T","?","M","$","R","E","R","BOSS"],"build_version":"2019-01-23","purchased_purges":3,"victory":true,"max_hp_per_floor":[75,75,75,75,75,75,75,75,75,75,75,75,75,75,75,75,75,75,75,75,75,75,75,75,75,85,85,85,85,85,85,85,85,85,85,85,85,85,85,85,85,85,85,85,85,85,85,85,85,85],"card_choices":[{"not_picked":["Rebound","Hologram"],"picked":"Genetic Algorithm","floor":1.0},{"not_picked":["Sweeping Beam","Conserve Battery","Stack"],"picked":"SKIP","floor":3.0},{"not_picked":["Static Discharge","Force Field"],"picked":"Defragment","floor":5.0},{"not_picked":["Meteor Strike","Auto Shields","Compile Driver"],"picked":"SKIP","floor":8.0},{"not_picked":["Melter","Steam"],"picked":"Blizzard","floor":11.0},{"not_picked":["Stack","Hello World","Steam Power"],"picked":"SKIP","floor":12.0},{"not_picked":["Go for the Eyes","Reprogram","Melter"],"picked":"SKIP","floor":14.0},{"not_picked":["Buffer","Reboot"],"picked":"Fission","floor":16.0},{"not_picked":["Tempest+1","Undo+1"],"picked":"Recycle","floor":18.0},{"not_picked":["Reprogram","Compile Driver","Hello World"],"picked":"SKIP","floor":21.0},{"not_picked":["Tempest","Redo"],"picked":"Turbo+1","floor":23.0},{"not_picked":["Sunder","Undo","Beam Cell"],"picked":"SKIP","floor":27.0},{"not_picked":["Sweeping Beam","Cold Snap"],"picked":"Chill","floor":28.0},{"not_picked":["Blizzard","Stack","Turbo"],"picked":"SKIP","floor":29.0},{"not_picked":["Hyperbeam","Multi-Cast"],"picked":"Fission","floor":33.0},{"not_picked":["Turbo+1","Steam"],"picked":"Coolheaded+1","floor":35.0},{"not_picked":["Heatsinks","Chill+1"],"picked":"Skim+1","floor":38},{"not_picked":["Ball Lightning+1","Conserve Battery+1","Tempest+1"],"picked":"SKIP","floor":39},{"not_picked":["Beam Cell+1","Leap+1","Go for the Eyes+1"],"picked":"SKIP","floor":45},{"not_picked":["Multi-Cast","Gash"],"picked":"Glacier+1","floor":48}],"player_experience":5238527,"relics_obtained":[{"floor":9.0,"key":"Tiny Chest"},{"floor":10.0,"key":"DataDisk"},{"floor":12.0,"key":"Blue Candle"},{"floor":26.0,"key":"Pear"},{"floor":41,"key":"Juzu Bracelet"},{"floor":43,"key":"Symbiotic Virus"},{"floor":48,"key":"MawBank"}],"event_choices":[{"damage_healed":0.0,"max_hp_gain":0.0,"max_hp_loss":0.0,"gold_gain":0.0,"event_name":"Shining Light","player_choice":"Entered Light","floor":4.0,"gold_loss":0.0,"damage_taken":15.0,"cards_upgraded":["Cold Snap","Defend_B"]},{"damage_healed":0.0,"max_hp_gain":0.0,"max_hp_loss":0.0,"gold_gain":75.0,"event_name":"World of Goop","player_choice":"Gather Gold","floor":7.0,"gold_loss":0.0,"damage_taken":11.0},{"damage_healed":0.0,"max_hp_gain":0.0,"max_hp_loss":0.0,"gold_gain":0.0,"event_name":"Vampires","player_choice":"Ignored","floor":19.0,"gold_loss":0.0,"damage_taken":0.0},{"cards_removed":["Strike_B"],"damage_healed":0.0,"max_hp_gain":0.0,"max_hp_loss":0.0,"gold_gain":0.0,"event_name":"Beggar","player_choice":"Gave Gold","floor":22.0,"gold_loss":75.0,"damage_taken":0.0},{"damage_healed":0,"gold_gain":0,"player_choice":"Memory 1","damage_taken":0,"max_hp_gain":0,"max_hp_loss":0,"event_name":"SensoryStone","floor":36,"gold_loss":0},{"damage_healed":0,"gold_gain":0,"player_choice":"Ignored","damage_taken":0,"max_hp_gain":0,"max_hp_loss":0,"event_name":"Tomb of Lord Red Mask","floor":42,"gold_loss":0},{"damage_healed":0,"gold_gain":0,"player_choice":"Upgrade","damage_taken":0,"relics_obtained":["Mark of the Bloom"],"max_hp_gain":0,"max_hp_loss":0,"event_name":"MindBloom","floor":44,"gold_loss":0,"cards_upgraded":["Defend_B","Defend_B","Dualcast","Genetic Algorithm","Defragment","Chill","Fission"]}],"is_beta":false,"boss_relics":[{"not_picked":["Philosopher\u0027s Stone","Eternal Feather"],"picked":"Empty Cage"},{"not_picked":["Calling Bell","White Beast Statue"],"picked":"Inserter"}],"items_purged_floors":[20,25,46],"is_endless":false,"potions_floor_spawned":[5,11,12,16,18,23,27,28,38],"ascension_level":0}