{"gold_per_floor":[110,110,125,125,10,41,55,55,55,55,109,109,34,51,51,124,124,137,137,167,167,182,182,202,228,255,266,279,14,26,76,76,147,147,158,210,210,222,236,263,263,292,292,310,83,113,113,141,141,141,141,141,141,58,83,83],"floor_reached":56,"playtime":5122,"items_purged":["Regret","Strike_G"],"score":2341,"play_id":"5a900cc9-9684-4175-85cf-cdb70ae4d27b","local_time":"20190720150444","is_ascension_mode":true,"campfire_choices":[{"data":"Neutralize","floor":8,"key":"SMITH"},{"data":"Blade Dance","floor":10,"key":"SMITH"},{"data":"Infinite Blades","floor":15,"key":"SMITH"},{"floor":23,"key":"RECALL"}],"neow_cost":"NONE","seed_source_timestamp":0,"circlet_count":0,"master_deck":["AscendersBane","Strike_G","Defend_G","Defend_G","Defend_G","Defend_G","Defend_G","Survivor","Neutralize+1","Quick Slash","Finisher","Leg Sweep","Adrenaline","Blade Dance+1","Infinite Blades+1","Distraction","Venomology","Skewer+1","Backstab","Footwork+1","PiercingWail","Cloak And Dagger","Adrenaline","Noxious Fumes","Acrobatics","Storm of Steel","Dash","Acrobatics","Night Terror","Choke+1","Acrobatics","Night Terror","Dash+1"],"special_seed":0,"relics":["Coffee Dripper","Dead Branch","Bottled Flame","StoneCalendar","Bag of Marbles","Fusion Hammer","Red Mask","Regal Pillow","Art of War","Lantern","Snecko Eye","Calipers","Anchor","Pen Nib","Lee\u0027s Waffle","Blue Candle","Centennial Puzzle","Torii"],"potions_floor_usage":[18,20,24,25,27,28,28,33,36,36,38,38,39,40,40,48,50,50,50,56,56,56,56,56,56,56,56,56],"damage_taken":[{"damage":0,"enemies":"Jaw Worm","floor":1,"turns":6},{"damage":4,"enemies":"Cultist","floor":3,"turns":5},{"damage":17,"enemies":"3 Sentries","floor":6,"turns":7},{"damage":0,"enemies":"Small Slimes","floor":7,"turns":4},{"damage":6,"enemies":"Blue Slaver","floor":14,"turns":3},{"damage":0,"enemies":"Slime Boss","floor":16,"turns":4},{"damage":0,"enemies":"3 Byrds","floor":18,"turns":4},{"damage":12,"enemies":"Masked Bandits","floor":20,"turns":4},{"damage":0,"enemies":"Shell Parasite","floor":22,"turns":1},{"damage":0,"enemies":"Centurion and Healer","floor":24,"turns":2},{"damage":5,"enemies":"Slavers","floor":25,"turns":3},{"damage":0,"enemies":"3 Cultists","floor":27,"turns":4},{"damage":11,"enemies":"Sentry and Sphere","floor":28,"turns":4},{"damage":0,"enemies":"Shelled Parasite and Fungi","floor":30,"turns":2},{"damage":3,"enemies":"Collector","floor":33,"turns":7},{"damage":0,"enemies":"Orb Walker","floor":35,"turns":2},{"damage":0,"enemies":"2 Orb Walkers","floor":36,"turns":3},{"damage":12,"enemies":"3 Darklings","floor":38,"turns":3},{"damage":0,"enemies":"Writhing Mass","floor":39,"turns":4},{"damage":2,"enemies":"Nemesis","floor":40,"turns":7},{"damage":0,"enemies":"Reptomancer","floor":42,"turns":5},{"damage":0,"enemies":"Jaw Worm Horde","floor":44,"turns":3},{"damage":0,"enemies":"Giant Head","floor":46,"turns":5},{"damage":0,"enemies":"Nemesis","floor":48,"turns":5},{"damage":42,"enemies":"Awakened One","floor":50,"turns":10},{"damage":6,"enemies":"Donu and Deca","floor":51,"turns":7},{"damage":0,"enemies":"Shield and Spear","floor":55,"turns":7},{"damage":98,"enemies":"The Heart","floor":56,"turns":3}],"seed_played":"38900720304872821","potions_obtained":[{"floor":6,"key":"PowerPotion"},{"floor":7,"key":"EssenceOfSteel"},{"floor":18,"key":"GhostInAJar"},{"floor":28,"key":"Explosive Potion"},{"floor":36,"key":"EntropicBrew"},{"floor":48,"key":"SkillPotion"}],"is_trial":false,"path_per_floor":["M","?","M","?","$","E","M","R","T","R","T","?","$","M","R","B",null,"M","?","?","?","M","R","M","E","T","M","M","$","M","?","R","B",null,"M","?","?","M","M","E","?","E","T","M","$","E","R","E","R","B","B",null,"R","$","E","B"],"character_chosen":"THE_SILENT","items_purchased":["Leg Sweep","Infinite Blades","Lantern","Lee\u0027s Waffle","Night Terror"],"campfire_rested":0,"item_purchase_floors":[5,13,29,45,54],"current_hp_per_floor":[59,59,55,55,55,38,38,38,38,38,38,31,31,25,25,25,56,56,56,44,44,44,44,44,39,39,39,28,28,28,28,28,25,56,56,56,56,44,44,57,57,57,57,57,70,70,70,70,70,28,22,58,58,58,58,0],"gold":83,"neow_bonus":"BOSS_RELIC","is_prod":false,"is_daily":false,"chose_seed":false,"campfire_upgraded":3,"win_rate":0,"timestamp":1563627884,"path_taken":["M","?","?","?","$","E","M","R","T","R","?","?","?","M","R","BOSS","M","?","?","?","M","R","?","E","T","M","M","?","M","?","R","BOSS","M","?","?","M","M","E","?","E","T","M","?","E","R","E","R","BOSS","BOSS","R","$","E","BOSS"],"build_version":"2019-07-17","purchased_purges":2,"victory":false,"max_hp_per_floor":[66,66,66,66,66,66,66,66,66,66,66,66,66,66,66,66,66,66,66,66,66,66,66,66,66,66,66,66,66,66,66,66,66,66,66,66,66,66,66,66,63,63,63,63,70,70,70,70,70,70,70,70,70,70,70,70],"card_choices":[{"not_picked":["Bane","Flying Knee"],"picked":"Quick Slash","floor":1},{"not_picked":["Eviscerate","Flechettes"],"picked":"Finisher","floor":3},{"not_picked":["Dagger Spray","Malaise"],"picked":"Adrenaline","floor":6},{"not_picked":["Caltrops","Finisher"],"picked":"Blade Dance","floor":7},{"not_picked":["All Out Attack","Escape Plan"],"picked":"Distraction","floor":14},{"not_picked":["Burst","Die Die Die"],"picked":"Venomology","floor":16},{"not_picked":["Prepared","Deflect"],"picked":"Skewer+1","floor":18},{"not_picked":["Cloak And Dagger","Caltrops"],"picked":"Footwork+1","floor":20},{"not_picked":["Dash","Dagger Spray"],"picked":"PiercingWail","floor":22},{"not_picked":["Prepared","PiercingWail"],"picked":"Cloak And Dagger","floor":24},{"not_picked":["Setup+1","All Out Attack"],"picked":"Adrenaline","floor":25},{"not_picked":["Blade Dance","Skewer","Deadly Poison"],"picked":"SKIP","floor":27},{"not_picked":["Dagger Spray","Deflect"],"picked":"Noxious Fumes","floor":28},{"not_picked":["Dodge and Roll","Flying Knee"],"picked":"Acrobatics","floor":30},{"not_picked":["Envenom","Die Die Die"],"picked":"Storm of Steel","floor":33},{"not_picked":["Blade Dance","Slice","Terror"],"picked":"SKIP","floor":35},{"not_picked":["Backflip","Acrobatics"],"picked":"Dash","floor":36},{"not_picked":["Catalyst","Dagger Spray"],"picked":"Acrobatics","floor":38},{"not_picked":["Bane+1","Cloak And Dagger","Sucker Punch"],"picked":"SKIP","floor":39},{"not_picked":["Masterful Stab","Cloak And Dagger"],"picked":"Night Terror","floor":40},{"not_picked":["Outmaneuver","Underhanded Strike","Well Laid Plans"],"picked":"SKIP","floor":42},{"not_picked":["Deflect","Deadly Poison","Flying Knee"],"picked":"SKIP","floor":44},{"not_picked":["PiercingWail","Burst"],"picked":"Choke+1","floor":46},{"not_picked":["Tools of the Trade","Accuracy"],"picked":"Acrobatics","floor":48},{"not_picked":["Dagger Throw+1","Flying Knee"],"picked":"Dash+1","floor":55}],"player_experience":726088,"relics_obtained":[{"floor":6,"key":"Bottled Flame"},{"floor":9,"key":"StoneCalendar"},{"floor":11,"key":"Bag of Marbles"},{"floor":20,"key":"Red Mask"},{"floor":25,"key":"Regal Pillow"},{"floor":26,"key":"Art of War"},{"floor":36,"key":"Calipers"},{"floor":40,"key":"Anchor"},{"floor":42,"key":"Pen Nib"},{"floor":46,"key":"Blue Candle"},{"floor":48,"key":"Centennial Puzzle"},{"floor":55,"key":"Torii"}],"event_choices":[{"cards_removed":["Strike_G"],"damage_healed":0,"gold_gain":0,"player_choice":"Purged","damage_taken":0,"max_hp_gain":0,"max_hp_loss":0,"event_name":"Purifier","floor":2,"gold_loss":0},{"damage_healed":0,"gold_gain":0,"player_choice":"Box","damage_taken":0,"relics_obtained":["Dead Branch"],"max_hp_gain":0,"max_hp_loss":0,"event_name":"Big Fish","floor":4,"gold_loss":0,"cards_obtained":["Regret"]},{"cards_removed":["Strike_G"],"damage_healed":0,"gold_gain":0,"player_choice":"Card Removal","damage_taken":7,"max_hp_gain":0,"max_hp_loss":0,"event_name":"Golden Wing","floor":12,"gold_loss":0},{"damage_healed":0,"gold_gain":0,"player_choice":"Read","damage_taken":0,"max_hp_gain":0,"max_hp_loss":0,"event_name":"The Library","floor":19,"gold_loss":0,"cards_obtained":["Backstab"]},{"damage_healed":0,"gold_gain":0,"player_choice":"Fought Bandits","damage_taken":0,"max_hp_gain":0,"max_hp_loss":0,"event_name":"Masked Bandits","floor":20,"gold_loss":0},{"cards_removed":["Strike_G"],"damage_healed":0,"gold_gain":0,"player_choice":"Purged","damage_taken":0,"max_hp_gain":0,"max_hp_loss":0,"event_name":"Purifier","floor":21,"gold_loss":0},{"damage_healed":0,"gold_gain":50,"player_choice":"Stole From Cult","damage_taken":0,"max_hp_gain":0,"max_hp_loss":0,"event_name":"Nest","floor":31,"gold_loss":0},{"damage_healed":0,"gold_gain":0,"player_choice":"Fight","damage_taken":0,"max_hp_gain":0,"max_hp_loss":0,"event_name":"Mysterious Sphere","floor":36,"gold_loss":0},{"damage_healed":0,"gold_gain":0,"player_choice":"Ignored","damage_taken":0,"max_hp_gain":0,"max_hp_loss":0,"event_name":"Tomb of Lord Red Mask","floor":37,"gold_loss":0},{"damage_healed":0,"gold_gain":0,"player_choice":"Max HP","damage_taken":0,"max_hp_gain":0,"max_hp_loss":3,"event_name":"Winding Halls","floor":41,"gold_loss":0}],"is_beta":false,"boss_relics":[{"not_picked":["Velvet Choker","Lizard Tail"],"picked":"Fusion Hammer"},{"not_picked":["Orrery","Philosopher\u0027s Stone"],"picked":"Snecko Eye"}],"items_purged_floors":[5,29],"is_endless":false,"potions_floor_spawned":[6,7,16,18,24,28,30,36,38,42,46,48],"killed_by":"The Heart","ascension_level":20}