{"gold_per_floor":[118,118,118,118,138,138,138,138,138,138,21,21,21,21,21,117,117,131,149,169,169,14,38,38,38,106,106,106,130,130],"floor_reached":30,"playtime":440,"items_purged":["Steam Power"],"score":528,"play_id":"2aaa876b-1a5b-4ced-a97a-f5cbd09bcbbb","local_time":"20190309223208","is_ascension_mode":true,"campfire_choices":[{"data":"Consume","floor":6.0,"key":"SMITH"},{"data":"Zap","floor":10.0,"key":"SMITH"},{"data":"Sunder","floor":12.0,"key":"SMITH"},{"data":"Capacitor","floor":15.0,"key":"SMITH"},{"floor":24.0,"key":"REST"},{"data":"Hologram","floor":27.0,"key":"SMITH"}],"neow_cost":"NONE","seed_source_timestamp":0,"circlet_count":0,"master_deck":["AscendersBane","Zap+1","Dualcast+1","Consume+1","Sunder+1","Capacitor+1","Ball Lightning","Biased Cognition","White Noise","Tempest","Loop","Skim","Turbo","Turbo","Streamline","Hologram+1","Hologram","Skim","Reinforced Body","Beam Cell"],"special_seed":0,"relics":["Cracked Core","NeowsBlessing","Golden Idol","Bottled Lightning","Nloth\u0027s Gift"],"potions_floor_usage":[30],"damage_taken":[{"damage":0.0,"enemies":"Cultist","floor":1.0,"turns":1.0},{"damage":0.0,"enemies":"2 Louse","floor":5.0,"turns":1.0},{"damage":0.0,"enemies":"The Guardian","floor":16.0,"turns":1.0},{"damage":28.0,"enemies":"3 Byrds","floor":18.0,"turns":4.0},{"damage":0.0,"enemies":"Chosen","floor":19.0,"turns":3.0},{"damage":6.0,"enemies":"Snake Plant","floor":20.0,"turns":2.0},{"damage":20.0,"enemies":"Centurion and Healer","floor":23.0,"turns":4.0},{"damage":9.0,"enemies":"3 Cultists","floor":29.0,"turns":4.0},{"damage":16,"enemies":"Slavers","floor":30,"turns":1}],"seed_played":"-5459438831790487675","potions_obtained":[{"floor":1.0,"key":"Weak Potion"},{"floor":19.0,"key":"Block Potion"},{"floor":23.0,"key":"Explosive Potion"}],"is_trial":false,"path_per_floor":["M","$","?","?","M","R","?","$","T","R","$","R","?","$","R","B",null,"M","M","M","?","$","M","R","$","T","R","?","M","E"],"character_chosen":"DEFECT","items_purchased":["Capacitor","Ball Lightning","Skim"],"campfire_rested":1,"item_purchase_floors":[11,11,22],"current_hp_per_floor":[64,64,43,43,43,43,43,43,43,43,43,43,43,43,43,43,59,31,31,25,25,25,5,24,24,24,24,24,15,0],"gold":130,"neow_bonus":"THREE_ENEMY_KILL","is_prod":false,"is_daily":false,"chose_seed":true,"campfire_upgraded":5,"win_rate":0,"timestamp":1552141928,"path_taken":["M","?","?","?","?","R","?","$","T","R","$","R","?","?","R","BOSS","M","?","M","?","$","M","R","$","T","R","?","M","E"],"build_version":"2019-01-23","purchased_purges":1,"victory":false,"max_hp_per_floor":[71,71,71,64,64,64,64,64,64,64,64,64,64,64,64,64,64,64,64,64,64,64,64,64,64,64,64,64,64,64],"card_choices":[{"not_picked":["Steam","Go for the Eyes"],"picked":"Consume","floor":1.0},{"not_picked":["Compile Driver","Turbo"],"picked":"Sunder","floor":5.0},{"not_picked":["Amplify","Seek"],"picked":"Biased Cognition","floor":16.0},{"not_picked":["Stack","Rebound"],"picked":"Hologram","floor":18.0},{"not_picked":["Doom and Gloom","Gash"],"picked":"Hologram","floor":19.0},{"not_picked":["Stack","Rebound","Gash"],"picked":"SKIP","floor":20.0},{"not_picked":["Beam Cell+1","Hello World"],"picked":"Reinforced Body","floor":23.0},{"not_picked":["Biased Cognition","Reinforced Body"],"picked":"Beam Cell","floor":29.0}],"player_experience":1169406,"relics_obtained":[{"floor":26.0,"key":"Bottled Lightning"}],"event_choices":[{"damage_healed":0.0,"max_hp_gain":0.0,"max_hp_loss":0.0,"gold_gain":0.0,"event_name":"Shining Light","player_choice":"Entered Light","floor":3.0,"gold_loss":0.0,"damage_taken":21.0,"cards_upgraded":["Defend_B","Defend_B"]},{"damage_healed":0.0,"max_hp_gain":0.0,"max_hp_loss":7.0,"gold_gain":0.0,"event_name":"Golden Idol","player_choice":"Lose Max HP","floor":4.0,"gold_loss":0.0,"damage_taken":0.0,"relics_obtained":["Golden Idol"]},{"damage_healed":0.0,"max_hp_gain":0.0,"max_hp_loss":0.0,"gold_gain":0.0,"event_name":"Dead Adventurer","player_choice":"Searched \u00270\u0027 times","floor":7.0,"gold_loss":0.0,"damage_taken":0.0},{"damage_healed":0.0,"max_hp_gain":0.0,"max_hp_loss":0.0,"gold_gain":0.0,"event_name":"Living Wall","player_choice":"Grow","floor":13.0,"gold_loss":0.0,"damage_taken":0.0,"cards_upgraded":["Dualcast"]},{"damage_healed":0.0,"max_hp_gain":0.0,"max_hp_loss":0.0,"gold_gain":0.0,"event_name":"The Mausoleum","player_choice":"Ignored","floor":21.0,"gold_loss":0.0,"damage_taken":0.0},{"damage_healed":0.0,"max_hp_gain":0.0,"max_hp_loss":0.0,"gold_gain":0.0,"event_name":"N\u0027loth","player_choice":"Traded Relic","floor":28.0,"relics_lost":["Pandora\u0027s Box"],"gold_loss":0.0,"damage_taken":0.0,"relics_obtained":["Nloth\u0027s Gift"]}],"is_beta":false,"boss_relics":[{"not_picked":["Runic Pyramid","Busted Crown"],"picked":"Pandora\u0027s Box"}],"items_purged_floors":[22],"is_endless":false,"potions_floor_spawned":[1,19,23],"killed_by":"Slavers","ascension_level":20}