{"gold_per_floor":[111,57,68,80,5,5,18,18,18,28,47,79,79,91,91,168,168,180,180,193,206,45,45,58,58,105,105,105,115,143,155,155,155],"floor_reached":33,"playtime":1377,"items_purged":[],"score":542,"play_id":"5083a536-5d70-44b0-a965-65f0c797b314","local_time":"20181223152645","is_ascension_mode":true,"campfire_choices":[{"data":"Deadly Poison","floor":6.0,"key":"SMITH"},{"data":"Neutralize","floor":8.0,"key":"SMITH"},{"data":"Well Laid Plans","floor":13.0,"key":"SMITH"},{"data":"Leg Sweep","floor":15.0,"key":"SMITH"},{"data":"Deadly Poison","floor":23.0,"key":"SMITH"},{"data":"Ghostly","floor":25.0,"key":"SMITH"},{"data":"Ghostly","floor":27.0,"key":"SMITH"},{"data":"Well Laid Plans","floor":32.0,"key":"SMITH"}],"neow_cost":"NONE","seed_source_timestamp":14009426539995,"circlet_count":0,"master_deck":["AscendersBane","Defend_G","Defend_G","Defend_G","Defend_G","Strike_G","Survivor","Neutralize+1","Leg Sweep","Deadly Poison+1","Leg Sweep+1","Backflip","Well Laid Plans+1","After Image","Masterful Stab+1","Catalyst+1","Finisher+1","Deadly Poison+1","Ghostly","Ghostly+1","Ghostly+1","Well Laid Plans+1"],"special_seed":0,"relics":["Ring of the Snake","Happy Flower","Mercury Hourglass","Astrolabe","Oddly Smooth Stone","Boot","Bag of Marbles"],"potions_floor_usage":[],"damage_taken":[{"damage":5.0,"enemies":"Cultist","floor":1.0,"turns":6.0},{"damage":0.0,"enemies":"2 Louse","floor":3.0,"turns":5.0},{"damage":1.0,"enemies":"Jaw Worm","floor":4.0,"turns":4.0},{"damage":0.0,"enemies":"2 Fungi Beasts","floor":7.0,"turns":4.0},{"damage":1.0,"enemies":"Exordium Thugs","floor":10.0,"turns":6.0},{"damage":0.0,"enemies":"Blue Slaver","floor":11.0,"turns":5.0},{"damage":45.0,"enemies":"Gremlin Nob","floor":12.0,"turns":5.0},{"damage":0.0,"enemies":"Lots of Slimes","floor":14.0,"turns":1.0},{"damage":5.0,"enemies":"The Guardian","floor":16.0,"turns":11.0},{"damage":0.0,"enemies":"Chosen","floor":18.0,"turns":5.0},{"damage":0.0,"enemies":"2 Thieves","floor":20.0,"turns":4.0},{"damage":0.0,"enemies":"Cultist and Chosen","floor":21.0,"turns":9.0},{"damage":0.0,"enemies":"Snake Plant","floor":24.0,"turns":4.0},{"damage":2.0,"enemies":"Chosen and Byrds","floor":29.0,"turns":7.0},{"damage":2.0,"enemies":"Book of Stabbing","floor":30.0,"turns":6.0},{"damage":5.0,"enemies":"Shelled Parasite and Fungi","floor":31.0,"turns":7.0},{"damage":27,"enemies":"Collector","floor":33,"turns":7}],"seed_played":"-4676898053775901921","potions_obtained":[{"floor":1.0,"key":"Explosive Potion"},{"floor":10.0,"key":"Regen Potion"},{"floor":12.0,"key":"Energy Potion"},{"floor":16.0,"key":"Swift Potion"},{"floor":24.0,"key":"FearPotion"},{"floor":29.0,"key":"Ancient Potion"}],"is_trial":false,"path_per_floor":["M","$","M","M","?","R","M","R","T","M","M","E","R","M","R","B",null,"M","?","M","M","$","R","M","R","T","R","?","M","E","M","R","B"],"character_chosen":"THE_SILENT","items_purchased":["Deadly Poison","Oddly Smooth Stone"],"campfire_rested":0,"item_purchase_floors":[2,22],"current_hp_per_floor":[54,54,54,53,53,53,53,53,53,52,66,21,21,21,21,16,54,54,33,33,33,33,33,33,33,33,33,33,31,29,24,24,0],"gold":155,"neow_bonus":"REMOVE_CARD","is_prod":false,"is_daily":false,"chose_seed":false,"campfire_upgraded":8,"win_rate":0,"timestamp":1545550005,"path_taken":["M","$","?","M","?","R","M","R","T","M","M","E","R","M","R","BOSS","M","?","M","M","$","R","M","R","T","R","?","M","E","M","R","BOSS"],"build_version":"2018-12-20","purchased_purges":0,"victory":false,"max_hp_per_floor":[66,66,66,66,66,66,66,66,66,66,66,66,66,66,66,66,66,66,33,33,33,33,33,33,33,33,33,33,33,33,33,33,33],"card_choices":[{"not_picked":["Concentrate","Masterful Stab"],"picked":"Leg Sweep","floor":1.0},{"not_picked":["Dagger Throw","Dagger Spray","Concentrate"],"picked":"SKIP","floor":3.0},{"not_picked":["Quick Slash","Dodge and Roll","Underhanded Strike"],"picked":"SKIP","floor":4.0},{"not_picked":["Underhanded Strike","Deflect"],"picked":"Leg Sweep","floor":7.0},{"not_picked":["Riddle With Holes","PiercingWail"],"picked":"Backflip","floor":10.0},{"not_picked":["Finisher","Flying Knee","Outmaneuver"],"picked":"SKIP","floor":11.0},{"not_picked":["Reflex","Endless Agony"],"picked":"Well Laid Plans","floor":12.0},{"not_picked":["Distraction","Terror","Sucker Punch"],"picked":"SKIP","floor":14.0},{"not_picked":["Burst","Die Die Die"],"picked":"After Image","floor":16.0},{"not_picked":["Blade Dance","Slice+1"],"picked":"Deadly Poison","floor":18.0},{"not_picked":["Dagger Spray","Bane"],"picked":"Backflip","floor":20.0},{"not_picked":["Prepared","Eviscerate","Blade Dance+1"],"picked":"SKIP","floor":21.0},{"not_picked":["Masterful Stab","Underhanded Strike","Dagger Throw"],"picked":"SKIP","floor":24.0},{"not_picked":["Flechettes","Dagger Throw","Poisoned Stab"],"picked":"SKIP","floor":29.0},{"not_picked":["Escape Plan","Calculated Gamble+1"],"picked":"Well Laid Plans","floor":30.0},{"not_picked":["Quick Slash","Cloak And Dagger","Choke+1"],"picked":"SKIP","floor":31.0}],"player_experience":1430013,"relics_obtained":[{"floor":9.0,"key":"Happy Flower"},{"floor":12.0,"key":"Mercury Hourglass"},{"floor":30.0,"key":"Bag of Marbles"}],"event_choices":[{"cards_removed":["Strike_G"],"damage_healed":0.0,"max_hp_gain":0.0,"max_hp_loss":0.0,"gold_gain":0.0,"event_name":"The Cleric","player_choice":"Card Removal","floor":5.0,"gold_loss":75.0,"damage_taken":0.0},{"damage_healed":0.0,"max_hp_gain":0.0,"max_hp_loss":33.0,"gold_gain":0.0,"event_name":"Ghosts","player_choice":"Became a Ghost","floor":19.0,"gold_loss":0.0,"damage_taken":0.0,"cards_obtained":["Ghostly","Ghostly","Ghostly"]},{"cards_removed":["Backflip"],"damage_healed":0.0,"max_hp_gain":0.0,"max_hp_loss":0.0,"gold_gain":0.0,"event_name":"WeMeetAgain","player_choice":"Gave Card","floor":28.0,"gold_loss":0.0,"damage_taken":0.0,"relics_obtained":["Boot"]}],"is_beta":false,"boss_relics":[{"not_picked":["Coffee Dripper","WristBlade"],"picked":"Astrolabe"}],"items_purged_floors":[],"is_endless":false,"potions_floor_spawned":[1,10,12,16,20,24,29],"killed_by":"Collector","ascension_level":20}