{"gold_per_floor":[112,127,137,62,62,62,96,96,96,122,142,42,42,42,42,42],"floor_reached":16,"playtime":221,"items_purged":["Defend_R","Defend_R"],"score":216,"play_id":"d0efd498-5ab3-496e-9d06-f39fa8065fb3","local_time":"20190121130924","is_ascension_mode":true,"campfire_choices":[{"data":"Perfected Strike","floor":6.0,"key":"SMITH"},{"data":"Defend_R","floor":8.0,"key":"PURGE"},{"data":"Feed","floor":15.0,"key":"SMITH"}],"neow_cost":"NONE","seed_source_timestamp":8342558002073,"circlet_count":0,"master_deck":["AscendersBane","Strike_R","Strike_R","Strike_R","Strike_R","Strike_R","Bash+1","Dramatic Entrance","Perfected Strike+1","Feed+1","Shrug It Off","Shrug It Off"],"special_seed":0,"relics":["Burning Blood","Peace Pipe","Gremlin Horn","StoneCalendar"],"potions_floor_usage":[],"damage_taken":[{"damage":8.0,"enemies":"2 Louse","floor":1.0,"turns":3.0},{"damage":1.0,"enemies":"Cultist","floor":2.0,"turns":3.0},{"damage":10.0,"enemies":"Small Slimes","floor":3.0,"turns":3.0},{"damage":55.0,"enemies":"Lagavulin","floor":7.0,"turns":6.0},{"damage":8.0,"enemies":"Gremlin Nob","floor":10.0,"turns":3.0},{"damage":6.0,"enemies":"Looter","floor":11.0,"turns":2.0},{"damage":0,"enemies":"Slime Boss","floor":16,"turns":1}],"seed_played":"-7777180194825004665","potions_obtained":[{"floor":3.0,"key":"GamblersBrew"},{"floor":10.0,"key":"Fire Potion"}],"is_trial":false,"path_per_floor":["M","M","M","$","?","R","E","R","T","E","M","$","?","?","R","B"],"character_chosen":"IRONCLAD","items_purchased":[],"campfire_rested":0,"item_purchase_floors":[],"current_hp_per_floor":[66,71,67,67,67,67,18,18,18,16,19,19,19,45,45,45],"gold":42,"neow_bonus":"RANDOM_COLORLESS","is_prod":false,"is_daily":false,"chose_seed":false,"campfire_upgraded":2,"win_rate":0,"timestamp":1548047364,"path_taken":["M","M","M","$","?","R","E","R","T","E","?","$","?","?","R","BOSS"],"build_version":"2019-01-17v2","purchased_purges":2,"victory":false,"max_hp_per_floor":[75,75,75,75,75,75,75,75,75,75,78,78,78,78,78,78],"card_choices":[{"not_picked":["Twin Strike","Warcry"],"picked":"Perfected Strike","floor":1.0},{"not_picked":["Rampage","Rupture","Bloodletting"],"picked":"SKIP","floor":2.0},{"not_picked":["Headbutt","Flex","Spot Weakness"],"picked":"SKIP","floor":3.0},{"not_picked":["Sever Soul","Shrug It Off"],"picked":"Feed","floor":7.0},{"not_picked":["Shrug It Off","Flame Barrier","Flex"],"picked":"SKIP","floor":10.0},{"not_picked":["Flame Barrier","Flex"],"picked":"Shrug It Off","floor":10.0},{"not_picked":["Wild Strike","Sword Boomerang"],"picked":"Shrug It Off","floor":11.0}],"player_experience":2101737,"relics_obtained":[{"floor":7.0,"key":"Peace Pipe"},{"floor":9.0,"key":"Gremlin Horn"},{"floor":10.0,"key":"StoneCalendar"}],"event_choices":[{"cards_removed":["Defend_R"],"damage_healed":0.0,"max_hp_gain":0.0,"max_hp_loss":0.0,"gold_gain":0.0,"event_name":"Bonfire Elementals","player_choice":"Offered Basic","floor":5.0,"gold_loss":0.0,"damage_taken":0.0},{"damage_healed":0.0,"max_hp_gain":0.0,"max_hp_loss":0.0,"gold_gain":0.0,"event_name":"Living Wall","player_choice":"Grow","floor":13.0,"gold_loss":0.0,"damage_taken":0.0,"cards_upgraded":["Bash"]},{"damage_healed":26.0,"max_hp_gain":0.0,"max_hp_loss":0.0,"gold_gain":0.0,"event_name":"Big Fish","player_choice":"Banana","floor":14.0,"gold_loss":0.0,"damage_taken":0.0}],"is_beta":false,"boss_relics":[],"items_purged_floors":[4,12],"is_endless":false,"potions_floor_spawned":[3,10],"killed_by":"Slime Boss","ascension_level":20}