{"gold_per_floor":[10,29,44,59,59,94,94,108,108,136,136,169,169,6,6,84,84,96,115,115,126,76,107,141,172,172,207,227,227,227,254,254,329,329,341,360,42,55,55,88,88,188,236,252,286,508,527,559,559,559,559,559,559,35,65,65],"floor_reached":57,"playtime":3125,"items_purged":["Strike_B"],"score":3151,"play_id":"d1bd2d68-a43f-4964-beed-77e5e8e0ae2f","local_time":"20190315154800","is_ascension_mode":true,"campfire_choices":[{"data":"Apotheosis","floor":7.0,"key":"SMITH"},{"data":"Biased Cognition","floor":11.0,"key":"SMITH"},{"floor":15.0,"key":"RECALL"},{"floor":30.0,"key":"REST"},{"data":"Skim","floor":32.0,"key":"SMITH"},{"floor":41.0,"key":"DIG"},{"floor":49.0,"key":"DIG"},{"floor":53.0,"key":"DIG"}],"neow_cost":"NO_GOLD","seed_source_timestamp":8662392070063,"circlet_count":0,"master_deck":["AscendersBane","Strike_B","Strike_B","Defend_B","Defend_B","Defend_B","Defend_B","Zap","Dualcast","Good Instincts","Apotheosis+1","Auto Shields","Cold Snap","Reinforced Body","Hologram","Biased Cognition+1","Ball Lightning","Self Repair","Rainbow","Electrodynamics","Compile Driver","Coolheaded","Turbo","Core Surge","Coolheaded","Skim+1","Undo","Stack","Seek","Defragment","Turbo+1","Heatsinks+1","Mayhem","Mayhem","Stack","Undo+1","Coolheaded","White Noise+1","Skim"],"special_seed":0,"relics":["Cracked Core","Smiling Mask","Art of War","Bag of Marbles","Symbiotic Virus","DataDisk","Runic Dome","Juzu Bracelet","Red Mask","The Courier","Strawberry","Ginger","Fusion Hammer","Membership Card","Shovel","Potion Belt","Lantern","Du-Vu Doll","Regal Pillow","Darkstone Periapt","Bottled Flame","Pantograph","Cables","Vajra","FossilizedHelix","Bottled Tornado","Ornamental Fan","Bag of Preparation","Bronze Scales","Incense Burner"],"potions_floor_usage":[56,56,56,56],"damage_taken":[{"damage":0.0,"enemies":"Small Slimes","floor":1.0,"turns":3.0},{"damage":1.0,"enemies":"2 Louse","floor":2.0,"turns":3.0},{"damage":0.0,"enemies":"Cultist","floor":3.0,"turns":3.0},{"damage":0.0,"enemies":"2 Fungi Beasts","floor":4.0,"turns":3.0},{"damage":0.0,"enemies":"Lagavulin","floor":6.0,"turns":6.0},{"damage":13.0,"enemies":"Blue Slaver","floor":8.0,"turns":3.0},{"damage":22.0,"enemies":"Gremlin Nob","floor":10.0,"turns":4.0},{"damage":0.0,"enemies":"Lagavulin","floor":12.0,"turns":5.0},{"damage":0.0,"enemies":"The Guardian","floor":16.0,"turns":9.0},{"damage":6.0,"enemies":"Shell Parasite","floor":18.0,"turns":4.0},{"damage":0.0,"enemies":"3 Byrds","floor":19.0,"turns":3.0},{"damage":13.0,"enemies":"Snake Plant","floor":21.0,"turns":4.0},{"damage":9.0,"enemies":"Gremlin Leader","floor":23.0,"turns":6.0},{"damage":15.0,"enemies":"Masked Bandits","floor":24.0,"turns":3.0},{"damage":5.0,"enemies":"Slavers","floor":25.0,"turns":3.0},{"damage":21.0,"enemies":"Book of Stabbing","floor":27.0,"turns":4.0},{"damage":0.0,"enemies":"Snecko","floor":28.0,"turns":4.0},{"damage":17.0,"enemies":"Slavers","floor":31.0,"turns":2.0},{"damage":16.0,"enemies":"Automaton","floor":33.0,"turns":9.0},{"damage":0.0,"enemies":"3 Shapes","floor":35.0,"turns":4.0},{"damage":0.0,"enemies":"Orb Walker","floor":36.0,"turns":4.0},{"damage":4.0,"enemies":"Maw","floor":38.0,"turns":6.0},{"damage":23.0,"enemies":"Nemesis","floor":40.0,"turns":9.0},{"damage":0.0,"enemies":"Mind Bloom Boss Battle","floor":42.0,"turns":5.0},{"damage":4.0,"enemies":"Sphere and 2 Shapes","floor":44.0,"turns":5.0},{"damage":2.0,"enemies":"Giant Head","floor":45.0,"turns":7.0},{"damage":5.0,"enemies":"4 Shapes","floor":47.0,"turns":4.0},{"damage":1.0,"enemies":"Nemesis","floor":48.0,"turns":5.0},{"damage":76.0,"enemies":"Time Eater","floor":50.0,"turns":13.0},{"damage":5.0,"enemies":"Donu and Deca","floor":51.0,"turns":8.0},{"damage":15,"enemies":"Shield and Spear","floor":55,"turns":8},{"damage":15,"enemies":"The Heart","floor":56,"turns":8}],"seed_played":"321897115149709010","potions_obtained":[{"floor":1.0,"key":"Ancient Potion"},{"floor":2.0,"key":"Strength Potion"},{"floor":13.0,"key":"AttackPotion"},{"floor":23.0,"key":"PowerPotion"},{"floor":45.0,"key":"SneckoOil"},{"floor":47.0,"key":"FocusPotion"},{"floor":48.0,"key":"Energy Potion"}],"is_trial":false,"path_per_floor":["M","M","M","M","?","E","R","M","T","E","R","E","?","$","R","B",null,"M","M","?","M","$","E","?","E","T","E","M","?","R","E","R","B",null,"M","M","$","M","?","E","R","?","T","M","E","?","M","E","R","B","B",null,"R","$","E","B",null],"character_chosen":"DEFECT","items_purchased":["DataDisk","Membership Card","Shovel","Vajra","FossilizedHelix","Bottled Tornado","Ornamental Fan","Bag of Preparation","Bronze Scales"],"campfire_rested":1,"item_purchase_floors":[14,37,37,54,54,54,54,54,54],"current_hp_per_floor":[64,63,63,63,63,63,63,50,50,38,38,48,48,48,48,58,68,71,71,51,48,48,49,34,29,29,22,32,32,56,39,39,33,71,71,81,81,83,73,60,60,70,70,76,83,83,83,83,83,14,44,73,73,73,65,78],"gold":65,"neow_bonus":"RANDOM_COLORLESS_2","is_prod":false,"is_daily":false,"chose_seed":false,"campfire_upgraded":3,"win_rate":0,"timestamp":1552636080,"path_taken":["M","M","M","M","?","E","R","M","T","E","R","E","?","$","R","BOSS","M","M","?","M","$","E","?","E","T","E","M","?","R","E","R","BOSS","M","M","$","M","?","E","R","?","T","M","E","?","M","E","R","BOSS","BOSS","R","$","E","BOSS"],"build_version":"2019-01-23","purchased_purges":1,"victory":true,"max_hp_per_floor":[71,71,71,71,71,71,71,71,71,71,71,71,71,71,71,71,71,71,71,76,76,76,76,76,76,76,83,83,83,83,83,83,83,83,83,83,83,83,83,83,83,83,83,83,83,83,83,83,83,83,83,83,83,83,83,83],"card_choices":[{"not_picked":["Hologram","Hello World"],"picked":"Auto Shields","floor":1.0},{"not_picked":["Scrape","Storm"],"picked":"Cold Snap","floor":2.0},{"not_picked":["Storm","Compile Driver"],"picked":"Reinforced Body","floor":3.0},{"not_picked":["Rebound","Compile Driver"],"picked":"Hologram","floor":4.0},{"not_picked":["Barrage","BootSequence"],"picked":"Ball Lightning","floor":6.0},{"not_picked":["Chaos","Cold Snap"],"picked":"Self Repair","floor":8.0},{"not_picked":["Fusion","Consume"],"picked":"Rainbow","floor":10.0},{"not_picked":["Sweeping Beam","Leap","Reprogram"],"picked":"SKIP","floor":12.0},{"not_picked":["Machine Learning","Multi-Cast"],"picked":"Electrodynamics","floor":16.0},{"not_picked":["Compile Driver","Go for the Eyes","Ball Lightning"],"picked":"SKIP","floor":18.0},{"not_picked":["Go for the Eyes","Ball Lightning"],"picked":"Compile Driver","floor":18.0},{"not_picked":["Leap","Redo","Hologram"],"picked":"SKIP","floor":19.0},{"not_picked":["Aggregate","Ball Lightning"],"picked":"Coolheaded","floor":21.0},{"not_picked":["Compile Driver","Steam+1"],"picked":"Turbo","floor":23.0},{"not_picked":["Conserve Battery","Static Discharge"],"picked":"Core Surge","floor":25.0},{"not_picked":["Steam Power","Tempest"],"picked":"Coolheaded","floor":27.0},{"not_picked":["Streamline","Sunder"],"picked":"Skim","floor":28.0},{"not_picked":["Force Field","Reinforced Body"],"picked":"Stack","floor":31.0},{"not_picked":["Reboot","Amplify"],"picked":"Seek","floor":33.0},{"not_picked":["Steam+1","Lockon"],"picked":"Defragment","floor":35.0},{"not_picked":["Tempest","Stack"],"picked":"Turbo+1","floor":36.0},{"not_picked":["Fusion","Darkness+1"],"picked":"Heatsinks+1","floor":38.0},{"not_picked":["Bandage Up","Flash of Steel"],"picked":"Mayhem","floor":39.0},{"not_picked":["Transmutation","Dark Shackles"],"picked":"Mayhem","floor":39.0},{"not_picked":["Chaos+1","FTL"],"picked":"Stack","floor":40.0},{"not_picked":["Rebound","Static Discharge"],"picked":"Undo+1","floor":44.0},{"not_picked":["Barrage","Genetic Algorithm"],"picked":"Coolheaded","floor":45.0},{"not_picked":["Redo","Go for the Eyes","Turbo"],"picked":"SKIP","floor":47.0},{"not_picked":["Chill","BootSequence"],"picked":"White Noise+1","floor":48.0},{"not_picked":["Steam Power","Force Field+1"],"picked":"Skim","floor":55}],"player_experience":3608229,"relics_obtained":[{"floor":6.0,"key":"Smiling Mask"},{"floor":9.0,"key":"Art of War"},{"floor":10.0,"key":"Bag of Marbles"},{"floor":12.0,"key":"Symbiotic Virus"},{"floor":23.0,"key":"Juzu Bracelet"},{"floor":24.0,"key":"Red Mask"},{"floor":25.0,"key":"The Courier"},{"floor":27.0,"key":"Strawberry"},{"floor":31.0,"key":"Ginger"},{"floor":40.0,"key":"Potion Belt"},{"floor":41.0,"key":"Lantern"},{"floor":42.0,"key":"Du-Vu Doll"},{"floor":43.0,"key":"Regal Pillow"},{"floor":45.0,"key":"Darkstone Periapt"},{"floor":48.0,"key":"Bottled Flame"},{"floor":49.0,"key":"Pantograph"},{"floor":53.0,"key":"Cables"},{"floor":55,"key":"Incense Burner"}],"event_choices":[{"damage_healed":0.0,"max_hp_gain":0.0,"max_hp_loss":0.0,"gold_gain":0.0,"cards_transformed":["Strike_B"],"event_name":"Living Wall","player_choice":"Change","floor":5.0,"gold_loss":0.0,"damage_taken":0.0,"cards_obtained":["Biased Cognition"]},{"damage_healed":0.0,"max_hp_gain":0.0,"max_hp_loss":0.0,"gold_gain":0.0,"event_name":"Lab","player_choice":"Got Potions","floor":13.0,"gold_loss":0.0,"damage_taken":0.0},{"damage_healed":0.0,"max_hp_gain":5.0,"max_hp_loss":0.0,"gold_gain":0.0,"event_name":"Forgotten Altar","player_choice":"Shed Blood","floor":20.0,"gold_loss":0.0,"damage_taken":25.0},{"damage_healed":0.0,"max_hp_gain":0.0,"max_hp_loss":0.0,"gold_gain":0.0,"event_name":"Masked Bandits","player_choice":"Fought Bandits","floor":24.0,"gold_loss":0.0,"damage_taken":0.0},{"damage_healed":0.0,"max_hp_gain":0.0,"max_hp_loss":0.0,"gold_gain":0.0,"event_name":"The Library","player_choice":"Read","floor":29.0,"gold_loss":0.0,"damage_taken":0.0,"cards_obtained":["Undo"]},{"damage_healed":0.0,"max_hp_gain":0.0,"max_hp_loss":0.0,"gold_gain":0.0,"event_name":"SensoryStone","player_choice":"Memory 3","floor":39.0,"gold_loss":0.0,"damage_taken":10.0},{"damage_healed":0.0,"max_hp_gain":0.0,"max_hp_loss":0.0,"gold_gain":0.0,"event_name":"MindBloom","player_choice":"Fight","floor":42.0,"gold_loss":0.0,"damage_taken":0.0},{"damage_healed":0.0,"max_hp_gain":0.0,"max_hp_loss":0.0,"gold_gain":222.0,"event_name":"Tomb of Lord Red Mask","player_choice":"Wore Mask","floor":46.0,"gold_loss":0.0,"damage_taken":0.0}],"is_beta":false,"boss_relics":[{"not_picked":["Empty Cage","Tiny House"],"picked":"Runic Dome"},{"not_picked":["Calling Bell","Snecko Eye"],"picked":"Fusion Hammer"}],"items_purged_floors":[22],"is_endless":false,"potions_floor_spawned":[1,2,4,8,23,24,25,27,38,45,47,48,55],"ascension_level":20}