{"gold_per_floor":[113,113,113,113,163,163,189,203,203,221,221,241,241,241,241,314,314,334,346,346,360,377,402,327,356,356,384,396,396,59,85,85,159,159,171,171,5,18,28,60,60,72,99,134,156,197,209,221,233,245,257,269,281,17,51,51],"floor_reached":57,"playtime":6364,"items_purged":["Strike_G","Strike_G","Strike_G"],"score":3086,"play_id":"9e03812b-a514-4946-adc5-79e69dbb8977","local_time":"20190215081412","is_ascension_mode":true,"campfire_choices":[{"data":"Corpse Explosion","floor":6.0,"key":"SMITH"},{"data":"Well Laid Plans","floor":11.0,"key":"SMITH"},{"data":"Night Terror","floor":13.0,"key":"SMITH"},{"data":"Neutralize","floor":15.0,"key":"SMITH"},{"floor":29.0,"key":"RECALL"},{"floor":32.0,"key":"REST"},{"floor":41.0,"key":"REST"},{"floor":49,"key":"REST"},{"floor":53,"key":"REST"}],"neow_cost":"TEN_PERCENT_HP_LOSS","seed_source_timestamp":0,"circlet_count":0,"master_deck":["AscendersBane","Defend_G","Defend_G","Defend_G","Defend_G","Survivor+1","Neutralize+1","Flying Knee+1","Corpse Explosion+1","Leg Sweep","Well Laid Plans+1","Night Terror+1","Adrenaline+1","Tactician+1","PiercingWail+1","Ghostly","Ghostly+1","Ghostly","Acrobatics","Night Terror","Footwork","Footwork+1","Backflip","Caltrops","Caltrops+1","Adrenaline","Madness","Madness","Setup","After Image"],"special_seed":0,"relics":["Ring of the Snake","Bag of Preparation","Unceasing Top","Blood Vial","Fusion Hammer","Potion Belt","Smiling Mask","Vajra","Kunai","Singing Bowl","Runic Pyramid","War Paint","Pen Nib","Omamori","MawBank","Pantograph"],"potions_floor_usage":[56,56,56,56],"damage_taken":[{"damage":0.0,"enemies":"Small Slimes","floor":1.0,"turns":3.0},{"damage":3.0,"enemies":"3 Sentries","floor":7.0,"turns":5.0},{"damage":0.0,"enemies":"2 Louse","floor":8.0,"turns":2.0},{"damage":0.0,"enemies":"Cultist","floor":10.0,"turns":3.0},{"damage":6.0,"enemies":"Blue Slaver","floor":12.0,"turns":4.0},{"damage":1.0,"enemies":"The Guardian","floor":16.0,"turns":11.0},{"damage":0.0,"enemies":"3 Byrds","floor":18.0,"turns":3.0},{"damage":19.0,"enemies":"2 Thieves","floor":19.0,"turns":3.0},{"damage":0.0,"enemies":"Centurion and Healer","floor":21.0,"turns":7.0},{"damage":0.0,"enemies":"Sentry and Sphere","floor":22.0,"turns":4.0},{"damage":4.0,"enemies":"Book of Stabbing","floor":23.0,"turns":6.0},{"damage":3.0,"enemies":"Gremlin Leader","floor":25.0,"turns":8.0},{"damage":0.0,"enemies":"Book of Stabbing","floor":27.0,"turns":5.0},{"damage":0.0,"enemies":"Shelled Parasite and Fungi","floor":28.0,"turns":6.0},{"damage":0.0,"enemies":"Gremlin Leader","floor":31.0,"turns":7.0},{"damage":23.0,"enemies":"Champ","floor":33.0,"turns":21.0},{"damage":0.0,"enemies":"Orb Walker","floor":35.0,"turns":6.0},{"damage":0.0,"enemies":"3 Darklings","floor":38.0,"turns":5.0},{"damage":0.0,"enemies":"Maw","floor":39.0,"turns":13.0},{"damage":17.0,"enemies":"Nemesis","floor":40.0,"turns":19.0},{"damage":0.0,"enemies":"Jaw Worm Horde","floor":42.0,"turns":5.0},{"damage":0.0,"enemies":"Reptomancer","floor":44.0,"turns":14.0},{"damage":2,"enemies":"4 Shapes","floor":45,"turns":5},{"damage":0,"enemies":"Nemesis","floor":46,"turns":15},{"damage":2,"enemies":"Donu and Deca","floor":50,"turns":8},{"damage":36,"enemies":"Time Eater","floor":51,"turns":14},{"damage":0,"enemies":"Shield and Spear","floor":55,"turns":11},{"damage":14,"enemies":"The Heart","floor":56,"turns":17}],"seed_played":"-2313111773230012471","potions_obtained":[{"floor":1.0,"key":"Strength Potion"},{"floor":10.0,"key":"LiquidBronze"},{"floor":21.0,"key":"Energy Potion"},{"floor":23.0,"key":"Dexterity Potion"},{"floor":31.0,"key":"Fire Potion"},{"floor":33.0,"key":"GhostInAJar"},{"floor":35.0,"key":"SteroidPotion"},{"floor":38.0,"key":"AttackPotion"},{"floor":44.0,"key":"Fire Potion"},{"floor":46,"key":"Dexterity Potion"}],"is_trial":false,"path_per_floor":["M","?","?","?","?","R","E","M","T","M","R","M","R","?","R","B",null,"M","M","?","M","M","E","$","E","T","E","M","R","$","E","R","B",null,"M","?","$","M","M","E","R","M","T","E","M","E","?","?","R","B","B",null,"R","$","E","B",null],"character_chosen":"THE_SILENT","items_purchased":["Kunai","War Paint","Setup","GamblersBrew","SkillPotion"],"campfire_rested":4,"item_purchase_floors":[30,37,54,54,54],"current_hp_per_floor":[59,41,36,36,36,36,33,33,33,35,35,31,31,36,36,37,58,60,43,32,32,32,28,28,27,27,29,31,31,31,34,34,11,28,32,32,32,34,36,21,32,34,34,38,38,40,40,33,40,38,4,31,40,40,40,26],"gold":51,"neow_bonus":"TRANSFORM_TWO_CARDS","is_prod":false,"is_daily":false,"chose_seed":false,"campfire_upgraded":4,"win_rate":0,"timestamp":1550189652,"path_taken":["M","?","?","?","?","R","E","?","T","M","R","M","R","?","R","BOSS","M","M","?","M","M","E","$","E","T","E","M","R","$","E","R","BOSS","M","?","$","?","M","E","R","M","T","E","M","E","?","?","R","BOSS","BOSS","R","$","E","BOSS"],"build_version":"2019-01-23","purchased_purges":3,"victory":true,"max_hp_per_floor":[60,60,60,60,60,60,60,60,60,60,60,60,60,65,65,65,65,65,65,32,32,32,32,32,32,32,32,32,32,32,34,34,34,34,36,36,36,36,36,38,38,38,38,40,40,40,40,40,40,40,40,40,40,40,40,40],"card_choices":[{"not_picked":["Quick Slash","Deflect"],"picked":"Leg Sweep","floor":1.0},{"not_picked":["Blade Dance","Poisoned Stab"],"picked":"Well Laid Plans","floor":7.0},{"not_picked":["Slice","Quick Slash","Choke"],"picked":"SKIP","floor":8.0},{"not_picked":["Escape Plan","Footwork"],"picked":"Night Terror","floor":10.0},{"not_picked":["Poisoned Stab","Blade Dance","Accuracy"],"picked":"SKIP","floor":12.0},{"not_picked":["Corpse Explosion","Doppelganger"],"picked":"Adrenaline","floor":16.0},{"not_picked":["Blade Dance","Deadly Poison"],"picked":"Tactician+1","floor":18.0},{"not_picked":["Poisoned Stab","Blade Dance+1"],"picked":"PiercingWail+1","floor":19.0},{"not_picked":["Bane","Backstab","Deflect"],"picked":"SKIP","floor":21.0},{"not_picked":["PiercingWail","Blade Dance+1","Deflect"],"picked":"SKIP","floor":22.0},{"not_picked":["Corpse Explosion","Prepared","Underhanded Strike"],"picked":"SKIP","floor":23.0},{"not_picked":["Heel Hook","Flechettes","Blur"],"picked":"SKIP","floor":25.0},{"not_picked":["Cloak And Dagger","Dagger Throw","Slice"],"picked":"SKIP","floor":27.0},{"not_picked":["Backflip","Predator+1"],"picked":"Acrobatics","floor":28.0},{"not_picked":["Flying Knee","Prepared","Deflect"],"picked":"Singing Bowl","floor":31.0},{"not_picked":["Grand Finale","Unload"],"picked":"Night Terror","floor":33.0},{"not_picked":["Bouncing Flask","Flying Knee","Sucker Punch+1"],"picked":"Singing Bowl","floor":35.0},{"not_picked":["Flying Knee","Heel Hook"],"picked":"Footwork+1","floor":38.0},{"not_picked":["Endless Agony","Crippling Poison"],"picked":"Backflip","floor":39.0},{"not_picked":["Tactician","Poisoned Stab+1","PiercingWail+1"],"picked":"Singing Bowl","floor":40.0},{"not_picked":["Backflip","Deadly Poison"],"picked":"Caltrops","floor":42.0},{"not_picked":["Poisoned Stab","Crippling Poison","Escape Plan"],"picked":"Singing Bowl","floor":44.0},{"not_picked":["Prepared","PiercingWail"],"picked":"Caltrops+1","floor":45},{"not_picked":["Cloak And Dagger+1","Outmaneuver"],"picked":"Adrenaline","floor":46},{"not_picked":["Crippling Poison","Footwork"],"picked":"After Image","floor":55}],"player_experience":2749344,"relics_obtained":[{"floor":7.0,"key":"Unceasing Top"},{"floor":9.0,"key":"Blood Vial"},{"floor":23.0,"key":"Potion Belt"},{"floor":25.0,"key":"Smiling Mask"},{"floor":27.0,"key":"Vajra"},{"floor":31.0,"key":"Singing Bowl"},{"floor":40.0,"key":"Pen Nib"},{"floor":43.0,"key":"Omamori"},{"floor":44.0,"key":"MawBank"},{"floor":55,"key":"Pantograph"}],"event_choices":[{"damage_healed":0.0,"max_hp_gain":0.0,"max_hp_loss":0.0,"gold_gain":0.0,"event_name":"Shining Light","player_choice":"Entered Light","floor":2.0,"gold_loss":0.0,"damage_taken":18.0,"cards_upgraded":["Flying Knee","Survivor"]},{"damage_healed":0.0,"max_hp_gain":0.0,"max_hp_loss":0.0,"gold_gain":0.0,"event_name":"Scrap Ooze","player_choice":"Success","floor":3.0,"gold_loss":0.0,"damage_taken":5.0,"relics_obtained":["Bag of Preparation"]},{"damage_healed":0.0,"max_hp_gain":0.0,"max_hp_loss":0.0,"gold_gain":0.0,"event_name":"Liars Game","player_choice":"Ignored","floor":4.0,"gold_loss":0.0,"damage_taken":0.0},{"damage_healed":0.0,"max_hp_gain":0.0,"max_hp_loss":0.0,"gold_gain":50.0,"event_name":"Golden Shrine","player_choice":"Pray","floor":5.0,"gold_loss":0.0,"damage_taken":0.0},{"damage_healed":0.0,"max_hp_gain":5.0,"max_hp_loss":0.0,"gold_gain":0.0,"event_name":"Big Fish","player_choice":"Donut","floor":14.0,"gold_loss":0.0,"damage_taken":0.0},{"damage_healed":0.0,"max_hp_gain":0.0,"max_hp_loss":33.0,"gold_gain":0.0,"event_name":"Ghosts","player_choice":"Became a Ghost","floor":20.0,"gold_loss":0.0,"damage_taken":0.0,"cards_obtained":["Ghostly","Ghostly","Ghostly"]},{"damage_healed":0.0,"max_hp_gain":0.0,"max_hp_loss":0.0,"gold_gain":0.0,"cards_transformed":["Strike_G"],"event_name":"Transmorgrifier","player_choice":"Transformed","floor":36.0,"gold_loss":0.0,"damage_taken":0.0,"cards_obtained":["Footwork"]},{"damage_healed":0,"gold_gain":0,"player_choice":"Ignored","damage_taken":0,"max_hp_gain":0,"max_hp_loss":0,"event_name":"Tomb of Lord Red Mask","floor":47,"gold_loss":0},{"damage_healed":0,"gold_gain":0,"player_choice":"Embrace Madness","damage_taken":7,"max_hp_gain":0,"max_hp_loss":0,"event_name":"Winding Halls","floor":48,"gold_loss":0,"cards_obtained":["Madness","Madness"]}],"is_beta":false,"boss_relics":[{"not_picked":["Ring of the Serpent","Tiny House"],"picked":"Fusion Hammer"},{"not_picked":["Cursed Key","Astrolabe"],"picked":"Runic Pyramid"}],"items_purged_floors":[24,30,54],"is_endless":false,"potions_floor_spawned":[1,10,16,18,21,23,31,33,35,38,44,46,55],"ascension_level":20}