{"gold_per_floor":[117,192,211,58,122,122,139,151,151,151,76,76,93,113,113,209,209,227,238,238,238,252,252,282,282,305,305,305,36,36,56,56,153,153,171,185,82,82,48,73,73,90,90,90,104,122,137,155,155,155],"floor_reached":51,"playtime":1470,"items_purged":["Strike_R"],"score":1079,"play_id":"d2b78885-0b1e-45d2-8fcd-42966284ef44","local_time":"20181010152451","is_ascension_mode":true,"campfire_choices":[{"data":"Limit Break","floor":6,"key":"SMITH"},{"data":"Inflame","floor":10,"key":"SMITH"},{"data":"Sword Boomerang","floor":12,"key":"SMITH"},{"data":"Shrug It Off","floor":15,"key":"SMITH"},{"data":"Reaper","floor":23,"key":"SMITH"},{"data":"Clash","floor":25,"key":"SMITH"},{"data":"Defend_R","floor":27,"key":"SMITH"},{"data":"Defend_R","floor":30,"key":"SMITH"},{"data":"Strike_R","floor":32,"key":"SMITH"},{"floor":41,"key":"REST"},{"data":"Exhume","floor":44,"key":"SMITH"},{"data":"Strike_R","floor":49,"key":"SMITH"}],"neow_cost":"NONE","seed_source_timestamp":24588248421518,"circlet_count":0,"master_deck":["Strike_R+1","Strike_R+1","Strike_R","Defend_R+1","Defend_R+1","AscendersBane","Limit Break+1","Clash+1","Sword Boomerang+1","Inflame+1","Shrug It Off+1","Reaper+1","Thunderclap+1","Reaper+1","Sword Boomerang+1","Flex+1","Exhume+1","Impervious","Inflame+1","Shrug It Off+1"],"relics":["Burning Blood","Vajra","Mummified Hand","Astrolabe","Mango","Centennial Puzzle","Membership Card","Bag of Marbles","Velvet Choker","Brimstone","Sundial","Bottled Tornado"],"potions_floor_usage":[13,50],"damage_taken":[{"damage":17,"enemies":"2 Louse","floor":1,"turns":4},{"damage":12,"enemies":"Jaw Worm","floor":3,"turns":2},{"damage":9,"enemies":"Small Slimes","floor":7,"turns":4},{"damage":0,"enemies":"2 Fungi Beasts","floor":8,"turns":2},{"damage":5,"enemies":"Lots of Slimes","floor":13,"turns":3},{"damage":15,"enemies":"Gremlin Gang","floor":14,"turns":3},{"damage":17,"enemies":"Hexaghost","floor":16,"turns":6},{"damage":17,"enemies":"2 Thieves","floor":18,"turns":3},{"damage":11,"enemies":"Spheric Guardian","floor":19,"turns":3},{"damage":65,"enemies":"Colosseum Slavers","floor":20,"turns":7},{"damage":29,"enemies":"Centurion and Healer","floor":22,"turns":5},{"damage":0,"enemies":"Gremlin Leader","floor":24,"turns":4},{"damage":24,"enemies":"Snake Plant","floor":31,"turns":4},{"damage":11,"enemies":"Champ","floor":33,"turns":5},{"damage":44,"enemies":"3 Shapes","floor":35,"turns":2},{"damage":52,"enemies":"3 Darklings","floor":36,"turns":5},{"damage":72,"enemies":"Nemesis","floor":40,"turns":5},{"damage":32,"enemies":"Maw","floor":42,"turns":5},{"damage":0,"enemies":"Sphere and 2 Shapes","floor":45,"turns":3},{"damage":0,"enemies":"Transient","floor":46,"turns":5},{"damage":7,"enemies":"Maw","floor":47,"turns":4},{"damage":19,"enemies":"Spire Growth","floor":48,"turns":2},{"damage":58,"enemies":"Time Eater","floor":50,"turns":5}],"seed_played":"-6330925433277402791","potions_obtained":[{"floor":3,"key":"Fire Potion"},{"floor":7,"key":"Regen Potion"},{"floor":19,"key":"Weak Potion"},{"floor":24,"key":"BloodPotion"},{"floor":33,"key":"Ancient Potion"}],"is_trial":false,"path_per_floor":["M","?","M","$","?","R","M","M","T","R","$","R","M","M","R","B",null,"M","M","?","?","M","R","E","R","T","R","?","$","R","M","R","B",null,"M","M","$","?","$","E","R","M","T","R","M","M","M","M","R","B"],"character_chosen":"IRONCLAD","items_purchased":["Vajra","Membership Card","Bag of Marbles","Brimstone","Impervious"],"campfire_rested":1,"item_purchase_floors":[4,29,29,37,39],"current_hp_per_floor":[61,50,44,44,44,44,41,47,47,47,47,47,48,39,39,28,67,69,79,39,80,80,80,94,94,94,94,94,94,94,94,94,89,93,64,84,84,84,84,28,56,67,67,67,73,94,94,94,94,94],"gold":155,"neow_bonus":"ONE_RANDOM_RARE_CARD","is_prod":false,"is_daily":false,"chose_seed":false,"campfire_upgraded":11,"win_rate":0,"timestamp":1539156291,"path_taken":["M","?","M","$","?","R","M","?","T","R","$","R","M","M","R","BOSS","M","M","?","?","?","R","E","R","T","R","?","?","R","M","R","BOSS","M","M","$","?","$","E","R","M","T","R","M","?","M","M","R","BOSS"],"build_version":"2018-10-04v2","purchased_purges":1,"victory":true,"max_hp_per_floor":[80,80,80,80,80,80,80,80,80,80,80,80,80,80,80,80,80,80,80,80,80,80,80,94,94,94,94,94,94,94,94,94,94,94,94,94,94,94,94,94,94,94,94,94,94,94,94,94,94,94],"card_choices":[{"not_picked":["Cleave","Burning Pact"],"picked":"Clash","floor":1},{"not_picked":["Blood for Blood","Pummel","Reckless Charge"],"picked":"SKIP","floor":3},{"not_picked":["Pommel Strike","Rampage"],"picked":"Sword Boomerang","floor":7},{"not_picked":["Rampage","Combust"],"picked":"Inflame","floor":8},{"not_picked":["Entrench","Havoc"],"picked":"Shrug It Off","floor":13},{"not_picked":["Sever Soul","Thunderclap","Iron Wave"],"picked":"SKIP","floor":14},{"not_picked":["Bludgeon","Double Tap"],"picked":"Reaper","floor":16},{"not_picked":["Feel No Pain+1","Armaments","Wild Strike"],"picked":"SKIP","floor":18},{"not_picked":["Wild Strike+1","Pommel Strike"],"picked":"Sword Boomerang+1","floor":19},{"not_picked":["Seeing Red","Twin Strike+1","Anger"],"picked":"SKIP","floor":22},{"not_picked":["True Grit","Clothesline"],"picked":"Flex+1","floor":24},{"not_picked":["Twin Strike","Wild Strike+1","Rupture"],"picked":"SKIP","floor":31},{"not_picked":["Bludgeon","Berserk"],"picked":"Exhume","floor":33},{"not_picked":["Iron Wave","Infernal Blade+1","True Grit"],"picked":"SKIP","floor":35},{"not_picked":["Body Slam","Thunderclap","Perfected Strike+1"],"picked":"SKIP","floor":36},{"not_picked":["Feed","Sword Boomerang+1","Combust"],"picked":"SKIP","floor":40},{"not_picked":["Infernal Blade","Havoc+1","Pummel"],"picked":"SKIP","floor":42},{"not_picked":["True Grit","Searing Blow+1"],"picked":"Inflame+1","floor":45},{"not_picked":["Metallicize+1","Iron Wave","Pommel Strike"],"picked":"SKIP","floor":46},{"not_picked":["Clash","Armaments"],"picked":"Shrug It Off+1","floor":47},{"not_picked":["Corruption+1","Armaments+1","Evolve+1"],"picked":"SKIP","floor":48}],"player_experience":88102,"relics_obtained":[{"floor":9,"key":"Mummified Hand"},{"floor":24,"key":"Mango"},{"floor":26,"key":"Centennial Puzzle"},{"floor":40,"key":"Sundial"},{"floor":43,"key":"Bottled Tornado"}],"event_choices":[{"event_name":"World of Goop","player_choice":"Gather Gold","floor":2,"damage_taken":0},{"event_name":"Golden Wing","player_choice":"Gained Gold","floor":5,"damage_taken":0},{"event_name":"Colosseum","player_choice":"Fight","floor":20,"damage_taken":0},{"event_name":"Colosseum","player_choice":"Fled From Nobs","floor":20,"damage_taken":0},{"event_name":"Bonfire Elementals","player_choice":"UNCOMMON","floor":21,"damage_taken":0},{"event_name":"Purifier","player_choice":"One Purge","floor":28,"damage_taken":0},{"event_name":"SensoryStone","player_choice":"Memory 1","floor":38,"damage_taken":0}],"is_beta":false,"boss_relics":[{"not_picked":["White Beast Statue","Ectoplasm"],"picked":"Astrolabe"},{"not_picked":["Eternal Feather","Black Blood"],"picked":"Velvet Choker"}],"items_purged_floors":[11],"is_endless":false,"potions_floor_spawned":[3,7,19,24,33,35,42,45,46,47],"ascension_level":11}