{"path_per_floor":["M","?","M","?","?","R","E","M","T","M","M","M","M","?","R"],"character_chosen":"IRONCLAD","items_purchased":[],"gold_per_floor":[109,284,296,296,296,296,323,335,360,380,400,410,425,425,425],"floor_reached":16,"campfire_rested":0,"playtime":991,"current_hp_per_floor":[80,80,71,53,53,53,32,38,38,37,18,21,62,62,62],"items_purged":[],"gold":425,"score":104,"play_id":"fc0dbbd0-e656-4979-a8df-85b3eecd6a5a","local_time":"20180302222432","is_prod":false,"is_daily":false,"is_ascension_mode":false,"campfire_upgraded":2,"timestamp":1520025872,"path_taken":["M","?","M","?","?","R","E","M","T","M","M","M","M","?","R","BOSS"],"build_version":"2018-03-01-PROD1","purchased_purges":0,"victory":false,"master_deck":["Strike_R","Strike_R","Strike_R","Strike_R","Defend_R","Defend_R","Defend_R","Bash","Reaper+1","Uppercut","Doubt","Infernal Blade","Infernal Blade","Dual Wield","Dual Wield+1","Twin Strike","Battle Trance","Warcry","Bludgeon","Headbutt"],"max_hp_per_floor":[80,80,80,80,80,80,80,80,80,83,83,83,83,83,83],"relics":["Burning Blood","Juzu Bracelet","Bag of Marbles","Pen Nib"],"card_choices":[{"not_picked":["Clothesline","Blood for Blood"],"picked":"Uppercut"},{"not_picked":["Intimidate","Shockwave"],"picked":"Infernal Blade"},{"not_picked":["Clash","Feel No Pain"],"picked":"Dual Wield"},{"not_picked":["Rupture","Heavy Blade"],"picked":"Dual Wield"},{"not_picked":["Shrug It Off","Sword Boomerang"],"picked":"Twin Strike"},{"not_picked":["Feed","Disarm"],"picked":"Battle Trance"},{"not_picked":["Intimidate","Sword Boomerang"],"picked":"Warcry"},{"not_picked":["Cleave","Flex"],"picked":"Bludgeon"}],"player_experience":44799,"potions_floor_usage":[7,10],"damage_taken":[{"damage":5,"enemies":"Small Slimes","floor":1,"turns":4},{"damage":15,"enemies":"Jaw Worm","floor":3,"turns":4},{"damage":36,"enemies":"Lagavulin","floor":7,"turns":5},{"damage":0,"enemies":"Cultist","floor":8,"turns":2},{"damage":20,"enemies":"Large Slime","floor":10,"turns":4},{"damage":25,"enemies":"Exordium Thugs","floor":11,"turns":5},{"damage":6,"enemies":"3 Louse","floor":12,"turns":4},{"damage":0,"enemies":"Lots of Slimes","floor":13,"turns":1},{"damage":52,"enemies":"Hexaghost","floor":16,"turns":6}],"event_choices":[{"event_name":"Liars Game","player_choice":"agreed","floor":2,"damage_taken":0},{"event_name":"Scrap Ooze","player_choice":"success","floor":4,"damage_taken":18},{"event_name":"Transmorgrifier","player_choice":"Transform","floor":5,"damage_taken":0},{"event_name":"Living Wall","player_choice":"Change","floor":14,"damage_taken":0}],"boss_relics":[],"potions_floor_spawned":[1,7,12],"seed_played":"2298246781283670176","killed_by":"Hexaghost","ascension_level":0,"is_trial":false}