{"gold_per_floor":[13,13,30,30,46,74,86,132,167,179,204,236,248,279,291,303],"floor_reached":16,"playtime":313,"items_purged":[],"score":324,"play_id":"fa689e02-01d7-442f-97ff-4a0ac64dc579","local_time":"20190610191742","is_ascension_mode":true,"campfire_choices":[{"floor":7,"key":"REST"},{"floor":13,"key":"REST"},{"data":"Chaos","floor":15,"key":"SMITH"}],"neow_cost":"NO_GOLD","seed_source_timestamp":30278182446398,"circlet_count":0,"master_deck":["AscendersBane","Strike_B","Strike_B","Defend_B","Defend_B","Zap","Dualcast","Ball Lightning","Conserve Battery","Turbo","Chill","Static Discharge","Heatsinks","Electrodynamics","Cold Snap","Parasite","Storm","Reprogram","Chaos+1"],"special_seed":0,"relics":["Cracked Core","MawBank","Lantern","Happy Flower"],"potions_floor_usage":[14,16],"damage_taken":[{"damage":2,"enemies":"Jaw Worm","floor":1,"turns":3},{"damage":10,"enemies":"2 Louse","floor":3,"turns":2},{"damage":0,"enemies":"Cultist","floor":5,"turns":3},{"damage":48,"enemies":"Gremlin Nob","floor":6,"turns":4},{"damage":24,"enemies":"Lagavulin","floor":8,"turns":6},{"damage":3,"enemies":"3 Louse","floor":11,"turns":2},{"damage":5,"enemies":"Large Slime","floor":12,"turns":4},{"damage":20,"enemies":"Gremlin Gang","floor":14,"turns":3},{"damage":34,"enemies":"The Guardian","floor":16,"turns":2}],"seed_played":"4664855735088615854","potions_obtained":[{"floor":5,"key":"SpeedPotion"},{"floor":12,"key":"Poison Potion"}],"is_trial":false,"path_per_floor":["M","?","M","?","M","E","R","E","T","?","M","M","R","M","R","B"],"character_chosen":"DEFECT","items_purchased":[],"campfire_rested":2,"item_purchase_floors":[],"current_hp_per_floor":[62,62,52,52,52,4,25,1,1,18,15,10,31,11,11,0],"gold":303,"neow_bonus":"TRANSFORM_TWO_CARDS","is_prod":false,"is_daily":false,"chose_seed":false,"campfire_upgraded":1,"win_rate":0,"timestamp":1560161862,"path_taken":["M","?","M","?","?","E","R","E","T","?","M","M","R","M","R","BOSS"],"build_version":"2019-01-23","purchased_purges":0,"victory":false,"max_hp_per_floor":[71,71,71,71,71,71,71,71,71,71,71,71,71,71,71,71],"card_choices":[{"not_picked":["Go for the Eyes","Sweeping Beam"],"picked":"Turbo","floor":1},{"not_picked":["Stack","Rebound"],"picked":"Static Discharge","floor":3},{"not_picked":["Sweeping Beam","Cold Snap"],"picked":"Heatsinks","floor":5},{"not_picked":["Ball Lightning","Barrage"],"picked":"Electrodynamics","floor":6},{"not_picked":["Streamline","Compile Driver"],"picked":"Cold Snap","floor":8},{"not_picked":["Hologram","Ball Lightning"],"picked":"Storm","floor":11},{"not_picked":["Blizzard","Leap"],"picked":"Reprogram","floor":12},{"not_picked":["Beam Cell","Blizzard"],"picked":"Chaos","floor":14}],"player_experience":580822,"relics_obtained":[{"floor":6,"key":"MawBank"},{"floor":8,"key":"Lantern"},{"floor":9,"key":"Happy Flower"}],"event_choices":[{"damage_healed":0,"gold_gain":0,"cards_transformed":["Defend_B"],"player_choice":"Change","damage_taken":0,"max_hp_gain":0,"max_hp_loss":0,"event_name":"Living Wall","floor":2,"gold_loss":0,"cards_obtained":["Chill"]},{"cards_removed":["Defend_B"],"damage_healed":0,"gold_gain":0,"player_choice":"Purged","damage_taken":0,"max_hp_gain":0,"max_hp_loss":0,"event_name":"Purifier","floor":4,"gold_loss":0},{"damage_healed":17,"gold_gain":0,"player_choice":"Healed and dodged fight","damage_taken":0,"max_hp_gain":0,"max_hp_loss":0,"event_name":"Mushrooms","floor":10,"gold_loss":0,"cards_obtained":["Parasite"]}],"is_beta":false,"boss_relics":[],"items_purged_floors":[],"is_endless":false,"potions_floor_spawned":[5,12],"killed_by":"The Guardian","ascension_level":20}