{"gold_per_floor":[212,212,224,236,67,82,82,96,148,162,177,26,26,46,46,147,147,167,167,67,80,96,96,126,126,181,201,201,201,201,220,220,318,368,387,152,168,168,168,168,168,180,258,278,128,128,128,128,128,128],"floor_reached":51,"playtime":1636,"items_purged":["Strike_G","Strike_G","Defend_G","Defend_G+1"],"score":734,"play_id":"e0e410d4-2fb9-4a88-8239-16c0be34ef34","local_time":"20181022130714","is_ascension_mode":false,"campfire_choices":[{"data":"Deadly Poison","floor":7.0,"key":"SMITH"},{"data":"Bouncing Flask","floor":13.0,"key":"SMITH"},{"data":"Footwork","floor":15.0,"key":"SMITH"},{"data":"Wraith Form v2","floor":23,"key":"SMITH"},{"data":"Neutralize","floor":25,"key":"SMITH"},{"data":"Well Laid Plans","floor":28,"key":"SMITH"},{"data":"Bullet Time","floor":30,"key":"SMITH"},{"data":"Bullet Time","floor":32,"key":"SMITH"},{"data":"Backflip","floor":46,"key":"SMITH"}],"neow_cost":"NONE","seed_source_timestamp":18131088544580,"circlet_count":0,"master_deck":["Defend_G+1","Defend_G+1","Defend_G+1","Strike_G+1","Strike_G+1","Survivor+1","Neutralize+1","Dagger Throw+1","Deadly Poison+1","Footwork+1","Escape Plan+1","Wraith Form v2+1","Bouncing Flask+1","Bullet Time+1","Well Laid Plans+1","Wraith Form v2+1","Bullet Time+1","Corpse Explosion+1","Predator+1","Deadly Poison+1","Catalyst+1","Bouncing Flask+1","Noxious Fumes+1","Backflip+1"],"special_seed":0,"relics":["Ring of the Snake","Ninja Scroll","Snake Skull","Oddly Smooth Stone","Coffee Dripper","Orichalcum","Dream Catcher","Tiny House","Mark of the Bloom","Kunai"],"potions_floor_usage":[21,24,24],"damage_taken":[{"damage":0.0,"enemies":"2 Louse","floor":1.0,"turns":3.0},{"damage":0.0,"enemies":"Cultist","floor":3.0,"turns":3.0},{"damage":0.0,"enemies":"Small Slimes","floor":4.0,"turns":2.0},{"damage":7.0,"enemies":"3 Louse","floor":6.0,"turns":3.0},{"damage":17.0,"enemies":"Large Slime","floor":8.0,"turns":8.0},{"damage":0.0,"enemies":"Lots of Slimes","floor":10.0,"turns":3.0},{"damage":1.0,"enemies":"Red Slaver","floor":11.0,"turns":3.0},{"damage":10.0,"enemies":"Large Slime","floor":14.0,"turns":4.0},{"damage":0.0,"enemies":"Hexaghost","floor":16.0,"turns":7.0},{"damage":0.0,"enemies":"Shell Parasite","floor":18.0,"turns":3.0},{"damage":0.0,"enemies":"Colosseum Slavers","floor":19.0,"turns":4.0},{"damage":2,"enemies":"2 Thieves","floor":21,"turns":3},{"damage":0,"enemies":"Snecko","floor":22,"turns":4},{"damage":7,"enemies":"Slavers","floor":24,"turns":6},{"damage":1,"enemies":"Sentry and Sphere","floor":27,"turns":5},{"damage":0,"enemies":"Centurion and Healer","floor":31,"turns":7},{"damage":30,"enemies":"Automaton","floor":33,"turns":11},{"damage":0,"enemies":"3 Shapes","floor":35,"turns":3},{"damage":0,"enemies":"3 Darklings","floor":37,"turns":2},{"damage":1,"enemies":"4 Shapes","floor":42,"turns":3},{"damage":1,"enemies":"Writhing Mass","floor":44,"turns":3},{"damage":20,"enemies":"Time Eater","floor":50,"turns":6}],"seed_played":"47557511587313547","potions_obtained":[{"floor":4.0,"key":"SpeedPotion"},{"floor":6.0,"key":"SneckoOil"},{"floor":10.0,"key":"Explosive Potion"},{"floor":11.0,"key":"Energy Potion"},{"floor":21,"key":"Explosive Potion"},{"floor":34,"key":"SteroidPotion"},{"floor":42,"key":"Fire Potion"}],"is_trial":false,"path_per_floor":["M","?","M","M","$","M","R","M","T","M","M","$","R","M","R","B",null,"M","?","$","M","M","R","E","R","T","M","R","?","R","M","R","B",null,"M","$","M","?","?","R","?","M","T","M","$","R","?","?","R","B"],"character_chosen":"THE_SILENT","items_purchased":["Deadly Poison","Footwork","Oddly Smooth Stone","Catalyst","Bouncing Flask"],"campfire_rested":0,"item_purchase_floors":[5,5,12,36,36],"current_hp_per_floor":[70,70,70,70,70,63,63,46,46,46,45,45,45,35,35,35,70,70,70,70,68,68,68,61,61,61,60,60,60,60,60,60,30,75,75,75,75,75,75,75,75,74,74,73,73,73,71,71,71,51],"gold":128,"neow_bonus":"HUNDRED_GOLD","is_prod":false,"is_daily":false,"chose_seed":false,"campfire_upgraded":9,"win_rate":0,"timestamp":1540184834,"path_taken":["M","?","M","M","?","?","R","M","T","M","M","$","R","M","R","BOSS","M","?","$","M","?","R","E","R","T","M","R","?","R","M","R","BOSS","M","$","M","?","?","R","?","M","T","?","$","R","?","?","R","BOSS"],"build_version":"2018-10-18","purchased_purges":4,"victory":true,"max_hp_per_floor":[70,70,70,70,70,70,70,70,70,70,70,70,70,70,70,70,70,70,70,70,70,70,70,70,70,70,70,70,70,70,70,70,70,75,75,75,75,75,75,75,75,75,75,75,75,75,71,71,71,71],"card_choices":[{"not_picked":["Quick Slash","PiercingWail"],"picked":"Backflip","floor":1.0},{"not_picked":["Eviscerate","Accuracy","Slice"],"picked":"SKIP","floor":3.0},{"not_picked":["Dagger Throw","Blade Dance","Flying Knee"],"picked":"SKIP","floor":4.0},{"not_picked":["Blade Dance","Flying Knee"],"picked":"Dagger Throw","floor":4.0},{"not_picked":["Predator","Flying Knee"],"picked":"Escape Plan","floor":6.0},{"not_picked":["Cloak And Dagger","Calculated Gamble","Dagger Spray"],"picked":"SKIP","floor":8.0},{"not_picked":["Underhanded Strike","Poisoned Stab"],"picked":"Wraith Form v2","floor":10.0},{"not_picked":["Prepared","Bane"],"picked":"Bouncing Flask","floor":11.0},{"not_picked":["Poisoned Stab","PiercingWail","Blade Dance"],"picked":"SKIP","floor":14.0},{"not_picked":["After Image","Phantasmal Killer"],"picked":"Bullet Time","floor":16.0},{"not_picked":["Reflex","Flying Knee+1","Quick Slash"],"picked":"SKIP","floor":18.0},{"not_picked":["Caltrops+1","Predator","All Out Attack"],"picked":"SKIP","floor":21},{"not_picked":["Outmaneuver","Dagger Spray","Finisher"],"picked":"SKIP","floor":22},{"not_picked":["Dagger Throw","Predator","Acrobatics"],"picked":"SKIP","floor":24},{"not_picked":["Noxious Fumes","Dash"],"picked":"Well Laid Plans","floor":27},{"not_picked":["Flying Knee","Setup+1"],"picked":"Bullet Time","floor":31},{"not_picked":["Storm of Steel","Malaise"],"picked":"Corpse Explosion","floor":33},{"not_picked":["Quick Slash","Dash"],"picked":"Predator","floor":34},{"not_picked":["Deflect","Cloak And Dagger"],"picked":"Deadly Poison+1","floor":35},{"not_picked":["Deflect","Eviscerate+1","Flechettes+1"],"picked":"SKIP","floor":37},{"not_picked":["Footwork","Reflex"],"picked":"Noxious Fumes+1","floor":42},{"not_picked":["Predator+1","Skewer"],"picked":"Backflip","floor":44}],"player_experience":502857,"relics_obtained":[{"floor":9.0,"key":"Snake Skull"},{"floor":24,"key":"Orichalcum"},{"floor":26,"key":"Dream Catcher"},{"floor":43,"key":"Kunai"}],"event_choices":[{"cards_removed":["Backflip"],"damage_healed":0.0,"max_hp_gain":0.0,"max_hp_loss":0.0,"gold_gain":0.0,"event_name":"WeMeetAgain","player_choice":"Gave Card","floor":2.0,"gold_loss":0.0,"damage_taken":0.0,"relics_obtained":["Ninja Scroll"]},{"damage_healed":0.0,"max_hp_gain":0.0,"max_hp_loss":0.0,"gold_gain":0.0,"event_name":"Colosseum","player_choice":"Fight","floor":19.0,"gold_loss":0.0,"damage_taken":0.0},{"damage_healed":0.0,"max_hp_gain":0.0,"max_hp_loss":0.0,"gold_gain":0.0,"event_name":"Colosseum","player_choice":"Fled From Nobs","floor":19.0,"gold_loss":0.0,"damage_taken":0.0},{"damage_healed":0,"gold_gain":0,"player_choice":"Copied","damage_taken":0,"max_hp_gain":0,"max_hp_loss":0,"event_name":"Duplicator","floor":29,"gold_loss":0,"cards_obtained":["Wraith Form v2"]},{"damage_healed":0,"gold_gain":0,"player_choice":"Upgrade","damage_taken":0,"relics_obtained":["Mark of the Bloom"],"max_hp_gain":0,"max_hp_loss":0,"event_name":"MindBloom","floor":38,"gold_loss":0,"cards_upgraded":["Defend_G","Defend_G","Defend_G","Defend_G","Strike_G","Strike_G","Strike_G","Survivor","Dagger Throw","Escape Plan","Predator","Catalyst","Bouncing Flask"]},{"cards_removed":["Strike_G"],"damage_healed":0,"gold_gain":0,"player_choice":"Removed Attack","damage_taken":0,"max_hp_gain":0,"max_hp_loss":0,"event_name":"Falling","floor":39,"gold_loss":0},{"damage_healed":0,"gold_gain":0,"player_choice":"Memory 1","damage_taken":0,"max_hp_gain":0,"max_hp_loss":0,"event_name":"SensoryStone","floor":41,"gold_loss":0},{"damage_healed":0,"gold_gain":0,"player_choice":"Max HP","damage_taken":0,"max_hp_gain":0,"max_hp_loss":4,"event_name":"Winding Halls","floor":47,"gold_loss":0},{"damage_healed":0,"gold_gain":0,"player_choice":"Ignored","damage_taken":0,"max_hp_gain":0,"max_hp_loss":0,"event_name":"Mysterious Sphere","floor":48,"gold_loss":0}],"is_beta":false,"boss_relics":[{"not_picked":["White Beast Statue","Fusion Hammer"],"picked":"Coffee Dripper"},{"not_picked":["Sozu","WristBlade"],"picked":"Tiny House"}],"items_purged_floors":[5,20,36,45],"is_endless":false,"potions_floor_spawned":[4,6,10,11,16,19,21,22,42],"ascension_level":0}