{"gold_per_floor":[116,191,191,191,69,104,124,124],"floor_reached":8,"playtime":213,"items_purged":[],"score":108,"play_id":"8f8df115-133a-4d6d-9409-8fb23dc929e4","local_time":"20190506084646","is_ascension_mode":true,"campfire_choices":[],"neow_cost":"TEN_PERCENT_HP_LOSS","seed_source_timestamp":1188982241943,"circlet_count":0,"master_deck":["AscendersBane","Strike_B","Strike_B","Defend_B","Defend_B","Defend_B","Zap","Dualcast","Heatsinks","Cold Snap","Darkness","Capacitor","Consume"],"special_seed":0,"relics":["Cracked Core","Golden Idol","Mango"],"potions_floor_usage":[],"damage_taken":[{"damage":4.0,"enemies":"2 Louse","floor":1.0,"turns":2.0},{"damage":40,"enemies":"Gremlin Nob","floor":6,"turns":4},{"damage":7,"enemies":"Jaw Worm","floor":7,"turns":3},{"damage":0,"enemies":"Small Slimes","floor":8,"turns":1}],"seed_played":"3183245256869233385","potions_obtained":[{"floor":1.0,"key":"Explosive Potion"},{"floor":7,"key":"Dexterity Potion"}],"is_trial":false,"path_per_floor":["M","?","?","?","$","E","M","M"],"character_chosen":"DEFECT","items_purchased":["Capacitor","Consume"],"campfire_rested":0,"item_purchase_floors":[5,5],"current_hp_per_floor":[60,49,42,42,42,16,9,9],"gold":124,"neow_bonus":"TRANSFORM_TWO_CARDS","is_prod":false,"is_daily":false,"chose_seed":false,"campfire_upgraded":0,"win_rate":0,"timestamp":1557103606,"path_taken":["M","?","?","?","$","E","M","?"],"build_version":"2019-01-23","purchased_purges":0,"victory":false,"max_hp_per_floor":[64,64,64,58,58,72,72,72],"card_choices":[{"not_picked":["Rip and Tear","Sweeping Beam"],"picked":"Darkness","floor":1.0},{"not_picked":["Rebound","Heatsinks","Stack"],"picked":"SKIP","floor":6},{"not_picked":["Streamline","Sweeping Beam","Go for the Eyes"],"picked":"SKIP","floor":7}],"player_experience":4608555,"relics_obtained":[{"floor":6,"key":"Mango"}],"event_choices":[{"damage_healed":0.0,"max_hp_gain":0.0,"max_hp_loss":0.0,"gold_gain":75.0,"event_name":"World of Goop","player_choice":"Gather Gold","floor":2.0,"gold_loss":0.0,"damage_taken":11.0},{"cards_removed":["Strike_B"],"damage_healed":0.0,"max_hp_gain":0.0,"max_hp_loss":0.0,"gold_gain":0.0,"event_name":"Golden Wing","player_choice":"Card Removal","floor":3.0,"gold_loss":0.0,"damage_taken":7.0},{"damage_healed":0.0,"max_hp_gain":0.0,"max_hp_loss":6.0,"gold_gain":0.0,"event_name":"Golden Idol","player_choice":"Lose Max HP","floor":4.0,"gold_loss":0.0,"damage_taken":0.0,"relics_obtained":["Golden Idol"]}],"is_beta":false,"boss_relics":[],"items_purged_floors":[],"is_endless":false,"potions_floor_spawned":[1,7],"killed_by":"Small Slimes","ascension_level":20}