{"gold_per_floor":[119,134,134,21,41,41,52,67,67,67,96,114,149,50,50,125,125,100,110,110,110,122,122,142,160,228,248,148,148,162,181,181,258,258,272,285,285,285,285],"floor_reached":39,"playtime":1690,"items_purged":["Strike_B","Pain"],"score":844,"play_id":"5bf27173-6d2b-414b-a3c8-63fed2ea7bc6","local_time":"20190227183101","is_ascension_mode":true,"campfire_choices":[{"data":"Consume","floor":6.0,"key":"SMITH"},{"data":"Zap","floor":10.0,"key":"SMITH"},{"data":"Turbo","floor":15.0,"key":"SMITH"},{"data":"Hologram","floor":23.0,"key":"SMITH"},{"data":"Blizzard","floor":32.0,"key":"SMITH"}],"neow_cost":"NONE","seed_source_timestamp":857555016376836,"circlet_count":0,"master_deck":["AscendersBane","Defend_B","Defend_B","Defend_B","Defend_B","Zap+1","Dualcast","Coolheaded","Consume+1","Glacier","Compile Driver","Chill","Ball Lightning","Reinforced Body","Hologram+1","Blizzard+1","Turbo+1","Coolheaded","Consume+1","Rebound+1","Redo+1","White Noise","Capacitor+1","Undo","Turbo","Capacitor+1","Seek"],"special_seed":0,"relics":["Inserter","Frozen Egg 2","Happy Flower","Astrolabe","WarpedTongs","Pear","Bottled Tornado","Runic Pyramid"],"potions_floor_usage":[],"damage_taken":[{"damage":1.0,"enemies":"Cultist","floor":1.0,"turns":4.0},{"damage":0.0,"enemies":"Small Slimes","floor":2.0,"turns":4.0},{"damage":12.0,"enemies":"Jaw Worm","floor":5.0,"turns":6.0},{"damage":0.0,"enemies":"Red Slaver","floor":7.0,"turns":7.0},{"damage":3.0,"enemies":"Large Slime","floor":8.0,"turns":5.0},{"damage":23.0,"enemies":"Gremlin Nob","floor":11.0,"turns":4.0},{"damage":14.0,"enemies":"Lots of Slimes","floor":12.0,"turns":5.0},{"damage":0.0,"enemies":"Lagavulin","floor":13.0,"turns":7.0},{"damage":13.0,"enemies":"The Guardian","floor":16.0,"turns":12.0},{"damage":3.0,"enemies":"2 Thieves","floor":18.0,"turns":4.0},{"damage":15.0,"enemies":"Chosen","floor":19.0,"turns":6.0},{"damage":6.0,"enemies":"Snake Plant","floor":22.0,"turns":7.0},{"damage":5.0,"enemies":"3 Cultists","floor":24.0,"turns":6.0},{"damage":2.0,"enemies":"Snecko","floor":25.0,"turns":7.0},{"damage":14.0,"enemies":"Cultist and Chosen","floor":27.0,"turns":8.0},{"damage":8.0,"enemies":"Snake Plant","floor":30.0,"turns":5.0},{"damage":0.0,"enemies":"Snecko","floor":31.0,"turns":8.0},{"damage":14.0,"enemies":"Champ","floor":33.0,"turns":13.0},{"damage":10.0,"enemies":"3 Darklings","floor":35.0,"turns":7.0},{"damage":11.0,"enemies":"Orb Walker","floor":36.0,"turns":5.0},{"damage":49,"enemies":"Sphere and 2 Shapes","floor":39,"turns":3}],"seed_played":"-5663453636754084943","potions_obtained":[{"floor":1.0,"key":"Block Potion"},{"floor":8.0,"key":"Ancient Potion"},{"floor":12.0,"key":"Strength Potion"},{"floor":13.0,"key":"Poison Potion"},{"floor":18.0,"key":"Energy Potion"},{"floor":31.0,"key":"FearPotion"}],"is_trial":false,"path_per_floor":["M","M","?","$","M","R","M","M","T","R","E","M","E","$","R","B",null,"M","M","?","?","M","R","M","M","T","M","$","T","M","M","R","B",null,"M","M","?","?","M"],"character_chosen":"DEFECT","items_purchased":["Glacier","Compile Driver","Coolheaded"],"campfire_rested":0,"item_purchase_floors":[4,4,14],"current_hp_per_floor":[63,63,68,68,56,56,56,53,53,53,30,16,16,16,16,3,58,55,40,40,40,34,34,29,27,37,23,23,23,15,15,15,1,65,55,44,44,44,0],"gold":285,"neow_bonus":"BOSS_RELIC","is_prod":false,"is_daily":false,"chose_seed":false,"campfire_upgraded":5,"win_rate":0,"timestamp":1551263461,"path_taken":["M","?","?","$","M","R","M","M","T","R","E","M","E","$","R","BOSS","M","M","?","?","?","R","M","M","T","M","$","?","?","M","R","BOSS","M","M","?","?","M"],"build_version":"2019-01-23","purchased_purges":2,"victory":false,"max_hp_per_floor":[71,71,76,76,76,76,76,76,76,76,76,76,76,76,76,76,76,76,76,76,76,76,76,76,76,86,86,86,86,86,86,86,86,86,86,86,86,86,86],"card_choices":[{"not_picked":["BootSequence","Beam Cell"],"picked":"Coolheaded","floor":1.0},{"not_picked":["Ball Lightning","Stack"],"picked":"Consume","floor":2.0},{"not_picked":["Rip and Tear","Beam Cell","Chill"],"picked":"SKIP","floor":5.0},{"not_picked":["Rip and Tear","Beam Cell"],"picked":"Chill","floor":5.0},{"not_picked":["Double Energy","Compile Driver"],"picked":"Ball Lightning","floor":7.0},{"not_picked":["Stack","Reprogram"],"picked":"Reinforced Body","floor":8.0},{"not_picked":["Sweeping Beam","FTL"],"picked":"Hologram","floor":11.0},{"not_picked":["Rebound","Recycle"],"picked":"Blizzard","floor":12.0},{"not_picked":["Compile Driver","Steam"],"picked":"Turbo","floor":13.0},{"not_picked":["Force Field","Fusion","Ball Lightning"],"picked":"SKIP","floor":18.0},{"not_picked":["Sweeping Beam","Chill"],"picked":"White Noise","floor":19.0},{"not_picked":["Sweeping Beam","Static Discharge+1","Fusion"],"picked":"SKIP","floor":22.0},{"not_picked":["Sweeping Beam","Gash"],"picked":"Capacitor+1","floor":24.0},{"not_picked":["Storm+1","Sweeping Beam"],"picked":"Undo","floor":25.0},{"not_picked":["Compile Driver+1","Reinforced Body+1","Ball Lightning"],"picked":"SKIP","floor":27.0},{"not_picked":["Compile Driver","Barrage"],"picked":"Turbo","floor":30.0},{"not_picked":["Tempest","Conserve Battery"],"picked":"Capacitor+1","floor":31.0},{"not_picked":["Core Surge","Meteor Strike"],"picked":"Seek","floor":33.0},{"not_picked":["Beam Cell","Lockon+1","Steam Power"],"picked":"SKIP","floor":35.0},{"not_picked":["Chill+1","Scrape","Compile Driver"],"picked":"SKIP","floor":36.0}],"player_experience":1030119,"relics_obtained":[{"floor":9.0,"key":"Frozen Egg 2"},{"floor":11.0,"key":"Happy Flower"},{"floor":26.0,"key":"Pear"},{"floor":29.0,"key":"Bottled Tornado"}],"event_choices":[{"damage_healed":0.0,"max_hp_gain":5.0,"max_hp_loss":0.0,"gold_gain":0.0,"event_name":"Big Fish","player_choice":"Donut","floor":3.0,"gold_loss":0.0,"damage_taken":0.0},{"damage_healed":0.0,"max_hp_gain":0.0,"max_hp_loss":0.0,"gold_gain":0.0,"event_name":"Ghosts","player_choice":"Ignored","floor":20.0,"gold_loss":0.0,"damage_taken":0.0},{"damage_healed":0.0,"max_hp_gain":0.0,"max_hp_loss":0.0,"gold_gain":0.0,"event_name":"Accursed Blacksmith","player_choice":"Rummage","floor":21.0,"gold_loss":0.0,"damage_taken":0.0,"relics_obtained":["WarpedTongs"],"cards_obtained":["Pain"]},{"damage_healed":0.0,"max_hp_gain":0.0,"max_hp_loss":0.0,"gold_gain":0.0,"event_name":"SensoryStone","player_choice":"Memory 1","floor":37.0,"gold_loss":0.0,"damage_taken":0.0},{"damage_healed":0,"gold_gain":0,"player_choice":"Ignored","damage_taken":0,"max_hp_gain":0,"max_hp_loss":0,"event_name":"Mysterious Sphere","floor":38,"gold_loss":0}],"is_beta":false,"boss_relics":[{"not_picked":["Philosopher\u0027s Stone","Tiny House"],"picked":"Astrolabe"},{"not_picked":["Pandora\u0027s Box","Velvet Choker"],"picked":"Runic Pyramid"}],"items_purged_floors":[14,28],"is_endless":false,"potions_floor_spawned":[1,8,12,13,16,18,24,31],"killed_by":"Sphere and 2 Shapes","ascension_level":20}