{"gold_per_floor":[361,361,378,378,392,392,403,46,46,46,46,63,81,24,24,99,99,118,118,118],"floor_reached":20,"playtime":589,"items_purged":["Strike_B"],"score":328,"play_id":"d508e7ae-d980-4730-a0b7-2d3216b3f5ce","local_time":"20190412230141","is_ascension_mode":true,"campfire_choices":[{"data":"Fusion","floor":6.0,"key":"SMITH"},{"data":"Zap","floor":11,"key":"SMITH"},{"data":"Chaos","floor":15,"key":"SMITH"}],"neow_cost":"PERCENT_DAMAGE","seed_source_timestamp":0,"circlet_count":0,"master_deck":["AscendersBane","Strike_B","Strike_B","Defend_B","Defend_B","Defend_B","Defend_B","Zap+1","Dualcast","Conserve Battery","Fusion+1","Recycle","Cold Snap","Ball Lightning","Chaos+1","Coolheaded","Creative AI","Turbo"],"special_seed":0,"relics":["FrozenCore","Bottled Flame","Matryoshka"],"potions_floor_usage":[16],"damage_taken":[{"damage":4.0,"enemies":"Jaw Worm","floor":1.0,"turns":4.0},{"damage":14.0,"enemies":"Small Slimes","floor":3.0,"turns":3.0},{"damage":0.0,"enemies":"2 Louse","floor":5.0,"turns":3.0},{"damage":4.0,"enemies":"Blue Slaver","floor":7.0,"turns":4.0},{"damage":8,"enemies":"3 Louse","floor":12,"turns":4},{"damage":1,"enemies":"Looter","floor":13,"turns":3},{"damage":31,"enemies":"Hexaghost","floor":16,"turns":9},{"damage":19,"enemies":"Chosen","floor":18,"turns":7},{"damage":47,"enemies":"Colosseum Slavers","floor":20,"turns":3}],"seed_played":"3170365851257251992","potions_obtained":[{"floor":3.0,"key":"PowerPotion"},{"floor":16,"key":"LiquidBronze"}],"is_trial":false,"path_per_floor":["M","?","M","?","M","R","M","$","T","$","R","M","M","$","R","B",null,"M","?","?"],"character_chosen":"DEFECT","items_purchased":["Bottled Flame","Coolheaded"],"campfire_rested":0,"item_purchase_floors":[8,14],"current_hp_per_floor":[42,42,28,51,51,51,47,47,47,47,47,39,38,38,38,7,55,36,36,0],"gold":118,"neow_bonus":"TWO_FIFTY_GOLD","is_prod":false,"is_daily":false,"chose_seed":true,"campfire_upgraded":3,"win_rate":0,"timestamp":1555081301,"path_taken":["M","?","M","?","M","R","M","?","T","$","R","M","M","?","R","BOSS","M","?","?"],"build_version":"2019-01-23","purchased_purges":1,"victory":false,"max_hp_per_floor":[71,71,71,71,71,71,71,71,71,71,71,71,71,71,71,71,71,71,71,71],"card_choices":[{"not_picked":["Sweeping Beam","Stack"],"picked":"Conserve Battery","floor":1.0},{"not_picked":["Consume","Turbo"],"picked":"Fusion","floor":3.0},{"not_picked":["Hologram","Streamline"],"picked":"Recycle","floor":5.0},{"not_picked":["Storm","All For One"],"picked":"Cold Snap","floor":7.0},{"not_picked":["Streamline","Leap"],"picked":"Ball Lightning","floor":12},{"not_picked":["Chill","Turbo"],"picked":"Chaos","floor":13},{"not_picked":["Core Surge","Seek"],"picked":"Creative AI","floor":16},{"not_picked":["Leap","Stack"],"picked":"Turbo","floor":18}],"player_experience":1377850,"relics_obtained":[{"floor":9,"key":"Matryoshka"}],"event_choices":[{"cards_removed":["Strike_B"],"damage_healed":0.0,"max_hp_gain":0.0,"max_hp_loss":0.0,"gold_gain":0.0,"event_name":"Living Wall","player_choice":"Forget","floor":2.0,"gold_loss":0.0,"damage_taken":0.0},{"damage_healed":23.0,"max_hp_gain":0.0,"max_hp_loss":0.0,"gold_gain":0.0,"event_name":"Big Fish","player_choice":"Banana","floor":4.0,"gold_loss":0.0,"damage_taken":0.0},{"damage_healed":0,"gold_gain":0,"player_choice":"Ignored","damage_taken":0,"max_hp_gain":0,"max_hp_loss":0,"event_name":"The Mausoleum","floor":19,"gold_loss":0},{"damage_healed":0,"gold_gain":0,"player_choice":"Fight","damage_taken":0,"max_hp_gain":0,"max_hp_loss":0,"event_name":"Colosseum","floor":20,"gold_loss":0}],"is_beta":false,"boss_relics":[{"not_picked":["Cursed Key","Astrolabe"],"picked":"FrozenCore"}],"items_purged_floors":[8],"is_endless":false,"potions_floor_spawned":[3,16],"killed_by":"Colosseum Slavers","ascension_level":20}