{"gold_per_floor":[117,129,54,54,66,66,95,114,139,139,151,170,200,21,21,92,92,111,311,28,41,61,61],"floor_reached":23,"playtime":741,"items_purged":["Strike_G","Strike_G","Strike_G"],"score":506,"play_id":"915cc0b1-3949-454f-a3dd-eeb9ea5618f9","local_time":"20190703222428","is_ascension_mode":true,"campfire_choices":[{"data":"Bouncing Flask","floor":6.0,"key":"SMITH"},{"data":"Catalyst","floor":10.0,"key":"SMITH"},{"data":"Outmaneuver","floor":15.0,"key":"SMITH"}],"neow_cost":"NONE","seed_source_timestamp":85761565628420,"circlet_count":0,"master_deck":["AscendersBane","Strike_G","Defend_G","Defend_G","Defend_G","Defend_G","Defend_G","Survivor","Neutralize","Escape Plan","Acrobatics","Catalyst+1","Bouncing Flask+1","Outmaneuver+1","Adrenaline","Blur","Corpse Explosion","Well Laid Plans"],"special_seed":0,"relics":["Ring of the Snake","NeowsBlessing","Pen Nib","Lantern","Bronze Scales","Runic Dome","Bag of Preparation"],"potions_floor_usage":[],"damage_taken":[{"damage":0.0,"enemies":"Jaw Worm","floor":1.0,"turns":1.0},{"damage":0.0,"enemies":"Cultist","floor":2.0,"turns":1.0},{"damage":0.0,"enemies":"2 Louse","floor":5.0,"turns":1.0},{"damage":45.0,"enemies":"3 Sentries","floor":7.0,"turns":9.0},{"damage":1.0,"enemies":"Looter","floor":8.0,"turns":3.0},{"damage":6.0,"enemies":"3 Louse","floor":11.0,"turns":6.0},{"damage":0.0,"enemies":"Blue Slaver","floor":12.0,"turns":2.0},{"damage":4.0,"enemies":"Gremlin Nob","floor":13.0,"turns":3.0},{"damage":0.0,"enemies":"The Guardian","floor":16.0,"turns":5.0},{"damage":9.0,"enemies":"Chosen","floor":18.0,"turns":5.0},{"damage":0.0,"enemies":"Spheric Guardian","floor":21.0,"turns":1.0},{"damage":14.0,"enemies":"Centurion and Healer","floor":22.0,"turns":4.0},{"damage":20,"enemies":"Gremlin Leader","floor":23,"turns":4}],"seed_played":"4412473892453964283","potions_obtained":[{"floor":2.0,"key":"Swift Potion"},{"floor":7.0,"key":"Fire Potion"},{"floor":11.0,"key":"Strength Potion"},{"floor":12.0,"key":"Regen Potion"}],"is_trial":false,"path_per_floor":["M","M","$","?","M","R","E","M","T","R","M","M","E","$","R","B",null,"M","?","$","M","M","E"],"character_chosen":"THE_SILENT","items_purchased":["Blur","Bag of Preparation"],"campfire_rested":0,"item_purchase_floors":[14,20],"current_hp_per_floor":[59,59,59,59,59,59,14,13,13,13,7,7,15,15,15,15,53,44,44,44,44,30,10],"gold":61,"neow_bonus":"THREE_ENEMY_KILL","is_prod":false,"is_daily":false,"chose_seed":false,"campfire_upgraded":3,"win_rate":0,"timestamp":1562163868,"path_taken":["M","M","$","?","?","R","E","M","T","R","M","M","E","$","R","BOSS","M","?","?","M","M","E"],"build_version":"2019-07-01","purchased_purges":3,"victory":false,"max_hp_per_floor":[66,66,66,66,66,66,66,66,66,66,66,66,66,66,66,66,66,66,66,66,66,66,66],"card_choices":[{"not_picked":["Sucker Punch","Quick Slash"],"picked":"Escape Plan","floor":1.0},{"not_picked":["Bane","Dodge and Roll"],"picked":"Acrobatics","floor":2.0},{"not_picked":["Reflex","Endless Agony"],"picked":"Bouncing Flask","floor":5.0},{"not_picked":["Quick Slash","Eviscerate","Acrobatics"],"picked":"SKIP","floor":7.0},{"not_picked":["Dagger Throw","Dash"],"picked":"Outmaneuver","floor":8.0},{"not_picked":["Flying Knee","Caltrops","Acrobatics"],"picked":"SKIP","floor":11.0},{"not_picked":["Glass Knife","Outmaneuver","Underhanded Strike"],"picked":"SKIP","floor":12.0},{"not_picked":["Slice","Noxious Fumes"],"picked":"Adrenaline","floor":13.0},{"not_picked":["Night Terror","Unload"],"picked":"Corpse Explosion","floor":16.0},{"not_picked":["Sucker Punch","Poisoned Stab+1","Leg Sweep"],"picked":"SKIP","floor":18.0},{"not_picked":["Outmaneuver","Blur"],"picked":"Well Laid Plans","floor":21.0},{"not_picked":["All Out Attack","Sucker Punch","Slice"],"picked":"SKIP","floor":22.0}],"player_experience":1524382,"relics_obtained":[{"floor":7.0,"key":"Pen Nib"},{"floor":9.0,"key":"Lantern"},{"floor":13.0,"key":"Bronze Scales"}],"event_choices":[{"damage_healed":0.0,"max_hp_gain":0.0,"max_hp_loss":0.0,"gold_gain":0.0,"cards_transformed":["Strike_G"],"event_name":"Transmorgrifier","player_choice":"Transformed","floor":4.0,"gold_loss":0.0,"damage_taken":0.0,"cards_obtained":["Catalyst"]},{"damage_healed":0.0,"max_hp_gain":0.0,"max_hp_loss":0.0,"gold_gain":200.0,"event_name":"Wheel of Change","player_choice":"Gold","floor":19.0,"gold_loss":0.0,"damage_taken":0.0}],"is_beta":false,"boss_relics":[{"not_picked":["Ectoplasm","White Beast Statue"],"picked":"Runic Dome"}],"items_purged_floors":[3,14,20],"is_endless":false,"potions_floor_spawned":[2,7,11,12],"killed_by":"Gremlin Leader","ascension_level":20}