{"gold_per_floor":[113,113,83,95,120,120,150,166,215,255,283,295,307,348,360,449,461,487,424,462,487,515,527,570,186,186,213,213,263,263,282,282,360,360,371,381,393,444,444,444,461,476,476,495,395,427,427,456,456,456,456,456,456,118,151,151],"floor_reached":57,"playtime":2447,"items_purged":["Strike_G","Defend_G","Defend_G"],"score":3411,"play_id":"7eba0bcb-1a64-42af-8472-0910521e06b2","local_time":"20190415131618","is_ascension_mode":true,"campfire_choices":[{"data":"Blade Dance","floor":6.0,"key":"SMITH"},{"data":"Neutralize","floor":13.0,"key":"SMITH"},{"data":"Tactician","floor":15.0,"key":"SMITH"},{"data":"Finisher","floor":23.0,"key":"SMITH"},{"data":"Calculated Gamble","floor":28.0,"key":"SMITH"},{"floor":30.0,"key":"REST"},{"data":"Backflip","floor":32.0,"key":"SMITH"},{"data":"Well Laid Plans","floor":40.0,"key":"SMITH"},{"floor":49.0,"key":"RECALL"},{"data":"Calculated Gamble","floor":53.0,"key":"SMITH"}],"neow_cost":"NONE","seed_source_timestamp":3770061847753,"circlet_count":0,"master_deck":["AscendersBane","Defend_G","Defend_G","Survivor","Neutralize+1","Finisher+1","Blade Dance+1","Tactician+1","Storm of Steel","Adrenaline","Leg Sweep+1","Corpse Explosion+1","Escape Plan+1","Calculated Gamble+1","Backflip+1","Adrenaline","Cloak And Dagger","Backflip","Well Laid Plans+1","Outmaneuver+1","Calculated Gamble+1","Acrobatics+1","After Image"],"special_seed":0,"relics":["Ring of the Snake","NeowsBlessing","Vajra","Juzu Bracelet","MawBank","Singing Bowl","Shuriken","Astrolabe","Bag of Preparation","TwistedFunnel","Ornamental Fan","FossilizedHelix","Orrery","Tough Bandages","Darkstone Periapt","Incense Burner","Anchor","Cauldron","Strawberry"],"potions_floor_usage":[56],"damage_taken":[{"damage":0.0,"enemies":"Cultist","floor":1.0,"turns":1.0},{"damage":0.0,"enemies":"Jaw Worm","floor":4.0,"turns":1.0},{"damage":0.0,"enemies":"Gremlin Nob","floor":7.0,"turns":1.0},{"damage":4.0,"enemies":"Small Slimes","floor":8.0,"turns":3.0},{"damage":15.0,"enemies":"3 Sentries","floor":10.0,"turns":5.0},{"damage":9.0,"enemies":"Exordium Thugs","floor":11.0,"turns":5.0},{"damage":8.0,"enemies":"Gremlin Nob","floor":14.0,"turns":3.0},{"damage":11.0,"enemies":"The Guardian","floor":16.0,"turns":12.0},{"damage":11.0,"enemies":"Chosen","floor":18.0,"turns":5.0},{"damage":0.0,"enemies":"3 Byrds","floor":21.0,"turns":1.0},{"damage":5.0,"enemies":"Snecko","floor":22.0,"turns":5.0},{"damage":21.0,"enemies":"Slavers","floor":24.0,"turns":3.0},{"damage":15.0,"enemies":"Book of Stabbing","floor":27.0,"turns":5.0},{"damage":0.0,"enemies":"Cultist and Chosen","floor":31.0,"turns":2.0},{"damage":3.0,"enemies":"Automaton","floor":33.0,"turns":9.0},{"damage":0.0,"enemies":"Orb Walker","floor":35.0,"turns":1.0},{"damage":0.0,"enemies":"3 Shapes","floor":36.0,"turns":3.0},{"damage":0.0,"enemies":"Sphere and 2 Shapes","floor":37.0,"turns":3.0},{"damage":0.0,"enemies":"2 Orb Walkers","floor":38.0,"turns":2.0},{"damage":0.0,"enemies":"Spire Growth","floor":41.0,"turns":6.0},{"damage":0.0,"enemies":"Maw","floor":42.0,"turns":4.0},{"damage":0.0,"enemies":"Sphere and 2 Shapes","floor":44.0,"turns":3.0},{"damage":0.0,"enemies":"Nemesis","floor":46.0,"turns":3.0},{"damage":0.0,"enemies":"Reptomancer","floor":48.0,"turns":4.0},{"damage":0.0,"enemies":"Donu and Deca","floor":50.0,"turns":5.0},{"damage":0.0,"enemies":"Awakened One","floor":51.0,"turns":5.0},{"damage":0.0,"enemies":"Shield and Spear","floor":55.0,"turns":3.0},{"damage":0,"enemies":"The Heart","floor":56,"turns":9}],"seed_played":"8364755774630035235","potions_obtained":[{"floor":3.0,"key":"Weak Potion"},{"floor":3.0,"key":"AttackPotion"},{"floor":10.0,"key":"EntropicBrew"},{"floor":14.0,"key":"GamblersBrew"},{"floor":16.0,"key":"GamblersBrew"},{"floor":21.0,"key":"SkillPotion"},{"floor":27.0,"key":"GhostInAJar"},{"floor":33.0,"key":"Regen Potion"},{"floor":38.0,"key":"Swift Potion"},{"floor":48.0,"key":"SteroidPotion"},{"floor":54.0,"key":"Ancient Potion"}],"is_trial":false,"path_per_floor":["M","?","?","M","T","R","E","M","T","E","M","?","R","E","R","B",null,"M","?","T","M","M","R","E","$","T","E","R","?","R","M","R","B",null,"M","M","M","?","?","R","M","M","T","M","$","E","?","E","R","B","B",null,"R","$","E","B",null],"character_chosen":"THE_SILENT","items_purchased":["TwistedFunnel","SmokeBomb","Cauldron"],"campfire_rested":1,"item_purchase_floors":[25,25,54],"current_hp_per_floor":[59,52,52,52,52,52,52,48,48,35,28,28,28,20,20,24,59,50,50,50,52,49,49,28,28,28,15,15,8,31,31,31,28,72,74,74,76,76,76,76,76,78,78,80,80,92,87,89,89,89,89,89,89,89,96,96],"gold":151,"neow_bonus":"THREE_ENEMY_KILL","is_prod":false,"is_daily":false,"chose_seed":false,"campfire_upgraded":8,"win_rate":0,"timestamp":1555305378,"path_taken":["M","?","?","?","?","R","E","M","T","E","M","?","R","E","R","BOSS","M","?","?","M","M","R","E","$","T","E","R","?","R","M","R","BOSS","M","M","M","?","?","R","M","M","T","M","$","E","?","E","R","BOSS","BOSS","R","$","E","BOSS"],"build_version":"2019-01-23","purchased_purges":3,"victory":true,"max_hp_per_floor":[66,66,66,66,66,66,66,66,66,68,70,70,70,70,70,70,70,72,72,72,74,76,76,76,76,76,78,78,78,78,78,78,78,84,86,86,88,88,88,88,88,90,90,92,92,92,87,89,89,89,89,89,89,89,96,96],"card_choices":[{"not_picked":["Cloak And Dagger","Acrobatics"],"picked":"Finisher","floor":1.0},{"not_picked":["Expertise","Dodge and Roll"],"picked":"Blade Dance","floor":4.0},{"not_picked":["PiercingWail","Riddle With Holes","Flying Knee"],"picked":"SKIP","floor":7.0},{"not_picked":["Cloak And Dagger","Quick Slash"],"picked":"Tactician","floor":8.0},{"not_picked":["Catalyst","Poisoned Stab","Eviscerate"],"picked":"Singing Bowl","floor":10.0},{"not_picked":["Poisoned Stab","Setup","Slice"],"picked":"Singing Bowl","floor":11.0},{"not_picked":["Deadly Poison","Endless Agony"],"picked":"Storm of Steel","floor":14.0},{"not_picked":["Night Terror","A Thousand Cuts"],"picked":"Adrenaline","floor":16.0},{"not_picked":["PiercingWail","Concentrate","Deflect"],"picked":"Singing Bowl","floor":18.0},{"not_picked":["Dagger Throw","Crippling Poison","Catalyst"],"picked":"Singing Bowl","floor":21.0},{"not_picked":["Sucker Punch+1","Dagger Throw","PiercingWail+1"],"picked":"Singing Bowl","floor":22.0},{"not_picked":["Tactician","Poisoned Stab"],"picked":"Calculated Gamble","floor":24.0},{"not_picked":["Flying Knee","Glass Knife","Slice"],"picked":"Singing Bowl","floor":27.0},{"not_picked":["Quick Slash","Deflect+1"],"picked":"Backflip","floor":31.0},{"not_picked":["Unload","Wraith Form v2"],"picked":"Adrenaline","floor":33.0},{"not_picked":["Underhanded Strike","Dagger Spray","Dagger Throw"],"picked":"Singing Bowl","floor":34.0},{"not_picked":["Crippling Poison","Calculated Gamble"],"picked":"Cloak And Dagger","floor":34.0},{"not_picked":["Dagger Throw+1","Underhanded Strike","Outmaneuver"],"picked":"Singing Bowl","floor":34.0},{"not_picked":["Flechettes","Heel Hook","Predator"],"picked":"Singing Bowl","floor":34.0},{"not_picked":["Dagger Spray","Deadly Poison"],"picked":"Backflip","floor":34.0},{"not_picked":["Dagger Spray+1","Deflect","Flechettes"],"picked":"Singing Bowl","floor":35.0},{"not_picked":["Tactician","Acrobatics"],"picked":"Well Laid Plans","floor":36.0},{"not_picked":["Endless Agony","Dagger Throw","Calculated Gamble"],"picked":"Singing Bowl","floor":37.0},{"not_picked":["Noxious Fumes+1","Dagger Throw"],"picked":"Outmaneuver+1","floor":38.0},{"not_picked":["Choke","Dagger Throw"],"picked":"Calculated Gamble","floor":41.0},{"not_picked":["Venomology","Bane","PiercingWail"],"picked":"Singing Bowl","floor":42.0},{"not_picked":["Heel Hook","Outmaneuver","Underhanded Strike+1"],"picked":"Singing Bowl","floor":44.0},{"not_picked":["Dagger Spray","Terror"],"picked":"Acrobatics+1","floor":46.0},{"not_picked":["PiercingWail+1","Cloak And Dagger","Quick Slash"],"picked":"Singing Bowl","floor":48.0},{"not_picked":["Doppelganger","Acrobatics"],"picked":"After Image","floor":55.0}],"player_experience":4294258,"relics_obtained":[{"floor":5.0,"key":"Vajra"},{"floor":7.0,"key":"Juzu Bracelet"},{"floor":9.0,"key":"MawBank"},{"floor":10.0,"key":"Singing Bowl"},{"floor":14.0,"key":"Shuriken"},{"floor":24.0,"key":"Bag of Preparation"},{"floor":26.0,"key":"Ornamental Fan"},{"floor":27.0,"key":"FossilizedHelix"},{"floor":38.0,"key":"Tough Bandages"},{"floor":43.0,"key":"Darkstone Periapt"},{"floor":46.0,"key":"Incense Burner"},{"floor":48.0,"key":"Anchor"},{"floor":55.0,"key":"Strawberry"}],"event_choices":[{"cards_removed":["Defend_G"],"damage_healed":0.0,"max_hp_gain":0.0,"max_hp_loss":0.0,"gold_gain":0.0,"event_name":"Golden Wing","player_choice":"Card Removal","floor":2.0,"gold_loss":0.0,"damage_taken":7.0},{"damage_healed":0.0,"max_hp_gain":0.0,"max_hp_loss":0.0,"gold_gain":0.0,"event_name":"The Woman in Blue","player_choice":"Bought 2 Potions","floor":3.0,"gold_loss":0.0,"damage_taken":0.0},{"damage_healed":0.0,"max_hp_gain":0.0,"max_hp_loss":0.0,"gold_gain":0.0,"event_name":"Liars Game","player_choice":"Ignored","floor":12.0,"gold_loss":0.0,"damage_taken":0.0},{"cards_removed":["Strike_G"],"damage_healed":0.0,"max_hp_gain":0.0,"max_hp_loss":0.0,"gold_gain":0.0,"event_name":"Beggar","player_choice":"Gave Gold","floor":19.0,"gold_loss":75.0,"damage_taken":0.0},{"damage_healed":0.0,"max_hp_gain":0.0,"max_hp_loss":0.0,"gold_gain":50.0,"event_name":"FaceTrader","player_choice":"Touch","floor":29.0,"gold_loss":0.0,"damage_taken":7.0},{"damage_healed":0.0,"max_hp_gain":0.0,"max_hp_loss":0.0,"gold_gain":0.0,"event_name":"Mysterious Sphere","player_choice":"Fight","floor":38.0,"gold_loss":0.0,"damage_taken":0.0},{"damage_healed":0.0,"max_hp_gain":0.0,"max_hp_loss":0.0,"gold_gain":0.0,"event_name":"Tomb of Lord Red Mask","player_choice":"Ignored","floor":39.0,"gold_loss":0.0,"damage_taken":0.0},{"damage_healed":0.0,"max_hp_gain":0.0,"max_hp_loss":5.0,"gold_gain":0.0,"event_name":"Winding Halls","player_choice":"Max HP","floor":47.0,"gold_loss":0.0,"damage_taken":0.0}],"is_beta":false,"boss_relics":[{"not_picked":["Fusion Hammer","Empty Cage"],"picked":"Astrolabe"},{"not_picked":["Ring of the Serpent","Eternal Feather"],"picked":"Orrery"}],"items_purged_floors":[25,45,54],"is_endless":false,"potions_floor_spawned":[4,8,10,14,16,21,27,33,36,38,41,48],"ascension_level":20}