{"gold_per_floor":[115,115,115,131,154,154,170,210,210,210,210,9,9,25,25,144,144,168,888,501,524,543,543,227,227,227,263,263,278,278,51,51,174,174,194,194,194,217,217,217,255,255,255,279,295,311,311,332,332,332],"floor_reached":51,"playtime":1422,"items_purged":["Bash","Strike_R","Strike_R","Strike_R"],"score":820,"play_id":"8d68ef05-8da1-45cc-979e-bb1559a85e91","local_time":"20190724231401","is_ascension_mode":false,"campfire_choices":[{"data":"Spot Weakness","floor":6.0,"key":"SMITH"},{"data":"Battle Trance","floor":10.0,"key":"SMITH"},{"data":"Burning Pact","floor":13.0,"key":"SMITH"},{"data":"Sword Boomerang","floor":15.0,"key":"SMITH"},{"data":"Bloodletting","floor":23.0,"key":"SMITH"},{"data":"Trip","floor":25.0,"key":"SMITH"},{"data":"Defend_R","floor":28,"key":"SMITH"},{"data":"Defend_R","floor":30,"key":"SMITH"},{"data":"Defend_R","floor":32,"key":"SMITH"},{"data":"Juggernaut","floor":40,"key":"SMITH"},{"data":"Reaper","floor":42,"key":"SMITH"},{"data":"Reaper","floor":47,"key":"SMITH"},{"floor":49,"key":"RECALL"}],"neow_cost":"PERCENT_DAMAGE","seed_source_timestamp":16821846175114,"circlet_count":0,"master_deck":["Defend_R+1","Spot Weakness+1","Battle Trance+1","Burning Pact+1","True Grit+1","Sword Boomerang+1","Reaper+1","Bloodletting+1","Battle Trance+1","Trip+1","Flex+1","Reaper+1","Sentinel+1","Juggernaut+1","Seeing Red+1"],"special_seed":0,"relics":["Burning Blood","Golden Idol","Oddly Smooth Stone","Pear","Mercury Hourglass","Orrery","ClockworkSouvenir","Brimstone","Juzu Bracelet","Kunai","Empty Cage","StoneCalendar","Omamori"],"potions_floor_usage":[50,50,50],"damage_taken":[{"damage":1.0,"enemies":"Cultist","floor":1.0,"turns":3.0},{"damage":2.0,"enemies":"2 Louse","floor":4.0,"turns":3.0},{"damage":0.0,"enemies":"Small Slimes","floor":5.0,"turns":4.0},{"damage":3.0,"enemies":"Red Slaver","floor":7.0,"turns":3.0},{"damage":37.0,"enemies":"Gremlin Nob","floor":8.0,"turns":4.0},{"damage":0.0,"enemies":"Looter","floor":14.0,"turns":3.0},{"damage":0.0,"enemies":"Hexaghost","floor":16.0,"turns":8.0},{"damage":11.0,"enemies":"3 Byrds","floor":18.0,"turns":3.0},{"damage":6.0,"enemies":"Shell Parasite","floor":21.0,"turns":4.0},{"damage":2.0,"enemies":"Centurion and Healer","floor":22.0,"turns":5.0},{"damage":3,"enemies":"Book of Stabbing","floor":27,"turns":3},{"damage":3,"enemies":"Cultist and Chosen","floor":29,"turns":3},{"damage":48,"enemies":"Champ","floor":33,"turns":4},{"damage":6,"enemies":"3 Darklings","floor":35,"turns":2},{"damage":9,"enemies":"Orb Walker","floor":38,"turns":2},{"damage":6,"enemies":"Giant Head","floor":41,"turns":3},{"damage":40,"enemies":"4 Shapes","floor":44,"turns":3},{"damage":9,"enemies":"Transient","floor":45,"turns":5},{"damage":7,"enemies":"Spire Growth","floor":46,"turns":3},{"damage":13,"enemies":"3 Darklings","floor":48,"turns":2},{"damage":113,"enemies":"Awakened One","floor":50,"turns":5}],"seed_played":"4460574215310152522","potions_obtained":[{"floor":1.0,"key":"SkillPotion"},{"floor":4.0,"key":"EssenceOfSteel"},{"floor":21.0,"key":"Regen Potion"},{"floor":22.0,"key":"GamblersBrew"},{"floor":38,"key":"GamblersBrew"}],"is_trial":false,"path_per_floor":["M","?","?","M","M","R","M","E","T","R","?","$","R","M","R","B",null,"M","?","$","M","M","R","$","R","T","E","R","M","R","$","R","B",null,"M","?","?","M","?","R","E","R","T","M","M","M","R","M","R","B",null],"character_chosen":"IRONCLAD","items_purchased":["SkillPotion","BloodPotion","ClockworkSouvenir","Trip","Brimstone","Reaper"],"campfire_rested":0,"item_purchase_floors":[12,12,20,20,24,31],"current_hp_per_floor":[61,41,41,45,51,51,54,33,33,33,15,15,15,21,21,27,90,88,7,7,24,40,40,40,40,40,64,64,90,90,90,90,68,90,90,90,80,90,90,90,90,90,90,90,87,89,89,90,90,8],"gold":332,"neow_bonus":"REMOVE_TWO","is_prod":false,"is_daily":false,"chose_seed":false,"campfire_upgraded":12,"win_rate":0,"timestamp":1563981241,"path_taken":["M","?","?","M","?","R","M","E","T","R","?","$","R","M","R","BOSS","M","?","?","M","M","R","$","R","T","E","R","M","R","$","R","BOSS","M","?","?","M","?","R","E","R","T","M","M","M","R","M","R","BOSS"],"build_version":"2019-07-17","purchased_purges":4,"victory":true,"max_hp_per_floor":[80,80,80,80,80,80,80,90,90,90,90,90,90,90,90,90,90,90,90,90,90,90,90,90,90,90,90,90,90,90,90,90,90,90,90,90,90,90,90,90,90,90,90,90,90,90,90,90,90,90],"card_choices":[{"not_picked":["Sever Soul","Fire Breathing"],"picked":"Thunderclap","floor":1.0},{"not_picked":["Sword Boomerang","Battle Trance"],"picked":"Spot Weakness","floor":4.0},{"not_picked":["Shockwave","Clothesline"],"picked":"Battle Trance","floor":5.0},{"not_picked":["Headbutt","Warcry"],"picked":"Burning Pact","floor":7.0},{"not_picked":["Wild Strike","Flex"],"picked":"True Grit","floor":8.0},{"not_picked":["Flex","Perfected Strike"],"picked":"Sword Boomerang","floor":14.0},{"not_picked":["Juggernaut","Impervious"],"picked":"Reaper","floor":16.0},{"not_picked":["Blood for Blood","Metallicize"],"picked":"Bloodletting","floor":17.0},{"not_picked":["Armaments","Sword Boomerang"],"picked":"Battle Trance+1","floor":18.0},{"not_picked":["Reckless Charge+1","Disarm"],"picked":"Flex+1","floor":21.0},{"not_picked":["Headbutt","Ghostly Armor","Armaments"],"picked":"SKIP","floor":22.0},{"not_picked":["Headbutt","Ghostly Armor","Armaments"],"picked":"SKIP","floor":22.0},{"not_picked":["Rampage","Twin Strike","Double Tap"],"picked":"SKIP","floor":27},{"not_picked":["Pommel Strike+1","Clash+1","Infernal Blade"],"picked":"SKIP","floor":29},{"not_picked":["Dual Wield","Iron Wave+1","Second Wind"],"picked":"SKIP","floor":35},{"not_picked":["Sentinel+1","Sword Boomerang+1","Battle Trance"],"picked":"SKIP","floor":38},{"not_picked":["Sword Boomerang+1","Battle Trance"],"picked":"Sentinel+1","floor":38},{"not_picked":["Feel No Pain","Bloodletting","Second Wind"],"picked":"SKIP","floor":41},{"not_picked":["Clothesline+1","Dual Wield+1"],"picked":"Seeing Red+1","floor":44},{"not_picked":["Wild Strike+1","Clothesline","Power Through"],"picked":"SKIP","floor":45},{"not_picked":["Bludgeon","Blood for Blood","Cleave"],"picked":"SKIP","floor":46},{"not_picked":["Anger+1","Perfected Strike","True Grit+1"],"picked":"SKIP","floor":48}],"player_experience":5858056,"relics_obtained":[{"floor":8.0,"key":"Pear"},{"floor":9.0,"key":"Mercury Hourglass"},{"floor":26.0,"key":"Juzu Bracelet"},{"floor":27,"key":"Kunai"},{"floor":41,"key":"StoneCalendar"},{"floor":43,"key":"Omamori"}],"event_choices":[{"damage_healed":0.0,"max_hp_gain":0.0,"max_hp_loss":0.0,"gold_gain":0.0,"event_name":"Golden Idol","player_choice":"Take Damage","floor":2.0,"gold_loss":0.0,"damage_taken":20.0,"relics_obtained":["Golden Idol"]},{"damage_healed":0.0,"max_hp_gain":0.0,"max_hp_loss":0.0,"gold_gain":0.0,"event_name":"WeMeetAgain","player_choice":"Gave Potion","floor":3.0,"gold_loss":0.0,"damage_taken":0.0,"relics_obtained":["Oddly Smooth Stone"]},{"damage_healed":0.0,"max_hp_gain":0.0,"max_hp_loss":0.0,"gold_gain":0.0,"event_name":"Shining Light","player_choice":"Entered Light","floor":11.0,"gold_loss":0.0,"damage_taken":18.0,"cards_upgraded":["True Grit","Defend_R"]},{"damage_healed":0.0,"max_hp_gain":0.0,"max_hp_loss":0.0,"gold_gain":720.0,"event_name":"Knowing Skull","player_choice":"GOLD GOLD GOLD GOLD GOLD GOLD GOLD GOLD ","floor":19.0,"potions_obtained":[],"gold_loss":0.0,"damage_taken":81.0,"cards_obtained":[]},{"cards_removed":["Defend_R"],"damage_healed":0,"gold_gain":0,"player_choice":"Offered Basic","damage_taken":0,"max_hp_gain":0,"max_hp_loss":0,"event_name":"Bonfire Elementals","floor":36,"gold_loss":0},{"damage_healed":0,"gold_gain":0,"player_choice":"Memory 3","damage_taken":10,"max_hp_gain":0,"max_hp_loss":0,"event_name":"SensoryStone","floor":37,"gold_loss":0},{"damage_healed":0,"gold_gain":0,"cards_transformed":["Defend_R"],"player_choice":"Transformed","damage_taken":0,"max_hp_gain":0,"max_hp_loss":0,"event_name":"Transmorgrifier","floor":39,"gold_loss":0,"cards_obtained":["Juggernaut"]}],"is_beta":false,"boss_relics":[{"not_picked":["Lizard Tail","Black Star"],"picked":"Orrery"},{"not_picked":["Snecko Eye","Sozu"],"picked":"Empty Cage"}],"items_purged_floors":[12,20,24,31],"is_endless":false,"potions_floor_spawned":[1,4,14,18,21,22,35,38,41,48],"ascension_level":0}