{"gold_per_floor":[116,116,43,43,62,62,78,78,78,78,8,8,22,33,33,138,138,154,79,89,107,107,107,207,207,278,310,324,335,335,255,255,351,351,365,265,284,284,298,298,326,338,350,0,30,42,54,83,95,107],"floor_reached":51,"playtime":1940,"items_purged":["Strike_G","Defend_G","Strike_G"],"score":735,"play_id":"8a42f9f7-d572-41ba-b7a6-777c136bd27a","local_time":"20181104001948","is_ascension_mode":false,"campfire_choices":[{"data":"Poisoned Stab","floor":6.0,"key":"SMITH"},{"data":"Neutralize","floor":8.0,"key":"SMITH"},{"data":"Footwork","floor":10.0,"key":"SMITH"},{"data":"Well Laid Plans","floor":15.0,"key":"SMITH"},{"data":"RitualDagger","floor":23.0,"key":"SMITH"},{"data":"Deadly Poison","floor":25.0,"key":"SMITH"},{"data":"Noxious Fumes","floor":30.0,"key":"SMITH"},{"data":"Deadly Poison","floor":32.0,"key":"SMITH"},{"data":"Survivor","floor":40,"key":"SMITH"},{"data":"Corpse Explosion","floor":42,"key":"SMITH"},{"data":"Corpse Explosion","floor":47,"key":"SMITH"},{"data":"Prepared","floor":49,"key":"SMITH"}],"neow_cost":"NONE","seed_source_timestamp":13508918310455,"circlet_count":0,"master_deck":["Defend_G","Defend_G","Defend_G+1","Defend_G","Strike_G+1","Survivor+1","Neutralize+1","Footwork+1","Poisoned Stab+1","Well Laid Plans+1","Deadly Poison+1","Poisoned Stab","Corpse Explosion+1","Deadly Poison+1","RitualDagger+1","Tactician+1","Corpse Explosion+1","Prepared+1","Escape Plan","Adrenaline","Infinite Blades+1","Footwork+1"],"special_seed":0,"relics":["Ring of the Snake","Pear","Runic Pyramid","Tingsha","Ornamental Fan","The Courier","Ninja Scroll","Coffee Dripper","MawBank","Kunai","Red Mask"],"potions_floor_usage":[39,50,50],"damage_taken":[{"damage":4.0,"enemies":"Jaw Worm","floor":1.0,"turns":9.0},{"damage":0.0,"enemies":"2 Louse","floor":5.0,"turns":3.0},{"damage":0.0,"enemies":"Small Slimes","floor":7.0,"turns":4.0},{"damage":2.0,"enemies":"2 Fungi Beasts","floor":13.0,"turns":4.0},{"damage":0.0,"enemies":"3 Louse","floor":14.0,"turns":4.0},{"damage":28.0,"enemies":"Hexaghost","floor":16.0,"turns":10.0},{"damage":0.0,"enemies":"Spheric Guardian","floor":18.0,"turns":5.0},{"damage":0.0,"enemies":"Shell Parasite","floor":20.0,"turns":6.0},{"damage":0.0,"enemies":"Snecko","floor":21.0,"turns":6.0},{"damage":6.0,"enemies":"Colosseum Slavers","floor":24.0,"turns":6.0},{"damage":27.0,"enemies":"Colosseum Nobs","floor":24.0,"turns":4.0},{"damage":14.0,"enemies":"Slavers","floor":27.0,"turns":4.0},{"damage":0.0,"enemies":"Cultist and Chosen","floor":28.0,"turns":3.0},{"damage":0.0,"enemies":"3 Cultists","floor":29.0,"turns":2.0},{"damage":11.0,"enemies":"Collector","floor":33.0,"turns":8.0},{"damage":0.0,"enemies":"3 Darklings","floor":35.0,"turns":3.0},{"damage":0.0,"enemies":"Orb Walker","floor":37.0,"turns":3.0},{"damage":0,"enemies":"4 Shapes","floor":39,"turns":2},{"damage":0,"enemies":"Reptomancer","floor":41,"turns":6},{"damage":0,"enemies":"Sphere and 2 Shapes","floor":45,"turns":2},{"damage":0,"enemies":"Jaw Worm Horde","floor":48,"turns":2},{"damage":41,"enemies":"Awakened One","floor":50,"turns":15}],"seed_played":"-4407049494825914865","potions_obtained":[{"floor":1.0,"key":"Ancient Potion"},{"floor":7.0,"key":"Regen Potion"},{"floor":14.0,"key":"GhostInAJar"},{"floor":24.0,"key":"Poison Potion"},{"floor":27.0,"key":"SteroidPotion"},{"floor":35.0,"key":"Weak Potion"},{"floor":37.0,"key":"Explosive Potion"},{"floor":48,"key":"Explosive Potion"}],"is_trial":false,"path_per_floor":["M","?","$","?","M","R","M","R","T","R","$","?","M","M","R","B",null,"M","$","M","M","?","R","?","R","T","E","M","M","R","$","R","B",null,"M","$","M","?","M","R","E","R","T","?","M","?","R","M","R","B",null],"character_chosen":"THE_SILENT","items_purchased":["Footwork","Well Laid Plans"],"campfire_rested":0,"item_purchase_floors":[3,11],"current_hp_per_floor":[66,52,52,52,52,52,52,52,62,62,62,55,53,53,53,25,80,80,80,80,80,74,74,53,53,53,39,39,39,39,39,39,28,80,80,80,80,80,80,80,80,80,80,80,80,80,80,80,80,39],"gold":119,"neow_bonus":"REMOVE_CARD","is_prod":false,"is_daily":false,"chose_seed":false,"campfire_upgraded":12,"win_rate":0,"timestamp":1541261988,"path_taken":["M","?","$","?","M","R","M","R","T","R","?","?","?","M","R","BOSS","M","$","M","M","?","R","?","R","T","E","M","M","R","$","R","BOSS","M","$","M","?","M","R","E","R","T","?","M","?","R","M","R","BOSS"],"build_version":"2018-11-01","purchased_purges":3,"victory":true,"max_hp_per_floor":[70,70,70,70,70,70,70,70,80,80,80,80,80,80,80,80,80,80,80,80,80,80,80,80,80,80,80,80,80,80,80,80,80,80,80,80,80,80,80,80,80,80,80,80,80,80,80,80,80,80],"card_choices":[{"not_picked":["Reflex","Dodge and Roll","Slice"],"picked":"SKIP","floor":1.0},{"not_picked":["Deflect","Dagger Spray"],"picked":"Poisoned Stab","floor":5.0},{"not_picked":["Dodge and Roll","Dagger Spray","Blur"],"picked":"SKIP","floor":7.0},{"not_picked":["Heel Hook","Cloak And Dagger"],"picked":"Deadly Poison","floor":13.0},{"not_picked":["Unload","Dagger Spray"],"picked":"Poisoned Stab","floor":14.0},{"not_picked":["A Thousand Cuts","Doppelganger"],"picked":"Corpse Explosion","floor":16.0},{"not_picked":["Expertise+1","Dagger Spray","Deflect"],"picked":"SKIP","floor":18.0},{"not_picked":["Dagger Spray","Underhanded Strike","Flying Knee"],"picked":"SKIP","floor":20.0},{"not_picked":["Outmaneuver+1","Bane"],"picked":"Deadly Poison","floor":21.0},{"not_picked":["Backflip","Escape Plan+1"],"picked":"Tactician+1","floor":24.0},{"not_picked":["Deflect","Riddle With Holes"],"picked":"Corpse Explosion","floor":27.0},{"not_picked":["Acrobatics","Eviscerate+1"],"picked":"Prepared","floor":28.0},{"not_picked":["Deadly Poison","Endless Agony+1"],"picked":"Noxious Fumes","floor":29.0},{"not_picked":["Skewer+1","Flechettes","Quick Slash"],"picked":"SKIP","floor":35.0},{"not_picked":["Underhanded Strike+1","Slice","Dagger Spray+1"],"picked":"SKIP","floor":37.0},{"not_picked":["Acrobatics+1","Accuracy"],"picked":"Escape Plan","floor":39},{"not_picked":["Bouncing Flask+1","Setup"],"picked":"Adrenaline","floor":41},{"not_picked":["Slice+1","Finisher+1"],"picked":"Infinite Blades+1","floor":45},{"not_picked":["Backflip","Skewer+1"],"picked":"Footwork+1","floor":48}],"player_experience":845084,"relics_obtained":[{"floor":9.0,"key":"Pear"},{"floor":24.0,"key":"Tingsha"},{"floor":24.0,"key":"Ornamental Fan"},{"floor":26.0,"key":"The Courier"},{"floor":27.0,"key":"Ninja Scroll"},{"floor":41,"key":"MawBank"},{"floor":43,"key":"Kunai"}],"event_choices":[{"damage_healed":0.0,"max_hp_gain":0.0,"max_hp_loss":0.0,"gold_gain":0.0,"event_name":"Shining Light","player_choice":"Entered Light","floor":2.0,"gold_loss":0.0,"damage_taken":14.0,"cards_upgraded":["Defend_G","Strike_G"]},{"damage_healed":0.0,"max_hp_gain":0.0,"max_hp_loss":0.0,"gold_gain":0.0,"event_name":"Liars Game","player_choice":"Ignored","floor":4.0,"gold_loss":0.0,"damage_taken":0.0},{"cards_removed":["Strike_G"],"damage_healed":0.0,"max_hp_gain":0.0,"max_hp_loss":0.0,"gold_gain":0.0,"event_name":"Golden Wing","player_choice":"Card Removal","floor":12.0,"gold_loss":0.0,"damage_taken":7.0},{"damage_healed":0.0,"max_hp_gain":0.0,"max_hp_loss":0.0,"gold_gain":0.0,"event_name":"Nest","player_choice":"Joined the Cult","floor":22.0,"gold_loss":0.0,"damage_taken":6.0,"cards_obtained":["RitualDagger"]},{"damage_healed":0.0,"max_hp_gain":0.0,"max_hp_loss":0.0,"gold_gain":0.0,"event_name":"Colosseum","player_choice":"Fight","floor":24.0,"gold_loss":0.0,"damage_taken":0.0},{"damage_healed":0.0,"max_hp_gain":0.0,"max_hp_loss":0.0,"gold_gain":0.0,"event_name":"Colosseum","player_choice":"Fought Nobs","floor":24.0,"gold_loss":0.0,"damage_taken":0.0},{"damage_healed":0.0,"max_hp_gain":0.0,"max_hp_loss":0.0,"gold_gain":0.0,"event_name":"Mysterious Sphere","player_choice":"Ignored","floor":38.0,"gold_loss":0.0,"damage_taken":0.0},{"damage_healed":0,"gold_gain":0,"player_choice":"Paid","damage_taken":0,"relics_obtained":["Red Mask"],"max_hp_gain":0,"max_hp_loss":0,"event_name":"Tomb of Lord Red Mask","floor":44,"gold_loss":362},{"cards_removed":["Noxious Fumes"],"damage_healed":0,"gold_gain":0,"player_choice":"Removed Power","damage_taken":0,"max_hp_gain":0,"max_hp_loss":0,"event_name":"Falling","floor":46,"gold_loss":0}],"is_beta":false,"boss_relics":[{"not_picked":["Fusion Hammer","Snecko Eye"],"picked":"Runic Pyramid"},{"not_picked":["Eternal Feather","Orrery"],"picked":"Coffee Dripper"}],"items_purged_floors":[19,31,36],"is_endless":false,"potions_floor_spawned":[1,7,14,20,24,24,27,35,37,48],"ascension_level":0}