{"gold_per_floor":[115,115,190,211,211,251,251,274,274,292,315,315,331,364,364,364],"floor_reached":16,"playtime":352,"items_purged":[],"score":254,"play_id":"6f6a4a0e-9ec9-4d07-b2e2-af01b5e12d1b","local_time":"20190312163616","is_ascension_mode":true,"campfire_choices":[{"data":"Neutralize","floor":7,"key":"SMITH"},{"data":"Tools of the Trade","floor":12,"key":"SMITH"},{"floor":15,"key":"RECALL"}],"neow_cost":"NONE","seed_source_timestamp":14504160674881,"circlet_count":0,"master_deck":["AscendersBane","Defend_G","Defend_G","Defend_G","Defend_G","Defend_G","Strike_G","Strike_G","Strike_G","Strike_G","Survivor","Neutralize+1","Dagger Throw","Leg Sweep","Heel Hook","Calculated Gamble","Tools of the Trade+1","Reflex","Concentrate"],"relics":["Ring of the Snake","NeowsBlessing","Golden Idol","Molten Egg 2","Centennial Puzzle","Odd Mushroom"],"potions_floor_usage":[10],"damage_taken":[{"damage":0,"enemies":"Jaw Worm","floor":1,"turns":1},{"damage":0,"enemies":"Small Slimes","floor":4,"turns":1},{"damage":0,"enemies":"Gremlin Nob","floor":6,"turns":1},{"damage":0,"enemies":"Cultist","floor":8,"turns":4},{"damage":0,"enemies":"Gremlin Gang","floor":10,"turns":6},{"damage":2,"enemies":"3 Louse","floor":11,"turns":4},{"damage":0,"enemies":"2 Fungi Beasts","floor":13,"turns":4},{"damage":15,"enemies":"The Mushroom Lair","floor":14,"turns":6},{"damage":0,"enemies":"The Guardian","floor":16,"turns":1}],"seed_played":"-4171290118143989240","potions_obtained":[{"floor":4,"key":"Fire Potion"},{"floor":6,"key":"Dexterity Potion"},{"floor":10,"key":"SteroidPotion"}],"is_trial":false,"path_per_floor":["M","?","?","M","?","E","R","M","T","M","M","R","M","?","R","B"],"character_chosen":"THE_SILENT","items_purchased":[],"campfire_rested":0,"item_purchase_floors":[],"current_hp_per_floor":[59,59,48,48,48,48,48,48,48,48,46,46,46,31,31,31],"gold":364,"neow_bonus":"THREE_ENEMY_KILL","is_prod":false,"is_daily":false,"chose_seed":false,"campfire_upgraded":2,"win_rate":0,"timestamp":1552379776,"path_taken":["M","?","?","M","?","E","R","M","T","?","M","R","?","?","R","BOSS"],"build_version":"2019-01-23","purchased_purges":0,"victory":false,"max_hp_per_floor":[66,60,60,60,60,60,60,60,60,60,60,60,60,60,60,60],"card_choices":[{"not_picked":["Distraction","Blur"],"picked":"Dagger Throw","floor":1},{"not_picked":["Dodge and Roll","Sucker Punch"],"picked":"Leg Sweep","floor":4},{"not_picked":["Flying Knee","Dagger Throw"],"picked":"Calculated Gamble","floor":6},{"not_picked":["Predator+1","Dodge and Roll"],"picked":"Tools of the Trade","floor":8},{"not_picked":["Dagger Throw+1","Prepared"],"picked":"Reflex","floor":10},{"not_picked":["Quick Slash+1","Dagger Throw+1"],"picked":"Concentrate","floor":11},{"not_picked":["Dagger Spray+1","Bane+1","Deflect"],"picked":"SKIP","floor":13}],"player_experience":3518162,"relics_obtained":[{"floor":6,"key":"Molten Egg 2"},{"floor":9,"key":"Centennial Puzzle"},{"floor":14,"key":"Odd Mushroom"}],"event_choices":[{"damage_healed":0,"gold_gain":0,"player_choice":"Lose Max HP","damage_taken":0,"relics_obtained":["Golden Idol"],"max_hp_gain":0,"max_hp_loss":6,"event_name":"Golden Idol","floor":2,"gold_loss":0},{"damage_healed":0,"gold_gain":75,"player_choice":"Gather Gold","damage_taken":11,"max_hp_gain":0,"max_hp_loss":0,"event_name":"World of Goop","floor":3,"gold_loss":0},{"damage_healed":0,"gold_gain":0,"cards_transformed":["Strike_G"],"player_choice":"Transformed","damage_taken":0,"max_hp_gain":0,"max_hp_loss":0,"event_name":"Transmorgrifier","floor":5,"gold_loss":0,"cards_obtained":["Heel Hook"]},{"damage_healed":0,"gold_gain":0,"player_choice":"Fought Mushrooms","damage_taken":0,"max_hp_gain":0,"max_hp_loss":0,"event_name":"Mushrooms","floor":14,"gold_loss":0}],"is_beta":false,"boss_relics":[],"items_purged_floors":[],"is_endless":false,"potions_floor_spawned":[4,6,10,14],"killed_by":"The Guardian","ascension_level":20}