{"gold_per_floor":[11,11,11,21,21,21,56,56,56,85,85,5,5,17,17,114,114,129,129,156,8,8,8,208,236,281,281,295,312,312,339,339,435,435,448,448,670,134,134,161,161,188,214,241,241,253,30,47,47,47],"floor_reached":50,"playtime":1197,"items_purged":["Strike_B","Strike_B","Strike_B"],"score":885,"play_id":"7046c420-055b-4a31-b696-d4fd77d0ec88","local_time":"20181008143531","is_ascension_mode":true,"campfire_choices":[{"data":"Zap","floor":6,"key":"SMITH"},{"data":"Redo","floor":8,"key":"SMITH"},{"data":"Electrodynamics","floor":11,"key":"SMITH"},{"data":"Defragment","floor":15,"key":"SMITH"},{"data":"Defragment","floor":23,"key":"SMITH"},{"data":"Consume","floor":27,"key":"SMITH"},{"data":"Capacitor","floor":30,"key":"SMITH"},{"data":"Dualcast","floor":32,"key":"SMITH"},{"data":"Conserve Battery","floor":41,"key":"SMITH"},{"floor":45,"key":"REST"},{"floor":49,"key":"REST"}],"neow_cost":"NO_GOLD","seed_source_timestamp":520479335765534,"circlet_count":0,"master_deck":["Defend_B","Defend_B","Defend_B","Defend_B","Zap+1","Dualcast+1","Electrodynamics+1","Conserve Battery+1","Redo+1","Consume+1","Seek+1","Defragment+1","Ball Lightning+1","Thunder Strike+1","Undo+1","Leap+1","Defragment+1","Capacitor+1","Storm+1","Reboot+1","Storm+1","Reinforced Body+1","Discovery+1"],"relics":["Cracked Core","Calipers","Shuriken","Cables","Toxic Egg 2","Molten Egg 2","Runic Dome","Red Mask","Bottled Lightning","Blood Vial","DataDisk","Sozu","DollysMirror","Matryoshka","Bronze Scales","Dodecahedron","Sundial","Ancient Tea Set","Kunai"],"potions_floor_usage":[33],"damage_taken":[{"damage":0,"enemies":"Small Slimes","floor":1,"turns":2},{"damage":1,"enemies":"Cultist","floor":4,"turns":3},{"damage":3,"enemies":"3 Sentries","floor":7,"turns":3},{"damage":13,"enemies":"Gremlin Nob","floor":10,"turns":3},{"damage":0,"enemies":"2 Louse","floor":14,"turns":1},{"damage":2,"enemies":"Hexaghost","floor":16,"turns":6},{"damage":5,"enemies":"Chosen","floor":18,"turns":2},{"damage":0,"enemies":"Masked Bandits","floor":20,"turns":1},{"damage":0,"enemies":"Gremlin Leader","floor":25,"turns":4},{"damage":0,"enemies":"2 Thieves","floor":28,"turns":3},{"damage":8,"enemies":"Shelled Parasite and Fungi","floor":29,"turns":4},{"damage":12,"enemies":"Slavers","floor":31,"turns":2},{"damage":15,"enemies":"Champ","floor":33,"turns":5},{"damage":0,"enemies":"3 Shapes","floor":35,"turns":2},{"damage":21,"enemies":"2 Orb Walkers","floor":40,"turns":3},{"damage":15,"enemies":"Nemesis","floor":42,"turns":3},{"damage":16,"enemies":"2 Orb Walkers","floor":44,"turns":2},{"damage":0,"enemies":"Orb Walker","floor":46,"turns":1},{"damage":0,"enemies":"3 Darklings","floor":48,"turns":1},{"damage":79,"enemies":"Awakened One","floor":50,"turns":7}],"seed_played":"-1492642014165645812","potions_obtained":[{"floor":1,"key":"LiquidBronze"},{"floor":16,"key":"FearPotion"},{"floor":18,"key":"Ancient Potion"},{"floor":25,"key":"Poison Potion"},{"floor":33,"key":"Explosive Potion"}],"is_trial":false,"path_per_floor":["M","?","?","M","?","R","E","R","T","E","R","$","$","M","R","B",null,"M","?","?","$","$","R","?","E","T","R","M","M","R","E","R","B",null,"M","?","?","$","?","E","R","E","T","E","R","M","$","M","R"],"character_chosen":"DEFECT","items_purchased":["Defragment","Ball Lightning+1","Defragment","DollysMirror","Matryoshka","Discovery+1"],"campfire_rested":2,"item_purchase_floors":[12,12,21,38,38,47],"current_hp_per_floor":[68,68,68,67,42,42,39,39,39,26,26,26,26,26,26,24,62,57,57,57,57,57,57,57,57,57,57,59,53,53,43,43,30,64,66,66,66,66,66,47,47,34,34,20,41,43,43,45,66,0],"gold":47,"neow_bonus":"THREE_RARE_CARDS","is_prod":false,"is_daily":false,"chose_seed":false,"campfire_upgraded":9,"win_rate":0,"timestamp":1538980531,"path_taken":["M","?","?","M","?","R","E","R","T","E","R","?","$","M","R","BOSS","M","?","?","?","$","R","?","E","T","R","?","M","R","E","R","BOSS","M","?","?","$","?","E","R","E","T","E","R","?","$","M","R","BOSS"],"build_version":"2018-10-04v2","purchased_purges":3,"victory":false,"max_hp_per_floor":[75,75,75,75,75,75,75,75,75,75,75,75,75,75,75,75,75,75,75,75,75,75,75,75,75,75,75,75,75,75,75,75,75,75,75,75,75,75,71,71,71,71,71,71,71,71,71,71,71,71],"card_choices":[{"not_picked":["Buffer","Thunder Strike"],"picked":"Electrodynamics","floor":0},{"not_picked":["Fusion","Steam"],"picked":"Conserve Battery","floor":1},{"not_picked":["Go for the Eyes","Double Energy"],"picked":"Redo","floor":4},{"not_picked":["Sunder","Beam Cell"],"picked":"Consume","floor":7},{"not_picked":["Sweeping Beam","Steam+1"],"picked":"Seek+1","floor":10},{"not_picked":["Beam Cell+1","Sunder+1","Sweeping Beam+1"],"picked":"SKIP","floor":14},{"not_picked":["Reboot+1","Biased Cognition"],"picked":"Thunder Strike+1","floor":16},{"not_picked":["Conserve Battery+1","Redo+1"],"picked":"Undo+1","floor":18},{"not_picked":["Streamline+1","Cold Snap+1"],"picked":"Leap+1","floor":20},{"not_picked":["Stack+1","Static Discharge"],"picked":"Capacitor","floor":25},{"not_picked":["Steam Power+1","Chill+1","Redo+1"],"picked":"SKIP","floor":28},{"not_picked":["Sweeping Beam+1","Lockon+1","Melter+1"],"picked":"SKIP","floor":29},{"not_picked":["Conserve Battery+1","Amplify+1"],"picked":"Storm+1","floor":31},{"not_picked":["Machine Learning","Thunder Strike+1"],"picked":"Reboot+1","floor":33},{"not_picked":["Turbo+1","Barrage+1","Force Field+1"],"picked":"SKIP","floor":35},{"not_picked":["Undo+1","Creative AI","Auto Shields+1"],"picked":"SKIP","floor":40},{"not_picked":["Compile Driver+1","Rebound+1","Ball Lightning+1"],"picked":"SKIP","floor":42},{"not_picked":["Chill+1","Melter+1"],"picked":"Reinforced Body+1","floor":44},{"not_picked":["Compile Driver+1","Darkness+1","Barrage+1"],"picked":"SKIP","floor":46},{"not_picked":["Rebound+1","Redo+1","Beam Cell+1"],"picked":"SKIP","floor":48}],"player_experience":239446,"relics_obtained":[{"floor":7,"key":"Cables"},{"floor":9,"key":"Toxic Egg 2"},{"floor":10,"key":"Molten Egg 2"},{"floor":20,"key":"Red Mask"},{"floor":25,"key":"Bottled Lightning"},{"floor":26,"key":"Blood Vial"},{"floor":31,"key":"DataDisk"},{"floor":40,"key":"Bronze Scales"},{"floor":42,"key":"Dodecahedron"},{"floor":43,"key":"Sundial"},{"floor":43,"key":"Ancient Tea Set"},{"floor":44,"key":"Kunai"}],"event_choices":[{"event_name":"WeMeetAgain","player_choice":"Potion","floor":2,"damage_taken":0},{"event_name":"Bonfire Elementals","player_choice":"BASIC","floor":3,"damage_taken":0},{"event_name":"Scrap Ooze","player_choice":"success","floor":5,"damage_taken":25},{"event_name":"Match and Keep!","player_choice":"0 cards matched","floor":19,"damage_taken":0},{"event_name":"Masked Bandits","player_choice":"Fought Bandits","floor":20,"damage_taken":0},{"event_name":"Wheel of Change","player_choice":"Gold","floor":24,"damage_taken":0},{"event_name":"Match and Keep!","player_choice":"0 cards matched","floor":36,"damage_taken":0},{"event_name":"Tomb of Lord Red Mask","player_choice":"Wore Mask","floor":37,"damage_taken":0},{"event_name":"Winding Halls","player_choice":"Max HP","floor":39,"damage_taken":0}],"is_beta":false,"boss_relics":[{"not_picked":["Nuclear Battery","Ectoplasm"],"picked":"Runic Dome"},{"not_picked":["Philosopher\u0027s Stone","Calling Bell"],"picked":"Sozu"}],"items_purged_floors":[21,38,47],"is_endless":false,"potions_floor_spawned":[1,16,18,25,28,33,44,46],"killed_by":"Awakened One","ascension_level":9}