{"gold_per_floor":[115,115,131,141,66,66,78,78,78,78,88,118,118,42,42,42],"floor_reached":16,"playtime":373,"items_purged":["Strike_B"],"score":200,"play_id":"5dd9d16c-686e-49aa-932c-55d3a7661cff","local_time":"20190116122840","is_ascension_mode":true,"campfire_choices":[{"data":"Consume","floor":6,"key":"SMITH"},{"data":"Dualcast","floor":8,"key":"SMITH"},{"data":"Rainbow","floor":10,"key":"SMITH"},{"data":"Chaos","floor":15,"key":"SMITH"}],"neow_cost":"NONE","seed_source_timestamp":5449071660788,"circlet_count":0,"master_deck":["AscendersBane","Strike_B","Strike_B","Strike_B","Defend_B","Defend_B","Defend_B","Defend_B","Zap","Dualcast+1","Rainbow+1","Tempest","Consume+1","Reinforced Body","Chaos+1","Thunder Strike","Glacier"],"relics":["Cracked Core","Incense Burner"],"potions_floor_usage":[12,16],"damage_taken":[{"damage":7,"enemies":"Jaw Worm","floor":1,"turns":4},{"damage":7,"enemies":"2 Louse","floor":3,"turns":3},{"damage":0,"enemies":"Small Slimes","floor":4,"turns":4},{"damage":13,"enemies":"Blue Slaver","floor":7,"turns":3},{"damage":3,"enemies":"Large Slime","floor":11,"turns":4},{"damage":37,"enemies":"Gremlin Nob","floor":12,"turns":4},{"damage":5,"enemies":"Hexaghost","floor":16,"turns":7}],"seed_played":"-5084688730661229344","potions_obtained":[{"floor":3,"key":"AttackPotion"},{"floor":4,"key":"SteroidPotion"},{"floor":12,"key":"Weak Potion"}],"is_trial":false,"path_per_floor":["M","?","M","M","$","R","M","R","T","R","M","E","?","$","R","B"],"character_chosen":"DEFECT","items_purchased":["Glacier"],"campfire_rested":0,"item_purchase_floors":[14],"current_hp_per_floor":[57,62,55,55,55,55,42,42,42,42,39,2,2,2,2,0],"gold":42,"neow_bonus":"ONE_RANDOM_RARE_CARD","is_prod":false,"is_daily":false,"chose_seed":false,"campfire_upgraded":4,"win_rate":0,"timestamp":1547612920,"path_taken":["M","?","M","M","$","R","M","R","T","R","M","E","?","?","R","BOSS"],"build_version":"2019-01-10","purchased_purges":1,"victory":false,"max_hp_per_floor":[71,76,76,76,76,76,76,76,76,76,76,76,76,76,76,76],"card_choices":[{"not_picked":["Turbo","Barrage"],"picked":"Tempest","floor":1},{"not_picked":["Compile Driver","Scrape","Beam Cell"],"picked":"SKIP","floor":3},{"not_picked":["Double Energy","Chill"],"picked":"Consume","floor":4},{"not_picked":["Go for the Eyes","Steam"],"picked":"Reinforced Body","floor":7},{"not_picked":["Heatsinks","Cold Snap"],"picked":"Chaos","floor":11},{"not_picked":["Beam Cell","Coolheaded"],"picked":"Thunder Strike","floor":12}],"player_experience":1944289,"relics_obtained":[{"floor":12,"key":"Incense Burner"}],"event_choices":[{"damage_healed":0,"gold_gain":0,"player_choice":"Donut","damage_taken":0,"max_hp_gain":5,"max_hp_loss":0,"event_name":"Big Fish","floor":2,"gold_loss":0},{"damage_healed":0,"gold_gain":0,"player_choice":"Ignored","damage_taken":0,"max_hp_gain":0,"max_hp_loss":0,"event_name":"Liars Game","floor":13,"gold_loss":0}],"is_beta":false,"boss_relics":[],"items_purged_floors":[5],"is_endless":false,"potions_floor_spawned":[3,4,11,12],"killed_by":"Hexaghost","ascension_level":20}