{"gold_per_floor":[110,110,110,110,26,26,57,68,68,81,113,113,148,169,169,262,262,286,286,300,300,300,336,336,359,359,116,116,132,32,32],"floor_reached":31,"playtime":772,"items_purged":["Decay","Strike_B+1"],"score":592,"play_id":"ca9456ec-3496-40e9-9c0c-c785550fd887","local_time":"20190226231923","is_ascension_mode":true,"campfire_choices":[{"data":"Zap","floor":6.0,"key":"SMITH"},{"data":"Barrage","floor":15.0,"key":"SMITH"},{"floor":24,"key":"REST"},{"data":"Consume","floor":28,"key":"SMITH"}],"neow_cost":"NONE","seed_source_timestamp":789364557860671,"circlet_count":0,"master_deck":["AscendersBane","Strike_B+1","Strike_B+1","Strike_B+1","Defend_B+1","Defend_B+1","Defend_B+1","Defend_B+1","Zap+1","Dualcast","Skim","Capacitor","Blizzard","Barrage+1","Glacier","Electrodynamics","Turbo","Reboot","Consume+1","White Noise","Capacitor","Hologram","Cold Snap","Compile Driver","Double Energy"],"special_seed":0,"relics":["Cracked Core","NeowsBlessing","Oddly Smooth Stone","Turnip","WingedGreaves","Golden Idol","Unceasing Top","Cursed Key","Nloth\u0027s Gift","Bottled Tornado","Mummified Hand"],"potions_floor_usage":[21,23,31],"damage_taken":[{"damage":0.0,"enemies":"Jaw Worm","floor":1.0,"turns":1.0},{"damage":0.0,"enemies":"Gremlin Nob","floor":7.0,"turns":1.0},{"damage":0.0,"enemies":"2 Louse","floor":8.0,"turns":1.0},{"damage":0.0,"enemies":"Cultist","floor":10.0,"turns":2.0},{"damage":4.0,"enemies":"3 Sentries","floor":11.0,"turns":7.0},{"damage":30.0,"enemies":"Gremlin Nob","floor":13.0,"turns":4.0},{"damage":3.0,"enemies":"2 Fungi Beasts","floor":14.0,"turns":4.0},{"damage":22.0,"enemies":"Slime Boss","floor":16.0,"turns":7.0},{"damage":5,"enemies":"Spheric Guardian","floor":18,"turns":6},{"damage":6,"enemies":"3 Byrds","floor":20,"turns":3},{"damage":17,"enemies":"Colosseum Slavers","floor":21,"turns":3},{"damage":25,"enemies":"Slavers","floor":23,"turns":6},{"damage":21,"enemies":"Snake Plant","floor":25,"turns":7},{"damage":1,"enemies":"Snecko","floor":29,"turns":4},{"damage":19,"enemies":"Shelled Parasite and Fungi","floor":31,"turns":1}],"seed_played":"3296188045613877708","potions_obtained":[{"floor":8.0,"key":"FocusPotion"},{"floor":10.0,"key":"FearPotion"},{"floor":11.0,"key":"Ancient Potion"},{"floor":16.0,"key":"FocusPotion"},{"floor":18,"key":"Energy Potion"}],"is_trial":false,"path_per_floor":["M","?","?","T","$","R","E","M","T","M","E","?","E","M","R","B",null,"M","?","M","?","?","E","R","M","T","$","R","M","$","M"],"character_chosen":"DEFECT","items_purchased":["Capacitor","Cold Snap","Compile Driver","Block Potion"],"campfire_rested":1,"item_purchase_floors":[5,27,27,27],"current_hp_per_floor":[64,69,69,69,69,69,79,79,79,79,75,75,45,42,42,20,64,59,59,53,36,36,11,34,13,13,13,13,12,12,0],"gold":32,"neow_bonus":"THREE_ENEMY_KILL","is_prod":false,"is_daily":false,"chose_seed":false,"campfire_upgraded":3,"win_rate":0,"timestamp":1551194363,"path_taken":["M","?","?","?","?","R","E","M","T","M","E","?","E","M","R","BOSS","M","?","?","?","?","E","R","M","T","?","R","M","$","M"],"build_version":"2019-01-23","purchased_purges":2,"victory":false,"max_hp_per_floor":[71,76,76,76,76,76,86,86,86,86,86,78,78,78,78,78,78,78,78,78,78,78,78,78,78,78,78,78,78,78,78],"card_choices":[{"not_picked":["Go for the Eyes","Turbo"],"picked":"Skim","floor":1.0},{"not_picked":["FTL","Ball Lightning"],"picked":"Blizzard","floor":7.0},{"not_picked":["Leap","Steam"],"picked":"Barrage","floor":8.0},{"not_picked":["Redo","Steam"],"picked":"Glacier","floor":10.0},{"not_picked":["Go for the Eyes","Scrape"],"picked":"Electrodynamics","floor":11.0},{"not_picked":["Gash","Aggregate","Ball Lightning"],"picked":"SKIP","floor":13.0},{"not_picked":["Melter","Steam"],"picked":"Turbo","floor":14.0},{"not_picked":["Electrodynamics","Amplify"],"picked":"Reboot","floor":16.0},{"not_picked":["Redo","Coolheaded"],"picked":"Consume","floor":18},{"not_picked":["Gash","FTL"],"picked":"White Noise","floor":20},{"not_picked":["Machine Learning","Beam Cell"],"picked":"Capacitor","floor":23},{"not_picked":["Reinforced Body","Sweeping Beam"],"picked":"Hologram","floor":25},{"not_picked":["Chill","Barrage"],"picked":"Double Energy","floor":29}],"player_experience":1010115,"relics_obtained":[{"floor":4.0,"key":"Oddly Smooth Stone"},{"floor":7.0,"key":"Pear"},{"floor":9.0,"key":"Turnip"},{"floor":11.0,"key":"WingedGreaves"},{"floor":13.0,"key":"Unceasing Top"},{"floor":23,"key":"Bottled Tornado"},{"floor":26,"key":"Mummified Hand"}],"event_choices":[{"damage_healed":0.0,"max_hp_gain":5.0,"max_hp_loss":0.0,"gold_gain":0.0,"event_name":"Big Fish","player_choice":"Donut","floor":2.0,"gold_loss":0.0,"damage_taken":0.0},{"damage_healed":0.0,"max_hp_gain":0.0,"max_hp_loss":0.0,"gold_gain":0.0,"event_name":"Liars Game","player_choice":"Ignored","floor":3.0,"gold_loss":0.0,"damage_taken":0.0},{"damage_healed":0.0,"max_hp_gain":0.0,"max_hp_loss":8.0,"gold_gain":0.0,"event_name":"Golden Idol","player_choice":"Lose Max HP","floor":12.0,"gold_loss":0.0,"damage_taken":0.0,"relics_obtained":["Golden Idol"]},{"damage_healed":0,"gold_gain":0,"player_choice":"Traded Relic","damage_taken":0,"relics_obtained":["Nloth\u0027s Gift"],"max_hp_gain":0,"max_hp_loss":0,"event_name":"N\u0027loth","floor":19,"relics_lost":["Pear"],"gold_loss":0},{"damage_healed":0,"gold_gain":0,"player_choice":"Fight","damage_taken":0,"max_hp_gain":0,"max_hp_loss":0,"event_name":"Colosseum","floor":21,"gold_loss":0},{"damage_healed":0,"gold_gain":0,"player_choice":"Fled From Nobs","damage_taken":0,"max_hp_gain":0,"max_hp_loss":0,"event_name":"Colosseum","floor":21,"gold_loss":0},{"damage_healed":0,"gold_gain":0,"player_choice":"Simplicity","damage_taken":0,"max_hp_gain":0,"max_hp_loss":0,"event_name":"Back to Basics","floor":22,"gold_loss":0,"cards_upgraded":["Strike_B","Strike_B","Strike_B","Strike_B","Defend_B","Defend_B","Defend_B","Defend_B"]}],"is_beta":false,"boss_relics":[{"not_picked":["Ectoplasm","Orrery"],"picked":"Cursed Key"}],"items_purged_floors":[27,30],"is_endless":false,"potions_floor_spawned":[8,10,11,16,18],"killed_by":"Shelled Parasite and Fungi","ascension_level":20}