{"gold_per_floor":[116,128,203,47,47,73,89,89,89,102,102,125,140,153,153,243,243,258,258,31,31,31,31,31],"floor_reached":24,"playtime":476,"items_purged":["Strike_G","Strike_G"],"score":446,"play_id":"68465947-a3fd-4234-8f65-0df5e40c1aa9","local_time":"20190804150412","is_ascension_mode":true,"campfire_choices":[{"data":"Catalyst","floor":11.0,"key":"SMITH"},{"data":"Deadly Poison","floor":15.0,"key":"SMITH"}],"neow_cost":"NONE","seed_source_timestamp":593167740227743,"circlet_count":0,"master_deck":["AscendersBane","Defend_G","Defend_G","Defend_G","Defend_G","Defend_G","Survivor","Neutralize","Acrobatics","PiercingWail","Masterful Stab","Calculated Gamble","Catalyst+1","Envenom","Deadly Poison+1","Reflex+1","Ghostly","Ghostly","Ghostly","Footwork","Catalyst","Blade Dance","Choke"],"special_seed":0,"relics":["Ring of the Snake","NeowsBlessing","Blue Candle","Golden Idol","Matryoshka","Black Star","Vajra"],"potions_floor_usage":[],"damage_taken":[{"damage":0.0,"enemies":"Jaw Worm","floor":1.0,"turns":1.0},{"damage":0.0,"enemies":"2 Louse","floor":2.0,"turns":1.0},{"damage":0.0,"enemies":"Lagavulin","floor":6.0,"turns":1.0},{"damage":0.0,"enemies":"Small Slimes","floor":7.0,"turns":4.0},{"damage":0.0,"enemies":"Blue Slaver","floor":10.0,"turns":5.0},{"damage":10.0,"enemies":"Red Slaver","floor":12.0,"turns":4.0},{"damage":1.0,"enemies":"3 Louse","floor":13.0,"turns":3.0},{"damage":3.0,"enemies":"Blue Slaver","floor":14.0,"turns":5.0},{"damage":22.0,"enemies":"The Guardian","floor":16.0,"turns":10.0},{"damage":0.0,"enemies":"3 Byrds","floor":18.0,"turns":3.0},{"damage":0.0,"enemies":"2 Thieves","floor":23.0,"turns":1.0},{"damage":21,"enemies":"Book of Stabbing","floor":24,"turns":6}],"seed_played":"-3098805036643972149","potions_obtained":[{"floor":7.0,"key":"SmokeBomb"},{"floor":10.0,"key":"LiquidBronze"}],"is_trial":false,"path_per_floor":["M","M","?","$","?","E","M","?","T","M","R","M","M","M","R","B",null,"M","?","$","?","T","M","E"],"character_chosen":"THE_SILENT","items_purchased":["Masterful Stab","Footwork","Catalyst"],"campfire_rested":0,"item_purchase_floors":[4,20,20],"current_hp_per_floor":[59,59,48,48,41,41,41,41,41,41,41,31,30,27,27,5,46,46,30,30,30,30,30,9],"gold":31,"neow_bonus":"THREE_ENEMY_KILL","is_prod":false,"is_daily":false,"chose_seed":false,"campfire_upgraded":2,"win_rate":0,"timestamp":1564898652,"path_taken":["M","M","?","$","?","E","M","?","T","M","R","?","M","M","R","BOSS","M","?","$","?","?","M","E"],"build_version":"2019-07-17","purchased_purges":2,"victory":false,"max_hp_per_floor":[66,66,66,66,66,66,66,60,60,60,60,60,60,60,60,60,60,60,30,30,30,30,30,30],"card_choices":[{"not_picked":["Deflect","Flying Knee"],"picked":"Acrobatics","floor":1.0},{"not_picked":["Deflect","Blade Dance"],"picked":"PiercingWail","floor":2.0},{"not_picked":["Slice","Distraction"],"picked":"Calculated Gamble","floor":6.0},{"not_picked":["Crippling Poison","Underhanded Strike"],"picked":"Catalyst","floor":7.0},{"not_picked":["Cloak And Dagger","Sucker Punch","Eviscerate"],"picked":"SKIP","floor":10.0},{"not_picked":["Bane","Choke","Envenom"],"picked":"SKIP","floor":12.0},{"not_picked":["Bane","Choke"],"picked":"Envenom","floor":12.0},{"not_picked":["Caltrops","Deadly Poison","Backflip"],"picked":"SKIP","floor":13.0},{"not_picked":["Caltrops","Backflip"],"picked":"Deadly Poison","floor":13.0},{"not_picked":["Deflect","Quick Slash","Blur"],"picked":"SKIP","floor":14.0},{"not_picked":["Cloak And Dagger","Backflip"],"picked":"Reflex+1","floor":18.0}],"player_experience":757106,"relics_obtained":[{"floor":6.0,"key":"Blue Candle"},{"floor":9.0,"key":"Matryoshka"},{"floor":22.0,"key":"Vajra"}],"event_choices":[{"damage_healed":0.0,"max_hp_gain":0.0,"max_hp_loss":0.0,"gold_gain":75.0,"event_name":"World of Goop","player_choice":"Gather Gold","floor":3.0,"gold_loss":0.0,"damage_taken":11.0},{"cards_removed":["Strike_G"],"damage_healed":0.0,"max_hp_gain":0.0,"max_hp_loss":0.0,"gold_gain":0.0,"event_name":"Golden Wing","player_choice":"Card Removal","floor":5.0,"gold_loss":0.0,"damage_taken":7.0},{"damage_healed":0.0,"max_hp_gain":0.0,"max_hp_loss":6.0,"gold_gain":0.0,"event_name":"Golden Idol","player_choice":"Lose Max HP","floor":8.0,"gold_loss":0.0,"damage_taken":0.0,"relics_obtained":["Golden Idol"]},{"damage_healed":0.0,"max_hp_gain":0.0,"max_hp_loss":30.0,"gold_gain":0.0,"event_name":"Ghosts","player_choice":"Became a Ghost","floor":19.0,"gold_loss":0.0,"damage_taken":0.0,"cards_obtained":["Ghostly","Ghostly","Ghostly"]},{"damage_healed":0.0,"max_hp_gain":0.0,"max_hp_loss":0.0,"gold_gain":0.0,"cards_transformed":["Strike_G","Strike_G"],"event_name":"Drug Dealer","player_choice":"Became Test Subject","floor":21.0,"gold_loss":0.0,"damage_taken":0.0,"cards_obtained":["Blade Dance","Choke"]}],"is_beta":false,"boss_relics":[{"not_picked":["Snecko Eye","White Beast Statue"],"picked":"Black Star"}],"items_purged_floors":[4,20],"is_endless":false,"potions_floor_spawned":[7,10,14,16],"killed_by":"Book of Stabbing","ascension_level":20}