{"gold_per_floor":[119,41,59,77,87,87,99,99,125,141,205,205,223,2,2,75,75,90,108,135,135,135,135,135],"floor_reached":24,"playtime":562,"items_purged":[],"score":476,"play_id":"9361f040-4401-45e2-9561-1398c88318d5","local_time":"20190704175959","is_ascension_mode":true,"campfire_choices":[{"data":"Skewer","floor":6.0,"key":"SMITH"},{"data":"Neutralize","floor":8.0,"key":"SMITH"},{"data":"Terror","floor":15.0,"key":"SMITH"},{"data":"Cloak And Dagger","floor":23,"key":"SMITH"}],"neow_cost":"NONE","seed_source_timestamp":156582057563557,"circlet_count":0,"master_deck":["AscendersBane","Strike_G","Strike_G","Defend_G","Defend_G","Defend_G","Defend_G","Defend_G","Survivor","Neutralize+1","Skewer+1","Infinite Blades","Backflip","Choke","Terror+1","Blade Dance+1","A Thousand Cuts+1","Choke+1","Cloak And Dagger+1"],"special_seed":0,"relics":["Ring of the Snake","NeowsBlessing","Anchor","Lantern","Vajra","Astrolabe","Bag of Marbles"],"potions_floor_usage":[16,16],"damage_taken":[{"damage":0.0,"enemies":"Jaw Worm","floor":1.0,"turns":1.0},{"damage":0.0,"enemies":"Cultist","floor":3.0,"turns":1.0},{"damage":0.0,"enemies":"Small Slimes","floor":4.0,"turns":1.0},{"damage":0.0,"enemies":"2 Fungi Beasts","floor":5.0,"turns":4.0},{"damage":13.0,"enemies":"Gremlin Gang","floor":7.0,"turns":5.0},{"damage":0.0,"enemies":"Red Slaver","floor":10.0,"turns":3.0},{"damage":9.0,"enemies":"3 Sentries","floor":11.0,"turns":7.0},{"damage":12.0,"enemies":"Large Slime","floor":13.0,"turns":5.0},{"damage":0,"enemies":"Slime Boss","floor":16,"turns":3},{"damage":10,"enemies":"Shell Parasite","floor":18,"turns":5},{"damage":16,"enemies":"Spheric Guardian","floor":19,"turns":4},{"damage":13,"enemies":"Cultist and Chosen","floor":24,"turns":4}],"seed_played":"-8234508623851168280","potions_obtained":[{"floor":3.0,"key":"Explosive Potion"},{"floor":5.0,"key":"PowerPotion"},{"floor":7.0,"key":"SkillPotion"},{"floor":11.0,"key":"Explosive Potion"},{"floor":12.0,"key":"SteroidPotion"},{"floor":19,"key":"Energy Potion"}],"is_trial":false,"path_per_floor":["M","?","M","M","M","R","M","R","T","M","?","?","M","$","R","B",null,"M","M","T","?","?","R","M"],"character_chosen":"THE_SILENT","items_purchased":["Vajra","SteroidPotion"],"campfire_rested":0,"item_purchase_floors":[14,14],"current_hp_per_floor":[59,59,59,59,59,59,46,46,46,46,37,37,25,25,25,25,56,46,30,30,30,12,12,0],"gold":135,"neow_bonus":"THREE_ENEMY_KILL","is_prod":false,"is_daily":false,"chose_seed":false,"campfire_upgraded":4,"win_rate":0,"timestamp":1562234399,"path_taken":["M","?","M","M","?","R","M","R","T","M","?","?","?","$","R","BOSS","M","?","?","?","?","R","M"],"build_version":"2019-07-01","purchased_purges":0,"victory":false,"max_hp_per_floor":[66,66,66,66,66,66,66,66,66,66,66,66,66,66,66,66,66,66,66,66,66,71,71,71],"card_choices":[{"not_picked":["Deflect","Dagger Throw"],"picked":"Skewer","floor":1.0},{"not_picked":["Sucker Punch","Dodge and Roll","Cloak And Dagger"],"picked":"SKIP","floor":3.0},{"not_picked":["Masterful Stab","Storm of Steel"],"picked":"Infinite Blades","floor":4.0},{"not_picked":["Caltrops","Eviscerate","Deflect"],"picked":"SKIP","floor":5.0},{"not_picked":["Slice","Predator"],"picked":"Backflip","floor":7.0},{"not_picked":["Prepared","Deadly Poison"],"picked":"Choke","floor":10.0},{"not_picked":["Bane","Dash"],"picked":"Terror","floor":11.0},{"not_picked":["PiercingWail","Flying Knee","Dagger Spray"],"picked":"SKIP","floor":13.0},{"not_picked":["Bane","Endless Agony+1","Backflip"],"picked":"SKIP","floor":18},{"not_picked":["Underhanded Strike+1","Dagger Spray"],"picked":"Cloak And Dagger","floor":19}],"player_experience":1539291,"relics_obtained":[{"floor":20,"key":"Bag of Marbles"}],"event_choices":[{"damage_healed":0.0,"max_hp_gain":0.0,"max_hp_loss":0.0,"gold_gain":0.0,"event_name":"WeMeetAgain","player_choice":"Paid Gold","floor":2.0,"gold_loss":78.0,"damage_taken":0.0,"relics_obtained":["Anchor"]},{"damage_healed":0.0,"max_hp_gain":0.0,"max_hp_loss":0.0,"gold_gain":30.0,"event_name":"Dead Adventurer","player_choice":"Searched \u00273\u0027 times","floor":11.0,"gold_loss":0.0,"damage_taken":0.0,"relics_obtained":["Lantern"]},{"damage_healed":0.0,"max_hp_gain":0.0,"max_hp_loss":0.0,"gold_gain":0.0,"event_name":"Lab","player_choice":"Got Potions","floor":12.0,"gold_loss":0.0,"damage_taken":0.0},{"damage_healed":0,"gold_gain":0,"player_choice":"Ignored","damage_taken":0,"max_hp_gain":0,"max_hp_loss":0,"event_name":"Vampires","floor":21,"gold_loss":0},{"damage_healed":0,"gold_gain":0,"player_choice":"Shed Blood","damage_taken":23,"max_hp_gain":5,"max_hp_loss":0,"event_name":"Forgotten Altar","floor":22,"gold_loss":0}],"is_beta":false,"boss_relics":[{"not_picked":["Philosopher\u0027s Stone","Sozu"],"picked":"Astrolabe"}],"items_purged_floors":[],"is_endless":false,"potions_floor_spawned":[3,5,7,11,13,19],"killed_by":"Cultist and Chosen","ascension_level":20}