{"gold_per_floor":[110,127,143,159,159,159,185,260,311,311,330,330,68,78,78,154,154,173,173,191,33,52,52,52,71,71,9,9,28,28,43,43,122,122,140,140,158,177,77,77,77],"floor_reached":41,"playtime":3039,"items_purged":["Strike_G","Defend_G","Defend_G"],"score":940,"play_id":"66ac8756-ce1e-433e-b0ec-a6196f80d521","local_time":"20190204163350","is_ascension_mode":true,"campfire_choices":[{"data":"A Thousand Cuts","floor":6.0,"key":"SMITH"},{"floor":10.0,"key":"REST"},{"data":"Neutralize","floor":12.0,"key":"SMITH"},{"data":"Well Laid Plans","floor":15.0,"key":"SMITH"},{"data":"Acrobatics","floor":23.0,"key":"SMITH"},{"data":"Tactician","floor":30.0,"key":"SMITH"},{"data":"Tools of the Trade","floor":32.0,"key":"SMITH"},{"data":"Flechettes","floor":40.0,"key":"SMITH"}],"neow_cost":"NONE","seed_source_timestamp":23713283448161,"circlet_count":0,"master_deck":["AscendersBane","Defend_G","Defend_G","Defend_G","Survivor","Neutralize+1","Caltrops","Dagger Throw","Escape Plan","A Thousand Cuts+1","Footwork","Noxious Fumes","Footwork","Footwork","Well Laid Plans+1","Backflip","Tools of the Trade+1","Acrobatics+1","Tools of the Trade","Leg Sweep","Flash of Steel","Calculated Gamble","Well Laid Plans","Tactician+1","Well Laid Plans+1","Noxious Fumes","Envenom","Calculated Gamble","Backflip","Flechettes+1"],"special_seed":0,"relics":["Ring of the Snake","The Courier","Oddly Smooth Stone","Coffee Dripper","Cursed Key"],"potions_floor_usage":[41],"damage_taken":[{"damage":2.0,"enemies":"2 Louse","floor":1.0,"turns":3.0},{"damage":7.0,"enemies":"Jaw Worm","floor":2.0,"turns":8.0},{"damage":3.0,"enemies":"Small Slimes","floor":3.0,"turns":4.0},{"damage":4.0,"enemies":"2 Fungi Beasts","floor":4.0,"turns":4.0},{"damage":18.0,"enemies":"Lagavulin","floor":7.0,"turns":7.0},{"damage":5.0,"enemies":"Looter","floor":11.0,"turns":4.0},{"damage":0.0,"enemies":"3 Louse","floor":14.0,"turns":4.0},{"damage":0.0,"enemies":"Slime Boss","floor":16.0,"turns":9.0},{"damage":0.0,"enemies":"3 Byrds","floor":18.0,"turns":5.0},{"damage":0.0,"enemies":"Spheric Guardian","floor":20.0,"turns":7.0},{"damage":4.0,"enemies":"Snake Plant","floor":22.0,"turns":6.0},{"damage":4.0,"enemies":"3 Cultists","floor":25.0,"turns":5.0},{"damage":0.0,"enemies":"Sentry and Sphere","floor":29.0,"turns":6.0},{"damage":0.0,"enemies":"Centurion and Healer","floor":31.0,"turns":5.0},{"damage":9.0,"enemies":"Collector","floor":33.0,"turns":6.0},{"damage":5.0,"enemies":"Orb Walker","floor":35.0,"turns":5.0},{"damage":7.0,"enemies":"3 Darklings","floor":37.0,"turns":5.0},{"damage":3.0,"enemies":"Jaw Worm Horde","floor":38.0,"turns":5.0},{"damage":49,"enemies":"Reptomancer","floor":41,"turns":2}],"seed_played":"9182420654324136609","potions_obtained":[{"floor":7.0,"key":"LiquidBronze"},{"floor":11.0,"key":"Energy Potion"},{"floor":14.0,"key":"EssenceOfSteel"},{"floor":22.0,"key":"Energy Potion"},{"floor":33.0,"key":"Dexterity Potion"}],"is_trial":false,"path_per_floor":["M","M","M","M","?","R","E","?","T","R","M","R","$","M","R","B",null,"M","?","M","$","M","R","?","M","T","$","?","M","R","M","R","B",null,"M","?","M","M","$","R","E"],"character_chosen":"THE_SILENT","items_purchased":["Noxious Fumes","Footwork","Footwork","Well Laid Plans","Flash of Steel","Tactician"],"campfire_rested":1,"item_purchase_floors":[13,13,13,13,21,27],"current_hp_per_floor":[57,50,47,43,36,36,18,7,7,26,21,21,21,21,21,21,55,55,55,55,55,51,51,51,47,47,47,47,47,47,47,47,38,59,54,54,47,44,44,44,0],"gold":77,"neow_bonus":"REMOVE_CARD","is_prod":false,"is_daily":false,"chose_seed":false,"campfire_upgraded":7,"win_rate":0,"timestamp":1549269230,"path_taken":["M","M","M","M","?","R","E","?","T","R","M","R","$","M","R","BOSS","M","?","M","$","M","R","?","M","T","$","?","M","R","M","R","BOSS","M","?","M","M","$","R","E"],"build_version":"2019-01-23","purchased_purges":3,"victory":false,"max_hp_per_floor":[66,66,66,66,66,66,66,66,66,66,66,66,66,66,66,66,66,66,66,66,66,66,66,66,66,66,66,66,66,66,66,66,66,66,66,66,66,66,66,66,66],"card_choices":[{"not_picked":["Sucker Punch","Bane"],"picked":"Caltrops","floor":1.0},{"not_picked":["Dagger Spray","Backflip"],"picked":"Dagger Throw","floor":2.0},{"not_picked":["Distraction","Backflip"],"picked":"Escape Plan","floor":3.0},{"not_picked":["Deflect","Endless Agony"],"picked":"A Thousand Cuts","floor":4.0},{"not_picked":["Bouncing Flask","Noxious Fumes"],"picked":"Footwork","floor":7.0},{"not_picked":["Dagger Spray","Outmaneuver","Poisoned Stab"],"picked":"SKIP","floor":11.0},{"not_picked":["Underhanded Strike","Sucker Punch"],"picked":"Backflip","floor":14.0},{"not_picked":["Die Die Die","Grand Finale"],"picked":"Tools of the Trade","floor":16.0},{"not_picked":["Deflect","Poisoned Stab"],"picked":"Acrobatics","floor":18.0},{"not_picked":["Dagger Spray","All Out Attack","Masterful Stab"],"picked":"SKIP","floor":20.0},{"not_picked":["Terror+1","Sucker Punch"],"picked":"Calculated Gamble","floor":22.0},{"not_picked":["Outmaneuver","Quick Slash","Prepared"],"picked":"SKIP","floor":25.0},{"not_picked":["Accuracy","Escape Plan"],"picked":"Well Laid Plans+1","floor":29.0},{"not_picked":["Quick Slash","Flying Knee+1"],"picked":"Noxious Fumes","floor":31.0},{"not_picked":["Die Die Die","Unload"],"picked":"Envenom","floor":33.0},{"not_picked":["Blade Dance+1","Endless Agony"],"picked":"Calculated Gamble","floor":35.0},{"not_picked":["Skewer+1","Cloak And Dagger"],"picked":"Backflip","floor":37.0},{"not_picked":["Prepared","Slice"],"picked":"Flechettes","floor":38.0}],"player_experience":2508781,"relics_obtained":[{"floor":7.0,"key":"The Courier"},{"floor":9.0,"key":"Oddly Smooth Stone"}],"event_choices":[{"cards_removed":["Strike_G"],"damage_healed":0.0,"max_hp_gain":0.0,"max_hp_loss":0.0,"gold_gain":0.0,"event_name":"Golden Wing","player_choice":"Card Removal","floor":5.0,"gold_loss":0.0,"damage_taken":7.0},{"damage_healed":0.0,"max_hp_gain":0.0,"max_hp_loss":0.0,"gold_gain":75.0,"event_name":"World of Goop","player_choice":"Gather Gold","floor":8.0,"gold_loss":0.0,"damage_taken":11.0},{"damage_healed":0.0,"max_hp_gain":0.0,"max_hp_loss":0.0,"gold_gain":0.0,"cards_transformed":["Strike_G","Strike_G"],"event_name":"Drug Dealer","player_choice":"Became Test Subject","floor":19.0,"gold_loss":0.0,"damage_taken":0.0,"cards_obtained":["Tools of the Trade","Leg Sweep"]},{"damage_healed":0.0,"max_hp_gain":0.0,"max_hp_loss":0.0,"gold_gain":0.0,"event_name":"The Library","player_choice":"Read","floor":24.0,"gold_loss":0.0,"damage_taken":0.0,"cards_obtained":["Well Laid Plans"]},{"damage_healed":0.0,"max_hp_gain":0.0,"max_hp_loss":0.0,"gold_gain":0.0,"event_name":"Beggar","player_choice":"Ignored","floor":28.0,"gold_loss":0.0,"damage_taken":0.0},{"damage_healed":0.0,"max_hp_gain":0.0,"max_hp_loss":0.0,"gold_gain":0.0,"event_name":"Tomb of Lord Red Mask","player_choice":"Ignored","floor":36.0,"gold_loss":0.0,"damage_taken":0.0}],"is_beta":false,"boss_relics":[{"not_picked":["Ectoplasm","WristBlade"],"picked":"Coffee Dripper"},{"not_picked":["Philosopher\u0027s Stone","Fusion Hammer"],"picked":"Cursed Key"}],"items_purged_floors":[13,21,39],"is_endless":false,"potions_floor_spawned":[7,11,14,16,18,22,33],"killed_by":"Reptomancer","ascension_level":20}