{"gold_per_floor":[110,35,53,53,53,53,84,84,84,110,129,144,144,175,175,250,250,260,290,307,320,220,220,220,220,244,244,19,35,49,49,49,122,122,135,76,76,298,74,74,109,109,132,179,191,238,250,282,294,306,318,330,342,124,158,158],"floor_reached":57,"playtime":2435,"items_purged":["Strike_R","Strike_R","Bash+1","Demon Form"],"score":2879,"play_id":"96765e79-ac97-4e97-98a7-bc96e8f77c32","local_time":"20190729175553","is_ascension_mode":true,"campfire_choices":[{"data":"Carnage","floor":6.0,"key":"SMITH"},{"floor":8.0,"key":"RECALL"},{"data":"Fire Breathing","floor":13.0,"key":"SMITH"},{"floor":15.0,"key":"REST"},{"data":"Body Slam","floor":23.0,"key":"SMITH"},{"data":"Offering","floor":27.0,"key":"SMITH"},{"data":"Trip","floor":32.0,"key":"SMITH"},{"data":"True Grit","floor":40.0,"key":"SMITH"},{"data":"Impatience","floor":42.0,"key":"SMITH"},{"data":"Burning Pact","floor":49.0,"key":"SMITH"},{"data":"Power Through","floor":53.0,"key":"SMITH"}],"neow_cost":"TEN_PERCENT_HP_LOSS","seed_source_timestamp":173466219093000,"circlet_count":0,"master_deck":["AscendersBane","Defend_R+1","Defend_R+1","Defend_R+1","Defend_R+1","Fire Breathing+1","Carnage+1","Offering+1","Double Tap","Body Slam+1","Armaments+1","Battle Trance+1","Trip+1","Power Through+1","Second Wind+1","True Grit+1","Impatience+1","AscendersBane","Burning Pact+1"],"special_seed":0,"relics":["Burning Blood","Blood Vial","Juzu Bracelet","Blue Candle","Coffee Dripper","Red Mask","Vajra","Orrery","DollysMirror","Lantern","MawBank","Happy Flower","Bag of Preparation","Red Skull"],"potions_floor_usage":[56],"damage_taken":[{"damage":7.0,"enemies":"Cultist","floor":1.0,"turns":4.0},{"damage":6.0,"enemies":"2 Louse","floor":3.0,"turns":4.0},{"damage":23.0,"enemies":"Lagavulin","floor":7.0,"turns":6.0},{"damage":10.0,"enemies":"Gremlin Nob","floor":10.0,"turns":3.0},{"damage":5.0,"enemies":"Small Slimes","floor":11.0,"turns":4.0},{"damage":9.0,"enemies":"3 Louse","floor":12.0,"turns":4.0},{"damage":24.0,"enemies":"Lagavulin","floor":14.0,"turns":4.0},{"damage":36.0,"enemies":"Slime Boss","floor":16.0,"turns":9.0},{"damage":7.0,"enemies":"2 Thieves","floor":18.0,"turns":3.0},{"damage":34.0,"enemies":"Masked Bandits","floor":19.0,"turns":5.0},{"damage":13.0,"enemies":"3 Byrds","floor":20.0,"turns":5.0},{"damage":6.0,"enemies":"Snecko","floor":21.0,"turns":3.0},{"damage":6.0,"enemies":"Chosen and Byrds","floor":29.0,"turns":3.0},{"damage":7.0,"enemies":"Sentry and Sphere","floor":30.0,"turns":4.0},{"damage":48.0,"enemies":"Champ","floor":33.0,"turns":8.0},{"damage":20.0,"enemies":"3 Darklings","floor":35.0,"turns":8.0},{"damage":9.0,"enemies":"Nemesis","floor":41.0,"turns":5.0},{"damage":35.0,"enemies":"Reptomancer","floor":44.0,"turns":5.0},{"damage":6.0,"enemies":"Nemesis","floor":46.0,"turns":7.0},{"damage":6.0,"enemies":"Orb Walker","floor":48.0,"turns":2.0},{"damage":6.0,"enemies":"Donu and Deca","floor":50.0,"turns":6.0},{"damage":23.0,"enemies":"Time Eater","floor":51.0,"turns":13.0},{"damage":18.0,"enemies":"Shield and Spear","floor":55.0,"turns":5.0},{"damage":44,"enemies":"The Heart","floor":56,"turns":9}],"seed_played":"-909232124479516838","potions_obtained":[{"floor":1.0,"key":"BloodPotion"},{"floor":3.0,"key":"Fire Potion"},{"floor":10.0,"key":"PowerPotion"},{"floor":12.0,"key":"SkillPotion"},{"floor":18.0,"key":"SteroidPotion"},{"floor":21.0,"key":"Ancient Potion"},{"floor":29.0,"key":"Energy Potion"},{"floor":41.0,"key":"Strength Potion"}],"is_trial":false,"path_per_floor":["M","$","M","?","?","R","E","R","T","E","M","M","R","E","R","B",null,"M","?","M","M","$","R","?","?","T","R","$","M","M","?","R","B",null,"M","$","?","?","$","R","E","R","T","E","?","E","?","M","R","B","B",null,"R","$","E","B",null],"character_chosen":"IRONCLAD","items_purchased":["Trip","True Grit","DollysMirror","BloodPotion"],"campfire_rested":1,"item_purchase_floors":[28,36,39,54],"current_hp_per_floor":[67,67,67,47,40,40,40,40,40,38,41,40,40,24,44,16,55,56,30,25,27,27,27,78,56,56,56,56,58,59,59,59,19,67,55,55,50,50,50,50,49,49,49,22,22,24,24,26,26,28,13,63,63,63,72,36],"gold":158,"neow_bonus":"TRANSFORM_TWO_CARDS","is_prod":false,"is_daily":false,"chose_seed":false,"campfire_upgraded":9,"win_rate":0,"timestamp":1564394153,"path_taken":["M","$","?","?","?","R","E","R","T","E","M","M","R","E","R","BOSS","M","?","M","M","$","R","?","?","T","R","$","M","M","?","R","BOSS","M","$","?","?","$","R","E","R","T","E","?","E","?","M","R","BOSS","BOSS","R","$","E","BOSS"],"build_version":"2019-07-17","purchased_purges":4,"victory":true,"max_hp_per_floor":[68,68,68,68,68,68,68,68,68,68,68,68,68,68,68,68,68,68,68,68,68,68,68,78,83,83,83,83,83,83,83,83,83,83,83,83,83,83,83,83,83,83,83,83,79,79,79,79,79,79,79,79,79,79,79,79],"card_choices":[{"not_picked":["Thunderclap","Sword Boomerang"],"picked":"Carnage","floor":1.0},{"not_picked":["Reckless Charge","Iron Wave","Thunderclap"],"picked":"SKIP","floor":3.0},{"not_picked":["Disarm","Shockwave","Corruption"],"picked":"SKIP","floor":7.0},{"not_picked":["Spot Weakness","Flex","Cleave"],"picked":"SKIP","floor":10.0},{"not_picked":["Hemokinesis","Iron Wave","Dual Wield"],"picked":"SKIP","floor":11.0},{"not_picked":["Hemokinesis","Iron Wave","Dual Wield"],"picked":"SKIP","floor":11.0},{"not_picked":["Dual Wield","Wild Strike","Spot Weakness"],"picked":"SKIP","floor":12.0},{"not_picked":["Dual Wield","Sentinel"],"picked":"Offering","floor":14.0},{"not_picked":["Feed","Fiend Fire"],"picked":"Double Tap","floor":16.0},{"not_picked":["Flex","Searing Blow"],"picked":"Body Slam","floor":18.0},{"not_picked":["Cleave","Clothesline"],"picked":"Armaments+1","floor":19.0},{"not_picked":["Warcry","Wild Strike"],"picked":"Battle Trance+1","floor":20.0},{"not_picked":["Flex","Searing Blow","Sword Boomerang+1"],"picked":"SKIP","floor":21.0},{"not_picked":["Reaper","Cleave","Intimidate"],"picked":"SKIP","floor":29.0},{"not_picked":["Infernal Blade","Cleave","Whirlwind"],"picked":"SKIP","floor":30.0},{"not_picked":["Limit Break","Feed"],"picked":"Demon Form","floor":33.0},{"not_picked":["Heavy Blade","Limit Break"],"picked":"Power Through","floor":34.0},{"not_picked":["Cleave","Feel No Pain"],"picked":"Second Wind+1","floor":35.0},{"not_picked":["Violence","Panacea"],"picked":"Impatience","floor":37.0},{"not_picked":["Heavy Blade","Armaments+1","Rage"],"picked":"SKIP","floor":41.0},{"not_picked":["Headbutt","Immolate"],"picked":"Burning Pact","floor":44.0},{"not_picked":["Body Slam+1","True Grit","Carnage+1"],"picked":"SKIP","floor":46.0},{"not_picked":["Reckless Charge","Clash","Havoc+1"],"picked":"SKIP","floor":48.0},{"not_picked":["Rampage+1","Headbutt","Inflame"],"picked":"SKIP","floor":55.0}],"player_experience":697274,"relics_obtained":[{"floor":7.0,"key":"Blood Vial"},{"floor":10.0,"key":"Juzu Bracelet"},{"floor":14.0,"key":"Blue Candle"},{"floor":19.0,"key":"Red Mask"},{"floor":26.0,"key":"Vajra"},{"floor":41.0,"key":"Lantern"},{"floor":43.0,"key":"MawBank"},{"floor":44.0,"key":"Happy Flower"},{"floor":46.0,"key":"Bag of Preparation"},{"floor":55.0,"key":"Red Skull"}],"event_choices":[{"damage_healed":0.0,"max_hp_gain":0.0,"max_hp_loss":0.0,"gold_gain":0.0,"event_name":"Shining Light","player_choice":"Entered Light","floor":4.0,"gold_loss":0.0,"damage_taken":20.0,"cards_upgraded":["Defend_R","Bash"]},{"cards_removed":["Strike_R"],"damage_healed":0.0,"max_hp_gain":0.0,"max_hp_loss":0.0,"gold_gain":0.0,"event_name":"Golden Wing","player_choice":"Card Removal","floor":5.0,"gold_loss":0.0,"damage_taken":7.0},{"damage_healed":0.0,"max_hp_gain":0.0,"max_hp_loss":0.0,"gold_gain":0.0,"event_name":"Masked Bandits","player_choice":"Fought Bandits","floor":19.0,"gold_loss":0.0,"damage_taken":0.0},{"cards_removed":["Brutality"],"damage_healed":41.0,"max_hp_gain":10.0,"max_hp_loss":0.0,"gold_gain":0.0,"event_name":"Bonfire Elementals","player_choice":"Offered Rare","floor":24.0,"gold_loss":0.0,"damage_taken":0.0},{"damage_healed":0.0,"max_hp_gain":5.0,"max_hp_loss":0.0,"gold_gain":0.0,"event_name":"Forgotten Altar","player_choice":"Shed Blood","floor":25.0,"gold_loss":0.0,"damage_taken":27.0},{"damage_healed":0.0,"max_hp_gain":0.0,"max_hp_loss":0.0,"gold_gain":0.0,"event_name":"Back to Basics","player_choice":"Simplicity","floor":31.0,"gold_loss":0.0,"damage_taken":0.0,"cards_upgraded":["Defend_R","Defend_R","Defend_R"]},{"damage_healed":0.0,"max_hp_gain":0.0,"max_hp_loss":0.0,"gold_gain":0.0,"event_name":"SensoryStone","player_choice":"Memory 2","floor":37.0,"gold_loss":0.0,"damage_taken":5.0},{"damage_healed":0.0,"max_hp_gain":0.0,"max_hp_loss":0.0,"gold_gain":222.0,"event_name":"Tomb of Lord Red Mask","player_choice":"Wore Mask","floor":38.0,"gold_loss":0.0,"damage_taken":0.0},{"damage_healed":0.0,"max_hp_gain":0.0,"max_hp_loss":4.0,"gold_gain":0.0,"event_name":"Winding Halls","player_choice":"Max HP","floor":45.0,"gold_loss":0.0,"damage_taken":0.0},{"damage_healed":0.0,"max_hp_gain":0.0,"max_hp_loss":0.0,"gold_gain":0.0,"event_name":"SecretPortal","player_choice":"Ignored","floor":47.0,"gold_loss":0.0,"damage_taken":0.0}],"is_beta":false,"boss_relics":[{"not_picked":["Pandora\u0027s Box","Mark of Pain"],"picked":"Coffee Dripper"},{"not_picked":["Snecko Eye","Empty Cage"],"picked":"Orrery"}],"items_purged_floors":[2,22,28,54],"is_endless":false,"potions_floor_spawned":[1,3,10,12,18,21,29,41,46],"ascension_level":20}