{"gold_per_floor":[112,112,128,228,241,241,255,271,271,271,287,287,312,9,9,105,105,122,47,147,147,160,160,178,99,126,146,146,8,8,20,20,121,121,132,144,144,160,60,60,80,80,80,80,80,0,0,0,0,0],"floor_reached":51,"playtime":1598,"items_purged":["Strike_B","Beam Cell"],"score":695,"play_id":"e58ed096-b68d-4e8e-9686-2d48403212f7","local_time":"20190618172204","is_ascension_mode":false,"campfire_choices":[{"data":"Dualcast","floor":6.0,"key":"SMITH"},{"data":"Coolheaded","floor":10.0,"key":"SMITH"},{"data":"Self Repair","floor":15.0,"key":"SMITH"},{"data":"Auto Shields","floor":23.0,"key":"SMITH"},{"data":"Consume","floor":28.0,"key":"SMITH"},{"data":"Glacier","floor":32.0,"key":"SMITH"},{"data":"Reinforced Body","floor":40,"key":"SMITH"},{"data":"Multi-Cast","floor":42,"key":"SMITH"},{"data":"White Noise","floor":44,"key":"SMITH"},{"data":"Amplify","floor":49,"key":"SMITH"}],"neow_cost":"NONE","seed_source_timestamp":25130669441253,"circlet_count":0,"master_deck":["Zap+1","Dualcast+1","Self Repair+1","Cold Snap","Coolheaded+1","Cold Snap","Core Surge","Static Discharge+1","Capacitor+1","Auto Shields+1","Machine Learning+1","Ball Lightning+1","Hologram+1","Capacitor+1","Consume+1","Storm+1","Glacier+1","Biased Cognition+1","Rip and Tear","Reinforced Body+1","Fission","Amplify+1","Multi-Cast+1","Blizzard+1","Loop+1","Storm+1","White Noise+1"],"special_seed":0,"relics":["Cracked Core","Frozen Egg 2","Dodecahedron","Darkstone Periapt","Medical Kit","Velvet Choker","WingedGreaves","Pear","Anchor","Question Card","Pandora\u0027s Box","Meat on the Bone","Shuriken","Red Mask"],"potions_floor_usage":[38,50,50,50],"damage_taken":[{"damage":3.0,"enemies":"2 Louse","floor":1.0,"turns":2.0},{"damage":1.0,"enemies":"Small Slimes","floor":3.0,"turns":3.0},{"damage":0.0,"enemies":"Cultist","floor":5.0,"turns":3.0},{"damage":22.0,"enemies":"Exordium Thugs","floor":7.0,"turns":5.0},{"damage":4.0,"enemies":"2 Fungi Beasts","floor":8.0,"turns":4.0},{"damage":0.0,"enemies":"Gremlin Gang","floor":11.0,"turns":3.0},{"damage":7.0,"enemies":"Lagavulin","floor":13.0,"turns":6.0},{"damage":26.0,"enemies":"Slime Boss","floor":16.0,"turns":10.0},{"damage":6.0,"enemies":"2 Thieves","floor":18.0,"turns":3.0},{"damage":17.0,"enemies":"Colosseum Slavers","floor":20.0,"turns":4.0},{"damage":42.0,"enemies":"Colosseum Nobs","floor":20.0,"turns":5.0},{"damage":14.0,"enemies":"Spheric Guardian","floor":22.0,"turns":4.0},{"damage":5.0,"enemies":"Centurion and Healer","floor":24.0,"turns":9.0},{"damage":5.0,"enemies":"Shelled Parasite and Fungi","floor":27.0,"turns":7.0},{"damage":6.0,"enemies":"3 Cultists","floor":31.0,"turns":5.0},{"damage":33.0,"enemies":"Collector","floor":33.0,"turns":11.0},{"damage":24,"enemies":"3 Darklings","floor":35,"turns":4},{"damage":0,"enemies":"3 Shapes","floor":36,"turns":3},{"damage":2,"enemies":"Transient","floor":38,"turns":5},{"damage":6,"enemies":"Sphere and 2 Shapes","floor":41,"turns":2},{"damage":39,"enemies":"Awakened One","floor":50,"turns":6}],"seed_played":"-2874053309367921766","potions_obtained":[{"floor":3.0,"key":"SteroidPotion"},{"floor":8.0,"key":"FearPotion"},{"floor":13.0,"key":"SpeedPotion"},{"floor":20.0,"key":"Poison Potion"},{"floor":22.0,"key":"PowerPotion"},{"floor":31.0,"key":"SkillPotion"},{"floor":33.0,"key":"SkillPotion"},{"floor":38,"key":"AttackPotion"}],"is_trial":false,"path_per_floor":["M","?","M","?","M","R","M","M","T","R","M","T","E","$","R","B",null,"M","$","?","?","M","R","M","$","T","M","R","$","T","M","R","B",null,"M","M","?","M","$","R","M","R","T","R","T","?","$","?","R","B",null],"character_chosen":"DEFECT","items_purchased":["Capacitor+1","Auto Shields","Medical Kit","Consume","Storm+1","Glacier"],"campfire_rested":0,"item_purchase_floors":[14,14,14,25,29,29],"current_hp_per_floor":[72,77,80,80,80,80,65,68,68,68,68,68,68,68,68,52,80,80,80,51,51,47,47,52,52,52,57,57,57,57,61,61,38,90,76,76,76,84,84,84,88,88,88,88,88,88,88,88,88,59],"gold":0,"neow_bonus":"UPGRADE_CARD","is_prod":false,"is_daily":false,"chose_seed":false,"campfire_upgraded":10,"win_rate":0,"timestamp":1560849724,"path_taken":["M","?","M","?","M","R","?","M","T","R","M","?","E","$","R","BOSS","M","$","?","?","?","R","M","?","T","?","R","$","?","M","R","BOSS","M","M","?","?","$","R","?","R","T","R","?","?","$","?","R","BOSS"],"build_version":"2019-01-23","purchased_purges":2,"victory":true,"max_hp_per_floor":[75,80,80,80,80,80,80,80,80,80,80,80,80,80,80,80,80,80,80,90,90,90,90,90,90,90,90,90,90,90,90,90,90,90,90,90,90,90,90,90,90,90,90,90,90,90,90,90,90,90],"card_choices":[{"not_picked":["Leap","Beam Cell"],"picked":"Self Repair","floor":1.0},{"not_picked":["Hologram","Turbo"],"picked":"Cold Snap","floor":3.0},{"not_picked":["Redo","Hello World"],"picked":"Coolheaded","floor":5.0},{"not_picked":["Turbo","Sweeping Beam"],"picked":"Cold Snap","floor":7.0},{"not_picked":["Hologram","Leap"],"picked":"Core Surge","floor":8.0},{"not_picked":["Cold Snap","Sweeping Beam"],"picked":"Static Discharge+1","floor":11.0},{"not_picked":["FTL","Reprogram","Gash"],"picked":"SKIP","floor":13.0},{"not_picked":["Hyperbeam","Reboot"],"picked":"Machine Learning+1","floor":16.0},{"not_picked":["Reinforced Body","Reprogram"],"picked":"Ball Lightning+1","floor":18.0},{"not_picked":["Streamline","Barrage"],"picked":"Hologram+1","floor":20.0},{"not_picked":["BootSequence","Turbo"],"picked":"Capacitor+1","floor":22.0},{"not_picked":["Barrage","Leap","Gash"],"picked":"SKIP","floor":24.0},{"not_picked":["Force Field","Ball Lightning","Barrage"],"picked":"SKIP","floor":27.0},{"not_picked":["Leap+1","Rebound","Turbo","Steam Power"],"picked":"SKIP","floor":31.0},{"not_picked":["Electrodynamics+1","Echo Form+1","Hyperbeam"],"picked":"Biased Cognition+1","floor":33.0},{"not_picked":["White Noise","Barrage+1","Redo"],"picked":"Blizzard+1","floor":35},{"not_picked":["Ball Lightning+1","Steam","Reprogram+1"],"picked":"Loop+1","floor":36},{"not_picked":["Beam Cell+1","Leap","Coolheaded+1"],"picked":"Storm+1","floor":38},{"not_picked":["Beam Cell+1","Barrage","Rebound+1"],"picked":"White Noise","floor":41}],"player_experience":5406190,"relics_obtained":[{"floor":9.0,"key":"Frozen Egg 2"},{"floor":12.0,"key":"Dodecahedron"},{"floor":13.0,"key":"Darkstone Periapt"},{"floor":20.0,"key":"WingedGreaves"},{"floor":20.0,"key":"Pear"},{"floor":26.0,"key":"Anchor"},{"floor":30.0,"key":"Question Card"},{"floor":43,"key":"Meat on the Bone"},{"floor":45,"key":"Shuriken"}],"event_choices":[{"damage_healed":0.0,"max_hp_gain":5.0,"max_hp_loss":0.0,"gold_gain":0.0,"event_name":"Big Fish","player_choice":"Donut","floor":2.0,"gold_loss":0.0,"damage_taken":0.0},{"damage_healed":0.0,"max_hp_gain":0.0,"max_hp_loss":0.0,"gold_gain":100.0,"event_name":"Golden Shrine","player_choice":"Pray","floor":4.0,"gold_loss":0.0,"damage_taken":0.0},{"damage_healed":0.0,"max_hp_gain":0.0,"max_hp_loss":0.0,"gold_gain":0.0,"event_name":"Colosseum","player_choice":"Fight","floor":20.0,"gold_loss":0.0,"damage_taken":0.0},{"damage_healed":0.0,"max_hp_gain":0.0,"max_hp_loss":0.0,"gold_gain":0.0,"event_name":"Colosseum","player_choice":"Fought Nobs","floor":20.0,"gold_loss":0.0,"damage_taken":0.0},{"cards_removed":["Strike_B"],"damage_healed":0.0,"max_hp_gain":0.0,"max_hp_loss":0.0,"gold_gain":0.0,"event_name":"Bonfire Elementals","player_choice":"Offered Basic","floor":21.0,"gold_loss":0.0,"damage_taken":0.0},{"damage_healed":0,"gold_gain":0,"player_choice":"Got Potions","damage_taken":0,"max_hp_gain":0,"max_hp_loss":0,"event_name":"Lab","floor":37,"gold_loss":0},{"damage_healed":0,"gold_gain":0,"player_choice":"Paid","damage_taken":0,"relics_obtained":["Red Mask"],"max_hp_gain":0,"max_hp_loss":0,"event_name":"Tomb of Lord Red Mask","floor":46,"gold_loss":80},{"damage_healed":0,"gold_gain":0,"player_choice":"Ignored","damage_taken":0,"max_hp_gain":0,"max_hp_loss":0,"event_name":"Mysterious Sphere","floor":48,"gold_loss":0}],"is_beta":false,"boss_relics":[{"not_picked":["Eternal Feather","Sozu"],"picked":"Velvet Choker"},{"not_picked":["Black Star","Tiny House"],"picked":"Pandora\u0027s Box"}],"items_purged_floors":[19,39],"is_endless":false,"potions_floor_spawned":[3,8,13,20,22,31,33,36,38],"ascension_level":0}