{"gold_per_floor":[117,117,137,157,157,157,173,12,12,27,27,27,27,43,43,116,116,130,130,30,42,53,53,53,66,66,66,66,84,84,99,99,99],"floor_reached":33,"playtime":1115,"items_purged":["Decay","Choke"],"score":528,"play_id":"b7e69ae7-5e31-44f4-8180-a615bfcc4dc4","local_time":"20190102162059","is_ascension_mode":true,"campfire_choices":[{"data":"Neutralize","floor":6,"key":"SMITH"},{"data":"Catalyst","floor":11,"key":"SMITH"},{"data":"Bouncing Flask","floor":13,"key":"SMITH"},{"data":"Corpse Explosion","floor":15,"key":"SMITH"},{"data":"Bouncing Flask","floor":23,"key":"SMITH"},{"data":"Calculated Gamble","floor":27,"key":"SMITH"},{"data":"Crippling Poison","floor":28,"key":"SMITH"},{"data":"Tools of the Trade","floor":30,"key":"SMITH"},{"data":"Tactician","floor":32,"key":"SMITH"}],"neow_cost":"NONE","seed_source_timestamp":13990573350887,"circlet_count":0,"master_deck":["AscendersBane","Survivor","Neutralize+1","After Image","Tactician+1","Catalyst+1","Corpse Explosion+1","Bouncing Flask+1","Grand Finale","Flying Knee","Predator","All Out Attack","Crippling Poison+1","Skewer","Cloak And Dagger","After Image","Bouncing Flask+1","Outmaneuver","Concentrate","Calculated Gamble+1","Tools of the Trade+1","Blur"],"relics":["Ring of the Snake","WingedGreaves","Meat on the Bone","Pandora\u0027s Box","Pear"],"potions_floor_usage":[7,21,25],"damage_taken":[{"damage":6,"enemies":"Small Slimes","floor":1,"turns":5},{"damage":0,"enemies":"Cultist","floor":3,"turns":5},{"damage":3,"enemies":"2 Louse","floor":4,"turns":5},{"damage":10,"enemies":"Exordium Wildlife","floor":7,"turns":12},{"damage":0,"enemies":"Blue Slaver","floor":10,"turns":5},{"damage":0,"enemies":"2 Fungi Beasts","floor":14,"turns":2},{"damage":3,"enemies":"The Guardian","floor":16,"turns":7},{"damage":20,"enemies":"2 Thieves","floor":18,"turns":2},{"damage":11,"enemies":"3 Byrds","floor":21,"turns":2},{"damage":23,"enemies":"Centurion and Healer","floor":22,"turns":5},{"damage":5,"enemies":"Shelled Parasite and Fungi","floor":25,"turns":5},{"damage":10,"enemies":"Snecko","floor":29,"turns":3},{"damage":13,"enemies":"3 Cultists","floor":31,"turns":3},{"damage":49,"enemies":"Automaton","floor":33,"turns":6}],"seed_played":"-4116811280336268339","potions_obtained":[{"floor":1,"key":"Block Potion"},{"floor":4,"key":"Ancient Potion"},{"floor":10,"key":"LiquidBronze"},{"floor":14,"key":"Regen Potion"},{"floor":21,"key":"GamblersBrew"},{"floor":22,"key":"GhostInAJar"}],"is_trial":false,"path_per_floor":["M","?","M","M","?","R","M","$","T","M","R","$","R","M","R","B",null,"M","?","$","M","M","R","?","M","T","R","R","M","R","M","R","B"],"character_chosen":"THE_SILENT","items_purchased":["Corpse Explosion"],"campfire_rested":0,"item_purchase_floors":[8],"current_hp_per_floor":[53,53,53,50,15,15,5,5,5,17,17,17,17,29,29,38,59,39,39,39,37,26,26,8,15,25,25,25,27,27,26,26,0],"gold":99,"neow_bonus":"ONE_RANDOM_RARE_CARD","is_prod":false,"is_daily":false,"chose_seed":false,"campfire_upgraded":9,"win_rate":0,"timestamp":1546417259,"path_taken":["M","?","M","?","?","R","M","$","T","M","R","$","R","M","R","BOSS","M","?","$","M","M","R","?","M","T","R","R","M","R","M","R","BOSS"],"build_version":"2018-12-20","purchased_purges":2,"victory":false,"max_hp_per_floor":[66,66,66,66,66,66,66,66,66,66,66,66,66,66,66,66,66,66,66,66,66,66,66,71,71,81,81,81,81,81,81,81,81],"card_choices":[{"not_picked":["Predator","Slice"],"picked":"Tactician","floor":1},{"not_picked":["Underhanded Strike","Quick Slash","Blade Dance"],"picked":"SKIP","floor":3},{"not_picked":["Dagger Throw","PiercingWail"],"picked":"Catalyst","floor":4},{"not_picked":["Dodge and Roll","Underhanded Strike","Outmaneuver"],"picked":"SKIP","floor":7},{"not_picked":["Terror","Masterful Stab"],"picked":"Bouncing Flask","floor":10},{"not_picked":["Prepared","Tactician","Finisher"],"picked":"SKIP","floor":14},{"not_picked":["Corpse Explosion","Unload"],"picked":"Grand Finale","floor":16},{"not_picked":["Skewer+1","Flying Knee+1"],"picked":"Concentrate","floor":18},{"not_picked":["Blade Dance","Terror","Outmaneuver"],"picked":"SKIP","floor":21},{"not_picked":["Dagger Spray","Sucker Punch","Finisher+1"],"picked":"SKIP","floor":22},{"not_picked":["Backflip","Prepared"],"picked":"Calculated Gamble","floor":25},{"not_picked":["Deflect","Blade Dance"],"picked":"Tools of the Trade","floor":29},{"not_picked":["Skewer","Slice"],"picked":"Blur","floor":31}],"player_experience":1663437,"relics_obtained":[{"floor":9,"key":"Meat on the Bone"},{"floor":26,"key":"Pear"}],"event_choices":[{"damage_healed":0,"gold_gain":0,"player_choice":"Cursed","damage_taken":0,"max_hp_gain":0,"max_hp_loss":0,"event_name":"Wheel of Change","floor":2,"gold_loss":0,"cards_obtained":["Decay"]},{"damage_healed":0,"gold_gain":0,"player_choice":"Success","damage_taken":35,"relics_obtained":["WingedGreaves"],"max_hp_gain":0,"max_hp_loss":0,"event_name":"Scrap Ooze","floor":5,"gold_loss":0},{"damage_healed":0,"gold_gain":0,"player_choice":"Ignored","damage_taken":0,"max_hp_gain":0,"max_hp_loss":0,"event_name":"Vampires","floor":19,"gold_loss":0},{"damage_healed":0,"gold_gain":0,"player_choice":"Shed Blood","damage_taken":23,"max_hp_gain":5,"max_hp_loss":0,"event_name":"Forgotten Altar","floor":24,"gold_loss":0}],"is_beta":false,"boss_relics":[{"not_picked":["Runic Dome","White Beast Statue"],"picked":"Pandora\u0027s Box"}],"items_purged_floors":[8,20],"is_endless":false,"potions_floor_spawned":[1,4,10,14,18,21,22],"killed_by":"Automaton","ascension_level":20}