{"gold_per_floor":[112,112,37,53,103,103,131,144,144,44,64,38,38,49,49,49],"floor_reached":16,"playtime":586,"items_purged":["Decay","Strike_G"],"score":204,"play_id":"f50806e3-3812-463e-9861-df2afca7c426","local_time":"20190319230756","is_ascension_mode":true,"campfire_choices":[{"data":"Neutralize","floor":6.0,"key":"SMITH"},{"floor":13.0,"key":"REST"},{"data":"Grand Finale","floor":15.0,"key":"SMITH"}],"neow_cost":"CURSE","seed_source_timestamp":0,"circlet_count":0,"master_deck":["AscendersBane","Defend_G","Defend_G","Defend_G","Defend_G","Defend_G","Strike_G","Strike_G","Strike_G","Strike_G","Survivor","Neutralize+1","Grand Finale+1","Dagger Throw","Tactician","Tools of the Trade","Backflip"],"special_seed":0,"relics":["Ring of the Snake","Gremlin Horn"],"potions_floor_usage":[16],"damage_taken":[{"damage":30.0,"enemies":"Cultist","floor":1.0,"turns":6.0},{"damage":4.0,"enemies":"2 Louse","floor":4.0,"turns":3.0},{"damage":15.0,"enemies":"3 Sentries","floor":7.0,"turns":3.0},{"damage":4.0,"enemies":"Small Slimes","floor":8.0,"turns":3.0},{"damage":4.0,"enemies":"Blue Slaver","floor":11.0,"turns":8.0},{"damage":1.0,"enemies":"Exordium Thugs","floor":12.0,"turns":4.0},{"damage":4.0,"enemies":"Lots of Slimes","floor":14.0,"turns":6.0},{"damage":8,"enemies":"Hexaghost","floor":16,"turns":9}],"seed_played":"4999304003087362980","potions_obtained":[{"floor":1.0,"key":"GhostInAJar"},{"floor":8.0,"key":"FearPotion"}],"is_trial":false,"path_per_floor":["M","?","$","M","?","R","E","M","T","$","M","M","R","M","R","B"],"character_chosen":"THE_SILENT","items_purchased":[],"campfire_rested":1,"item_purchase_floors":[],"current_hp_per_floor":[29,29,29,25,25,25,10,6,6,6,2,1,20,16,16,8],"gold":49,"neow_bonus":"THREE_RARE_CARDS","is_prod":false,"is_daily":false,"chose_seed":false,"campfire_upgraded":2,"win_rate":0,"timestamp":1553008076,"path_taken":["M","?","$","?","?","R","E","M","T","$","?","M","R","M","R","BOSS"],"build_version":"2019-01-23","purchased_purges":2,"victory":false,"max_hp_per_floor":[66,66,66,66,66,66,66,66,66,66,66,66,66,66,66,66],"card_choices":[{"not_picked":["Burst","Tools of the Trade"],"picked":"Grand Finale","floor":0.0},{"not_picked":["Outmaneuver","Infinite Blades","Quick Slash"],"picked":"SKIP","floor":1.0},{"not_picked":["Accuracy","PiercingWail","Quick Slash"],"picked":"SKIP","floor":4.0},{"not_picked":["Dagger Spray","Accuracy","Footwork"],"picked":"SKIP","floor":7.0},{"not_picked":["Terror","Distraction","Sucker Punch"],"picked":"SKIP","floor":8.0},{"not_picked":["Sucker Punch","Bane","Distraction"],"picked":"SKIP","floor":11.0},{"not_picked":["Outmaneuver","Flying Knee"],"picked":"Backflip","floor":12.0},{"not_picked":["Tactician","Outmaneuver","Flying Knee"],"picked":"SKIP","floor":14.0}],"player_experience":3736851,"relics_obtained":[{"floor":7.0,"key":"Gremlin Horn"}],"event_choices":[{"damage_healed":0.0,"max_hp_gain":0.0,"max_hp_loss":0.0,"gold_gain":0.0,"event_name":"Match and Keep!","player_choice":"3 cards matched","floor":2.0,"gold_loss":0.0,"damage_taken":0.0,"cards_obtained":["Dagger Throw","Tactician","Tools of the Trade"]},{"damage_healed":0.0,"max_hp_gain":0.0,"max_hp_loss":0.0,"gold_gain":50.0,"event_name":"Golden Shrine","player_choice":"Pray","floor":5.0,"gold_loss":0.0,"damage_taken":0.0}],"is_beta":false,"boss_relics":[],"items_purged_floors":[3,10],"is_endless":false,"potions_floor_spawned":[1,8,11,12],"killed_by":"Hexaghost","ascension_level":20}