{"gold_per_floor":[111,123,48,48,65,65,65,75,75,101,101,115,115,190,190,288,288,305,49,60,72,72,72,72,72,72,102,102,102,119,137,137,239,239,253,253,128,145,155,155,175,175,175,209,209,309,337,356,356,356],"floor_reached":51,"playtime":1018,"items_purged":["Strike_R","Strike_R","Strike_R"],"score":900,"play_id":"addb3aa1-5c41-44cf-b83d-069b22333fa4","local_time":"20190629143341","is_ascension_mode":false,"campfire_choices":[{"data":"Carnage","floor":6.0,"key":"SMITH"},{"data":"Burning Pact","floor":11.0,"key":"SMITH"},{"data":"Bloodletting","floor":13.0,"key":"SMITH"},{"data":"Bash","floor":15.0,"key":"SMITH"},{"data":"Impervious","floor":23.0,"key":"SMITH"},{"data":"Thunderclap","floor":25.0,"key":"SMITH"},{"data":"Evolve","floor":29.0,"key":"SMITH"},{"data":"Double Tap","floor":32.0,"key":"SMITH"},{"data":"Offering","floor":40.0,"key":"SMITH"},{"data":"Defend_R","floor":42.0,"key":"SMITH"},{"data":"Power Through","floor":49.0,"key":"SMITH"}],"neow_cost":"NONE","seed_source_timestamp":5053919226263,"circlet_count":0,"master_deck":["Defend_R","Defend_R","Defend_R","Defend_R+1","Bash+1","Thunderclap+1","Carnage+1","Immolate+1","Burning Pact+1","Bloodletting+1","Impervious+1","Warcry+1","Pommel Strike+1","Necronomicurse","Evolve+1","Double Tap+1","Offering+1","Power Through+1"],"special_seed":0,"relics":["Burning Blood","Ginger","Nunchaku","Sozu","Bag of Preparation","Necronomicon","Pen Nib","Potion Belt","Eternal Feather","Singing Bowl","Bag of Marbles","Peace Pipe"],"potions_floor_usage":[50],"damage_taken":[{"damage":0.0,"enemies":"Small Slimes","floor":1.0,"turns":3.0},{"damage":5.0,"enemies":"2 Louse","floor":2.0,"turns":3.0},{"damage":1.0,"enemies":"Cultist","floor":5.0,"turns":3.0},{"damage":0.0,"enemies":"Blue Slaver","floor":8.0,"turns":1.0},{"damage":13.0,"enemies":"3 Sentries","floor":10.0,"turns":4.0},{"damage":2.0,"enemies":"2 Fungi Beasts","floor":12.0,"turns":2.0},{"damage":33.0,"enemies":"Slime Boss","floor":16.0,"turns":5.0},{"damage":5.0,"enemies":"Shell Parasite","floor":18.0,"turns":4.0},{"damage":3.0,"enemies":"Spheric Guardian","floor":20.0,"turns":2.0},{"damage":5.0,"enemies":"Centurion and Healer","floor":21.0,"turns":3.0},{"damage":3.0,"enemies":"Gremlin Leader","floor":27.0,"turns":2.0},{"damage":3.0,"enemies":"Snake Plant","floor":30.0,"turns":2.0},{"damage":3.0,"enemies":"Cultist and Chosen","floor":31.0,"turns":1.0},{"damage":13.0,"enemies":"Automaton","floor":33.0,"turns":4.0},{"damage":6.0,"enemies":"Orb Walker","floor":35.0,"turns":1.0},{"damage":6.0,"enemies":"3 Shapes","floor":38.0,"turns":2.0},{"damage":6.0,"enemies":"Transient","floor":39.0,"turns":5.0},{"damage":2.0,"enemies":"4 Shapes","floor":41.0,"turns":1.0},{"damage":9.0,"enemies":"Reptomancer","floor":44.0,"turns":1.0},{"damage":6.0,"enemies":"Mind Bloom Boss Battle","floor":46.0,"turns":3.0},{"damage":9.0,"enemies":"Nemesis","floor":47.0,"turns":1.0},{"damage":14.0,"enemies":"Writhing Mass","floor":48.0,"turns":2.0},{"damage":32,"enemies":"Awakened One","floor":50,"turns":5}],"seed_played":"-2412665902734062443","potions_obtained":[{"floor":10.0,"key":"Explosive Potion"},{"floor":12.0,"key":"AttackPotion"}],"is_trial":false,"path_per_floor":["M","M","$","?","M","R","?","M","T","E","R","M","R","?","R","B",null,"M","$","M","M","?","R","$","R","T","E","?","R","M","M","R","B",null,"M","?","$","M","M","R","M","R","T","E","?","?","E","M","R","B",null],"character_chosen":"IRONCLAD","items_purchased":["Bag of Preparation"],"campfire_rested":0,"item_purchase_floors":[19],"current_hp_per_floor":[80,80,80,80,80,80,80,80,80,73,73,77,77,66,66,39,80,80,80,80,80,64,64,64,64,64,67,67,67,70,73,73,66,80,80,80,80,80,80,80,80,80,80,79,75,77,76,68,77,51],"gold":356,"neow_bonus":"REMOVE_CARD","is_prod":false,"is_daily":false,"chose_seed":false,"campfire_upgraded":11,"win_rate":0,"timestamp":1561790021,"path_taken":["M","M","$","?","M","R","?","M","T","E","R","?","R","?","R","BOSS","M","$","M","M","?","R","$","R","T","E","?","R","M","?","R","BOSS","M","?","$","M","?","R","M","R","T","E","?","?","E","M","R","BOSS"],"build_version":"2019-01-23","purchased_purges":3,"victory":true,"max_hp_per_floor":[80,80,80,80,80,80,80,80,80,80,80,80,80,80,80,80,80,80,80,80,80,80,80,80,80,80,80,80,80,80,80,80,80,80,80,80,80,80,80,80,80,80,80,82,88,90,92,92,92,92],"card_choices":[{"not_picked":["Sword Boomerang","Headbutt"],"picked":"Thunderclap","floor":1.0},{"not_picked":["Twin Strike","Disarm"],"picked":"Carnage","floor":2.0},{"not_picked":["Twin Strike","Havoc","Clash"],"picked":"SKIP","floor":5.0},{"not_picked":["Inflame","Body Slam","Clash"],"picked":"SKIP","floor":8.0},{"not_picked":["Armaments","Hemokinesis"],"picked":"Burning Pact","floor":10.0},{"not_picked":["Cleave","Sword Boomerang"],"picked":"Bloodletting","floor":12.0},{"not_picked":["Immolate","Limit Break"],"picked":"Impervious","floor":16.0},{"not_picked":["Rage","Whirlwind"],"picked":"Warcry+1","floor":18.0},{"not_picked":["Clothesline","Inflame","Armaments"],"picked":"SKIP","floor":20.0},{"not_picked":["Clothesline","Body Slam"],"picked":"Pommel Strike+1","floor":21.0},{"not_picked":["Headbutt","Combust+1"],"picked":"Evolve","floor":27.0},{"not_picked":["Metallicize","Pommel Strike+1"],"picked":"Double Tap","floor":30.0},{"not_picked":["Armaments","Hemokinesis","Anger"],"picked":"SKIP","floor":31.0},{"not_picked":["Brutality","Demon Form"],"picked":"Offering","floor":33.0},{"not_picked":["Headbutt+1","Pommel Strike+1","Cleave+1"],"picked":"SKIP","floor":35.0},{"not_picked":["Thunderclap","Havoc+1","Clothesline+1"],"picked":"SKIP","floor":38.0},{"not_picked":["Clash+1","Headbutt+1","Limit Break"],"picked":"SKIP","floor":39.0},{"not_picked":["Perfected Strike+1","Armaments","Anger+1"],"picked":"SKIP","floor":41.0},{"not_picked":["Heavy Blade+1","Cleave","Reckless Charge"],"picked":"Singing Bowl","floor":44.0},{"not_picked":["Bandage Up","Impatience","Enlightenment"],"picked":"Singing Bowl","floor":45.0},{"not_picked":["Panacea","Deep Breath","Madness"],"picked":"Singing Bowl","floor":45.0},{"not_picked":["Dramatic Entrance","Transmutation","Deep Breath"],"picked":"Singing Bowl","floor":45.0},{"not_picked":["Dual Wield+1","True Grit","Anger"],"picked":"Singing Bowl","floor":46.0},{"not_picked":["Havoc+1","Dual Wield+1","Sentinel+1"],"picked":"Singing Bowl","floor":47.0},{"not_picked":["Shockwave","Blood for Blood+1"],"picked":"Power Through","floor":48.0}],"player_experience":5558139,"relics_obtained":[{"floor":9.0,"key":"Ginger"},{"floor":10.0,"key":"Nunchaku"},{"floor":22.0,"key":"Necronomicon"},{"floor":26.0,"key":"Pen Nib"},{"floor":27.0,"key":"Potion Belt"},{"floor":43.0,"key":"Singing Bowl"},{"floor":44.0,"key":"Bag of Marbles"},{"floor":46.0,"key":"Peace Pipe"}],"event_choices":[{"damage_healed":0.0,"max_hp_gain":0.0,"max_hp_loss":0.0,"gold_gain":0.0,"cards_transformed":["Strike_R"],"event_name":"Living Wall","player_choice":"Change","floor":4.0,"gold_loss":0.0,"damage_taken":0.0,"cards_obtained":["Immolate"]},{"damage_healed":0.0,"max_hp_gain":0.0,"max_hp_loss":0.0,"gold_gain":0.0,"event_name":"Upgrade Shrine","player_choice":"Upgraded","floor":7.0,"gold_loss":0.0,"damage_taken":0.0,"cards_upgraded":["Immolate"]},{"damage_healed":0.0,"max_hp_gain":0.0,"max_hp_loss":0.0,"gold_gain":75.0,"event_name":"World of Goop","player_choice":"Gather Gold","floor":14.0,"gold_loss":0.0,"damage_taken":11.0},{"damage_healed":0.0,"max_hp_gain":0.0,"max_hp_loss":0.0,"gold_gain":0.0,"event_name":"Cursed Tome","player_choice":"Obtained Book","floor":22.0,"gold_loss":0.0,"damage_taken":16.0},{"damage_healed":0.0,"max_hp_gain":0.0,"max_hp_loss":0.0,"gold_gain":0.0,"event_name":"The Woman in Blue","player_choice":"Bought 0 Potions","floor":28.0,"gold_loss":0.0,"damage_taken":0.0},{"damage_healed":0.0,"max_hp_gain":0.0,"max_hp_loss":0.0,"gold_gain":0.0,"event_name":"Match and Keep!","player_choice":"0 cards matched","floor":36.0,"gold_loss":0.0,"damage_taken":0.0,"cards_obtained":[]},{"damage_healed":0.0,"max_hp_gain":0.0,"max_hp_loss":0.0,"gold_gain":0.0,"event_name":"SensoryStone","player_choice":"Memory 3","floor":45.0,"gold_loss":0.0,"damage_taken":10.0},{"damage_healed":0.0,"max_hp_gain":0.0,"max_hp_loss":0.0,"gold_gain":0.0,"event_name":"MindBloom","player_choice":"Fight","floor":46.0,"gold_loss":0.0,"damage_taken":0.0}],"is_beta":false,"boss_relics":[{"not_picked":["Calling Bell","Empty Cage"],"picked":"Sozu"},{"not_picked":["Pandora\u0027s Box","Tiny House"],"picked":"Eternal Feather"}],"items_purged_floors":[3,19,37],"is_endless":false,"potions_floor_spawned":[10,12,20,30,31,33,39,44,46,47],"ascension_level":0}