{"gold_per_floor":[111,111,161,181,61,61,89,14,14,28,28,42,42,54,54,128,128,139,139,39,39,59,59,84,84,110,128,3,3,3,37,37,115,115,125,125,142,142,161,161,173,173,173,184,211,211,228,228,228,228,228,228,228,23,23,23],"floor_reached":57,"playtime":3087,"items_purged":["Strike_R","Strike_R","Defend_R","Immolate+1"],"score":2776,"play_id":"668a81ce-4259-4231-abb3-8e1073d24ee0","local_time":"20190123133755","is_ascension_mode":true,"campfire_choices":[{"data":"Bash","floor":6.0,"key":"SMITH"},{"data":"Shockwave","floor":11.0,"key":"SMITH"},{"data":"Armaments","floor":13.0,"key":"SMITH"},{"data":"Dual Wield","floor":15.0,"key":"SMITH"},{"data":"Dark Embrace","floor":23.0,"key":"SMITH"},{"data":"Dropkick","floor":29.0,"key":"SMITH"},{"data":"Barricade","floor":32.0,"key":"SMITH"},{"data":"Dropkick","floor":40.0,"key":"SMITH"},{"data":"Evolve","floor":46.0,"key":"SMITH"},{"floor":49.0,"key":"RECALL"},{"data":"Finesse","floor":53,"key":"SMITH"}],"neow_cost":"NONE","seed_source_timestamp":0,"circlet_count":0,"master_deck":["AscendersBane","Defend_R","Defend_R","Bash+1","Armaments+1","Evolve+1","Dropkick+1","Shockwave+1","Dual Wield+1","Dark Embrace+1","Rage+1","Second Wind+1","Battle Trance","Power Through","Dropkick+1","Barricade+1","Finesse","Finesse+1"],"special_seed":0,"relics":["Burning Blood","Mummified Hand","Red Skull","Astrolabe","Nilry\u0027s Codex","Self Forming Clay","Nloth\u0027s Gift","Vajra","Runic Dome","Singing Bowl","Regal Pillow"],"potions_floor_usage":[51,55,55],"damage_taken":[{"damage":0.0,"enemies":"2 Louse","floor":1.0,"turns":1.0},{"damage":0.0,"enemies":"Jaw Worm","floor":4.0,"turns":1.0},{"damage":0.0,"enemies":"3 Sentries","floor":7.0,"turns":1.0},{"damage":7.0,"enemies":"Cultist","floor":10.0,"turns":4.0},{"damage":25.0,"enemies":"Exordium Thugs","floor":12.0,"turns":3.0},{"damage":22.0,"enemies":"Lots of Slimes","floor":14.0,"turns":5.0},{"damage":23.0,"enemies":"Slime Boss","floor":16.0,"turns":5.0},{"damage":16.0,"enemies":"2 Thieves","floor":18.0,"turns":4.0},{"damage":1.0,"enemies":"3 Byrds","floor":22.0,"turns":3.0},{"damage":17.0,"enemies":"Gremlin Leader","floor":24.0,"turns":5.0},{"damage":8.0,"enemies":"Cultist and Chosen","floor":27.0,"turns":4.0},{"damage":0.0,"enemies":"Book of Stabbing","floor":31.0,"turns":4.0},{"damage":0.0,"enemies":"Champ","floor":33.0,"turns":11.0},{"damage":11.0,"enemies":"3 Shapes","floor":35.0,"turns":3.0},{"damage":9.0,"enemies":"Orb Walker","floor":37.0,"turns":3.0},{"damage":30.0,"enemies":"Transient","floor":39.0,"turns":4.0},{"damage":0.0,"enemies":"Maw","floor":41.0,"turns":6.0},{"damage":27.0,"enemies":"Writhing Mass","floor":44.0,"turns":5.0},{"damage":0.0,"enemies":"4 Shapes","floor":47.0,"turns":3.0},{"damage":24.0,"enemies":"Donu and Deca","floor":50.0,"turns":6.0},{"damage":28,"enemies":"Time Eater","floor":51,"turns":11},{"damage":22,"enemies":"Shield and Spear","floor":55,"turns":7},{"damage":43,"enemies":"The Heart","floor":56,"turns":7}],"seed_played":"519549337927506881","potions_obtained":[{"floor":4.0,"key":"Ancient Potion"},{"floor":7.0,"key":"SteroidPotion"},{"floor":12.0,"key":"Ancient Potion"},{"floor":39.0,"key":"SmokeBomb"}],"is_trial":false,"path_per_floor":["M","?","?","M","$","R","E","$","T","M","R","M","R","M","R","B",null,"M","?","$","?","M","R","E","?","T","M","$","R","?","E","R","B",null,"M","$","M","?","M","R","M","?","T","M","T","R","M","?","R","B","B",null,"R","$","E","B",null],"character_chosen":"IRONCLAD","items_purchased":["Evolve","Dropkick","Swift Potion"],"campfire_rested":0,"item_purchase_floors":[5,5,54],"current_hp_per_floor":[74,79,71,77,77,77,80,80,80,79,79,60,60,44,44,27,67,57,36,36,36,41,41,30,30,30,28,28,28,28,34,34,40,70,65,65,62,62,38,38,44,86,86,67,67,67,75,67,67,49,27,76,76,76,60,23],"gold":23,"neow_bonus":"THREE_ENEMY_KILL","is_prod":false,"is_daily":false,"chose_seed":false,"campfire_upgraded":10,"win_rate":0,"timestamp":1548221875,"path_taken":["M","?","?","?","?","R","E","$","T","M","R","?","R","M","R","BOSS","M","?","$","?","?","R","E","?","T","M","?","R","?","E","R","BOSS","M","$","?","?","M","R","M","?","T","?","?","R","?","?","R","BOSS","BOSS","R","$","E","BOSS"],"build_version":"2019-01-17v2","purchased_purges":4,"victory":true,"max_hp_per_floor":[75,80,80,80,80,80,80,80,80,80,80,80,80,80,80,80,80,80,80,80,80,80,80,80,80,80,80,80,80,80,80,80,80,80,80,80,80,76,76,76,76,86,86,88,88,88,90,92,92,92,92,92,92,92,92,92],"card_choices":[{"not_picked":["Headbutt","Iron Wave"],"picked":"Armaments","floor":1.0},{"not_picked":["Ghostly Armor","Rage","Twin Strike"],"picked":"SKIP","floor":4.0},{"not_picked":["Shrug It Off","Sever Soul"],"picked":"Shockwave","floor":7.0},{"not_picked":["Flame Barrier","Sever Soul","Twin Strike"],"picked":"SKIP","floor":10.0},{"not_picked":["Seeing Red","Clothesline","Sword Boomerang"],"picked":"SKIP","floor":12.0},{"not_picked":["Blood for Blood","Uppercut"],"picked":"Dual Wield","floor":14.0},{"not_picked":["Double Tap","Juggernaut"],"picked":"Dark Embrace","floor":16.0},{"not_picked":["Clash","Body Slam"],"picked":"Battle Trance","floor":18.0},{"not_picked":["Second Wind","Twin Strike"],"picked":"Power Through","floor":22.0},{"not_picked":["Clash","Heavy Blade","Wild Strike"],"picked":"SKIP","floor":24.0},{"not_picked":["Sword Boomerang","Flex","Headbutt"],"picked":"SKIP","floor":27.0},{"not_picked":["Reaper","Clash"],"picked":"Barricade","floor":31.0},{"not_picked":["Berserk","Demon Form"],"picked":"Double Tap","floor":33.0},{"not_picked":["Flex","Heavy Blade","Warcry"],"picked":"SKIP","floor":35.0},{"not_picked":["Cleave","Rage+1","Pommel Strike"],"picked":"SKIP","floor":37.0},{"not_picked":["True Grit","Pommel Strike","Cleave"],"picked":"SKIP","floor":39.0},{"not_picked":["Clothesline","Clash","Exhume"],"picked":"SKIP","floor":41.0},{"not_picked":["Twin Strike","Clothesline","Sword Boomerang"],"picked":"Singing Bowl","floor":44.0},{"not_picked":["Wild Strike","Metallicize","Disarm"],"picked":"Singing Bowl","floor":47.0},{"not_picked":["Forethought","Bandage Up","Dark Shackles"],"picked":"Singing Bowl","floor":48.0},{"not_picked":["Master of Strategy","Blind"],"picked":"Finesse","floor":48.0},{"not_picked":["Magnetism","Dark Shackles"],"picked":"Finesse","floor":48.0}],"player_experience":2154675,"relics_obtained":[{"floor":7.0,"key":"Mummified Hand"},{"floor":9.0,"key":"Red Skull"},{"floor":19.0,"key":"Nilry\u0027s Codex"},{"floor":24.0,"key":"Self Forming Clay"},{"floor":31.0,"key":"Vajra"},{"floor":43.0,"key":"Singing Bowl"},{"floor":45.0,"key":"Regal Pillow"}],"event_choices":[{"damage_healed":0.0,"max_hp_gain":5.0,"max_hp_loss":0.0,"gold_gain":0.0,"event_name":"Big Fish","player_choice":"Donut","floor":2.0,"gold_loss":0.0,"damage_taken":0.0},{"damage_healed":0.0,"max_hp_gain":0.0,"max_hp_loss":0.0,"gold_gain":50.0,"event_name":"FaceTrader","player_choice":"Touch","floor":3.0,"gold_loss":0.0,"damage_taken":8.0},{"damage_healed":0.0,"max_hp_gain":0.0,"max_hp_loss":0.0,"gold_gain":0.0,"event_name":"Cursed Tome","player_choice":"Obtained Book","floor":19.0,"gold_loss":0.0,"damage_taken":21.0},{"cards_removed":["Defend_R"],"damage_healed":0.0,"max_hp_gain":0.0,"max_hp_loss":0.0,"gold_gain":0.0,"event_name":"Purifier","player_choice":"Purged","floor":21.0,"gold_loss":0.0,"damage_taken":0.0},{"damage_healed":0.0,"max_hp_gain":0.0,"max_hp_loss":0.0,"gold_gain":0.0,"event_name":"The Library","player_choice":"Read","floor":25.0,"gold_loss":0.0,"damage_taken":0.0,"cards_obtained":["Dropkick"]},{"damage_healed":0.0,"max_hp_gain":0.0,"max_hp_loss":0.0,"gold_gain":0.0,"event_name":"N\u0027loth","player_choice":"Traded Relic","floor":30.0,"relics_lost":["NeowsBlessing"],"gold_loss":0.0,"damage_taken":0.0,"relics_obtained":["Nloth\u0027s Gift"]},{"damage_healed":0.0,"max_hp_gain":0.0,"max_hp_loss":4.0,"gold_gain":0.0,"event_name":"Winding Halls","player_choice":"Max HP","floor":38.0,"gold_loss":0.0,"damage_taken":0.0},{"cards_removed":["Double Tap"],"damage_healed":32.0,"max_hp_gain":10.0,"max_hp_loss":0.0,"gold_gain":0.0,"event_name":"Bonfire Elementals","player_choice":"Offered Rare","floor":42.0,"gold_loss":0.0,"damage_taken":0.0},{"damage_healed":0.0,"max_hp_gain":0.0,"max_hp_loss":0.0,"gold_gain":0.0,"event_name":"SensoryStone","player_choice":"Memory 3","floor":48.0,"gold_loss":0.0,"damage_taken":10.0}],"is_beta":false,"boss_relics":[{"not_picked":["Calling Bell","Orrery"],"picked":"Astrolabe"},{"not_picked":["Runic Cube","Velvet Choker"],"picked":"Runic Dome"}],"items_purged_floors":[8,20,28,54],"is_endless":false,"potions_floor_spawned":[4,7,12,14,18,31,39,44,47,55],"ascension_level":20}