{"gold_per_floor":[110,126,51,70,83,83,83,83,83,119,119,139,162,203,203,298,298,319,344,544,544],"floor_reached":21,"playtime":786,"items_purged":[],"score":382,"play_id":"102733a0-98fd-4814-852c-e45f0e0251b9","local_time":"20190319170702","is_ascension_mode":true,"campfire_choices":[{"data":"Flechettes","floor":6.0,"key":"SMITH"},{"data":"Well Laid Plans","floor":8.0,"key":"SMITH"},{"data":"Neutralize","floor":15,"key":"SMITH"}],"neow_cost":"NONE","seed_source_timestamp":22437394225446,"circlet_count":0,"master_deck":["AscendersBane","Defend_G","Defend_G","Defend_G","Defend_G","Defend_G","Strike_G","Strike_G","Strike_G","Strike_G","Strike_G","Survivor","Neutralize+1","Heel Hook","Well Laid Plans+1","Flechettes+1","After Image","Expertise","Predator","Terror","Malaise","Escape Plan"],"special_seed":0,"relics":["Ring of the Snake","NeowsBlessing","Golden Idol","Meat on the Bone","Orichalcum","Tingsha","Black Star"],"potions_floor_usage":[16,16],"damage_taken":[{"damage":0.0,"enemies":"Cultist","floor":1.0,"turns":1.0},{"damage":0.0,"enemies":"Jaw Worm","floor":2.0,"turns":1.0},{"damage":0.0,"enemies":"Small Slimes","floor":4.0,"turns":1.0},{"damage":0.0,"enemies":"2 Fungi Beasts","floor":5.0,"turns":3.0},{"damage":31.0,"enemies":"3 Sentries","floor":10.0,"turns":12.0},{"damage":10,"enemies":"Exordium Thugs","floor":12,"turns":6},{"damage":5,"enemies":"3 Louse","floor":13,"turns":3},{"damage":5,"enemies":"Lagavulin","floor":14,"turns":7},{"damage":13,"enemies":"Slime Boss","floor":16,"turns":6},{"damage":26,"enemies":"Spheric Guardian","floor":18,"turns":8},{"damage":12,"enemies":"3 Byrds","floor":19,"turns":8},{"damage":36,"enemies":"Cultist and Chosen","floor":21,"turns":7}],"seed_played":"-1553439970454886087","potions_obtained":[{"floor":1.0,"key":"Fire Potion"},{"floor":4.0,"key":"Fire Potion"},{"floor":5.0,"key":"Strength Potion"}],"is_trial":false,"path_per_floor":["M","M","$","M","M","R","?","R","T","E","?","M","M","E","R","B",null,"M","M","?","M"],"character_chosen":"THE_SILENT","items_purchased":["Flechettes"],"campfire_rested":0,"item_purchase_floors":[3],"current_hp_per_floor":[59,59,59,59,59,59,59,59,59,40,40,42,37,32,32,31,53,39,39,39,3],"gold":544,"neow_bonus":"THREE_ENEMY_KILL","is_prod":false,"is_daily":false,"chose_seed":false,"campfire_upgraded":3,"win_rate":0,"timestamp":1552986422,"path_taken":["M","M","$","M","?","R","?","R","T","E","?","M","M","E","R","BOSS","M","M","?","?"],"build_version":"2019-01-23","purchased_purges":0,"victory":false,"max_hp_per_floor":[66,66,66,66,66,66,60,60,60,60,60,60,60,60,60,60,60,60,60,60,60],"card_choices":[{"not_picked":["Acrobatics","Sucker Punch"],"picked":"Heel Hook","floor":1.0},{"not_picked":["Backflip","Dodge and Roll"],"picked":"Well Laid Plans","floor":2.0},{"not_picked":["Dodge and Roll","Prepared"],"picked":"After Image","floor":4.0},{"not_picked":["Sucker Punch","Deflect","Dodge and Roll"],"picked":"SKIP","floor":5.0},{"not_picked":["Outmaneuver","Well Laid Plans"],"picked":"Expertise","floor":10.0},{"not_picked":["Skewer","Slice"],"picked":"Predator","floor":12},{"not_picked":["Accuracy","Sucker Punch"],"picked":"Terror","floor":13},{"not_picked":["Outmaneuver","Terror","Dagger Spray"],"picked":"SKIP","floor":14},{"not_picked":["After Image","Doppelganger"],"picked":"Malaise","floor":16},{"not_picked":["Caltrops+1","Deflect+1"],"picked":"Escape Plan","floor":18},{"not_picked":["Eviscerate","Blade Dance","Deadly Poison+1"],"picked":"SKIP","floor":19}],"player_experience":3725629,"relics_obtained":[{"floor":9.0,"key":"Meat on the Bone"},{"floor":10.0,"key":"Orichalcum"},{"floor":14,"key":"Tingsha"}],"event_choices":[{"damage_healed":0.0,"max_hp_gain":0.0,"max_hp_loss":6.0,"gold_gain":0.0,"event_name":"Golden Idol","player_choice":"Lose Max HP","floor":7.0,"gold_loss":0.0,"damage_taken":0.0,"relics_obtained":["Golden Idol"]},{"damage_healed":0.0,"max_hp_gain":0.0,"max_hp_loss":0.0,"gold_gain":0.0,"event_name":"Liars Game","player_choice":"Ignored","floor":11.0,"gold_loss":0.0,"damage_taken":0.0},{"damage_healed":0,"gold_gain":250,"player_choice":"Bet on Owner","damage_taken":0,"max_hp_gain":0,"max_hp_loss":0,"event_name":"The Joust","floor":20,"gold_loss":50}],"is_beta":false,"boss_relics":[{"not_picked":["Cursed Key","White Beast Statue"],"picked":"Black Star"}],"items_purged_floors":[],"is_endless":false,"potions_floor_spawned":[1,4,5,12],"killed_by":"Cultist and Chosen","ascension_level":20}