{"gold_per_floor":[110,120,195,195,195,195,209,209,256,228,240,252],"floor_reached":12,"playtime":270,"items_purged":[],"score":132,"play_id":"14f408cb-8f35-4104-b79b-22960a39ee67","local_time":"20190126204617","is_ascension_mode":true,"campfire_choices":[{"data":"Writhe","floor":6,"key":"PURGE"},{"data":"Writhe","floor":8,"key":"PURGE"},{"data":"Well Laid Plans","floor":11,"key":"SMITH"}],"neow_cost":"NONE","seed_source_timestamp":43903817107962,"circlet_count":0,"master_deck":["AscendersBane","Defend_G","Defend_G","Defend_G","Defend_G","Defend_G","Strike_G","Strike_G","Strike_G","Strike_G","Strike_G","Survivor","Neutralize","Parasite","Well Laid Plans+1","Footwork","Caltrops"],"relics":["Calling Bell","Question Card","Bag of Marbles","Peace Pipe","Golden Idol","MawBank"],"potions_floor_usage":[7],"damage_taken":[{"damage":9,"enemies":"2 Louse","floor":1,"turns":4},{"damage":12,"enemies":"Jaw Worm","floor":2,"turns":6},{"damage":7,"enemies":"Small Slimes","floor":7,"turns":5},{"damage":3,"enemies":"Looter","floor":10,"turns":4},{"damage":0,"enemies":"3 Louse","floor":12,"turns":1}],"seed_played":"2947103684285926655","potions_obtained":[{"floor":2,"key":"GamblersBrew"}],"is_trial":false,"path_per_floor":["M","M","?","T","?","R","M","R","T","M","R","M"],"character_chosen":"THE_SILENT","items_purchased":[],"campfire_rested":0,"item_purchase_floors":[],"current_hp_per_floor":[50,38,27,27,27,27,20,20,20,17,17,17],"gold":252,"neow_bonus":"BOSS_RELIC","is_prod":false,"is_daily":false,"chose_seed":false,"campfire_upgraded":1,"win_rate":0,"timestamp":1548506777,"path_taken":["M","M","?","?","?","R","M","R","T","M","R","?"],"build_version":"2019-01-23","purchased_purges":0,"victory":false,"max_hp_per_floor":[66,66,66,66,60,60,60,60,60,60,60,60],"card_choices":[{"not_picked":["Cloak And Dagger","Acrobatics","Masterful Stab"],"picked":"Well Laid Plans","floor":1},{"not_picked":["Backstab","Blade Dance","Flying Knee","Outmaneuver"],"picked":"SKIP","floor":2},{"not_picked":["Phantasmal Killer","Accuracy","Cloak And Dagger"],"picked":"Footwork","floor":7},{"not_picked":["Endless Agony","Flying Knee","Escape Plan"],"picked":"Caltrops","floor":10}],"player_experience":2293787,"relics_obtained":[{"floor":0,"key":"Question Card"},{"floor":0,"key":"Bag of Marbles"},{"floor":0,"key":"Peace Pipe"},{"floor":9,"key":"MawBank"}],"event_choices":[{"damage_healed":0,"gold_gain":75,"player_choice":"Gather Gold","damage_taken":11,"max_hp_gain":0,"max_hp_loss":0,"event_name":"World of Goop","floor":3,"gold_loss":0},{"damage_healed":0,"gold_gain":0,"player_choice":"Lose Max HP","damage_taken":0,"relics_obtained":["Golden Idol"],"max_hp_gain":0,"max_hp_loss":6,"event_name":"Golden Idol","floor":5,"gold_loss":0}],"is_beta":false,"boss_relics":[],"items_purged_floors":[],"is_endless":false,"potions_floor_spawned":[2],"killed_by":"3 Louse","ascension_level":20}