{"gold_per_floor":[19,34,49,49,49,80,80,80,80,109,120,120,137,147,147,147],"floor_reached":16,"playtime":425,"items_purged":[],"score":224,"play_id":"bc857327-e2b0-454b-beb2-43f6a11ec500","local_time":"20181025161445","is_ascension_mode":true,"campfire_choices":[{"data":"Rampage","floor":8.0,"key":"SMITH"},{"data":"Flex","floor":12,"key":"SMITH"},{"data":"True Grit","floor":15,"key":"SMITH"}],"neow_cost":"NO_GOLD","seed_source_timestamp":3113661566046,"circlet_count":0,"master_deck":["Strike_R","Strike_R","Strike_R","Strike_R","Defend_R","Defend_R","Defend_R","Bash","AscendersBane","Flex+1","Rampage+1","Sever Soul","Power Through","True Grit+1"],"special_seed":0,"relics":["Burning Blood","CardMagician","Dodecahedron","IndustrialRevolution","Oddly Smooth Stone","OneHitWonder"],"potions_floor_usage":[10],"damage_taken":[{"damage":0.0,"enemies":"Cultist","floor":1.0,"turns":3.0},{"damage":3.0,"enemies":"Small Slimes","floor":2.0,"turns":4.0},{"damage":4.0,"enemies":"Jaw Worm","floor":3.0,"turns":3.0},{"damage":35.0,"enemies":"3 Sentries","floor":6.0,"turns":10.0},{"damage":8,"enemies":"Gremlin Nob","floor":10,"turns":3},{"damage":0,"enemies":"Exordium Wildlife","floor":11,"turns":2},{"damage":0,"enemies":"Large Slime","floor":13,"turns":2},{"damage":2,"enemies":"3 Louse","floor":14,"turns":2},{"damage":40,"enemies":"Slime Boss","floor":16,"turns":7}],"seed_played":"6048025487656209347","potions_obtained":[{"floor":1.0,"key":"Fire Potion"},{"floor":3.0,"key":"Strength Potion"},{"floor":10,"key":"Energy Potion"}],"is_trial":false,"path_per_floor":["M","M","M","?","$","E","?","R","T","E","M","R","M","M","R"],"character_chosen":"IRONCLAD","items_purchased":[],"campfire_rested":0,"item_purchase_floors":[],"current_hp_per_floor":[74,75,75,57,57,28,28,28,28,26,32,32,38,42,42,2],"gold":147,"neow_bonus":"REMOVE_TWO","is_prod":false,"is_daily":false,"chose_seed":false,"campfire_upgraded":3,"win_rate":0,"timestamp":1540455285,"path_taken":["M","?","?","?","?","E","?","R","T","E","M","R","M","M","R","BOSS"],"build_version":"2018-10-18","purchased_purges":0,"victory":false,"max_hp_per_floor":[75,75,75,75,75,75,75,75,75,75,75,75,75,75,75,75],"card_choices":[{"not_picked":["Headbutt","Hemokinesis","Infernal Blade"],"picked":"SKIP","floor":1.0},{"not_picked":["Dropkick","Wild Strike","Twin Strike"],"picked":"SKIP","floor":2.0},{"not_picked":["Battle Trance","Twin Strike"],"picked":"Flex","floor":3.0},{"not_picked":["True Grit","Clash"],"picked":"Rampage","floor":6.0},{"not_picked":["Dual Wield","Clash"],"picked":"Sever Soul","floor":10},{"not_picked":["Clash","Havoc"],"picked":"Power Through","floor":11},{"not_picked":["Bludgeon","Disarm","Body Slam"],"picked":"SKIP","floor":13},{"not_picked":["Iron Wave","Burning Pact"],"picked":"True Grit","floor":14}],"player_experience":378928,"relics_obtained":[{"floor":6.0,"key":"IndustrialRevolution"},{"floor":9.0,"key":"Oddly Smooth Stone"},{"floor":10,"key":"OneHitWonder"}],"event_choices":[{"damage_healed":0.0,"max_hp_gain":0.0,"max_hp_loss":0.0,"gold_gain":0.0,"event_name":"Scrap Ooze","player_choice":"Success","floor":4.0,"gold_loss":0.0,"damage_taken":18.0,"relics_obtained":["Dodecahedron"]},{"damage_healed":0.0,"max_hp_gain":0.0,"max_hp_loss":0.0,"gold_gain":0.0,"event_name":"Liars Game","player_choice":"Ignored","floor":7.0,"gold_loss":0.0,"damage_taken":0.0}],"is_beta":false,"boss_relics":[],"items_purged_floors":[],"is_endless":false,"potions_floor_spawned":[1,3,10],"killed_by":"Slime Boss","ascension_level":20}