{"gold_per_floor":[118,268,268,268,268,304,304,345,345,358,358,379,423,68,68,163,163,188,188,188,207,222,222,257,257,257,114,114,114,143,102,102,179,179,193,1192,106,122,141,141,157,157,157,157,174,174,24,34,34,34,34,34,34,34,65,65],"floor_reached":57,"playtime":2698,"items_purged":["Doubt","Anger","Normality","Normality"],"score":3233,"play_id":"26da1379-5654-4c3d-bf59-d6190bbbda56","local_time":"20190413184208","is_ascension_mode":true,"campfire_choices":[{"data":"Flex","floor":7.0,"key":"SMITH"},{"data":"True Grit","floor":11.0,"key":"SMITH"},{"data":"Limit Break","floor":15.0,"key":"SMITH"},{"data":"Offering","floor":23.0,"key":"SMITH"},{"data":"Dark Embrace","floor":25.0,"key":"SMITH"},{"data":"Barricade","floor":28.0,"key":"SMITH"},{"data":"Burning Pact","floor":32.0,"key":"SMITH"},{"data":"Sentinel","floor":40.0,"key":"SMITH"},{"floor":44.0,"key":"RECALL"},{"floor":46.0,"key":"DIG"},{"floor":49.0,"key":"DIG"},{"data":"Juggernaut","floor":53.0,"key":"SMITH"}],"neow_cost":"NONE","seed_source_timestamp":21638889447581,"circlet_count":0,"master_deck":["AscendersBane","Bash","Feel No Pain","Flex+1","Dark Embrace","True Grit+1","Limit Break+1","Offering+1","Bloodletting+1","Fire Breathing","Anger","Barricade+1","Battle Trance","Hemokinesis","Dark Embrace+1","Rupture","Shrug It Off","Sentinel+1","Limit Break","Evolve","True Grit+1","Burning Pact+1","Offering","Madness+1","Warcry+1","Burning Pact+1","Entrench+1","Power Through+1","Juggernaut+1","Second Wind+1"],"special_seed":0,"relics":["Burning Blood","NeowsBlessing","Bloody Idol","Matryoshka","Red Skull","Gambling Chip","Oddly Smooth Stone","Gremlin Horn","Shovel","TheAbacus","Pandora\u0027s Box","Mercury Hourglass","Anchor","Ornamental Fan","Dead Branch","Sozu","Toxic Egg 2","Mango","HandDrill","Turnip","Kunai"],"potions_floor_usage":[56,56],"damage_taken":[{"damage":0.0,"enemies":"Jaw Worm","floor":1.0,"turns":1.0},{"damage":0.0,"enemies":"3 Sentries","floor":6.0,"turns":2.0},{"damage":0.0,"enemies":"Lagavulin","floor":8.0,"turns":1.0},{"damage":4.0,"enemies":"Small Slimes","floor":10.0,"turns":3.0},{"damage":0.0,"enemies":"2 Louse","floor":12.0,"turns":3.0},{"damage":67.0,"enemies":"Gremlin Nob","floor":13.0,"turns":5.0},{"damage":2.0,"enemies":"Slime Boss","floor":16.0,"turns":7.0},{"damage":33.0,"enemies":"Shell Parasite","floor":18.0,"turns":4.0},{"damage":12.0,"enemies":"Chosen","floor":21.0,"turns":5.0},{"damage":7.0,"enemies":"Centurion and Healer","floor":22.0,"turns":5.0},{"damage":13.0,"enemies":"Book of Stabbing","floor":24.0,"turns":3.0},{"damage":17.0,"enemies":"Slavers","floor":30.0,"turns":4.0},{"damage":12.0,"enemies":"Collector","floor":33.0,"turns":4.0},{"damage":18.0,"enemies":"Orb Walker","floor":35.0,"turns":2.0},{"damage":18.0,"enemies":"3 Darklings","floor":38.0,"turns":3.0},{"damage":15.0,"enemies":"Writhing Mass","floor":39.0,"turns":2.0},{"damage":21.0,"enemies":"Maw","floor":41.0,"turns":4.0},{"damage":12.0,"enemies":"3 Darklings","floor":45.0,"turns":5.0},{"damage":9.0,"enemies":"Spire Growth","floor":48.0,"turns":2.0},{"damage":15.0,"enemies":"Awakened One","floor":50.0,"turns":7.0},{"damage":20.0,"enemies":"Time Eater","floor":51.0,"turns":5.0},{"damage":15.0,"enemies":"Shield and Spear","floor":55.0,"turns":10.0},{"damage":29,"enemies":"The Heart","floor":56,"turns":5}],"seed_played":"-6787051490560703574","potions_obtained":[{"floor":6.0,"key":"EssenceOfSteel"},{"floor":10.0,"key":"Ancient Potion"},{"floor":16.0,"key":"SteroidPotion"},{"floor":30.0,"key":"Ancient Potion"}],"is_trial":false,"path_per_floor":["M","?","?","?","T","E","R","E","T","M","R","M","E","$","R","B",null,"M","?","?","M","M","R","E","R","T","$","R","?","E","$","R","B",null,"M","?","$","M","M","R","M","?","T","R","M","R","$","M","R","B","B",null,"R","$","E","B",null],"character_chosen":"IRONCLAD","items_purchased":["TheAbacus","Fire Potion","Evolve","Burning Pact","Toxic Egg 2","Madness+1","Warcry+1","Mango","HandDrill"],"campfire_rested":0,"item_purchase_floors":[14,14,27,31,37,37,37,37,37],"current_hp_per_floor":[74,74,79,72,72,72,72,72,72,72,72,72,11,11,11,15,58,31,31,31,30,34,34,32,32,32,32,32,32,26,26,26,25,60,53,58,72,65,61,61,51,51,51,51,50,50,50,52,52,43,29,69,69,69,65,42],"gold":65,"neow_bonus":"THREE_ENEMY_KILL","is_prod":false,"is_daily":false,"chose_seed":false,"campfire_upgraded":9,"win_rate":0,"timestamp":1555152128,"path_taken":["M","?","?","?","?","E","R","E","T","M","R","M","E","$","R","BOSS","M","?","?","M","?","R","E","R","T","$","R","?","E","?","R","BOSS","M","?","$","M","M","R","M","?","T","R","M","R","$","M","R","BOSS","BOSS","R","$","E","BOSS"],"build_version":"2019-01-23","purchased_purges":4,"victory":true,"max_hp_per_floor":[75,75,80,72,72,72,72,72,72,72,72,72,72,72,72,72,72,72,72,72,72,72,72,72,72,72,72,72,72,72,72,72,72,72,72,72,86,86,86,86,86,82,82,82,82,82,82,82,82,82,82,82,82,82,82,82],"card_choices":[{"not_picked":["Clash","Thunderclap"],"picked":"Feel No Pain","floor":1.0},{"not_picked":["Wild Strike","Iron Wave"],"picked":"Flex","floor":6.0},{"not_picked":["Inflame","Infernal Blade"],"picked":"Dark Embrace","floor":8.0},{"not_picked":["Spot Weakness","Anger"],"picked":"True Grit","floor":10.0},{"not_picked":["Dual Wield","Twin Strike","Cleave"],"picked":"SKIP","floor":12.0},{"not_picked":["Battle Trance","Anger"],"picked":"Limit Break","floor":13.0},{"not_picked":["Juggernaut","Exhume"],"picked":"Offering","floor":16.0},{"not_picked":["Combust","Wild Strike"],"picked":"Shrug It Off","floor":18.0},{"not_picked":["Sword Boomerang","Heavy Blade"],"picked":"Sentinel","floor":21.0},{"not_picked":["Armaments","Body Slam","Clothesline"],"picked":"SKIP","floor":22.0},{"not_picked":["Havoc","True Grit"],"picked":"Limit Break","floor":24.0},{"not_picked":["Heavy Blade","Sever Soul"],"picked":"True Grit+1","floor":30.0},{"not_picked":["Feed","Juggernaut"],"picked":"Offering","floor":33.0},{"not_picked":["Armaments","Perfected Strike","Blood for Blood"],"picked":"SKIP","floor":35.0},{"not_picked":["Twin Strike","Heavy Blade+1"],"picked":"Burning Pact+1","floor":38.0},{"not_picked":["Flame Barrier+1","Thunderclap"],"picked":"Entrench+1","floor":39.0},{"not_picked":["Heavy Blade","Sword Boomerang"],"picked":"Power Through+1","floor":41.0},{"not_picked":["Iron Wave+1","Flex+1"],"picked":"Juggernaut","floor":45.0},{"not_picked":["Perfected Strike+1","Pummel+1","Sword Boomerang"],"picked":"SKIP","floor":48.0},{"not_picked":["Sever Soul","Headbutt"],"picked":"Second Wind+1","floor":55.0}],"player_experience":4252258,"relics_obtained":[{"floor":5.0,"key":"Matryoshka"},{"floor":6.0,"key":"Red Skull"},{"floor":8.0,"key":"Gambling Chip"},{"floor":9.0,"key":"Oddly Smooth Stone"},{"floor":9.0,"key":"Gremlin Horn"},{"floor":13.0,"key":"Shovel"},{"floor":24.0,"key":"Mercury Hourglass"},{"floor":26.0,"key":"Anchor"},{"floor":26.0,"key":"Ornamental Fan"},{"floor":30.0,"key":"Dead Branch"},{"floor":46.0,"key":"Turnip"},{"floor":49.0,"key":"Kunai"}],"event_choices":[{"damage_healed":0.0,"max_hp_gain":0.0,"max_hp_loss":0.0,"gold_gain":150.0,"event_name":"Liars Game","player_choice":"AGREE","floor":2.0,"gold_loss":0.0,"damage_taken":0.0,"cards_obtained":["Doubt"]},{"damage_healed":0.0,"max_hp_gain":5.0,"max_hp_loss":0.0,"gold_gain":0.0,"event_name":"Big Fish","player_choice":"Donut","floor":3.0,"gold_loss":0.0,"damage_taken":0.0},{"damage_healed":0.0,"max_hp_gain":0.0,"max_hp_loss":8.0,"gold_gain":0.0,"event_name":"Golden Idol","player_choice":"Lose Max HP","floor":4.0,"gold_loss":0.0,"damage_taken":0.0,"relics_obtained":["Golden Idol"]},{"damage_healed":0.0,"max_hp_gain":0.0,"max_hp_loss":0.0,"gold_gain":0.0,"event_name":"Forgotten Altar","player_choice":"Gave Idol","floor":19.0,"relics_lost":["Golden Idol"],"gold_loss":0.0,"damage_taken":0.0,"relics_obtained":["Bloody Idol"]},{"damage_healed":0.0,"max_hp_gain":0.0,"max_hp_loss":0.0,"gold_gain":0.0,"event_name":"Upgrade Shrine","player_choice":"Upgraded","floor":20.0,"gold_loss":0.0,"damage_taken":0.0,"cards_upgraded":["Bloodletting"]},{"damage_healed":0.0,"max_hp_gain":0.0,"max_hp_loss":0.0,"gold_gain":0.0,"event_name":"Vampires","player_choice":"Ignored","floor":29.0,"gold_loss":0.0,"damage_taken":0.0},{"damage_healed":0.0,"max_hp_gain":0.0,"max_hp_loss":0.0,"gold_gain":999.0,"event_name":"MindBloom","player_choice":"Gold","floor":36.0,"gold_loss":0.0,"damage_taken":0.0,"cards_obtained":["Normality","Normality"]},{"damage_healed":0.0,"max_hp_gain":0.0,"max_hp_loss":4.0,"gold_gain":0.0,"event_name":"Winding Halls","player_choice":"Max HP","floor":42.0,"gold_loss":0.0,"damage_taken":0.0}],"is_beta":false,"boss_relics":[{"not_picked":["Empty Cage","Black Star"],"picked":"Pandora\u0027s Box"},{"not_picked":["Calling Bell","Tiny House"],"picked":"Sozu"}],"items_purged_floors":[14,27,37,47],"is_endless":false,"potions_floor_spawned":[6,10,16,22,30,33,39,41,48],"ascension_level":20}