{"gold_per_floor":[112,127,52,52,52,64,64,77,77,77,91,91,91,102,102,102],"floor_reached":16,"playtime":1009,"items_purged":["Strike_R"],"score":184,"play_id":"9fbf5dfb-84c6-45f4-98dd-c92d1d5fd0f3","local_time":"20190528144958","is_ascension_mode":true,"campfire_choices":[{"data":"Flex","floor":7,"key":"SMITH"},{"data":"Feel No Pain","floor":10,"key":"SMITH"},{"data":"Bash","floor":12,"key":"SMITH"},{"floor":15,"key":"REST"}],"neow_cost":"TEN_PERCENT_HP_LOSS","seed_source_timestamp":12347955366995,"circlet_count":0,"master_deck":["AscendersBane","Strike_R","Strike_R","Strike_R","Strike_R","Defend_R","Defend_R","Defend_R","Defend_R","Bash+1","Flex+1","Power Through","Pain","Feel No Pain+1","Entrench"],"special_seed":0,"relics":["Burning Blood","WingedGreaves","Mummified Hand","WarpedTongs","Bag of Preparation"],"potions_floor_usage":[11],"damage_taken":[{"damage":6.0,"enemies":"Cultist","floor":1.0,"turns":3.0},{"damage":3.0,"enemies":"2 Louse","floor":2.0,"turns":3.0},{"damage":4,"enemies":"Small Slimes","floor":6,"turns":4},{"damage":1,"enemies":"Red Slaver","floor":8,"turns":4},{"damage":2,"enemies":"Looter","floor":11,"turns":4},{"damage":8,"enemies":"2 Fungi Beasts","floor":14,"turns":4},{"damage":0,"enemies":"Hexaghost","floor":16,"turns":1}],"seed_played":"-3801965381568339128","potions_obtained":[{"floor":2.0,"key":"SpeedPotion"},{"floor":8,"key":"Explosive Potion"}],"is_trial":false,"path_per_floor":["M","M","$","?","?","M","R","M","T","R","M","R","$","M","R","B"],"character_chosen":"IRONCLAD","items_purchased":[],"campfire_rested":1,"item_purchase_floors":[],"current_hp_per_floor":[68,68,68,57,57,59,59,64,64,64,68,68,68,66,68,68],"gold":102,"neow_bonus":"ONE_RARE_RELIC","is_prod":false,"is_daily":false,"chose_seed":false,"campfire_upgraded":3,"win_rate":0,"timestamp":1559026198,"path_taken":["M","?","$","?","?","M","R","M","T","R","M","R","$","?","R","BOSS"],"build_version":"2019-01-23","purchased_purges":1,"victory":false,"max_hp_per_floor":[68,68,68,68,68,68,68,68,68,68,68,68,68,68,68,68],"card_choices":[{"not_picked":["Intimidate","Bloodletting"],"picked":"Flex","floor":1.0},{"not_picked":["Inflame","Shrug It Off"],"picked":"Power Through","floor":2.0},{"not_picked":["Clash","Cleave","Twin Strike"],"picked":"SKIP","floor":6},{"not_picked":["Cleave","Clothesline"],"picked":"Feel No Pain","floor":8},{"not_picked":["Warcry","Brutality"],"picked":"Entrench","floor":11},{"not_picked":["Pommel Strike","Clash","Clothesline"],"picked":"SKIP","floor":14}],"player_experience":4889709,"relics_obtained":[{"floor":9,"key":"Bag of Preparation"}],"event_choices":[{"damage_healed":0.0,"max_hp_gain":0.0,"max_hp_loss":0.0,"gold_gain":0.0,"event_name":"Scrap Ooze","player_choice":"Success","floor":4.0,"gold_loss":0.0,"damage_taken":11.0,"relics_obtained":["Mummified Hand"]},{"damage_healed":0.0,"max_hp_gain":0.0,"max_hp_loss":0.0,"gold_gain":0.0,"event_name":"Accursed Blacksmith","player_choice":"Rummage","floor":5.0,"gold_loss":0.0,"damage_taken":0.0,"relics_obtained":["WarpedTongs"],"cards_obtained":["Pain"]}],"is_beta":false,"boss_relics":[],"items_purged_floors":[3],"is_endless":false,"potions_floor_spawned":[2,8],"killed_by":"Hexaghost","ascension_level":20}