{"gold_per_floor":[363,363,363,363,378,378,394,221,246,246,271,289,289,26,26,97,97,109,139,239,239,257,257,268,296,296,307,335,351,376,389,389,467,467,486,708,1707,1719,563,597,613,640,717,717,747,747,774,774,774,774,774,774,774,161,186,186],"floor_reached":57,"playtime":2970,"items_purged":["Strike_R","Strike_R","Strike_R","Strike_R"],"score":3057,"play_id":"9c50d155-5a2d-43d1-997e-b53ad9b2f852","local_time":"20190528180200","is_ascension_mode":true,"campfire_choices":[{"data":"Shockwave","floor":6.0,"key":"SMITH"},{"data":"Spot Weakness","floor":10.0,"key":"SMITH"},{"data":"Flex","floor":13.0,"key":"SMITH"},{"data":"True Grit","floor":15.0,"key":"SMITH"},{"data":"Second Wind","floor":23.0,"key":"SMITH"},{"data":"Power Through","floor":32.0,"key":"SMITH"},{"floor":44.0,"key":"RECALL"},{"data":"Power Through","floor":49.0,"key":"SMITH"},{"data":"Disarm","floor":53,"key":"SMITH"}],"neow_cost":"CURSE","seed_source_timestamp":21326893048552,"circlet_count":0,"master_deck":["AscendersBane","Defend_R+1","Defend_R+1","Defend_R+1","Defend_R","Bash+1","Shockwave+1","Spot Weakness+1","Flex+1","Flash of Steel","Pummel","True Grit+1","Flash of Steel+1","Reaper","Second Wind+1","Power Through+1","Body Slam+1","Double Tap+1","Burning Pact+1","Normality","Normality","Power Through+1","Shrug It Off","Master of Strategy","Dark Shackles","Rage+1","Disarm+1","Pommel Strike+1","Reaper+1","Impervious"],"special_seed":0,"relics":["Burning Blood","Odd Mushroom","Runic Pyramid","Red Mask","Calipers","Bottled Flame","PreservedInsect","Shuriken","Ornamental Fan","Sundial","Black Star","TheAbacus","Darkstone Periapt","Lantern","Dodecahedron","Bag of Preparation","War Paint","Whetstone","Molten Egg 2","Prayer Wheel","Self Forming Clay","Red Skull","Boot","Brimstone","Happy Flower","Blood Vial","Mercury Hourglass"],"potions_floor_usage":[56,56],"damage_taken":[{"damage":17.0,"enemies":"Cultist","floor":1.0,"turns":4.0},{"damage":2.0,"enemies":"Jaw Worm","floor":5.0,"turns":4.0},{"damage":9.0,"enemies":"2 Louse","floor":7.0,"turns":4.0},{"damage":7.0,"enemies":"The Mushroom Lair","floor":11.0,"turns":5.0},{"damage":4.0,"enemies":"2 Fungi Beasts","floor":12.0,"turns":4.0},{"damage":15.0,"enemies":"Hexaghost","floor":16.0,"turns":9.0},{"damage":0.0,"enemies":"3 Byrds","floor":18.0,"turns":5.0},{"damage":47.0,"enemies":"Masked Bandits","floor":19.0,"turns":4.0},{"damage":26.0,"enemies":"Colosseum Slavers","floor":20.0,"turns":4.0},{"damage":27.0,"enemies":"Colosseum Nobs","floor":20.0,"turns":5.0},{"damage":21.0,"enemies":"Shell Parasite","floor":22.0,"turns":6.0},{"damage":6.0,"enemies":"Cultist and Chosen","floor":24.0,"turns":5.0},{"damage":41.0,"enemies":"Slavers","floor":25.0,"turns":5.0},{"damage":14.0,"enemies":"Snake Plant","floor":27.0,"turns":5.0},{"damage":22.0,"enemies":"Gremlin Leader","floor":28.0,"turns":6.0},{"damage":41.0,"enemies":"Snecko","floor":29.0,"turns":9.0},{"damage":24.0,"enemies":"Slavers","floor":30.0,"turns":5.0},{"damage":9.0,"enemies":"Centurion and Healer","floor":31.0,"turns":5.0},{"damage":0.0,"enemies":"Collector","floor":33.0,"turns":8.0},{"damage":32.0,"enemies":"3 Shapes","floor":35.0,"turns":3.0},{"damage":47.0,"enemies":"3 Darklings","floor":38.0,"turns":7.0},{"damage":21.0,"enemies":"Giant Head","floor":40.0,"turns":9.0},{"damage":35.0,"enemies":"Transient","floor":41.0,"turns":6.0},{"damage":43.0,"enemies":"Nemesis","floor":42.0,"turns":9.0},{"damage":0.0,"enemies":"Giant Head","floor":45.0,"turns":6.0},{"damage":25.0,"enemies":"Nemesis","floor":47.0,"turns":9.0},{"damage":11.0,"enemies":"Awakened One","floor":50.0,"turns":12.0},{"damage":40,"enemies":"Donu and Deca","floor":51,"turns":8},{"damage":66,"enemies":"Shield and Spear","floor":55,"turns":6},{"damage":87,"enemies":"The Heart","floor":56,"turns":10}],"seed_played":"5163724504726479563","potions_obtained":[{"floor":5.0,"key":"Weak Potion"},{"floor":7.0,"key":"Poison Potion"},{"floor":22.0,"key":"Swift Potion"}],"is_trial":false,"path_per_floor":["M","?","?","?","M","R","M","$","T","R","?","M","R","$","R","B",null,"M","?","?","?","M","R","M","E","T","M","E","M","E","M","R","B",null,"M","?","?","M","$","E","M","E","T","R","E","?","E","?","R","B","B",null,"R","$","E","B",null],"character_chosen":"IRONCLAD","items_purchased":["Flash of Steel","True Grit","Flash of Steel","TheAbacus","Darkstone Periapt","Lantern","Shrug It Off","Master of Strategy","Dark Shackles","Brimstone","Happy Flower","Reaper+1"],"campfire_rested":0,"item_purchase_floors":[8,14,14,39,39,39,39,39,39,54,54,54],"current_hp_per_floor":[57,57,34,27,31,31,28,28,28,28,27,29,29,29,29,20,61,75,61,70,70,63,63,75,59,59,63,75,58,68,75,75,75,75,75,75,75,75,75,75,75,75,75,75,75,71,52,52,52,71,61,69,69,69,71,24],"gold":186,"neow_bonus":"TWO_FIFTY_GOLD","is_prod":false,"is_daily":false,"chose_seed":false,"campfire_upgraded":8,"win_rate":0,"timestamp":1559037720,"path_taken":["M","?","?","?","M","R","M","$","T","R","?","M","R","$","R","BOSS","M","?","?","?","M","R","M","E","T","M","E","?","E","M","R","BOSS","M","?","?","M","$","E","?","E","T","R","E","?","E","?","R","BOSS","BOSS","R","$","E","BOSS"],"build_version":"2019-01-23","purchased_purges":4,"victory":true,"max_hp_per_floor":[75,75,75,75,75,75,75,75,75,75,75,75,75,75,75,75,75,75,75,75,75,75,75,75,75,75,75,75,75,75,75,75,75,75,75,75,75,75,75,75,75,75,75,75,75,71,71,71,71,71,71,71,71,71,71,71],"card_choices":[{"not_picked":["True Grit","Sword Boomerang"],"picked":"Shockwave","floor":1.0},{"not_picked":["Headbutt","Feel No Pain"],"picked":"Spot Weakness","floor":5.0},{"not_picked":["Seeing Red","Iron Wave"],"picked":"Flex","floor":7.0},{"not_picked":["Rage","Flex"],"picked":"Pummel","floor":12.0},{"not_picked":["Immolate","Double Tap"],"picked":"Reaper","floor":16.0},{"not_picked":["Armaments","Dual Wield","Wild Strike"],"picked":"SKIP","floor":18.0},{"not_picked":["Dropkick","Spot Weakness+1"],"picked":"Second Wind","floor":19.0},{"not_picked":["Armaments","Flame Barrier","Carnage"],"picked":"SKIP","floor":22.0},{"not_picked":["Flame Barrier","Anger","Searing Blow"],"picked":"SKIP","floor":24.0},{"not_picked":["Clash","Corruption","Second Wind"],"picked":"SKIP","floor":25.0},{"not_picked":["Sentinel","Body Slam","Brutality"],"picked":"SKIP","floor":27.0},{"not_picked":["Rampage","Dual Wield+1","Havoc"],"picked":"SKIP","floor":28.0},{"not_picked":["Twin Strike+1","Rampage"],"picked":"Body Slam+1","floor":29.0},{"not_picked":["Uppercut","Armaments","Flame Barrier"],"picked":"SKIP","floor":30.0},{"not_picked":["Body Slam","Clash","Pommel Strike"],"picked":"SKIP","floor":31.0},{"not_picked":["Reaper","Brutality"],"picked":"Double Tap","floor":33.0},{"not_picked":["Twin Strike+1","Metallicize"],"picked":"Burning Pact+1","floor":35.0},{"not_picked":["Thunderclap","Spot Weakness+1"],"picked":"Power Through","floor":38.0},{"not_picked":["Sword Boomerang","Shrug It Off"],"picked":"Rage+1","floor":40.0},{"not_picked":["Havoc","True Grit","Headbutt"],"picked":"SKIP","floor":41.0},{"not_picked":["Whirlwind","Dual Wield","Thunderclap+1"],"picked":"SKIP","floor":42.0},{"not_picked":["Blood for Blood+1","True Grit"],"picked":"Disarm","floor":45.0},{"not_picked":["Pommel Strike+1","Shockwave","Blood for Blood+1"],"picked":"SKIP","floor":47.0},{"not_picked":["Shockwave","Blood for Blood+1"],"picked":"Pommel Strike+1","floor":47.0},{"not_picked":["Ghostly Armor","Sword Boomerang+1"],"picked":"Impervious","floor":55}],"player_experience":4894313,"relics_obtained":[{"floor":11.0,"key":"Odd Mushroom"},{"floor":19.0,"key":"Red Mask"},{"floor":20.0,"key":"Calipers"},{"floor":20.0,"key":"Bottled Flame"},{"floor":25.0,"key":"PreservedInsect"},{"floor":26.0,"key":"Shuriken"},{"floor":28.0,"key":"Ornamental Fan"},{"floor":30.0,"key":"Sundial"},{"floor":40.0,"key":"Dodecahedron"},{"floor":40.0,"key":"Bag of Preparation"},{"floor":42.0,"key":"War Paint"},{"floor":42.0,"key":"Whetstone"},{"floor":43.0,"key":"Molten Egg 2"},{"floor":45.0,"key":"Prayer Wheel"},{"floor":45.0,"key":"Self Forming Clay"},{"floor":47.0,"key":"Red Skull"},{"floor":47.0,"key":"Boot"},{"floor":55,"key":"Blood Vial"},{"floor":55,"key":"Mercury Hourglass"}],"event_choices":[{"damage_healed":0.0,"max_hp_gain":0.0,"max_hp_loss":0.0,"gold_gain":0.0,"event_name":"Liars Game","player_choice":"Ignored","floor":2.0,"gold_loss":0.0,"damage_taken":0.0},{"damage_healed":0.0,"max_hp_gain":0.0,"max_hp_loss":0.0,"gold_gain":0.0,"event_name":"Shining Light","player_choice":"Entered Light","floor":3.0,"gold_loss":0.0,"damage_taken":23.0,"cards_upgraded":["Defend_R","Defend_R"]},{"cards_removed":["Injury"],"damage_healed":0.0,"max_hp_gain":0.0,"max_hp_loss":0.0,"gold_gain":0.0,"event_name":"Golden Wing","player_choice":"Card Removal","floor":4.0,"gold_loss":0.0,"damage_taken":7.0},{"damage_healed":0.0,"max_hp_gain":0.0,"max_hp_loss":0.0,"gold_gain":0.0,"event_name":"Mushrooms","player_choice":"Fought Mushrooms","floor":11.0,"gold_loss":0.0,"damage_taken":0.0},{"damage_healed":0.0,"max_hp_gain":0.0,"max_hp_loss":0.0,"gold_gain":0.0,"event_name":"Masked Bandits","player_choice":"Fought Bandits","floor":19.0,"gold_loss":0.0,"damage_taken":0.0},{"damage_healed":0.0,"max_hp_gain":0.0,"max_hp_loss":0.0,"gold_gain":0.0,"event_name":"Colosseum","player_choice":"Fight","floor":20.0,"gold_loss":0.0,"damage_taken":0.0},{"damage_healed":0.0,"max_hp_gain":0.0,"max_hp_loss":0.0,"gold_gain":0.0,"event_name":"Colosseum","player_choice":"Fought Nobs","floor":20.0,"gold_loss":0.0,"damage_taken":0.0},{"damage_healed":0.0,"max_hp_gain":0.0,"max_hp_loss":0.0,"gold_gain":0.0,"event_name":"The Library","player_choice":"Read","floor":21.0,"gold_loss":0.0,"damage_taken":0.0,"cards_obtained":["Power Through"]},{"damage_healed":0.0,"max_hp_gain":0.0,"max_hp_loss":0.0,"gold_gain":222.0,"event_name":"Tomb of Lord Red Mask","player_choice":"Wore Mask","floor":36.0,"gold_loss":0.0,"damage_taken":0.0},{"damage_healed":0.0,"max_hp_gain":0.0,"max_hp_loss":0.0,"gold_gain":999.0,"event_name":"MindBloom","player_choice":"Gold","floor":37.0,"gold_loss":0.0,"damage_taken":0.0,"cards_obtained":["Normality","Normality"]},{"damage_healed":0.0,"max_hp_gain":0.0,"max_hp_loss":4.0,"gold_gain":0.0,"event_name":"Winding Halls","player_choice":"Max HP","floor":46.0,"gold_loss":0.0,"damage_taken":0.0},{"cards_removed":["Strike_R"],"damage_healed":0.0,"max_hp_gain":0.0,"max_hp_loss":0.0,"gold_gain":0.0,"event_name":"Falling","player_choice":"Removed Attack","floor":48.0,"gold_loss":0.0,"damage_taken":0.0}],"is_beta":false,"boss_relics":[{"not_picked":["Astrolabe","Runic Dome"],"picked":"Runic Pyramid"},{"not_picked":["Black Blood","Fusion Hammer"],"picked":"Black Star"}],"items_purged_floors":[8,14,39,54],"is_endless":false,"potions_floor_spawned":[5,7,20,22,25,27,28,35,40,45,55],"ascension_level":20}