{"gold_per_floor":[114,39,114,133,150,150,177,177,228,153,153],"floor_reached":11,"playtime":220,"items_purged":["Shame"],"score":142,"play_id":"07540b9e-b68b-4520-99da-1fe60caf51c2","local_time":"20190123193824","is_ascension_mode":true,"campfire_choices":[{"data":"Searing Blow","floor":6,"key":"SMITH"},{"data":"Searing Blow+1","floor":8,"key":"SMITH"}],"neow_cost":"CURSE","seed_source_timestamp":22850185656396,"circlet_count":0,"master_deck":["AscendersBane","Strike_R","Strike_R","Strike_R","Strike_R","Defend_R","Defend_R","Defend_R","Defend_R","Bash","Fiend Fire","Searing Blow+2","Second Wind"],"relics":["Burning Blood","Boot","Pen Nib"],"potions_floor_usage":[7],"damage_taken":[{"damage":7,"enemies":"Small Slimes","floor":1,"turns":4},{"damage":4,"enemies":"2 Louse","floor":4,"turns":3},{"damage":1,"enemies":"Cultist","floor":5,"turns":3},{"damage":41,"enemies":"3 Sentries","floor":7,"turns":7},{"damage":0,"enemies":"Lots of Slimes","floor":11,"turns":1}],"seed_played":"-5932048089612990829","potions_obtained":[{"floor":1,"key":"SkillPotion"}],"is_trial":false,"path_per_floor":["M","$","?","M","M","R","E","R","T","?","M"],"character_chosen":"IRONCLAD","items_purchased":[],"campfire_rested":0,"item_purchase_floors":[],"current_hp_per_floor":[67,67,56,58,63,63,28,28,28,28,28],"gold":153,"neow_bonus":"THREE_RARE_CARDS","is_prod":false,"is_daily":false,"chose_seed":false,"campfire_upgraded":2,"win_rate":0,"timestamp":1548243504,"path_taken":["M","$","?","M","M","R","E","R","T","?","M"],"build_version":"2019-01-17v2","purchased_purges":1,"victory":false,"max_hp_per_floor":[75,75,75,75,75,75,75,75,75,75,75],"card_choices":[{"not_picked":["Impervious","Bludgeon"],"picked":"Fiend Fire","floor":0},{"not_picked":["Havoc","Cleave"],"picked":"Searing Blow","floor":1},{"not_picked":["Perfected Strike","Blood for Blood","Burning Pact"],"picked":"SKIP","floor":4},{"not_picked":["Heavy Blade","True Grit","Headbutt"],"picked":"SKIP","floor":5},{"not_picked":["Entrench","Anger"],"picked":"Second Wind","floor":7}],"player_experience":2174517,"relics_obtained":[{"floor":7,"key":"Boot"},{"floor":9,"key":"Pen Nib"}],"event_choices":[{"damage_healed":0,"gold_gain":75,"player_choice":"Gather Gold","damage_taken":11,"max_hp_gain":0,"max_hp_loss":0,"event_name":"World of Goop","floor":3,"gold_loss":0},{"cards_removed":["Strike_R"],"damage_healed":0,"gold_gain":0,"player_choice":"Card Removal","damage_taken":0,"max_hp_gain":0,"max_hp_loss":0,"event_name":"The Cleric","floor":10,"gold_loss":75}],"is_beta":false,"boss_relics":[],"items_purged_floors":[2],"is_endless":false,"potions_floor_spawned":[1],"killed_by":"Lots of Slimes","ascension_level":20}