{"path_per_floor":["M","?","M","$","?","R","?","M","T","R","M","E","$","M","R","B",null,"M","?","M"],"character_chosen":"THE_SILENT","items_purchased":["Flechettes","Well Laid Plans"],"gold_per_floor":[112,112,122,47,47,47,222,239,239,239,256,285,73,90,90,185,185,185,185,185],"floor_reached":21,"campfire_rested":0,"playtime":943,"current_hp_per_floor":[70,70,70,70,70,70,70,69,69,69,62,57,57,56,56,4,70,70,70,66],"items_purged":["Defend_G","Defend_G"],"gold":185,"score":181,"play_id":"a5303d07-17cd-42b0-81bd-80a50d834b10","local_time":"20180316194049","is_prod":false,"is_daily":false,"is_ascension_mode":false,"campfire_upgraded":3,"timestamp":1521225649,"path_taken":["M","?","?","$","?","R","?","M","T","R","?","E","$","M","R","BOSS","M","?","M","M"],"build_version":"2018-03-15v2","purchased_purges":2,"victory":false,"master_deck":["Defend_G","Defend_G","Strike_G","Strike_G","Strike_G","Strike_G","Strike_G","Survivor","Neutralize+1","Setup","Choke+1","Prepared","Doubt","Poisoned Stab","Footwork+1","Flechettes","Well Laid Plans","Quick Slash","Glass Knife","Finisher"],"max_hp_per_floor":[70,70,70,70,70,70,70,70,70,70,70,70,70,70,70,70,70,70,70,70],"relics":["Du-Vu Doll","Orichalcum","Ectoplasm","Nloth\u0027s Gift"],"card_choices":[{"not_picked":["Prepared","Eviscerate"],"picked":"Setup"},{"not_picked":["Flechettes","Slice"],"picked":"Prepared"},{"not_picked":["Blade Dance","Riddle With Holes"],"picked":"Poisoned Stab"},{"not_picked":["Riddle With Holes","PiercingWail"],"picked":"Footwork"},{"not_picked":["Blur","Crippling Poison"],"picked":"Quick Slash"},{"not_picked":["Tools of the Trade","A Thousand Cuts"],"picked":"Glass Knife"},{"not_picked":["Acrobatics","Underhanded Strike"],"picked":"Finisher"}],"player_experience":156214,"potions_floor_usage":[21],"damage_taken":[{"damage":0.0,"enemies":"Small Slimes","floor":1.0,"turns":3.0},{"damage":0.0,"enemies":"2 Louse","floor":3.0,"turns":2.0},{"damage":1.0,"enemies":"Cultist","floor":8.0,"turns":4.0},{"damage":7.0,"enemies":"Looter","floor":11.0,"turns":3.0},{"damage":5.0,"enemies":"Lagavulin","floor":12.0,"turns":6.0},{"damage":1.0,"enemies":"Red Slaver","floor":14.0,"turns":4.0},{"damage":52.0,"enemies":"Hexaghost","floor":16.0,"turns":13.0},{"damage":0,"enemies":"Chosen","floor":18,"turns":3},{"damage":4,"enemies":"3 Byrds","floor":20,"turns":4},{"damage":39,"enemies":"Snecko","floor":21,"turns":7}],"event_choices":[{"event_name":"Living Wall","player_choice":"Change","floor":2.0,"damage_taken":0.0},{"event_name":"Match and Keep!","player_choice":"0 cards matched","floor":5.0,"damage_taken":0.0},{"event_name":"Liars Game","player_choice":"agreed","floor":7.0,"damage_taken":0.0},{"event_name":"N\u0027loth","player_choice":"Traded a Ring of the Snake","floor":19,"damage_taken":0}],"boss_relics":[{"not_picked":["Lizard Tail","Question Card"],"picked":"Ectoplasm"}],"potions_floor_spawned":[8,11,12,18,20],"seed_played":"-3730139660494135284","killed_by":"Snecko","ascension_level":0,"is_trial":false}