{"gold_per_floor":[10,30,30,105,120,120,135,135,181,181,192,40,40,50,50,129,129,143,143,43,43,43,43,54,54],"floor_reached":25,"playtime":912,"items_purged":["Strike_G","Strike_G"],"score":382,"play_id":"a2808be5-b122-41d9-9ced-4fadeb897a5e","local_time":"20181204184930","is_ascension_mode":true,"campfire_choices":[{"data":"Neutralize","floor":6.0,"key":"SMITH"},{"data":"Malaise","floor":8.0,"key":"SMITH"},{"data":"Deep Breath","floor":10.0,"key":"SMITH"},{"data":"Noxious Fumes","floor":15.0,"key":"SMITH"},{"data":"Deep Breath","floor":23.0,"key":"SMITH"}],"neow_cost":"NO_GOLD","seed_source_timestamp":9183758530923,"circlet_count":0,"master_deck":["AscendersBane","Defend_G","Defend_G","Defend_G","Defend_G","Defend_G","Strike_G","Strike_G","Strike_G","Survivor","Neutralize+1","Deep Breath+1","Deep Breath+1","Malaise+1","Noxious Fumes+1","After Image","PiercingWail","After Image"],"special_seed":0,"relics":["Ring of the Snake","Oddly Smooth Stone","Runic Pyramid","Paper Crane"],"potions_floor_usage":[25],"damage_taken":[{"damage":0.0,"enemies":"2 Louse","floor":1.0,"turns":3.0},{"damage":0.0,"enemies":"Small Slimes","floor":2.0,"turns":7.0},{"damage":6.0,"enemies":"Cultist","floor":5.0,"turns":6.0},{"damage":6.0,"enemies":"3 Louse","floor":7.0,"turns":5.0},{"damage":4.0,"enemies":"Lots of Slimes","floor":11.0,"turns":9.0},{"damage":2.0,"enemies":"Large Slime","floor":14.0,"turns":8.0},{"damage":24.0,"enemies":"The Guardian","floor":16.0,"turns":13.0},{"damage":0.0,"enemies":"Chosen","floor":18.0,"turns":7.0},{"damage":0.0,"enemies":"3 Byrds","floor":24.0,"turns":5.0},{"damage":71,"enemies":"Slavers","floor":25,"turns":5}],"seed_played":"-4095650965526916919","potions_obtained":[{"floor":7.0,"key":"FearPotion"},{"floor":11.0,"key":"Ancient Potion"},{"floor":14.0,"key":"Ancient Potion"},{"floor":18.0,"key":"FearPotion"}],"is_trial":false,"path_per_floor":["M","M","?","?","M","R","M","R","T","R","M","$","?","M","R","B",null,"M","?","$","T","?","R","M","E"],"character_chosen":"THE_SILENT","items_purchased":["Noxious Fumes"],"campfire_rested":0,"item_purchase_floors":[12],"current_hp_per_floor":[59,59,59,48,42,42,36,36,36,36,32,32,48,46,46,22,55,55,55,55,55,55,55,55,0],"gold":54,"neow_bonus":"RANDOM_COLORLESS_2","is_prod":false,"is_daily":false,"chose_seed":false,"campfire_upgraded":5,"win_rate":0,"timestamp":1543920570,"path_taken":["M","M","?","?","M","R","M","R","T","R","M","$","?","M","R","BOSS","M","?","$","?","?","R","M","E"],"build_version":"2018-11-15","purchased_purges":2,"victory":false,"max_hp_per_floor":[66,66,66,66,66,66,66,66,66,66,66,66,66,66,66,66,66,66,63,63,63,63,63,63,63],"card_choices":[{"not_picked":["Outmaneuver","Prepared","PiercingWail"],"picked":"SKIP","floor":1.0},{"not_picked":["Backstab","Cloak And Dagger","PiercingWail"],"picked":"SKIP","floor":2.0},{"not_picked":["Eviscerate","PiercingWail","Endless Agony"],"picked":"SKIP","floor":5.0},{"not_picked":["Expertise","Leg Sweep"],"picked":"Malaise","floor":7.0},{"not_picked":["Setup","Predator","Cloak And Dagger"],"picked":"SKIP","floor":11.0},{"not_picked":["Dodge and Roll","Dash","Bane"],"picked":"SKIP","floor":14.0},{"not_picked":["Venomology","Night Terror"],"picked":"After Image","floor":16.0},{"not_picked":["Infinite Blades","Finisher"],"picked":"PiercingWail","floor":18.0},{"not_picked":["Deadly Poison","Backflip","Backstab+1"],"picked":"SKIP","floor":24.0}],"player_experience":1149461,"relics_obtained":[{"floor":9.0,"key":"Oddly Smooth Stone"},{"floor":21.0,"key":"Paper Crane"}],"event_choices":[{"damage_healed":0.0,"max_hp_gain":0.0,"max_hp_loss":0.0,"gold_gain":0.0,"event_name":"The Cleric","player_choice":"Leave","floor":3.0,"gold_loss":0.0,"damage_taken":0.0},{"damage_healed":0.0,"max_hp_gain":0.0,"max_hp_loss":0.0,"gold_gain":75.0,"event_name":"World of Goop","player_choice":"Gather Gold","floor":4.0,"gold_loss":0.0,"damage_taken":11.0},{"damage_healed":16.0,"max_hp_gain":0.0,"max_hp_loss":0.0,"gold_gain":0.0,"event_name":"Mushrooms","player_choice":"Healed and dodged fight","floor":13.0,"gold_loss":0.0,"damage_taken":0.0,"cards_obtained":["Parasite"]},{"cards_removed":["Parasite"],"damage_healed":0.0,"max_hp_gain":0.0,"max_hp_loss":0.0,"gold_gain":0.0,"event_name":"Purifier","player_choice":"Purged","floor":19.0,"gold_loss":0.0,"damage_taken":0.0},{"damage_healed":0.0,"max_hp_gain":0.0,"max_hp_loss":0.0,"gold_gain":0.0,"event_name":"Duplicator","player_choice":"Copied","floor":22.0,"gold_loss":0.0,"damage_taken":0.0,"cards_obtained":["After Image"]}],"is_beta":false,"boss_relics":[{"not_picked":["HoveringKite","Coffee Dripper"],"picked":"Runic Pyramid"}],"items_purged_floors":[12,20],"is_endless":false,"potions_floor_spawned":[7,11,14,16,18],"killed_by":"Slavers","ascension_level":20}