{"gold_per_floor":[113,113,113,131,281,281,296,80,104,137,154,167,167,187,187,187],"floor_reached":16,"playtime":343,"items_purged":["Doubt"],"score":204,"play_id":"ad076c8f-35d8-42a1-b18e-ebfa19db55d4","local_time":"20190313014114","is_ascension_mode":true,"campfire_choices":[{"data":"Well Laid Plans","floor":6,"key":"SMITH"},{"data":"Deadly Poison","floor":13,"key":"SMITH"},{"data":"Neutralize","floor":15,"key":"SMITH"}],"neow_cost":"NONE","seed_source_timestamp":47209404043463,"circlet_count":0,"master_deck":["AscendersBane","Defend_G","Defend_G","Defend_G","Defend_G","Defend_G","Strike_G","Strike_G","Strike_G","Strike_G","Survivor","Neutralize+1","Calculated Gamble","Tools of the Trade","Well Laid Plans+1","Deadly Poison+1","Masterful Stab","Die Die Die","Backflip"],"relics":["Ring of the Snake","NeowsBlessing","Calipers","Potion Belt","Ancient Tea Set"],"potions_floor_usage":[10,10],"damage_taken":[{"damage":0,"enemies":"Small Slimes","floor":1,"turns":1},{"damage":0,"enemies":"Cultist","floor":4,"turns":1},{"damage":0,"enemies":"Jaw Worm","floor":7,"turns":1},{"damage":12,"enemies":"Lagavulin","floor":10,"turns":10},{"damage":3,"enemies":"Blue Slaver","floor":11,"turns":5},{"damage":0,"enemies":"Exordium Thugs","floor":12,"turns":4},{"damage":0,"enemies":"Exordium Wildlife","floor":14,"turns":3},{"damage":0,"enemies":"The Guardian","floor":16,"turns":1}],"seed_played":"-1776217042604559804","potions_obtained":[{"floor":1,"key":"AttackPotion"},{"floor":4,"key":"Weak Potion"},{"floor":11,"key":"SpeedPotion"}],"is_trial":false,"path_per_floor":["M","?","?","M","?","R","M","$","T","E","M","M","R","M","R","B"],"character_chosen":"THE_SILENT","items_purchased":["Deadly Poison","Masterful Stab"],"campfire_rested":0,"item_purchase_floors":[8,8],"current_hp_per_floor":[59,54,54,54,54,54,54,54,54,42,39,39,39,39,39,39],"gold":187,"neow_bonus":"THREE_ENEMY_KILL","is_prod":false,"is_daily":false,"chose_seed":false,"campfire_upgraded":3,"win_rate":0,"timestamp":1552412474,"path_taken":["M","?","?","?","?","R","M","$","T","E","M","M","R","M","R","BOSS"],"build_version":"2019-01-23","purchased_purges":1,"victory":false,"max_hp_per_floor":[66,66,66,66,66,66,66,66,66,66,66,66,66,66,66,66],"card_choices":[{"not_picked":["Setup","Dodge and Roll"],"picked":"Calculated Gamble","floor":1},{"not_picked":["Dodge and Roll","Prepared"],"picked":"Well Laid Plans","floor":4},{"not_picked":["Riddle With Holes","Flying Knee","Dagger Spray"],"picked":"SKIP","floor":7},{"not_picked":["Underhanded Strike","Die Die Die","Expertise"],"picked":"SKIP","floor":10},{"not_picked":["Underhanded Strike","Expertise"],"picked":"Die Die Die","floor":10},{"not_picked":["Outmaneuver","Deadly Poison"],"picked":"Backflip","floor":11},{"not_picked":["All Out Attack","Flechettes","Backflip"],"picked":"SKIP","floor":12},{"not_picked":["Crippling Poison","Dodge and Roll","Cloak And Dagger"],"picked":"SKIP","floor":14}],"player_experience":3537620,"relics_obtained":[{"floor":9,"key":"Potion Belt"},{"floor":10,"key":"Ancient Tea Set"}],"event_choices":[{"damage_healed":0,"gold_gain":0,"player_choice":"Success","damage_taken":5,"relics_obtained":["Calipers"],"max_hp_gain":0,"max_hp_loss":0,"event_name":"Scrap Ooze","floor":2,"gold_loss":0},{"damage_healed":0,"gold_gain":0,"cards_transformed":["Strike_G"],"player_choice":"Transformed","damage_taken":0,"max_hp_gain":0,"max_hp_loss":0,"event_name":"Transmorgrifier","floor":3,"gold_loss":0,"cards_obtained":["Tools of the Trade"]},{"damage_healed":0,"gold_gain":150,"player_choice":"AGREE","damage_taken":0,"max_hp_gain":0,"max_hp_loss":0,"event_name":"Liars Game","floor":5,"gold_loss":0,"cards_obtained":["Doubt"]}],"is_beta":false,"boss_relics":[],"items_purged_floors":[8],"is_endless":false,"potions_floor_spawned":[1,4,11],"killed_by":"The Guardian","ascension_level":20}