{"gold_per_floor":[19,19,40,63,87,87,12,12,12,38,50,62,74,124,136,148],"floor_reached":16,"playtime":1786,"items_purged":["Strike_G"],"score":196,"play_id":"a2998b5e-210f-48b5-8cab-98b328e61929","local_time":"20190102190244","is_ascension_mode":true,"campfire_choices":[{"data":"Neutralize","floor":6,"key":"SMITH"},{"data":"Acrobatics","floor":8,"key":"SMITH"},{"data":"Bouncing Flask","floor":13,"key":"SMITH"},{"data":"Concentrate","floor":15,"key":"SMITH"}],"neow_cost":"NO_GOLD","seed_source_timestamp":23024862587411,"circlet_count":0,"master_deck":["AscendersBane","Defend_G","Defend_G","Defend_G","Strike_G","Strike_G","Strike_G","Survivor","Neutralize+1","Acrobatics+1","Masterful Stab","Escape Plan","Backflip","Bouncing Flask+1","Concentrate+1"],"relics":["Ring of the Snake","Golden Idol","Happy Flower","MawBank","StoneCalendar"],"potions_floor_usage":[],"damage_taken":[{"damage":0,"enemies":"Jaw Worm","floor":1,"turns":6},{"damage":10,"enemies":"Cultist","floor":3,"turns":6},{"damage":0,"enemies":"Small Slimes","floor":4,"turns":3},{"damage":0,"enemies":"Exordium Wildlife","floor":10,"turns":3},{"damage":36,"enemies":"3 Sentries","floor":14,"turns":10},{"damage":28,"enemies":"Slime Boss","floor":16,"turns":3}],"seed_played":"3701969653159559102","potions_obtained":[{"floor":10,"key":"Energy Potion"},{"floor":14,"key":"Weak Potion"}],"is_trial":false,"path_per_floor":["M","?","M","M","T","R","$","R","T","M","$","?","R","E","R","B"],"character_chosen":"THE_SILENT","items_purchased":[],"campfire_rested":0,"item_purchase_floors":[],"current_hp_per_floor":[59,59,49,49,49,49,49,49,49,49,49,49,49,13,13,0],"gold":148,"neow_bonus":"REMOVE_TWO","is_prod":false,"is_daily":false,"chose_seed":false,"campfire_upgraded":4,"win_rate":0,"timestamp":1546426964,"path_taken":["M","?","M","M","?","R","$","R","T","?","?","?","R","E","R","BOSS"],"build_version":"2018-12-20","purchased_purges":1,"victory":false,"max_hp_per_floor":[66,60,60,60,60,60,60,60,60,60,60,60,60,60,60,60],"card_choices":[{"not_picked":["Sucker Punch","Backflip"],"picked":"Acrobatics","floor":1},{"not_picked":["Outmaneuver","Dagger Spray"],"picked":"Masterful Stab","floor":3},{"not_picked":["Deflect","Setup"],"picked":"Escape Plan","floor":4},{"not_picked":["Deflect","Underhanded Strike"],"picked":"Backflip","floor":10},{"not_picked":["Terror","Accuracy"],"picked":"Concentrate","floor":14}],"player_experience":1668960,"relics_obtained":[{"floor":5,"key":"Happy Flower"},{"floor":9,"key":"MawBank"},{"floor":14,"key":"StoneCalendar"}],"event_choices":[{"damage_healed":0,"gold_gain":0,"player_choice":"Lose Max HP","damage_taken":0,"relics_obtained":["Golden Idol"],"max_hp_gain":0,"max_hp_loss":6,"event_name":"Golden Idol","floor":2,"gold_loss":0},{"damage_healed":0,"gold_gain":0,"cards_transformed":["Defend_G"],"player_choice":"Change","damage_taken":0,"max_hp_gain":0,"max_hp_loss":0,"event_name":"Living Wall","floor":12,"gold_loss":0,"cards_obtained":["Bouncing Flask"]}],"is_beta":false,"boss_relics":[],"items_purged_floors":[7],"is_endless":false,"potions_floor_spawned":[10,14],"killed_by":"Slime Boss","ascension_level":20}