{"gold_per_floor":[15,25,38,38,38,38,63,107,107,121,121,121,140,163,163,256,256,256],"floor_reached":18,"playtime":1366,"items_purged":[],"score":353,"play_id":"d4b32fd4-bb3d-4e99-8c6d-d3afc0e37d0f","local_time":"20190223231456","is_ascension_mode":true,"campfire_choices":[{"data":"Dualcast","floor":6,"key":"SMITH"},{"data":"Buffer","floor":11,"key":"SMITH"},{"data":"Steam Power","floor":15,"key":"SMITH"}],"neow_cost":"NO_GOLD","seed_source_timestamp":2554141473470,"circlet_count":0,"master_deck":["AscendersBane","Strike_B","Strike_B","Defend_B","Defend_B","Defend_B","Defend_B","Zap","Dualcast+1","Gash","Seek","Ball Lightning","Gash","Gash","Gash","Buffer+1","Steam Power+1","Recycle","Gash","Reboot","Writhe","Parasite","Doubt"],"relics":["Cracked Core","Golden Idol","Darkstone Periapt","Mummified Hand","Symbiotic Virus","Calling Bell","Potion Belt","Blue Candle","Bird Faced Urn"],"potions_floor_usage":[16],"damage_taken":[{"damage":0,"enemies":"Small Slimes","floor":1,"turns":4},{"damage":0,"enemies":"Cultist","floor":2,"turns":3},{"damage":2,"enemies":"Jaw Worm","floor":3,"turns":2},{"damage":7,"enemies":"Looter","floor":7,"turns":3},{"damage":20,"enemies":"3 Sentries","floor":8,"turns":4},{"damage":0,"enemies":"Large Slime","floor":10,"turns":4},{"damage":0,"enemies":"Exordium Wildlife","floor":13,"turns":3},{"damage":2,"enemies":"3 Louse","floor":14,"turns":2},{"damage":34,"enemies":"The Guardian","floor":16,"turns":6},{"damage":1,"enemies":"Shell Parasite","floor":18,"turns":1}],"seed_played":"5399312480497561963","potions_obtained":[{"floor":1,"key":"SneckoOil"},{"floor":2,"key":"PowerPotion"},{"floor":7,"key":"SteroidPotion"},{"floor":13,"key":"FairyPotion"}],"is_trial":false,"path_per_floor":["M","M","M","?","$","R","M","E","T","M","R","?","M","M","R","B",null,"M"],"character_chosen":"DEFECT","items_purchased":[],"campfire_rested":0,"item_purchase_floors":[],"current_hp_per_floor":[64,64,62,62,62,62,55,35,35,35,35,35,35,33,33,6,68,67],"gold":256,"neow_bonus":"TRANSFORM_TWO_CARDS","is_prod":false,"is_daily":false,"chose_seed":false,"campfire_upgraded":3,"win_rate":0,"timestamp":1550934896,"path_taken":["M","M","M","?","$","R","M","E","T","M","R","?","?","M","R","BOSS","M"],"build_version":"2019-01-23","purchased_purges":0,"victory":false,"max_hp_per_floor":[71,71,71,64,64,64,64,64,64,64,64,64,64,64,64,64,82,82],"card_choices":[{"not_picked":["Blizzard","Turbo"],"picked":"Ball Lightning","floor":1},{"not_picked":["Steam","Leap"],"picked":"Gash","floor":2},{"not_picked":["White Noise","Hologram"],"picked":"Gash","floor":3},{"not_picked":["Hologram","Leap"],"picked":"Gash","floor":7},{"not_picked":["Sweeping Beam","Chaos"],"picked":"Buffer","floor":8},{"not_picked":["Compile Driver","Melter"],"picked":"Steam Power","floor":10},{"not_picked":["Tempest","Blizzard"],"picked":"Recycle","floor":13},{"not_picked":["Leap","Streamline"],"picked":"Gash","floor":14},{"not_picked":["Amplify","Thunder Strike"],"picked":"Reboot","floor":16}],"player_experience":3082452,"relics_obtained":[{"floor":8,"key":"Darkstone Periapt"},{"floor":9,"key":"Mummified Hand"},{"floor":17,"key":"Potion Belt"},{"floor":17,"key":"Blue Candle"},{"floor":17,"key":"Bird Faced Urn"}],"event_choices":[{"damage_healed":0,"gold_gain":0,"player_choice":"Lose Max HP","damage_taken":0,"relics_obtained":["Golden Idol"],"max_hp_gain":0,"max_hp_loss":7,"event_name":"Golden Idol","floor":4,"gold_loss":0},{"damage_healed":0,"gold_gain":0,"player_choice":"Gave Potion","damage_taken":0,"relics_obtained":["Symbiotic Virus"],"max_hp_gain":0,"max_hp_loss":0,"event_name":"WeMeetAgain","floor":12,"gold_loss":0}],"is_beta":false,"boss_relics":[{"not_picked":["Eternal Feather","Cursed Key"],"picked":"Calling Bell"}],"items_purged_floors":[],"is_endless":false,"potions_floor_spawned":[1,2,7,13],"killed_by":"Shell Parasite","ascension_level":20}