{"gold_per_floor":[366,366,366,382,382,382,74,87,87,87,116,116,151,161,161,258,258,275,275,190,33,50,50,83,83,106,135,155,155,95,195,195,292,292,303,321,87,101,17,44,44,144,144,144,144,155,1,15,15,15],"floor_reached":51,"playtime":1651,"items_purged":["Strike_R","Strike_R","Strike_R+1"],"score":794,"play_id":"08c6a1ff-86b3-47a9-a79d-19543df5c76b","local_time":"20190704195320","is_ascension_mode":false,"campfire_choices":[{"data":"Wild Strike","floor":6.0,"key":"SMITH"},{"data":"Bash","floor":10.0,"key":"SMITH"},{"data":"Evolve","floor":12.0,"key":"SMITH"},{"data":"Whirlwind","floor":15.0,"key":"SMITH"},{"data":"Headbutt","floor":23.0,"key":"SMITH"},{"data":"Defend_R","floor":25.0,"key":"SMITH"},{"data":"Defend_R","floor":29.0,"key":"SMITH"},{"data":"Defend_R","floor":32.0,"key":"SMITH"},{"data":"Berserk","floor":44.0,"key":"SMITH"},{"data":"Fiend Fire","floor":49,"key":"SMITH"}],"neow_cost":"CURSE","seed_source_timestamp":106651801803155,"circlet_count":0,"master_deck":["Defend_R+1","Defend_R+1","Defend_R+1","Defend_R+1","Bash+1","Parasite","Evolve+1","Wild Strike+1","True Grit+1","Shrug It Off+1","Headbutt+1","Offering+1","Whirlwind+1","Double Tap+1","Limit Break+1","Power Through+1","True Grit+1","Limit Break+1","Inflame+1","Havoc+1","Flex+1","Second Wind+1","Battle Trance+1","Berserk+1","Inflame+1","True Grit+1","True Grit+1","Fiend Fire+1","Bloodletting+1"],"special_seed":0,"relics":["Burning Blood","Toxic Egg 2","Centennial Puzzle","Pen Nib","Red Skull","Philosopher\u0027s Stone","Juzu Bracelet","Question Card","Vajra","The Courier","Boot","Prayer Wheel","Runic Pyramid","Membership Card","ClockworkSouvenir","Omamori","Pocketwatch","Frozen Egg 2","Lee\u0027s Waffle"],"potions_floor_usage":[50,50],"damage_taken":[{"damage":1.0,"enemies":"2 Louse","floor":1.0,"turns":2.0},{"damage":0.0,"enemies":"Jaw Worm","floor":4.0,"turns":4.0},{"damage":4.0,"enemies":"Small Slimes","floor":8.0,"turns":4.0},{"damage":14.0,"enemies":"Gremlin Nob","floor":11.0,"turns":3.0},{"damage":16.0,"enemies":"Lagavulin","floor":13.0,"turns":7.0},{"damage":7.0,"enemies":"Blue Slaver","floor":14.0,"turns":2.0},{"damage":42.0,"enemies":"Hexaghost","floor":16.0,"turns":5.0},{"damage":2.0,"enemies":"Chosen","floor":18.0,"turns":3.0},{"damage":6.0,"enemies":"Shell Parasite","floor":22.0,"turns":2.0},{"damage":6.0,"enemies":"Gremlin Leader","floor":24.0,"turns":1.0},{"damage":34.0,"enemies":"Book of Stabbing","floor":27.0,"turns":5.0},{"damage":14.0,"enemies":"Snecko","floor":28.0,"turns":4.0},{"damage":29.0,"enemies":"Champ","floor":33.0,"turns":8.0},{"damage":19.0,"enemies":"3 Darklings","floor":35.0,"turns":4.0},{"damage":5.0,"enemies":"3 Shapes","floor":36.0,"turns":5.0},{"damage":23.0,"enemies":"3 Darklings","floor":38.0,"turns":4.0},{"damage":26.0,"enemies":"Reptomancer","floor":40.0,"turns":2.0},{"damage":0.0,"enemies":"Mind Bloom Boss Battle","floor":42.0,"turns":4.0},{"damage":8,"enemies":"Maw","floor":46,"turns":4},{"damage":30,"enemies":"Writhing Mass","floor":48,"turns":3},{"damage":10,"enemies":"Time Eater","floor":50,"turns":4}],"seed_played":"-7462140916460984309","potions_obtained":[{"floor":1.0,"key":"SteroidPotion"},{"floor":13.0,"key":"Swift Potion"},{"floor":22.0,"key":"Poison Potion"},{"floor":24.0,"key":"SkillPotion"},{"floor":38.0,"key":"Fruit Juice"},{"floor":41.0,"key":"Swift Potion"}],"is_trial":false,"path_per_floor":["M","?","?","M","?","R","$","M","T","R","E","R","E","M","R","B",null,"M","?","?","$","M","R","E","R","T","E","M","R","$","?","R","B",null,"M","M","$","M","$","E","?","?","T","R","?","M","$","M","R","B",null],"character_chosen":"IRONCLAD","items_purchased":["Toxic Egg 2","True Grit+1","Vajra","Membership Card","Second Wind+1","ClockworkSouvenir","True Grit+1","Lee\u0027s Waffle"],"campfire_rested":0,"item_purchase_floors":[7,7,21,37,37,39,47,47],"current_hp_per_floor":[80,80,64,70,70,70,70,72,72,72,64,64,54,53,53,17,80,80,80,80,80,80,80,80,80,80,52,44,44,44,44,44,21,80,67,68,68,56,56,36,36,42,42,42,42,40,92,68,68,64],"gold":15,"neow_bonus":"TWO_FIFTY_GOLD","is_prod":false,"is_daily":false,"chose_seed":false,"campfire_upgraded":10,"win_rate":0,"timestamp":1562241200,"path_taken":["M","?","?","M","?","R","$","?","T","R","E","R","E","M","R","BOSS","M","?","?","$","M","R","E","R","T","E","M","R","?","?","R","BOSS","M","M","?","M","$","E","?","?","T","R","?","M","$","M","R","BOSS"],"build_version":"2019-07-01","purchased_purges":3,"victory":true,"max_hp_per_floor":[80,80,80,80,80,80,80,80,80,80,80,80,80,80,80,80,80,80,80,80,80,80,80,80,80,80,80,80,80,80,80,80,80,80,80,80,80,85,85,85,85,85,85,85,85,85,92,92,92,92],"card_choices":[{"not_picked":["Warcry","Perfected Strike"],"picked":"Evolve","floor":1.0},{"not_picked":["Twin Strike","Rupture"],"picked":"Wild Strike","floor":4.0},{"not_picked":["Intimidate+1","Clash"],"picked":"Shrug It Off+1","floor":8.0},{"not_picked":["Thunderclap","Clothesline"],"picked":"Headbutt","floor":11.0},{"not_picked":["Ghostly Armor+1","Whirlwind"],"picked":"Offering+1","floor":13.0},{"not_picked":["Shrug It Off+1","Clash"],"picked":"Whirlwind","floor":14.0},{"not_picked":["Impervious+1","Juggernaut"],"picked":"Double Tap+1","floor":16.0},{"not_picked":["Headbutt","Sword Boomerang","Body Slam"],"picked":"SKIP","floor":18.0},{"not_picked":["Shrug It Off+1","Pommel Strike","Headbutt","Iron Wave"],"picked":"SKIP","floor":22.0},{"not_picked":["Infernal Blade+1","Disarm+1","Intimidate+1"],"picked":"Limit Break+1","floor":24.0},{"not_picked":["Havoc+1","Thunderclap","Brutality"],"picked":"Power Through+1","floor":27.0},{"not_picked":["Armaments+1","Thunderclap+1","Searing Blow"],"picked":"True Grit+1","floor":28.0},{"not_picked":["Heavy Blade","Shrug It Off+1","Headbutt+1","Clothesline"],"picked":"SKIP","floor":28.0},{"not_picked":["Demon Form","Exhume+1","Juggernaut"],"picked":"Limit Break+1","floor":33.0},{"not_picked":["Havoc+1","Perfected Strike+1","Dropkick"],"picked":"Inflame+1","floor":35.0},{"not_picked":["Wild Strike","Searing Blow","Perfected Strike","Clash+1"],"picked":"SKIP","floor":35.0},{"not_picked":["Body Slam+1","Iron Wave+1","Brutality"],"picked":"Havoc+1","floor":36.0},{"not_picked":["Sword Boomerang","Intimidate+1","Heavy Blade+1"],"picked":"Flex+1","floor":36.0},{"not_picked":["Sentinel+1","Second Wind+1","Twin Strike"],"picked":"Battle Trance+1","floor":38.0},{"not_picked":["Dual Wield+1","Pommel Strike","Havoc+1","Feel No Pain"],"picked":"SKIP","floor":38.0},{"not_picked":["Headbutt+1","Pommel Strike+1","Heavy Blade"],"picked":"Berserk","floor":40.0},{"not_picked":["Hemokinesis+1","Clothesline+1","Flame Barrier+1"],"picked":"Inflame+1","floor":46},{"not_picked":["Iron Wave+1","Feel No Pain+1","Cleave+1"],"picked":"True Grit+1","floor":46},{"not_picked":["Shrug It Off+1","Body Slam","Wild Strike+1"],"picked":"Fiend Fire","floor":48},{"not_picked":["Ghostly Armor+1","True Grit+1","Warcry+1"],"picked":"Bloodletting+1","floor":48}],"player_experience":5677974,"relics_obtained":[{"floor":9.0,"key":"Centennial Puzzle"},{"floor":11.0,"key":"Pen Nib"},{"floor":13.0,"key":"Red Skull"},{"floor":24.0,"key":"The Courier"},{"floor":26.0,"key":"Boot"},{"floor":27.0,"key":"Prayer Wheel"},{"floor":40.0,"key":"Omamori"},{"floor":42.0,"key":"Pocketwatch"},{"floor":43.0,"key":"Frozen Egg 2"}],"event_choices":[{"damage_healed":0.0,"max_hp_gain":0.0,"max_hp_loss":0.0,"gold_gain":0.0,"event_name":"Liars Game","player_choice":"Ignored","floor":2.0,"gold_loss":0.0,"damage_taken":0.0},{"damage_healed":0.0,"max_hp_gain":0.0,"max_hp_loss":0.0,"gold_gain":0.0,"event_name":"Shining Light","player_choice":"Entered Light","floor":3.0,"gold_loss":0.0,"damage_taken":16.0,"cards_upgraded":["Defend_R","Strike_R"]},{"cards_removed":["Strike_R"],"damage_healed":0.0,"max_hp_gain":0.0,"max_hp_loss":0.0,"gold_gain":0.0,"event_name":"Living Wall","player_choice":"Forget","floor":5.0,"gold_loss":0.0,"damage_taken":0.0},{"damage_healed":0.0,"max_hp_gain":0.0,"max_hp_loss":0.0,"gold_gain":0.0,"event_name":"The Mausoleum","player_choice":"Opened","floor":19.0,"gold_loss":0.0,"damage_taken":0.0,"relics_obtained":["Juzu Bracelet"]},{"damage_healed":0.0,"max_hp_gain":0.0,"max_hp_loss":0.0,"gold_gain":0.0,"event_name":"Addict","player_choice":"Obtained Relic","floor":20.0,"gold_loss":85.0,"damage_taken":0.0,"relics_obtained":["Question Card"]},{"damage_healed":0.0,"max_hp_gain":0.0,"max_hp_loss":0.0,"gold_gain":100.0,"event_name":"Golden Shrine","player_choice":"Pray","floor":31.0,"gold_loss":0.0,"damage_taken":0.0},{"damage_healed":0.0,"max_hp_gain":0.0,"max_hp_loss":0.0,"gold_gain":0.0,"event_name":"Lab","player_choice":"Got Potions","floor":41.0,"gold_loss":0.0,"damage_taken":0.0},{"damage_healed":0.0,"max_hp_gain":0.0,"max_hp_loss":0.0,"gold_gain":0.0,"event_name":"MindBloom","player_choice":"Fight","floor":42.0,"gold_loss":0.0,"damage_taken":0.0},{"cards_removed":["Strike_R"],"damage_healed":0.0,"max_hp_gain":0.0,"max_hp_loss":0.0,"gold_gain":0.0,"event_name":"Purifier","player_choice":"Purged","floor":45.0,"gold_loss":0.0,"damage_taken":0.0}],"is_beta":false,"boss_relics":[{"not_picked":["Ectoplasm","Empty Cage"],"picked":"Philosopher\u0027s Stone"},{"not_picked":["Sozu","Mark of Pain"],"picked":"Runic Pyramid"}],"items_purged_floors":[30,37,47],"is_endless":false,"potions_floor_spawned":[1,13,22,24,33,38,42,46,48],"ascension_level":0}