{"gold_per_floor":[116,132,143,293,218,218,178,178,255,255,310,343,356,381,381,454,504,519,419,334,353,228,228,260,260,260,288,305,355,355,381,381,454,454,466,466,203,217,217,250,262,287,326,338,362,403,434,481,493,505,517],"floor_reached":51,"playtime":3594,"items_purged":["Doubt","Strike_G","Strike_G","Strike_G"],"score":2123,"play_id":"a587e2a4-bb20-45e5-a451-ae551fe77eb6","local_time":"20190102213827","is_ascension_mode":true,"campfire_choices":[{"data":"Grand Finale","floor":6.0,"key":"SMITH"},{"data":"Well Laid Plans","floor":8.0,"key":"SMITH"},{"data":"Acrobatics","floor":10.0,"key":"SMITH"},{"data":"Neutralize","floor":15.0,"key":"SMITH"},{"data":"Survivor","floor":23.0,"key":"SMITH"},{"data":"Well Laid Plans","floor":25.0,"key":"SMITH"},{"data":"Defend_G","floor":32.0,"key":"SMITH"},{"floor":41.0,"key":"RECALL"},{"data":"Defend_G","floor":44.0,"key":"SMITH"},{"data":"Well Laid Plans","floor":49.0,"key":"SMITH"}],"neow_cost":"PERCENT_DAMAGE","seed_source_timestamp":27602572685618,"circlet_count":0,"master_deck":["AscendersBane","Defend_G+1","Defend_G+1","Defend_G","Defend_G","Defend_G","Strike_G+1","Strike_G","Survivor+1","Neutralize+1","Grand Finale+1","Acrobatics+1","Well Laid Plans+1","Backflip+1","Venomology+1","Acrobatics+1","After Image","Well Laid Plans+1","Night Terror+1","After Image","Night Terror+1","Well Laid Plans+1","Acrobatics+1","Well Laid Plans+1"],"special_seed":0,"relics":["Ring of the Snake","Toxic Egg 2","Letter Opener","Pen Nib","Darkstone Periapt","Tiny House","Bag of Marbles","StoneCalendar","Ancient Tea Set","Smiling Mask","Molten Egg 2","Coffee Dripper","Lee\u0027s Waffle","Bottled Tornado","MawBank","Pear","Regal Pillow"],"potions_floor_usage":[51],"damage_taken":[{"damage":13.0,"enemies":"Cultist","floor":1.0,"turns":6.0},{"damage":11.0,"enemies":"Jaw Worm","floor":2.0,"turns":7.0},{"damage":2.0,"enemies":"2 Louse","floor":3.0,"turns":4.0},{"damage":0.0,"enemies":"Looter","floor":7.0,"turns":4.0},{"damage":0.0,"enemies":"3 Sentries","floor":11.0,"turns":2.0},{"damage":0.0,"enemies":"Gremlin Nob","floor":12.0,"turns":3.0},{"damage":5.0,"enemies":"Exordium Wildlife","floor":13.0,"turns":5.0},{"damage":0.0,"enemies":"Lagavulin","floor":14.0,"turns":2.0},{"damage":0.0,"enemies":"Slime Boss","floor":16.0,"turns":5.0},{"damage":0.0,"enemies":"3 Byrds","floor":18.0,"turns":3.0},{"damage":12.0,"enemies":"2 Thieves","floor":21.0,"turns":3.0},{"damage":11.0,"enemies":"Slavers","floor":24.0,"turns":2.0},{"damage":0.0,"enemies":"Gremlin Leader","floor":27.0,"turns":4.0},{"damage":5.0,"enemies":"Snecko","floor":28.0,"turns":5.0},{"damage":17.0,"enemies":"Slavers","floor":31.0,"turns":2.0},{"damage":0.0,"enemies":"Collector","floor":33.0,"turns":6.0},{"damage":0.0,"enemies":"Orb Walker","floor":35.0,"turns":4.0},{"damage":0.0,"enemies":"3 Shapes","floor":38.0,"turns":2.0},{"damage":0.0,"enemies":"Giant Head","floor":40.0,"turns":7.0},{"damage":0.0,"enemies":"Sphere and 2 Shapes","floor":42.0,"turns":3.0},{"damage":0.0,"enemies":"4 Shapes","floor":45.0,"turns":2.0},{"damage":0.0,"enemies":"Nemesis","floor":46.0,"turns":3.0},{"damage":0.0,"enemies":"Writhing Mass","floor":47.0,"turns":4.0},{"damage":0.0,"enemies":"Reptomancer","floor":48.0,"turns":6.0},{"damage":37.0,"enemies":"Awakened One","floor":50.0,"turns":29.0},{"damage":54,"enemies":"Time Eater","floor":51,"turns":19}],"seed_played":"5220308791901282636","potions_obtained":[{"floor":1.0,"key":"GhostInAJar"},{"floor":13.0,"key":"Fire Potion"},{"floor":16.0,"key":"Weak Potion"},{"floor":17.0,"key":"SkillPotion"},{"floor":31.0,"key":"SkillPotion"},{"floor":33.0,"key":"Swift Potion"},{"floor":38.0,"key":"PowerPotion"},{"floor":42.0,"key":"PowerPotion"}],"is_trial":false,"path_per_floor":["M","M","M","?","$","R","M","R","T","R","?","E","M","E","R","B",null,"M","$","?","M","$","R","E","R","T","E","M","?","?","E","R","B",null,"M","?","$","M","T","E","R","M","T","R","M","E","M","E","R","B","B"],"character_chosen":"THE_SILENT","items_purchased":["Lee\u0027s Waffle"],"campfire_rested":0,"item_purchase_floors":[37],"current_hp_per_floor":[31,20,18,18,18,18,18,18,18,18,18,18,13,13,13,13,58,58,58,58,46,46,46,35,35,35,35,30,30,30,13,13,13,57,57,57,78,78,78,78,78,78,78,78,78,88,88,88,88,51,0],"gold":517,"neow_bonus":"THREE_RARE_CARDS","is_prod":false,"is_daily":false,"chose_seed":false,"campfire_upgraded":9,"win_rate":0,"timestamp":1546436307,"path_taken":["M","M","M","?","$","R","M","R","T","R","?","E","?","E","R","BOSS","M","$","?","M","$","R","E","R","T","E","M","?","?","E","R","BOSS","M","?","$","?","?","E","R","?","T","R","M","E","?","E","R","BOSS","BOSS"],"build_version":"2018-12-20","purchased_purges":4,"victory":false,"max_hp_per_floor":[66,66,66,66,66,66,66,66,66,66,66,66,66,66,66,66,71,71,71,71,71,71,71,71,71,71,71,71,71,71,71,71,71,71,71,71,78,78,78,78,78,78,78,78,78,88,88,88,88,88,88],"card_choices":[{"not_picked":["Envenom","Wraith Form v2"],"picked":"Grand Finale","floor":0.0},{"not_picked":["Heel Hook","Cloak And Dagger","Quick Slash"],"picked":"SKIP","floor":1.0},{"not_picked":["PiercingWail","Flying Knee"],"picked":"Acrobatics","floor":2.0},{"not_picked":["Bane","PiercingWail","Flying Knee"],"picked":"SKIP","floor":3.0},{"not_picked":["Blade Dance","Crippling Poison"],"picked":"Well Laid Plans","floor":7.0},{"not_picked":["Prepared+1","Setup+1"],"picked":"Backflip+1","floor":12.0},{"not_picked":["PiercingWail+1","Outmaneuver+1","Deflect+1"],"picked":"SKIP","floor":13.0},{"not_picked":["Poisoned Stab","Quick Slash","Cloak And Dagger+1"],"picked":"SKIP","floor":14.0},{"not_picked":["Wraith Form v2","Grand Finale"],"picked":"Venomology+1","floor":16.0},{"not_picked":["Outmaneuver+1","Dagger Spray"],"picked":"Acrobatics+1","floor":17.0},{"not_picked":["Underhanded Strike","Dagger Spray","Quick Slash"],"picked":"SKIP","floor":18.0},{"not_picked":["Dodge and Roll+1","Eviscerate"],"picked":"After Image","floor":21.0},{"not_picked":["PiercingWail+1","Bouncing Flask+1"],"picked":"Well Laid Plans","floor":24.0},{"not_picked":["Prepared+1","Riddle With Holes"],"picked":"Night Terror+1","floor":27.0},{"not_picked":["PiercingWail+1","Deadly Poison+1","Backstab"],"picked":"SKIP","floor":28.0},{"not_picked":["Masterful Stab","Outmaneuver+1"],"picked":"After Image","floor":31.0},{"not_picked":["Corpse Explosion+1","A Thousand Cuts"],"picked":"Night Terror+1","floor":33.0},{"not_picked":["Sucker Punch+1","Quick Slash+1","Deadly Poison+1"],"picked":"SKIP","floor":35.0},{"not_picked":["Masterful Stab+1","Calculated Gamble+1","Quick Slash+1"],"picked":"SKIP","floor":38.0},{"not_picked":["Expertise+1","Dodge and Roll+1"],"picked":"Well Laid Plans","floor":40.0},{"not_picked":["Poisoned Stab+1","Cloak And Dagger+1","Dodge and Roll+1"],"picked":"SKIP","floor":42.0},{"not_picked":["Slice+1","Storm of Steel+1","Dagger Spray+1"],"picked":"SKIP","floor":45.0},{"not_picked":["Dagger Throw+1","Quick Slash+1"],"picked":"Acrobatics+1","floor":46.0},{"not_picked":["Outmaneuver+1","Prepared+1","Distraction+1"],"picked":"SKIP","floor":47.0},{"not_picked":["Accuracy","Deadly Poison+1"],"picked":"Well Laid Plans+1","floor":48.0}],"player_experience":1673426,"relics_obtained":[{"floor":9.0,"key":"Toxic Egg 2"},{"floor":12.0,"key":"Pen Nib"},{"floor":14.0,"key":"Darkstone Periapt"},{"floor":24.0,"key":"StoneCalendar"},{"floor":26.0,"key":"Ancient Tea Set"},{"floor":27.0,"key":"Smiling Mask"},{"floor":31.0,"key":"Molten Egg 2"},{"floor":39.0,"key":"Bottled Tornado"},{"floor":40.0,"key":"MawBank"},{"floor":46.0,"key":"Pear"},{"floor":48.0,"key":"Regal Pillow"}],"event_choices":[{"damage_healed":0.0,"max_hp_gain":0.0,"max_hp_loss":0.0,"gold_gain":150.0,"event_name":"Liars Game","player_choice":"AGREE","floor":4.0,"gold_loss":0.0,"damage_taken":0.0,"cards_obtained":["Doubt"]},{"damage_healed":0.0,"max_hp_gain":0.0,"max_hp_loss":0.0,"gold_gain":0.0,"event_name":"Dead Adventurer","player_choice":"Searched \u00272\u0027 times","floor":11.0,"gold_loss":0.0,"damage_taken":0.0,"relics_obtained":["Letter Opener"]},{"damage_healed":0.0,"max_hp_gain":0.0,"max_hp_loss":0.0,"gold_gain":0.0,"event_name":"Addict","player_choice":"Obtained Relic","floor":20.0,"gold_loss":85.0,"damage_taken":0.0,"relics_obtained":["Bag of Marbles"]},{"damage_healed":0.0,"max_hp_gain":0.0,"max_hp_loss":0.0,"gold_gain":50.0,"event_name":"Nest","player_choice":"Stole From Cult","floor":29.0,"gold_loss":0.0,"damage_taken":0.0},{"damage_healed":0.0,"max_hp_gain":0.0,"max_hp_loss":0.0,"gold_gain":0.0,"event_name":"Cursed Tome","player_choice":"Ignored","floor":30.0,"gold_loss":0.0,"damage_taken":0.0},{"damage_healed":0.0,"max_hp_gain":0.0,"max_hp_loss":0.0,"gold_gain":0.0,"event_name":"Lab","player_choice":"Got Potions","floor":36.0,"gold_loss":0.0,"damage_taken":0.0}],"is_beta":false,"boss_relics":[{"not_picked":["White Beast Statue","WristBlade"],"picked":"Tiny House"},{"not_picked":["Runic Pyramid","Calling Bell"],"picked":"Coffee Dripper"}],"items_purged_floors":[5,19,22,37],"is_endless":false,"potions_floor_spawned":[1,13,14,16,21,31,33,38,42,47],"killed_by":"Time Eater","ascension_level":20}