{"gold_per_floor":[110,32,48,48,64,64,4,16,16,51,51,51,69,29,29,103,103,114,124,124,49,49,49,82,97,97,124,124,137,149,174,174,245,245,258,66,66,66,0,11,38,50,50,75,175,204,222,233,233,233,233,233,233,108,139,139],"floor_reached":57,"playtime":3354,"items_purged":["Decay","Flying Knee+1","Defend_G"],"score":3585,"play_id":"8eba9216-3af4-447d-a8ae-e358f42d2ee7","local_time":"20181120123635","is_ascension_mode":true,"campfire_choices":[{"data":"Footwork","floor":6.0,"key":"SMITH"},{"data":"Flechettes","floor":12.0,"key":"SMITH"},{"data":"Well Laid Plans","floor":15.0,"key":"SMITH"},{"data":"Reflex","floor":23.0,"key":"SMITH"},{"data":"Neutralize","floor":28.0,"key":"SMITH"},{"data":"Grand Finale","floor":32.0,"key":"SMITH"},{"floor":49,"key":"RECALL"},{"data":"PiercingWail","floor":53,"key":"SMITH"}],"neow_cost":"PERCENT_DAMAGE","seed_source_timestamp":0,"circlet_count":0,"master_deck":["AscendersBane","Defend_G","Defend_G","Defend_G","Survivor","Neutralize+1","PiercingWail+1","Footwork+1","Reflex+1","Flechettes+1","Escape Plan+1","Grand Finale+1","Corpse Explosion+1","Well Laid Plans+1","Footwork+1","Blur+1","Leg Sweep+1","Crippling Poison+1","Escape Plan+1","Prepared+1","Prepared+1","Acrobatics+1","Adrenaline+1","Escape Plan+1","Deep Breath+1","Backflip+1"],"special_seed":0,"relics":["Ring of the Snake","Happy Flower","Toxic Egg 2","Kunai","Gambling Chip","Astrolabe","WingedGreaves","Meat on the Bone","Ice Cream","Shuriken","Busted Crown","Red Mask","Tough Bandages","Blood Vial","StoneCalendar","Bronze Scales","Dodecahedron"],"potions_floor_usage":[56,56],"damage_taken":[{"damage":0.0,"enemies":"Jaw Worm","floor":1.0,"turns":7.0},{"damage":0.0,"enemies":"2 Louse","floor":3.0,"turns":5.0},{"damage":4.0,"enemies":"Cultist","floor":5.0,"turns":6.0},{"damage":1.0,"enemies":"Looter","floor":7.0,"turns":5.0},{"damage":0.0,"enemies":"2 Fungi Beasts","floor":8.0,"turns":7.0},{"damage":21.0,"enemies":"3 Sentries","floor":10.0,"turns":11.0},{"damage":1.0,"enemies":"3 Louse","floor":13.0,"turns":4.0},{"damage":0.0,"enemies":"Looter","floor":14.0,"turns":4.0},{"damage":1.0,"enemies":"The Guardian","floor":16.0,"turns":10.0},{"damage":5.0,"enemies":"2 Thieves","floor":18.0,"turns":3.0},{"damage":0.0,"enemies":"Chosen","floor":19.0,"turns":8.0},{"damage":0.0,"enemies":"Gremlin Leader","floor":24.0,"turns":6.0},{"damage":2.0,"enemies":"Centurion and Healer","floor":25.0,"turns":3.0},{"damage":18.0,"enemies":"Book of Stabbing","floor":27.0,"turns":6.0},{"damage":7.0,"enemies":"Shelled Parasite and Fungi","floor":29.0,"turns":4.0},{"damage":2.0,"enemies":"Cultist and Chosen","floor":30.0,"turns":7.0},{"damage":0.0,"enemies":"Gremlin Leader","floor":31.0,"turns":5.0},{"damage":0.0,"enemies":"Collector","floor":33.0,"turns":4.0},{"damage":0,"enemies":"3 Darklings","floor":35,"turns":2},{"damage":0,"enemies":"Orb Walker","floor":40,"turns":3},{"damage":0,"enemies":"Giant Head","floor":41,"turns":5},{"damage":0,"enemies":"Transient","floor":42,"turns":6},{"damage":0,"enemies":"Reptomancer","floor":44,"turns":4},{"damage":0,"enemies":"Mind Bloom Boss Battle","floor":45,"turns":4},{"damage":0,"enemies":"Nemesis","floor":46,"turns":5},{"damage":0,"enemies":"Writhing Mass","floor":47,"turns":4},{"damage":0,"enemies":"4 Shapes","floor":48,"turns":3},{"damage":0,"enemies":"Awakened One","floor":50,"turns":8},{"damage":0,"enemies":"Time Eater","floor":51,"turns":11},{"damage":0,"enemies":"Shield and Spear","floor":55,"turns":6},{"damage":0,"enemies":"The Heart","floor":56,"turns":10}],"seed_played":"1139553534444497805","potions_obtained":[{"floor":5.0,"key":"Explosive Potion"},{"floor":8.0,"key":"PowerPotion"},{"floor":16.0,"key":"Explosive Potion"},{"floor":24.0,"key":"Fire Potion"},{"floor":25.0,"key":"Explosive Potion"},{"floor":27.0,"key":"Swift Potion"},{"floor":31.0,"key":"Dexterity Potion"},{"floor":40,"key":"Swift Potion"},{"floor":42,"key":"Swift Potion"}],"is_trial":false,"path_per_floor":["M","$","M","?","M","R","M","M","T","E","T","R","M","M","R","B",null,"M","M","?","$","?","R","E","M","T","E","R","M","M","E","R","B",null,"M","$","?","?","?","M","E","M","T","E","?","E","M","M","R","B","B",null,"R","$","E","B",null],"character_chosen":"THE_SILENT","items_purchased":["Footwork","Deep Breath+1"],"campfire_rested":0,"item_purchase_floors":[2,36],"current_hp_per_floor":[44,44,44,33,29,29,28,28,28,7,7,7,6,6,6,5,51,46,46,46,46,46,46,46,44,44,38,38,43,41,41,41,41,60,60,60,60,60,60,60,60,60,60,60,62,63,63,63,63,63,63,63,63,63,63,63],"gold":139,"neow_bonus":"REMOVE_TWO","is_prod":false,"is_daily":false,"chose_seed":false,"campfire_upgraded":7,"win_rate":0,"timestamp":1542688595,"path_taken":["M","$","M","?","M","R","M","M","T","E","?","R","M","M","R","BOSS","M","M","?","$","?","R","E","?","T","E","R","M","M","E","R","BOSS","M","$","?","?","?","M","E","M","T","E","?","E","M","M","R","BOSS","BOSS","R","$","E","BOSS"],"build_version":"2018-11-15","purchased_purges":3,"victory":true,"max_hp_per_floor":[66,66,66,66,66,66,66,66,66,66,66,66,66,66,66,66,66,66,66,66,66,66,66,66,66,66,66,66,66,66,66,66,66,66,66,66,63,63,63,63,63,63,63,63,63,63,63,63,63,63,63,63,63,63,63,63],"card_choices":[{"not_picked":["Quick Slash","Flying Knee"],"picked":"PiercingWail","floor":1.0},{"not_picked":["Bouncing Flask","Dagger Throw"],"picked":"Well Laid Plans","floor":3.0},{"not_picked":["Dodge and Roll","PiercingWail","Underhanded Strike"],"picked":"SKIP","floor":5.0},{"not_picked":["Bane","Skewer"],"picked":"Reflex","floor":7.0},{"not_picked":["Eviscerate","Crippling Poison","Dodge and Roll"],"picked":"SKIP","floor":8.0},{"not_picked":["Backflip+1","Prepared+1"],"picked":"Flechettes","floor":10.0},{"not_picked":["Choke","Finisher"],"picked":"Escape Plan+1","floor":13.0},{"not_picked":["Dash","Sucker Punch"],"picked":"Grand Finale","floor":14.0},{"not_picked":["Tools of the Trade","A Thousand Cuts"],"picked":"Corpse Explosion+1","floor":16.0},{"not_picked":["Outmaneuver+1","Blade Dance+1"],"picked":"Blur+1","floor":18.0},{"not_picked":["PiercingWail+1","Sucker Punch","Predator"],"picked":"SKIP","floor":19.0},{"not_picked":["Deflect+1","Outmaneuver+1"],"picked":"Escape Plan+1","floor":24.0},{"not_picked":["Quick Slash","Blade Dance+1"],"picked":"Prepared+1","floor":25.0},{"not_picked":["Noxious Fumes","Leg Sweep+1"],"picked":"Prepared+1","floor":27.0},{"not_picked":["Slice","Deflect+1","Dodge and Roll+1"],"picked":"SKIP","floor":29.0},{"not_picked":["Quick Slash","PiercingWail+1"],"picked":"Acrobatics+1","floor":30.0},{"not_picked":["Footwork","Choke","Dagger Spray+1"],"picked":"SKIP","floor":31.0},{"not_picked":["Venomology+1","Storm of Steel+1"],"picked":"Adrenaline+1","floor":33.0},{"not_picked":[],"picked":"Escape Plan+1","floor":35},{"not_picked":["PiercingWail+1"],"picked":"SKIP","floor":40},{"not_picked":["Crippling Poison+1"],"picked":"SKIP","floor":41},{"not_picked":["Endless Agony"],"picked":"SKIP","floor":42},{"not_picked":[],"picked":"Backflip+1","floor":44},{"not_picked":["Crippling Poison+1"],"picked":"SKIP","floor":46},{"not_picked":["Underhanded Strike"],"picked":"SKIP","floor":47},{"not_picked":["Slice"],"picked":"SKIP","floor":48},{"not_picked":["Sucker Punch"],"picked":"SKIP","floor":55}],"player_experience":1115618,"relics_obtained":[{"floor":9.0,"key":"Toxic Egg 2"},{"floor":10.0,"key":"Kunai"},{"floor":11.0,"key":"Gambling Chip"},{"floor":24.0,"key":"WingedGreaves"},{"floor":26.0,"key":"Meat on the Bone"},{"floor":27.0,"key":"Ice Cream"},{"floor":31.0,"key":"Shuriken"},{"floor":41,"key":"Tough Bandages"},{"floor":44,"key":"Blood Vial"},{"floor":45,"key":"StoneCalendar"},{"floor":46,"key":"Bronze Scales"},{"floor":55,"key":"Dodecahedron"}],"event_choices":[{"damage_healed":0.0,"max_hp_gain":0.0,"max_hp_loss":0.0,"gold_gain":0.0,"event_name":"Scrap Ooze","player_choice":"Success","floor":4.0,"gold_loss":0.0,"damage_taken":11.0,"relics_obtained":["Happy Flower"]},{"damage_healed":0.0,"max_hp_gain":0.0,"max_hp_loss":0.0,"gold_gain":0.0,"event_name":"Forgotten Altar","player_choice":"Smashed Altar","floor":20.0,"gold_loss":0.0,"damage_taken":0.0,"cards_obtained":["Decay"]},{"damage_healed":0.0,"max_hp_gain":0.0,"max_hp_loss":0.0,"gold_gain":0.0,"cards_transformed":["Defend_G","Well Laid Plans"],"event_name":"Drug Dealer","player_choice":"Became Test Subject","floor":22.0,"gold_loss":0.0,"damage_taken":0.0,"cards_obtained":["Leg Sweep","Crippling Poison"]},{"damage_healed":0,"gold_gain":0,"player_choice":"Max HP","damage_taken":0,"max_hp_gain":0,"max_hp_loss":3,"event_name":"Winding Halls","floor":37,"gold_loss":0},{"damage_healed":0,"gold_gain":0,"player_choice":"Memory 1","damage_taken":0,"max_hp_gain":0,"max_hp_loss":0,"event_name":"SensoryStone","floor":38,"gold_loss":0},{"damage_healed":0,"gold_gain":0,"player_choice":"Paid","damage_taken":0,"relics_obtained":["Red Mask"],"max_hp_gain":0,"max_hp_loss":0,"event_name":"Tomb of Lord Red Mask","floor":39,"gold_loss":66},{"damage_healed":0,"gold_gain":0,"player_choice":"Fight","damage_taken":0,"max_hp_gain":0,"max_hp_loss":0,"event_name":"MindBloom","floor":45,"gold_loss":0}],"is_beta":true,"boss_relics":[{"not_picked":["Snecko Eye","Runic Pyramid"],"picked":"Astrolabe"},{"not_picked":["Orrery","Eternal Feather"],"picked":"Busted Crown"}],"items_purged_floors":[21,36,54],"is_endless":false,"potions_floor_spawned":[5,8,16,24,25,27,31,40,41,42,46,48,55],"ascension_level":20}