{"gold_per_floor":[117,35,35,45,63,63,63,63,63,26,26,58,77,104,104,209,209,223,236,236,246,257,257,1,1,1,1,1,1,19,35,35,136,136,155,155,169,169,94,94,113,113,113,113,131,131,131,145,145,145],"floor_reached":51,"playtime":1473,"items_purged":["Shame"],"score":704,"play_id":"51e38956-b8e9-431b-819b-330232f1497e","local_time":"20190613194634","is_ascension_mode":false,"campfire_choices":[{"data":"Capacitor","floor":6,"key":"SMITH"},{"data":"Zap","floor":8,"key":"SMITH"},{"data":"Doom and Gloom","floor":11,"key":"SMITH"},{"data":"Coolheaded","floor":15,"key":"SMITH"},{"data":"Biased Cognition","floor":23,"key":"SMITH"},{"data":"Impatience","floor":25,"key":"SMITH"},{"data":"Hologram","floor":27,"key":"SMITH"},{"data":"Glacier","floor":32,"key":"SMITH"},{"data":"Impatience","floor":40,"key":"SMITH"},{"data":"Impatience","floor":42,"key":"SMITH"},{"data":"Fission","floor":44,"key":"SMITH"},{"data":"Purity","floor":46,"key":"SMITH"},{"floor":49,"key":"REST"}],"neow_cost":"NONE","seed_source_timestamp":28745191836562,"circlet_count":0,"master_deck":["Zap+1","Dualcast+1","Tempest","Impatience+1","Ball Lightning","Capacitor+1","Doom and Gloom+1","Biased Cognition+1","Coolheaded+1","Buffer+1","Multi-Cast+1","Chill+1","Capacitor+1","Hologram+1","Defragment+1","Glacier+1","Electrodynamics+1","Go for the Eyes","Turbo","Rainbow","Core Surge","Storm+1","Impatience+1","Impatience+1","Purity+1","Coolheaded+1","Fission+1","Undo+1"],"special_seed":0,"relics":["Cracked Core","Happy Flower","WarpedTongs","Unceasing Top","Bronze Scales","Frozen Egg 2","Astrolabe","Spirit Poop","Mummified Hand","Darkstone Periapt","Vajra","Pandora\u0027s Box","Torii"],"potions_floor_usage":[50,50,50],"damage_taken":[{"damage":1,"enemies":"Cultist","floor":1,"turns":3},{"damage":4,"enemies":"2 Louse","floor":4,"turns":2},{"damage":0,"enemies":"Small Slimes","floor":5,"turns":2},{"damage":13,"enemies":"3 Sentries","floor":12,"turns":3},{"damage":7,"enemies":"Blue Slaver","floor":13,"turns":2},{"damage":17,"enemies":"Gremlin Nob","floor":14,"turns":3},{"damage":25,"enemies":"Slime Boss","floor":16,"turns":7},{"damage":1,"enemies":"Spheric Guardian","floor":18,"turns":4},{"damage":3,"enemies":"Shell Parasite","floor":19,"turns":3},{"damage":9,"enemies":"Cultist and Chosen","floor":21,"turns":4},{"damage":15,"enemies":"Snake Plant","floor":22,"turns":4},{"damage":0,"enemies":"3 Cultists","floor":30,"turns":4},{"damage":7,"enemies":"Shelled Parasite and Fungi","floor":31,"turns":4},{"damage":30,"enemies":"Automaton","floor":33,"turns":9},{"damage":1,"enemies":"3 Shapes","floor":35,"turns":2},{"damage":0,"enemies":"Orb Walker","floor":37,"turns":2},{"damage":4,"enemies":"3 Darklings","floor":41,"turns":2},{"damage":0,"enemies":"Transient","floor":45,"turns":5},{"damage":0,"enemies":"Sphere and 2 Shapes","floor":48,"turns":1},{"damage":1,"enemies":"Time Eater","floor":50,"turns":5}],"seed_played":"-8434996959151886003","potions_obtained":[{"floor":1,"key":"Energy Potion"},{"floor":12,"key":"Strength Potion"},{"floor":14,"key":"Strength Potion"},{"floor":16,"key":"AttackPotion"},{"floor":18,"key":"FocusPotion"},{"floor":21,"key":"GamblersBrew"},{"floor":22,"key":"SkillPotion"}],"is_trial":false,"path_per_floor":["M","$","?","M","M","R","?","R","T","$","R","E","M","E","R","B",null,"M","M","?","M","M","R","$","R","T","R","?","$","M","M","R","B",null,"M","?","M","?","$","R","M","R","T","R","M","R","?","M","R","B",null],"character_chosen":"DEFECT","items_purchased":["Impatience","Doom and Gloom","Mummified Hand"],"campfire_rested":1,"item_purchase_floors":[2,10,24],"current_hp_per_floor":[74,74,74,70,70,70,70,70,70,70,70,57,50,33,33,8,75,74,71,71,62,47,47,47,47,47,47,53,53,53,46,46,16,81,80,70,70,70,70,70,66,66,66,66,66,66,66,66,81,80],"gold":145,"neow_bonus":"UPGRADE_CARD","is_prod":false,"is_daily":false,"chose_seed":false,"campfire_upgraded":12,"win_rate":0,"timestamp":1560426394,"path_taken":["M","?","?","?","?","R","?","R","T","$","R","E","?","E","R","BOSS","M","M","?","?","M","R","$","R","T","R","?","?","M","?","R","BOSS","M","?","M","?","$","R","M","R","T","R","?","R","?","M","R","BOSS"],"build_version":"2019-01-23","purchased_purges":1,"victory":true,"max_hp_per_floor":[75,75,75,75,75,75,75,75,75,75,75,75,75,75,75,75,75,75,75,75,75,75,75,75,75,75,75,81,81,81,81,81,81,81,81,81,81,81,81,81,81,81,81,81,81,81,81,81,81,81],"card_choices":[{"not_picked":["Sweeping Beam","Redo"],"picked":"Tempest","floor":1},{"not_picked":["Redo","All For One"],"picked":"Ball Lightning","floor":4},{"not_picked":["Auto Shields","Static Discharge"],"picked":"Capacitor","floor":5},{"not_picked":["Barrage","Chill"],"picked":"Biased Cognition","floor":12},{"not_picked":["Stack","Barrage","Redo"],"picked":"SKIP","floor":13},{"not_picked":["Ball Lightning","Redo"],"picked":"Coolheaded","floor":14},{"not_picked":["Hyperbeam","Meteor Strike"],"picked":"Buffer+1","floor":16},{"not_picked":["Undo","Double Energy"],"picked":"Capacitor+1","floor":18},{"not_picked":["Gash","Conserve Battery+1"],"picked":"Hologram","floor":19},{"not_picked":["Go for the Eyes","Redo"],"picked":"Defragment+1","floor":21},{"not_picked":["Streamline+1","Reinforced Body+1","Sweeping Beam+1"],"picked":"SKIP","floor":22},{"not_picked":["Rip and Tear+1","Go for the Eyes"],"picked":"Glacier","floor":30},{"not_picked":["Stack","Ball Lightning","Rebound"],"picked":"SKIP","floor":31},{"not_picked":["Seek","Machine Learning+1"],"picked":"Electrodynamics+1","floor":33},{"not_picked":["Beam Cell","Hologram+1","Sunder+1"],"picked":"SKIP","floor":35},{"not_picked":["Finesse","Forethought"],"picked":"Impatience","floor":36},{"not_picked":["Purity","Enlightenment"],"picked":"Impatience","floor":36},{"not_picked":["Thinking Ahead","Flash of Steel"],"picked":"Purity","floor":36},{"not_picked":["Gash+1","Turbo+1"],"picked":"Coolheaded+1","floor":37},{"not_picked":["Double Energy","Coolheaded","Beam Cell"],"picked":"SKIP","floor":41},{"not_picked":["Leap","Cold Snap+1"],"picked":"Undo+1","floor":45},{"not_picked":["Coolheaded+1","Compile Driver","Streamline"],"picked":"SKIP","floor":48}],"player_experience":5159151,"relics_obtained":[{"floor":9,"key":"Unceasing Top"},{"floor":12,"key":"Bronze Scales"},{"floor":14,"key":"Frozen Egg 2"},{"floor":26,"key":"Darkstone Periapt"},{"floor":43,"key":"Torii"}],"event_choices":[{"damage_healed":0,"gold_gain":0,"player_choice":"Gave Potion","damage_taken":0,"relics_obtained":["Happy Flower"],"max_hp_gain":0,"max_hp_loss":0,"event_name":"WeMeetAgain","floor":3,"gold_loss":0},{"damage_healed":0,"gold_gain":0,"player_choice":"Rummage","damage_taken":0,"relics_obtained":["WarpedTongs"],"max_hp_gain":0,"max_hp_loss":0,"event_name":"Accursed Blacksmith","floor":7,"gold_loss":0,"cards_obtained":["Pain"]},{"cards_removed":["Pain"],"damage_healed":0,"gold_gain":0,"player_choice":"Offered Curse","damage_taken":0,"relics_obtained":["Spirit Poop"],"max_hp_gain":0,"max_hp_loss":0,"event_name":"Bonfire Elementals","floor":20,"gold_loss":0},{"damage_healed":0,"gold_gain":0,"player_choice":"Stole Relic","damage_taken":0,"relics_obtained":["Vajra"],"max_hp_gain":0,"max_hp_loss":0,"event_name":"Addict","floor":28,"gold_loss":0,"cards_obtained":["Shame"]},{"damage_healed":0,"gold_gain":0,"player_choice":"Memory 3","damage_taken":10,"max_hp_gain":0,"max_hp_loss":0,"event_name":"SensoryStone","floor":36,"gold_loss":0},{"damage_healed":0,"gold_gain":0,"player_choice":"1 cards matched","damage_taken":0,"max_hp_gain":0,"max_hp_loss":0,"event_name":"Match and Keep!","floor":38,"gold_loss":0,"cards_obtained":["Fission"]},{"cards_removed":["Compile Driver"],"damage_healed":0,"gold_gain":0,"player_choice":"Removed Attack","damage_taken":0,"max_hp_gain":0,"max_hp_loss":0,"event_name":"Falling","floor":47,"gold_loss":0}],"is_beta":false,"boss_relics":[{"not_picked":["FrozenCore","Black Star"],"picked":"Astrolabe"},{"not_picked":["Sozu","Inserter"],"picked":"Pandora\u0027s Box"}],"items_purged_floors":[39],"is_endless":false,"potions_floor_spawned":[1,12,14,16,18,21,22,35,37,45,48],"ascension_level":0}