{"gold_per_floor":[212,212,56,75,75,75,139,139,218,218,252,275,300,300,300,300],"floor_reached":16,"playtime":393,"items_purged":["Strike_B"],"score":212,"play_id":"ec56d79f-6a1e-4ce9-a5a9-10b7d6285c72","local_time":"20190417172254","is_ascension_mode":true,"campfire_choices":[{"data":"Zap","floor":6.0,"key":"SMITH"},{"data":"Dualcast","floor":8.0,"key":"SMITH"},{"data":"Beam Cell","floor":10.0,"key":"SMITH"},{"data":"Coolheaded","floor":15.0,"key":"SMITH"}],"neow_cost":"NONE","seed_source_timestamp":708003883941687,"circlet_count":0,"master_deck":["AscendersBane","Strike_B","Strike_B","Strike_B","Defend_B","Defend_B","Defend_B","Defend_B","Zap+1","Dualcast+1","Ball Lightning","Coolheaded+1","Conserve Battery","Beam Cell+1","Biased Cognition","Glacier"],"special_seed":0,"relics":["Cracked Core","Golden Idol","Tiny Chest","The Courier","Bottled Lightning","Art of War","Regal Pillow"],"potions_floor_usage":[],"damage_taken":[{"damage":1.0,"enemies":"2 Louse","floor":1.0,"turns":2.0},{"damage":0.0,"enemies":"Jaw Worm","floor":4.0,"turns":4.0},{"damage":26.0,"enemies":"3 Sentries","floor":7.0,"turns":9.0},{"damage":11.0,"enemies":"Lagavulin","floor":11.0,"turns":5.0},{"damage":0.0,"enemies":"Cultist","floor":12.0,"turns":3.0},{"damage":28,"enemies":"The Guardian","floor":16,"turns":8}],"seed_played":"147065637126102803","potions_obtained":[{"floor":7.0,"key":"FearPotion"}],"is_trial":false,"path_per_floor":["M","?","$","M","?","R","E","R","T","R","E","M","T","T","R","B"],"character_chosen":"DEFECT","items_purchased":["Coolheaded","Conserve Battery"],"campfire_rested":0,"item_purchase_floors":[3,3],"current_hp_per_floor":[63,68,68,68,68,68,42,42,42,42,31,31,31,31,31,3],"gold":300,"neow_bonus":"HUNDRED_GOLD","is_prod":false,"is_daily":false,"chose_seed":false,"campfire_upgraded":4,"win_rate":0,"timestamp":1555492974,"path_taken":["M","?","$","M","?","R","E","R","T","R","E","M","?","?","R","BOSS"],"build_version":"2019-01-23","purchased_purges":1,"victory":false,"max_hp_per_floor":[71,76,76,76,69,69,69,69,69,69,69,69,69,69,69,69],"card_choices":[{"not_picked":["Redo","Scrape"],"picked":"Ball Lightning","floor":1.0},{"not_picked":["Auto Shields","Gash","Ball Lightning"],"picked":"SKIP","floor":4.0},{"not_picked":["Redo","Ball Lightning"],"picked":"Beam Cell","floor":7.0},{"not_picked":["Chill","Rebound"],"picked":"Biased Cognition","floor":11.0},{"not_picked":["Sunder","Compile Driver"],"picked":"Glacier","floor":12.0}],"player_experience":1422354,"relics_obtained":[{"floor":7.0,"key":"Tiny Chest"},{"floor":9.0,"key":"The Courier"},{"floor":11.0,"key":"Bottled Lightning"},{"floor":13.0,"key":"Art of War"},{"floor":14.0,"key":"Regal Pillow"}],"event_choices":[{"damage_healed":0.0,"max_hp_gain":5.0,"max_hp_loss":0.0,"gold_gain":0.0,"event_name":"Big Fish","player_choice":"Donut","floor":2.0,"gold_loss":0.0,"damage_taken":0.0},{"damage_healed":0.0,"max_hp_gain":0.0,"max_hp_loss":7.0,"gold_gain":0.0,"event_name":"Golden Idol","player_choice":"Lose Max HP","floor":5.0,"gold_loss":0.0,"damage_taken":0.0,"relics_obtained":["Golden Idol"]}],"is_beta":false,"boss_relics":[],"items_purged_floors":[3],"is_endless":false,"potions_floor_spawned":[7],"killed_by":"The Guardian","ascension_level":20}