{"gold_per_floor":[115,265,283,283,295,295,326,326,372,385,385,407,75,103,103,103],"floor_reached":16,"playtime":359,"items_purged":["Doubt"],"score":216,"play_id":"010b9b30-d88d-41c4-8812-9f5e407bebf2","local_time":"20190225125409","is_ascension_mode":true,"campfire_choices":[{"data":"Noxious Fumes","floor":6,"key":"SMITH"},{"data":"Neutralize","floor":8,"key":"SMITH"},{"data":"Calculated Gamble","floor":11,"key":"SMITH"},{"data":"Noxious Fumes","floor":15,"key":"SMITH"}],"neow_cost":"NONE","seed_source_timestamp":2137668154051,"circlet_count":0,"master_deck":["AscendersBane","Defend_G","Defend_G","Defend_G+1","Defend_G+1","Defend_G","Strike_G","Strike_G","Strike_G","Strike_G","Survivor","Neutralize+1","Venomology","Noxious Fumes+1","All Out Attack","Calculated Gamble+1","Noxious Fumes+1","Burst"],"relics":["Ring of the Snake","NeowsBlessing","War Paint","Odd Mushroom","Chemical X","Sundial"],"potions_floor_usage":[7,7,10,12],"damage_taken":[{"damage":0,"enemies":"2 Louse","floor":1,"turns":1},{"damage":0,"enemies":"Small Slimes","floor":3,"turns":1},{"damage":0,"enemies":"Jaw Worm","floor":5,"turns":1},{"damage":6,"enemies":"Lagavulin","floor":7,"turns":7},{"damage":3,"enemies":"2 Fungi Beasts","floor":10,"turns":4},{"damage":8,"enemies":"The Mushroom Lair","floor":12,"turns":3},{"damage":33,"enemies":"3 Sentries","floor":14,"turns":6},{"damage":12,"enemies":"Slime Boss","floor":16,"turns":3}],"seed_played":"3158773349217127354","potions_obtained":[{"floor":5,"key":"Poison Potion"},{"floor":7,"key":"Fire Potion"},{"floor":10,"key":"Dexterity Potion"}],"is_trial":false,"path_per_floor":["M","?","M","?","M","R","E","R","T","M","R","?","$","E","R","B"],"character_chosen":"THE_SILENT","items_purchased":["Noxious Fumes","Chemical X"],"campfire_rested":0,"item_purchase_floors":[13,13],"current_hp_per_floor":[59,59,59,59,59,59,53,53,53,50,50,42,42,9,9,0],"gold":103,"neow_bonus":"THREE_ENEMY_KILL","is_prod":false,"is_daily":false,"chose_seed":false,"campfire_upgraded":4,"win_rate":0,"timestamp":1551070449,"path_taken":["M","?","M","?","M","R","E","R","T","M","R","?","?","E","R","BOSS"],"build_version":"2019-01-23","purchased_purges":1,"victory":false,"max_hp_per_floor":[66,66,66,66,66,66,66,66,66,66,66,66,66,66,66,66],"card_choices":[{"not_picked":["Backflip","Dagger Spray","Slice"],"picked":"SKIP","floor":1},{"not_picked":["Flying Knee","Bane"],"picked":"Venomology","floor":3},{"not_picked":["PiercingWail","Outmaneuver"],"picked":"All Out Attack","floor":5},{"not_picked":["PiercingWail","Flechettes"],"picked":"Calculated Gamble","floor":7},{"not_picked":["Quick Slash","Poisoned Stab","Dagger Throw"],"picked":"SKIP","floor":10},{"not_picked":["Flechettes","Flying Knee"],"picked":"Burst","floor":14}],"player_experience":3118895,"relics_obtained":[{"floor":7,"key":"War Paint"},{"floor":12,"key":"Odd Mushroom"},{"floor":14,"key":"Sundial"}],"event_choices":[{"damage_healed":0,"gold_gain":150,"player_choice":"AGREE","damage_taken":0,"max_hp_gain":0,"max_hp_loss":0,"event_name":"Liars Game","floor":2,"gold_loss":0,"cards_obtained":["Doubt"]},{"damage_healed":0,"gold_gain":0,"cards_transformed":["Strike_G"],"player_choice":"Change","damage_taken":0,"max_hp_gain":0,"max_hp_loss":0,"event_name":"Living Wall","floor":4,"gold_loss":0,"cards_obtained":["Noxious Fumes"]},{"damage_healed":0,"gold_gain":0,"player_choice":"Fought Mushrooms","damage_taken":0,"max_hp_gain":0,"max_hp_loss":0,"event_name":"Mushrooms","floor":12,"gold_loss":0}],"is_beta":false,"boss_relics":[],"items_purged_floors":[13],"is_endless":false,"potions_floor_spawned":[5,7,10],"killed_by":"Slime Boss","ascension_level":20}