{"gold_per_floor":[115,131,147,147,147,147,165,165,165,192,205,239,239,239,239,239],"floor_reached":16,"playtime":550,"items_purged":[],"score":200,"play_id":"1e3675d1-ddbc-4419-b630-8c8019c60806","local_time":"20190216110930","is_ascension_mode":true,"campfire_choices":[{"data":"Neutralize","floor":6.0,"key":"SMITH"},{"data":"Well Laid Plans","floor":8.0,"key":"SMITH"},{"data":"Poisoned Stab","floor":13,"key":"SMITH"},{"data":"Cloak And Dagger","floor":15,"key":"SMITH"}],"neow_cost":"PERCENT_DAMAGE","seed_source_timestamp":8021484966879,"circlet_count":0,"master_deck":["AscendersBane","Defend_G","Defend_G","Defend_G","Defend_G","Strike_G","Strike_G+1","Strike_G","Survivor+1","Neutralize+1","Cloak And Dagger+1","Cloak And Dagger","Cloak And Dagger","Well Laid Plans+1","All Out Attack","Escape Plan","Poisoned Stab+1"],"special_seed":0,"relics":["Ring of the Snake","Ninja Scroll","Odd Mushroom","Du-Vu Doll"],"potions_floor_usage":[12],"damage_taken":[{"damage":2.0,"enemies":"Jaw Worm","floor":1.0,"turns":7.0},{"damage":1.0,"enemies":"2 Louse","floor":2.0,"turns":5.0},{"damage":0.0,"enemies":"Small Slimes","floor":3.0,"turns":3.0},{"damage":0.0,"enemies":"3 Louse","floor":7.0,"turns":6.0},{"damage":5.0,"enemies":"The Mushroom Lair","floor":10.0,"turns":5.0},{"damage":6.0,"enemies":"Large Slime","floor":11.0,"turns":4.0},{"damage":8,"enemies":"Gremlin Nob","floor":12,"turns":4},{"damage":12,"enemies":"Slime Boss","floor":16,"turns":5}],"seed_played":"7501605888137589372","potions_obtained":[{"floor":2.0,"key":"Ancient Potion"},{"floor":3.0,"key":"Swift Potion"},{"floor":7.0,"key":"GhostInAJar"}],"is_trial":false,"path_per_floor":["M","M","M","?","?","R","M","R","T","?","M","E","R","?","R","B"],"character_chosen":"THE_SILENT","items_purchased":[],"campfire_rested":0,"item_purchase_floors":[],"current_hp_per_floor":[42,41,41,21,43,43,43,43,43,38,32,24,24,17,17,5],"gold":239,"neow_bonus":"REMOVE_TWO","is_prod":false,"is_daily":false,"chose_seed":false,"campfire_upgraded":4,"win_rate":0,"timestamp":1550286570,"path_taken":["M","M","M","?","?","R","M","R","T","?","M","E","R","?","R","BOSS"],"build_version":"2019-01-23","purchased_purges":0,"victory":false,"max_hp_per_floor":[66,66,66,66,66,66,66,66,66,66,66,66,66,66,66,66],"card_choices":[{"not_picked":["Prepared","Dodge and Roll"],"picked":"Cloak And Dagger","floor":1.0},{"not_picked":["Outmaneuver","Escape Plan"],"picked":"Cloak And Dagger","floor":2.0},{"not_picked":["Tools of the Trade","Dodge and Roll"],"picked":"Cloak And Dagger","floor":3.0},{"not_picked":["Noxious Fumes","Underhanded Strike"],"picked":"Well Laid Plans","floor":7.0},{"not_picked":["PiercingWail","Crippling Poison"],"picked":"All Out Attack","floor":10.0},{"not_picked":["Slice","Dagger Spray"],"picked":"Escape Plan","floor":11.0},{"not_picked":["Acrobatics","Reflex"],"picked":"Poisoned Stab","floor":12}],"player_experience":2811316,"relics_obtained":[{"floor":9.0,"key":"Ninja Scroll"},{"floor":10.0,"key":"Odd Mushroom"},{"floor":12,"key":"Du-Vu Doll"}],"event_choices":[{"damage_healed":0.0,"max_hp_gain":0.0,"max_hp_loss":0.0,"gold_gain":0.0,"event_name":"Shining Light","player_choice":"Entered Light","floor":4.0,"gold_loss":0.0,"damage_taken":20.0,"cards_upgraded":["Survivor","Strike_G"]},{"damage_healed":22.0,"max_hp_gain":0.0,"max_hp_loss":0.0,"gold_gain":0.0,"event_name":"Big Fish","player_choice":"Banana","floor":5.0,"gold_loss":0.0,"damage_taken":0.0},{"damage_healed":0.0,"max_hp_gain":0.0,"max_hp_loss":0.0,"gold_gain":0.0,"event_name":"Mushrooms","player_choice":"Fought Mushrooms","floor":10.0,"gold_loss":0.0,"damage_taken":0.0},{"cards_removed":["Strike_G"],"damage_healed":0,"gold_gain":0,"player_choice":"Card Removal","damage_taken":7,"max_hp_gain":0,"max_hp_loss":0,"event_name":"Golden Wing","floor":14,"gold_loss":0}],"is_beta":false,"boss_relics":[],"items_purged_floors":[],"is_endless":false,"potions_floor_spawned":[2,3,7],"killed_by":"Slime Boss","ascension_level":20}