{"gold_per_floor":[365,365,365,238,248,248,267,293,293,293,313,313,263,281,281,384,384,399,314,325,75,75,75,1,26,26,26,26,52,70,81,81,186,186,198,198,215,226,101,101,115,130,208,208,208,218,218,218,218,218],"floor_reached":51,"playtime":1110,"items_purged":["Strike_B","Strike_B","Ball Lightning"],"score":665,"play_id":"cd73a47a-e086-44ed-9222-64208782ac9a","local_time":"20190617132334","is_ascension_mode":false,"campfire_choices":[{"data":"Defragment","floor":6,"key":"SMITH"},{"data":"Dualcast","floor":10,"key":"SMITH"},{"data":"Zap","floor":12,"key":"SMITH"},{"data":"Coolheaded","floor":15,"key":"SMITH"},{"data":"Electrodynamics","floor":23,"key":"SMITH"},{"data":"Hologram","floor":27,"key":"SMITH"},{"data":"Machine Learning","floor":32,"key":"SMITH"},{"data":"Darkness","floor":40,"key":"SMITH"},{"data":"Coolheaded","floor":44,"key":"SMITH"},{"data":"Biased Cognition","floor":45,"key":"SMITH"},{"data":"Multi-Cast","floor":47,"key":"SMITH"},{"floor":49,"key":"RECALL"}],"neow_cost":"CURSE","seed_source_timestamp":4372946697983,"circlet_count":0,"master_deck":["Zap+1","Dualcast+1","Defragment+1","Coolheaded+1","Self Repair+1","Hologram+1","Hologram+1","Ball Lightning+1","Electrodynamics+1","Turbo+1","Core Surge+1","Machine Learning+1","Defragment+1","Biased Cognition+1","Multi-Cast+1","Conserve Battery+1","Darkness+1","Coolheaded+1"],"relics":["Cracked Core","WingedGreaves","StoneCalendar","Coffee Dripper","Lantern","Bag of Preparation","Strawberry","Dodecahedron","Kunai","Pandora\u0027s Box","Orichalcum","Blue Candle","Mark of the Bloom"],"potions_floor_usage":[42,42,50],"damage_taken":[{"damage":1,"enemies":"Cultist","floor":1,"turns":3},{"damage":2,"enemies":"2 Louse","floor":5,"turns":2},{"damage":1,"enemies":"Jaw Worm","floor":7,"turns":4},{"damage":10,"enemies":"Gremlin Nob","floor":8,"turns":4},{"damage":3,"enemies":"Exordium Wildlife","floor":11,"turns":3},{"damage":0,"enemies":"Blue Slaver","floor":14,"turns":4},{"damage":44,"enemies":"Hexaghost","floor":16,"turns":6},{"damage":2,"enemies":"3 Byrds","floor":18,"turns":2},{"damage":4,"enemies":"2 Thieves","floor":20,"turns":3},{"damage":15,"enemies":"Book of Stabbing","floor":29,"turns":5},{"damage":0,"enemies":"Cultist and Chosen","floor":30,"turns":3},{"damage":0,"enemies":"3 Cultists","floor":31,"turns":2},{"damage":29,"enemies":"Champ","floor":33,"turns":8},{"damage":23,"enemies":"Orb Walker","floor":35,"turns":3},{"damage":1,"enemies":"3 Darklings","floor":37,"turns":3},{"damage":13,"enemies":"Spire Growth","floor":38,"turns":4},{"damage":7,"enemies":"4 Shapes","floor":41,"turns":2},{"damage":19,"enemies":"Writhing Mass","floor":42,"turns":3},{"damage":0,"enemies":"Maw","floor":46,"turns":5},{"damage":6,"enemies":"Awakened One","floor":50,"turns":7}],"seed_played":"7427812868248497513","potions_obtained":[{"floor":5,"key":"Block Potion"},{"floor":7,"key":"Ancient Potion"},{"floor":8,"key":"Weak Potion"},{"floor":46,"key":"Fire Potion"}],"is_trial":false,"path_per_floor":["M","?","?","$","M","R","M","E","T","R","M","R","?","M","R","B",null,"M","?","M","$","?","R","$","T","T","R","$","E","M","M","R","B",null,"M","?","M","M","$","R","M","M","T","R","R","M","R","?","R","B",null],"character_chosen":"DEFECT","items_purchased":["Coolheaded","Bag of Preparation","Core Surge"],"campfire_rested":0,"item_purchase_floors":[4,21,24],"current_hp_per_floor":[74,79,79,79,77,77,80,77,77,77,74,74,74,80,80,43,80,80,80,80,80,80,80,80,87,87,87,87,72,79,86,86,64,87,71,71,77,71,71,71,64,52,52,52,52,59,59,59,59,53],"gold":218,"neow_bonus":"TWO_FIFTY_GOLD","is_prod":false,"is_daily":false,"chose_seed":false,"campfire_upgraded":11,"win_rate":0,"timestamp":1560749014,"path_taken":["M","?","?","$","?","R","M","E","T","R","M","R","?","M","R","BOSS","M","?","M","$","?","R","?","?","T","R","$","E","M","?","R","BOSS","M","?","M","M","$","R","M","M","T","R","R","?","R","?","R","BOSS"],"build_version":"2019-01-23","purchased_purges":3,"victory":true,"max_hp_per_floor":[75,80,80,80,80,80,80,80,80,80,80,80,80,80,80,80,80,80,80,80,80,80,80,80,87,87,87,87,87,87,87,87,87,87,87,87,87,87,87,87,87,87,87,87,87,87,87,87,87,87],"card_choices":[{"not_picked":["Tempest","Stack"],"picked":"Defragment","floor":1},{"not_picked":["Coolheaded","Melter"],"picked":"Self Repair","floor":5},{"not_picked":["Blizzard","Compile Driver"],"picked":"Ball Lightning","floor":7},{"not_picked":["Steam","Rebound"],"picked":"Hologram","floor":8},{"not_picked":["Rebound","Beam Cell"],"picked":"Hologram","floor":11},{"not_picked":["Streamline","Turbo"],"picked":"Ball Lightning","floor":14},{"not_picked":["Seek","All For One"],"picked":"Electrodynamics","floor":16},{"not_picked":["Lockon+1","Gash","Beam Cell+1"],"picked":"SKIP","floor":18},{"not_picked":["Streamline","Cold Snap+1"],"picked":"Turbo+1","floor":20},{"not_picked":["Steam","Hologram"],"picked":"Machine Learning","floor":29},{"not_picked":["Hologram","Turbo+1"],"picked":"Defragment+1","floor":30},{"not_picked":["Streamline","Turbo","Gash"],"picked":"SKIP","floor":31},{"not_picked":["Amplify","Multi-Cast"],"picked":"Biased Cognition","floor":33},{"not_picked":["Leap","Force Field","Go for the Eyes+1"],"picked":"SKIP","floor":35},{"not_picked":["Gash","Sweeping Beam","Stack+1"],"picked":"SKIP","floor":37},{"not_picked":["Hologram+1","Sweeping Beam","Leap"],"picked":"SKIP","floor":38},{"not_picked":["Chaos","Sunder"],"picked":"Coolheaded","floor":41},{"not_picked":["Storm","Sweeping Beam","Conserve Battery+1"],"picked":"SKIP","floor":42},{"not_picked":["Undo+1","Thunder Strike","Go for the Eyes+1"],"picked":"SKIP","floor":46}],"player_experience":5341208,"relics_obtained":[{"floor":8,"key":"WingedGreaves"},{"floor":9,"key":"StoneCalendar"},{"floor":25,"key":"Strawberry"},{"floor":26,"key":"Dodecahedron"},{"floor":29,"key":"Kunai"},{"floor":43,"key":"Blue Candle"}],"event_choices":[{"damage_healed":0,"gold_gain":0,"player_choice":"Donut","damage_taken":0,"max_hp_gain":5,"max_hp_loss":0,"event_name":"Big Fish","floor":2,"gold_loss":0},{"cards_removed":["Writhe"],"damage_healed":0,"gold_gain":0,"player_choice":"Purged","damage_taken":0,"max_hp_gain":0,"max_hp_loss":0,"event_name":"Purifier","floor":3,"gold_loss":0},{"cards_removed":["Strike_B"],"damage_healed":0,"gold_gain":0,"player_choice":"Card Removal","damage_taken":0,"max_hp_gain":0,"max_hp_loss":0,"event_name":"The Cleric","floor":13,"gold_loss":50},{"damage_healed":0,"gold_gain":0,"player_choice":"Obtained Relic","damage_taken":0,"relics_obtained":["Lantern"],"max_hp_gain":0,"max_hp_loss":0,"event_name":"Addict","floor":19,"gold_loss":85},{"cards_removed":["Strike_B"],"damage_healed":0,"gold_gain":0,"player_choice":"Elegance","damage_taken":0,"max_hp_gain":0,"max_hp_loss":0,"event_name":"Back to Basics","floor":22,"gold_loss":0},{"cards_removed":["Chaos"],"damage_healed":0,"gold_gain":0,"player_choice":"Gave Card","damage_taken":0,"relics_obtained":["Orichalcum"],"max_hp_gain":0,"max_hp_loss":0,"event_name":"WeMeetAgain","floor":36,"gold_loss":0},{"damage_healed":0,"gold_gain":0,"player_choice":"Upgrade","damage_taken":0,"relics_obtained":["Mark of the Bloom"],"max_hp_gain":0,"max_hp_loss":0,"event_name":"MindBloom","floor":48,"gold_loss":0,"cards_upgraded":["Self Repair","Hologram","Ball Lightning","Core Surge","Conserve Battery"]}],"is_beta":false,"boss_relics":[{"not_picked":["Philosopher\u0027s Stone","Eternal Feather"],"picked":"Coffee Dripper"},{"not_picked":["Tiny House","Empty Cage"],"picked":"Pandora\u0027s Box"}],"items_purged_floors":[4,21,39],"is_endless":false,"potions_floor_spawned":[5,7,8,11,18,29,33,35,41,46],"ascension_level":0}