{"gold_per_floor":[114,114,39,39,63,107,107,107,107,107,151,151,169,207,207,300,300,320,344,244,294,474,474,498,512,512,512,102,122,122,142,142,142],"floor_reached":33,"playtime":860,"items_purged":["Strike_G","Strike_G","Strike_G"],"score":514,"play_id":"99f89730-b117-4f25-ba33-35aca8319485","local_time":"20181113230837","is_ascension_mode":true,"campfire_choices":[{"data":"1","floor":7,"key":"LIFT"},{"data":"2","floor":10,"key":"LIFT"},{"data":"Cloak And Dagger","floor":12,"key":"SMITH"},{"data":"3","floor":15,"key":"LIFT"},{"floor":23,"key":"REST"},{"data":"Burst","floor":32,"key":"SMITH"}],"neow_cost":"NONE","seed_source_timestamp":9413502730209,"circlet_count":0,"master_deck":["AscendersBane","Defend_G","Defend_G","Defend_G","Defend_G","Strike_G","Strike_G","Survivor","Neutralize","Acrobatics","Dagger Spray","Cloak And Dagger+1","Dagger Spray","Outmaneuver","Adrenaline","Riddle With Holes+1","Burst+1"],"relics":["Ring of the Snake","NeowsBlessing","Golden Idol","Girya","Darkstone Periapt","Regal Pillow","Odd Mushroom","Sozu","Molten Egg 2","Paper Crane","Ornamental Fan"],"potions_floor_usage":[16,33],"damage_taken":[{"damage":0,"enemies":"2 Louse","floor":1,"turns":1},{"damage":0,"enemies":"Jaw Worm","floor":5,"turns":1},{"damage":0,"enemies":"3 Sentries","floor":6,"turns":2},{"damage":29,"enemies":"Gremlin Nob","floor":11,"turns":5},{"damage":1,"enemies":"Small Slimes","floor":13,"turns":3},{"damage":3,"enemies":"The Mushroom Lair","floor":14,"turns":3},{"damage":24,"enemies":"The Guardian","floor":16,"turns":13},{"damage":11,"enemies":"Shell Parasite","floor":18,"turns":5},{"damage":0,"enemies":"Spheric Guardian","floor":19,"turns":3},{"damage":2,"enemies":"Centurion and Healer","floor":24,"turns":5},{"damage":4,"enemies":"Snecko","floor":25,"turns":4},{"damage":0,"enemies":"3 Cultists","floor":29,"turns":4},{"damage":0,"enemies":"Centurion and Healer","floor":31,"turns":5},{"damage":56,"enemies":"Champ","floor":33,"turns":10}],"seed_played":"4388324078036203279","potions_obtained":[{"floor":6,"key":"SkillPotion"},{"floor":14,"key":"GhostInAJar"}],"is_trial":false,"path_per_floor":["M","?","$","?","M","E","R","?","T","R","E","R","M","?","R","B",null,"M","M","$","?","?","R","M","M","T","?","$","M","T","M","R","B"],"character_chosen":"THE_SILENT","items_purchased":["Paper Crane"],"campfire_rested":1,"item_purchase_floors":[28],"current_hp_per_floor":[59,59,59,59,59,59,59,59,59,59,30,30,29,26,26,2,46,35,35,35,35,17,50,48,44,44,44,44,44,44,44,44,0],"gold":142,"neow_bonus":"THREE_ENEMY_KILL","is_prod":false,"is_daily":false,"chose_seed":false,"campfire_upgraded":2,"win_rate":0,"timestamp":1542121717,"path_taken":["M","?","$","?","?","E","R","?","T","R","E","R","?","?","R","BOSS","M","M","$","?","?","R","M","?","T","?","$","?","?","M","R","BOSS"],"build_version":"2018-11-12","purchased_purges":3,"victory":false,"max_hp_per_floor":[66,66,66,60,60,60,60,60,60,60,60,60,60,60,60,60,60,60,60,60,60,60,60,60,60,60,60,60,60,60,60,60,60],"card_choices":[{"not_picked":["Reflex","Deflect"],"picked":"Acrobatics","floor":1},{"not_picked":["Blade Dance","Bane","Quick Slash"],"picked":"SKIP","floor":5},{"not_picked":["Outmaneuver","Cloak And Dagger","Sucker Punch"],"picked":"SKIP","floor":6},{"not_picked":["All Out Attack","Die Die Die"],"picked":"Cloak And Dagger","floor":11},{"not_picked":["Bane","Dodge and Roll"],"picked":"Dagger Spray","floor":13},{"not_picked":["Bane","Expertise"],"picked":"Outmaneuver","floor":14},{"not_picked":["Envenom","After Image"],"picked":"Adrenaline","floor":16},{"not_picked":["Deflect","Bane","Backflip"],"picked":"SKIP","floor":18},{"not_picked":["PiercingWail","Unload","Poisoned Stab"],"picked":"SKIP","floor":19},{"not_picked":["Sucker Punch+1","Dagger Spray"],"picked":"Riddle With Holes+1","floor":24},{"not_picked":["Dodge and Roll","Outmaneuver","Dagger Spray"],"picked":"SKIP","floor":25},{"not_picked":["PiercingWail","Bouncing Flask+1","Predator+1"],"picked":"SKIP","floor":29},{"not_picked":["Tactician","Noxious Fumes","PiercingWail+1"],"picked":"SKIP","floor":31},{"not_picked":["Tactician","Noxious Fumes","PiercingWail+1"],"picked":"SKIP","floor":31}],"player_experience":1047584,"relics_obtained":[{"floor":6,"key":"Girya"},{"floor":9,"key":"Darkstone Periapt"},{"floor":11,"key":"Regal Pillow"},{"floor":14,"key":"Odd Mushroom"},{"floor":26,"key":"Molten Egg 2"},{"floor":30,"key":"Ornamental Fan"}],"event_choices":[{"damage_healed":0,"gold_gain":0,"player_choice":"Ignored","damage_taken":0,"max_hp_gain":0,"max_hp_loss":0,"event_name":"Liars Game","floor":2,"gold_loss":0},{"damage_healed":0,"gold_gain":0,"player_choice":"Lose Max HP","damage_taken":0,"relics_obtained":["Golden Idol"],"max_hp_gain":0,"max_hp_loss":6,"event_name":"Golden Idol","floor":4,"gold_loss":0},{"damage_healed":0,"gold_gain":0,"cards_transformed":["Defend_G"],"player_choice":"Transformed","damage_taken":0,"max_hp_gain":0,"max_hp_loss":0,"event_name":"Transmorgrifier","floor":8,"gold_loss":0,"cards_obtained":["Dagger Spray"]},{"damage_healed":0,"gold_gain":0,"player_choice":"Fought Mushrooms","damage_taken":0,"max_hp_gain":0,"max_hp_loss":0,"event_name":"Mushrooms","floor":14,"gold_loss":0},{"damage_healed":0,"gold_gain":50,"player_choice":"Stole From Cult","damage_taken":0,"max_hp_gain":0,"max_hp_loss":0,"event_name":"Nest","floor":21,"gold_loss":0},{"damage_healed":0,"gold_gain":180,"player_choice":"GOLD GOLD ","damage_taken":18,"max_hp_gain":0,"max_hp_loss":0,"event_name":"Knowing Skull","floor":22,"potions_obtained":[],"gold_loss":0,"cards_obtained":[]},{"damage_healed":0,"gold_gain":0,"player_choice":"1 cards matched","damage_taken":0,"max_hp_gain":0,"max_hp_loss":0,"event_name":"Match and Keep!","floor":27,"gold_loss":0,"cards_obtained":["Burst"]}],"is_beta":true,"boss_relics":[{"not_picked":["Empty Cage","Ectoplasm"],"picked":"Sozu"}],"items_purged_floors":[3,20,28],"is_endless":false,"potions_floor_spawned":[6,14,19,25,31],"killed_by":"Champ","ascension_level":17}