{"gold_per_floor":[113,113,130,146,3,3,36,51,131,131,131,160,172,172,172,251,251,270,287,299,299,309,309,309,309,309,27,27,39,39,74,74,151,151,167,181,30,40,40,73,73,108,134,134],"floor_reached":44,"playtime":2363,"items_purged":["Strike_R"],"score":912,"play_id":"bd5d5276-61bc-482b-99ad-a41781e14a1f","local_time":"20181216192133","is_ascension_mode":true,"campfire_choices":[{"data":"Disarm","floor":6.0,"key":"SMITH"},{"floor":10.0,"key":"REST"},{"data":"Spot Weakness","floor":15.0,"key":"SMITH"},{"data":"Inflame","floor":23.0,"key":"SMITH"},{"data":"Double Tap","floor":25.0,"key":"SMITH"},{"data":"Burning Pact","floor":28.0,"key":"SMITH"},{"floor":30.0,"key":"REST"},{"floor":32.0,"key":"REST"},{"floor":41.0,"key":"REST"}],"neow_cost":"NONE","seed_source_timestamp":25435886888527,"circlet_count":0,"master_deck":["AscendersBane","Strike_R","Strike_R","Strike_R","Defend_R","Defend_R+1","Defend_R","Defend_R","Bash","Disarm+1","Spot Weakness+1","Double Tap+1","Shrug It Off+1","Parasite","Spot Weakness+1","Rage","Fiend Fire","Inflame+1","Burning Pact+1","Power Through+1","Flash of Steel","Burning Pact+1","Impervious","Dual Wield+1","Brutality+1","Sentinel+1","Sentinel"],"special_seed":0,"relics":["Burning Blood","Calipers","Bronze Scales","Cursed Key","War Paint","Medical Kit","Frozen Egg 2","Orrery","Regal Pillow","Red Skull","Omamori","Dream Catcher"],"potions_floor_usage":[],"damage_taken":[{"damage":8.0,"enemies":"Jaw Worm","floor":1.0,"turns":6.0},{"damage":2.0,"enemies":"2 Louse","floor":3.0,"turns":4.0},{"damage":0.0,"enemies":"Small Slimes","floor":4.0,"turns":3.0},{"damage":55.0,"enemies":"3 Sentries","floor":7.0,"turns":12.0},{"damage":18.0,"enemies":"3 Louse","floor":8.0,"turns":9.0},{"damage":45.0,"enemies":"Gremlin Nob","floor":12.0,"turns":6.0},{"damage":3.0,"enemies":"Blue Slaver","floor":13.0,"turns":6.0},{"damage":24.0,"enemies":"Hexaghost","floor":16.0,"turns":10.0},{"damage":19.0,"enemies":"Spheric Guardian","floor":18.0,"turns":5.0},{"damage":37.0,"enemies":"Shell Parasite","floor":19.0,"turns":8.0},{"damage":16.0,"enemies":"Cultist and Chosen","floor":20.0,"turns":6.0},{"damage":49.0,"enemies":"Chosen and Byrds","floor":22.0,"turns":8.0},{"damage":6.0,"enemies":"Snake Plant","floor":29.0,"turns":6.0},{"damage":44.0,"enemies":"Slavers","floor":31.0,"turns":5.0},{"damage":36.0,"enemies":"Collector","floor":33.0,"turns":9.0},{"damage":15.0,"enemies":"Orb Walker","floor":35.0,"turns":4.0},{"damage":28.0,"enemies":"3 Shapes","floor":36.0,"turns":6.0},{"damage":31.0,"enemies":"Jaw Worm Horde","floor":38.0,"turns":6.0},{"damage":74.0,"enemies":"Reptomancer","floor":40.0,"turns":6.0},{"damage":7.0,"enemies":"Nemesis","floor":42.0,"turns":7.0},{"damage":71,"enemies":"Reptomancer","floor":44,"turns":5}],"seed_played":"-2062512193478391820","potions_obtained":[{"floor":7.0,"key":"Regen Potion"},{"floor":12.0,"key":"Regen Potion"},{"floor":19.0,"key":"Regen Potion"},{"floor":20.0,"key":"Strength Potion"},{"floor":31.0,"key":"EssenceOfSteel"},{"floor":36.0,"key":"Ancient Potion"}],"is_trial":false,"path_per_floor":["M","?","M","M","$","R","E","M","T","R","?","E","M","?","R","B",null,"M","M","M","?","M","R","?","R","T","$","R","M","R","E","R","B",null,"M","M","$","M","?","E","R","E","T","E"],"character_chosen":"IRONCLAD","items_purchased":["Double Tap","Medical Kit","Flash of Steel","Regal Pillow"],"campfire_rested":4,"item_purchase_floors":[5,27,27,37],"current_hp_per_floor":[66,71,75,80,80,80,31,19,19,43,63,24,27,27,27,9,62,49,70,60,60,32,32,32,32,32,32,32,32,56,18,42,12,63,54,32,32,7,90,22,64,63,63,0],"gold":134,"neow_bonus":"REMOVE_CARD","is_prod":false,"is_daily":false,"chose_seed":false,"campfire_upgraded":5,"win_rate":0,"timestamp":1544959293,"path_taken":["M","?","M","M","$","R","E","M","T","R","?","E","M","?","R","BOSS","M","?","M","?","M","R","?","R","T","$","R","M","R","E","R","BOSS","M","M","$","?","?","E","R","E","T","E"],"build_version":"2018-12-13","purchased_purges":1,"victory":false,"max_hp_per_floor":[75,80,80,80,80,80,80,80,80,80,80,80,80,80,80,80,80,80,80,80,80,80,80,80,80,80,80,80,80,80,80,80,80,80,80,80,80,80,90,90,90,90,90,90],"card_choices":[{"not_picked":["Armaments","Heavy Blade"],"picked":"Disarm","floor":1.0},{"not_picked":["Shrug It Off","Whirlwind"],"picked":"Spot Weakness","floor":3.0},{"not_picked":["Fire Breathing","Body Slam","Perfected Strike"],"picked":"SKIP","floor":4.0},{"not_picked":["Rupture","Clothesline"],"picked":"Exhume","floor":7.0},{"not_picked":["Whirlwind","Anger"],"picked":"Shrug It Off","floor":8.0},{"not_picked":["Blood for Blood","Havoc"],"picked":"Spot Weakness","floor":12.0},{"not_picked":["Blood for Blood","Pommel Strike"],"picked":"Rage","floor":13.0},{"not_picked":["Dark Embrace","Juggernaut"],"picked":"Fiend Fire","floor":16.0},{"not_picked":["Wild Strike","Anger+1"],"picked":"Inflame","floor":18.0},{"not_picked":["Perfected Strike","Iron Wave+1","Wild Strike"],"picked":"SKIP","floor":19.0},{"not_picked":["Metallicize","Cleave"],"picked":"Burning Pact","floor":20.0},{"not_picked":["Clothesline","Evolve"],"picked":"Power Through+1","floor":22.0},{"not_picked":["Clothesline","Dual Wield","Spot Weakness"],"picked":"SKIP","floor":29.0},{"not_picked":["Sword Boomerang","Dark Embrace"],"picked":"Burning Pact+1","floor":31.0},{"not_picked":["Demon Form+1","Immolate"],"picked":"Impervious","floor":33.0},{"not_picked":["Flame Barrier","Clash"],"picked":"Dual Wield+1","floor":34.0},{"not_picked":["Headbutt","Fire Breathing+1"],"picked":"Brutality+1","floor":34.0},{"not_picked":["Anger","Wild Strike","Fire Breathing+1"],"picked":"SKIP","floor":35.0},{"not_picked":["Anger","Havoc"],"picked":"Sentinel+1","floor":36.0},{"not_picked":["Double Tap","Havoc","Iron Wave"],"picked":"SKIP","floor":38.0},{"not_picked":["Armaments","Headbutt+1","Havoc"],"picked":"SKIP","floor":40.0},{"not_picked":["Ghostly Armor","Flex"],"picked":"Sentinel","floor":42.0}],"player_experience":1292627,"relics_obtained":[{"floor":7.0,"key":"Calipers"},{"floor":12.0,"key":"Bronze Scales"},{"floor":31.0,"key":"Frozen Egg 2"},{"floor":40.0,"key":"Red Skull"},{"floor":42.0,"key":"Omamori"},{"floor":43.0,"key":"Dream Catcher"}],"event_choices":[{"damage_healed":0.0,"max_hp_gain":5.0,"max_hp_loss":0.0,"gold_gain":0.0,"event_name":"Big Fish","player_choice":"Donut","floor":2.0,"gold_loss":0.0,"damage_taken":0.0},{"damage_healed":20.0,"max_hp_gain":0.0,"max_hp_loss":0.0,"gold_gain":0.0,"event_name":"Mushrooms","player_choice":"Healed and dodged fight","floor":11.0,"gold_loss":0.0,"damage_taken":0.0,"cards_obtained":["Parasite"]},{"damage_healed":0.0,"max_hp_gain":0.0,"max_hp_loss":0.0,"gold_gain":0.0,"event_name":"Upgrade Shrine","player_choice":"Upgraded","floor":14.0,"gold_loss":0.0,"damage_taken":0.0,"cards_upgraded":["Spot Weakness"]},{"damage_healed":0.0,"max_hp_gain":0.0,"max_hp_loss":0.0,"gold_gain":0.0,"event_name":"The Mausoleum","player_choice":"Ignored","floor":21.0,"gold_loss":0.0,"damage_taken":0.0},{"damage_healed":0.0,"max_hp_gain":0.0,"max_hp_loss":0.0,"gold_gain":0.0,"event_name":"WeMeetAgain","player_choice":"Gave Potion","floor":24.0,"gold_loss":0.0,"damage_taken":0.0,"relics_obtained":["War Paint"]},{"cards_removed":["Exhume"],"damage_healed":73.0,"max_hp_gain":10.0,"max_hp_loss":0.0,"gold_gain":0.0,"event_name":"Bonfire Elementals","player_choice":"Offered Rare","floor":39.0,"gold_loss":0.0,"damage_taken":0.0}],"is_beta":false,"boss_relics":[{"not_picked":["Pandora\u0027s Box","Calling Bell"],"picked":"Cursed Key"},{"not_picked":["Snecko Eye","Lizard Tail"],"picked":"Orrery"}],"items_purged_floors":[5],"is_endless":false,"potions_floor_spawned":[7,12,13,16,19,20,31,36,40],"killed_by":"Reptomancer","ascension_level":15}