{"gold_per_floor":[217,217,167,183,108,108,8,8,8,18,34,34,46,61,61,165,165,177,116,166,66,79,79,90,101,101,26,26,53,70,85,85,185,185,201,216,233,43,43,43,55,81,81,52,70,86,86,105,105,105],"floor_reached":51,"playtime":3108,"items_purged":["Defend_G","Strike_G","Defend_G","Defend_G"],"score":748,"play_id":"0cf4709b-733b-4811-9bd0-78add1f7aecd","local_time":"20181022195146","is_ascension_mode":false,"campfire_choices":[{"data":"Neutralize","floor":6.0,"key":"SMITH"},{"data":"Backflip","floor":8.0,"key":"SMITH"},{"data":"Survivor","floor":15.0,"key":"SMITH"},{"floor":23.0,"key":"REST"},{"floor":32.0,"key":"REST"},{"floor":40,"key":"REST"},{"floor":47,"key":"REST"},{"floor":49,"key":"REST"}],"neow_cost":"NONE","seed_source_timestamp":40815043240185,"circlet_count":0,"master_deck":["Defend_G","Defend_G","Strike_G+1","Strike_G+1","Survivor+1","Neutralize+1","Backflip+1","Adrenaline","Noxious Fumes","Bouncing Flask","Well Laid Plans+1","Backflip","Well Laid Plans","Adrenaline","Heel Hook+1","Deep Breath","Heel Hook","Well Laid Plans"],"special_seed":0,"relics":["Ring of the Snake","The Courier","Fusion Hammer","Lantern","Dream Catcher","Sozu","Omamori","Mummified Hand"],"potions_floor_usage":[50,50],"damage_taken":[{"damage":0.0,"enemies":"2 Louse","floor":1.0,"turns":3.0},{"damage":0.0,"enemies":"Small Slimes","floor":4.0,"turns":3.0},{"damage":0.0,"enemies":"Jaw Worm","floor":10.0,"turns":4.0},{"damage":0.0,"enemies":"Red Slaver","floor":11.0,"turns":4.0},{"damage":0.0,"enemies":"2 Fungi Beasts","floor":13.0,"turns":5.0},{"damage":0.0,"enemies":"Lots of Slimes","floor":14.0,"turns":6.0},{"damage":42.0,"enemies":"Slime Boss","floor":16.0,"turns":10.0},{"damage":0.0,"enemies":"3 Byrds","floor":18.0,"turns":7.0},{"damage":0.0,"enemies":"Chosen","floor":22.0,"turns":5.0},{"damage":9.0,"enemies":"Snecko","floor":24.0,"turns":8.0},{"damage":1.0,"enemies":"Snake Plant","floor":25.0,"turns":7.0},{"damage":1.0,"enemies":"Centurion and Healer","floor":30.0,"turns":7.0},{"damage":0.0,"enemies":"3 Cultists","floor":31.0,"turns":5.0},{"damage":16.0,"enemies":"Automaton","floor":33.0,"turns":11.0},{"damage":0,"enemies":"3 Shapes","floor":35,"turns":5},{"damage":1,"enemies":"3 Darklings","floor":36,"turns":5},{"damage":0,"enemies":"Maw","floor":37,"turns":7},{"damage":0,"enemies":"4 Shapes","floor":41,"turns":5},{"damage":0,"enemies":"Giant Head","floor":42,"turns":1},{"damage":0,"enemies":"Jaw Worm Horde","floor":45,"turns":3},{"damage":0,"enemies":"Maw","floor":46,"turns":2},{"damage":0,"enemies":"Sphere and 2 Shapes","floor":48,"turns":4},{"damage":0,"enemies":"Awakened One","floor":50,"turns":3}],"seed_played":"-4089191672661724551","potions_obtained":[{"floor":4.0,"key":"SteroidPotion"},{"floor":10.0,"key":"AttackPotion"},{"floor":18.0,"key":"AttackPotion"},{"floor":30.0,"key":"Strength Potion"},{"floor":33.0,"key":"Energy Potion"}],"is_trial":false,"path_per_floor":["M","?","?","M","$","R","$","R","T","M","M","$","M","M","R","B",null,"M","$","?","$","M","R","M","M","T","?","$","T","M","M","R","B",null,"M","M","M","$","?","R","M","E","T","$","M","M","R","M","R","B"],"character_chosen":"THE_SILENT","items_purchased":["Noxious Fumes","Deep Breath","Well Laid Plans"],"campfire_rested":5,"item_purchase_floors":[19,38,44],"current_hp_per_floor":[70,56,56,56,56,56,56,56,56,56,56,56,56,56,56,14,70,70,70,70,70,70,70,61,60,60,60,60,60,59,59,70,54,70,70,69,69,69,69,70,70,70,70,70,70,70,70,70,70,70],"gold":105,"neow_bonus":"HUNDRED_GOLD","is_prod":false,"is_daily":false,"chose_seed":false,"campfire_upgraded":3,"win_rate":0,"timestamp":1540209106,"path_taken":["M","?","?","?","$","R","$","R","T","M","M","$","M","M","R","BOSS","M","$","?","$","M","R","M","M","T","?","?","?","M","M","R","BOSS","M","M","M","$","?","R","M","E","T","$","M","?","R","M","R","BOSS"],"build_version":"2018-10-18","purchased_purges":4,"victory":true,"max_hp_per_floor":[70,70,70,70,70,70,70,70,70,70,70,70,70,70,70,70,70,70,70,70,70,70,70,70,70,70,70,70,70,70,70,70,70,70,70,70,70,70,70,70,70,70,70,70,70,70,70,70,70,70],"card_choices":[{"not_picked":["Flying Knee","Accuracy"],"picked":"Backflip","floor":1.0},{"not_picked":["Slice","Dagger Spray","PiercingWail"],"picked":"SKIP","floor":4.0},{"not_picked":["Prepared","Acrobatics","Skewer"],"picked":"SKIP","floor":10.0},{"not_picked":["Quick Slash","Outmaneuver","Slice"],"picked":"SKIP","floor":11.0},{"not_picked":["Flying Knee","Prepared","Acrobatics"],"picked":"SKIP","floor":13.0},{"not_picked":["Flying Knee","Deflect","Blur"],"picked":"SKIP","floor":14.0},{"not_picked":["Die Die Die","Doppelganger"],"picked":"Adrenaline","floor":16.0},{"not_picked":["Riddle With Holes","Reflex","Finisher"],"picked":"SKIP","floor":18.0},{"not_picked":["Reflex+1","Calculated Gamble","Flying Knee"],"picked":"SKIP","floor":22.0},{"not_picked":["Sucker Punch","Tactician","Poisoned Stab"],"picked":"SKIP","floor":24.0},{"not_picked":["Sucker Punch","Acrobatics"],"picked":"Bouncing Flask","floor":25.0},{"not_picked":["Outmaneuver","Acrobatics"],"picked":"Well Laid Plans+1","floor":30.0},{"not_picked":["Distraction","Dagger Spray+1"],"picked":"Backflip","floor":31.0},{"not_picked":["Concentrate","Outmaneuver+1"],"picked":"Well Laid Plans","floor":32.0},{"not_picked":["Glass Knife","Tools of the Trade"],"picked":"Adrenaline","floor":33.0},{"not_picked":["Cloak And Dagger+1","Flying Knee+1"],"picked":"Heel Hook+1","floor":35},{"not_picked":["Blade Dance+1","Outmaneuver","Dodge and Roll+1"],"picked":"SKIP","floor":36},{"not_picked":["Tactician","Deflect","Dodge and Roll"],"picked":"SKIP","floor":37},{"not_picked":["Dodge and Roll+1","Tactician"],"picked":"Heel Hook","floor":41},{"not_picked":["Flying Knee","Caltrops","Dagger Spray"],"picked":"SKIP","floor":42},{"not_picked":["Slice+1","Footwork+1","Setup"],"picked":"SKIP","floor":45},{"not_picked":["Setup","Glass Knife","Dodge and Roll+1"],"picked":"SKIP","floor":46},{"not_picked":["Blade Dance+1","Slice","Dagger Throw"],"picked":"SKIP","floor":48}],"player_experience":523785,"relics_obtained":[{"floor":9.0,"key":"The Courier"},{"floor":26.0,"key":"Lantern"},{"floor":29.0,"key":"Dream Catcher"},{"floor":42,"key":"Omamori"},{"floor":43,"key":"Mummified Hand"}],"event_choices":[{"damage_healed":0.0,"max_hp_gain":0.0,"max_hp_loss":0.0,"gold_gain":0.0,"event_name":"Shining Light","player_choice":"Entered Light","floor":2.0,"gold_loss":0.0,"damage_taken":14.0,"cards_upgraded":["Strike_G","Strike_G"]},{"cards_removed":["Strike_G"],"damage_healed":0.0,"max_hp_gain":0.0,"max_hp_loss":0.0,"gold_gain":0.0,"event_name":"The Cleric","player_choice":"Card Removal","floor":3.0,"gold_loss":50.0,"damage_taken":0.0},{"damage_healed":0.0,"max_hp_gain":0.0,"max_hp_loss":0.0,"gold_gain":100.0,"event_name":"The Joust","player_choice":"Bet on Murderer","floor":20.0,"gold_loss":50.0,"damage_taken":0.0},{"cards_removed":["Strike_G"],"damage_healed":0.0,"max_hp_gain":0.0,"max_hp_loss":0.0,"gold_gain":0.0,"event_name":"Beggar","player_choice":"Gave Gold","floor":27.0,"gold_loss":75.0,"damage_taken":0.0},{"damage_healed":0,"gold_gain":0,"player_choice":"Ignored","damage_taken":0,"max_hp_gain":0,"max_hp_loss":0,"event_name":"Mysterious Sphere","floor":39,"gold_loss":0}],"is_beta":false,"boss_relics":[{"not_picked":["Calling Bell","HoveringKite"],"picked":"Fusion Hammer"},{"not_picked":["Eternal Feather","Tiny House"],"picked":"Sozu"}],"items_purged_floors":[5,7,21,38],"is_endless":false,"potions_floor_spawned":[4,10,18,30,33,35,36,46],"ascension_level":0}