{"gold_per_floor":[113,347,355,355,179,208,220,220,220,3,3],"floor_reached":11,"playtime":152,"items_purged":["Regret"],"score":216,"play_id":"284921b3-8456-458a-a4df-a4d607603b12","local_time":"20190129221105","is_ascension_mode":true,"campfire_choices":[{"data":"Corpse Explosion","floor":8,"key":"SMITH"}],"neow_cost":"NONE","seed_source_timestamp":42327457460509,"circlet_count":0,"master_deck":["AscendersBane","Defend_G","Defend_G","Defend_G","Defend_G","Defend_G","Strike_G","Strike_G","Strike_G","Strike_G","Strike_G","Survivor","Neutralize","Calculated Gamble","Corpse Explosion+1","Acrobatics"],"relics":["Ring of the Snake","AscMod:CursedFlame","AscMod:MegaStarOfAscension","AscMod:CursedBank","NeowsBlessing","Dodecahedron","Pen Nib","Question Card","PrismaticShard"],"potions_floor_usage":[],"damage_taken":[{"damage":0,"enemies":"Small Slimes","floor":1,"turns":1},{"damage":0,"enemies":"Cultist","floor":3,"turns":1},{"damage":0,"enemies":"Gremlin Nob","floor":6,"turns":1},{"damage":0,"enemies":"2 Louse","floor":7,"turns":2},{"damage":0,"enemies":"Lagavulin","floor":11,"turns":2}],"seed_played":"-3969966352819268369","potions_obtained":[{"floor":6,"key":"Block Potion"},{"floor":7,"key":"Regen Potion"}],"is_trial":false,"path_per_floor":["M","?","M","?","$","E","M","R","T","$","E"],"character_chosen":"THE_SILENT","items_purchased":["Calculated Gamble","PrismaticShard"],"campfire_rested":0,"item_purchase_floors":[5,10],"current_hp_per_floor":[59,59,59,59,59,59,59,59,59,59,59],"gold":3,"neow_bonus":"THREE_ENEMY_KILL","is_prod":false,"is_daily":false,"chose_seed":false,"campfire_upgraded":1,"win_rate":0,"timestamp":1548771065,"path_taken":["M","?","?","?","$","E","M","R","T","$","E"],"build_version":"2019-01-23","purchased_purges":1,"victory":false,"max_hp_per_floor":[66,66,66,66,66,66,66,66,66,66,66],"card_choices":[{"not_picked":["Underhanded Strike","Prepared","Outmaneuver"],"picked":"SKIP","floor":1},{"not_picked":["Poisoned Stab","Underhanded Strike","Dodge and Roll"],"picked":"SKIP","floor":3},{"not_picked":["Cloak And Dagger","Escape Plan"],"picked":"Corpse Explosion","floor":6},{"not_picked":["PiercingWail","Dagger Throw"],"picked":"Acrobatics","floor":7}],"player_experience":2390654,"relics_obtained":[{"floor":4,"key":"Dodecahedron"},{"floor":6,"key":"Pen Nib"},{"floor":9,"key":"Question Card"}],"event_choices":[{"damage_healed":0,"gold_gain":275,"player_choice":"Desecrate","damage_taken":0,"max_hp_gain":0,"max_hp_loss":0,"event_name":"Golden Shrine","floor":2,"gold_loss":0,"cards_obtained":["Regret"]},{"damage_healed":0,"gold_gain":0,"player_choice":"Relic","damage_taken":0,"max_hp_gain":0,"max_hp_loss":0,"event_name":"Wheel of Change","floor":4,"gold_loss":0}],"is_beta":false,"boss_relics":[],"items_purged_floors":[5],"is_endless":false,"potions_floor_spawned":[6,7],"killed_by":"Lagavulin","ascension_level":25}