{"gold_per_floor":[112,112,131,143,143,143,68,102,102,63,63],"floor_reached":11,"playtime":199,"items_purged":[],"score":142,"play_id":"789aae8a-e3aa-416f-9ea5-f95e614c22ab","local_time":"20181117121017","is_ascension_mode":true,"campfire_choices":[{"data":"Skewer","floor":6,"key":"SMITH"}],"neow_cost":"NONE","seed_source_timestamp":5368182066923,"circlet_count":0,"master_deck":["AscendersBane","Defend_G","Defend_G","Defend_G","Defend_G","Defend_G","Strike_G","Strike_G","Strike_G","Strike_G","Survivor","Neutralize","Reflex","Skewer+1","Flying Knee","Poisoned Stab","Dash"],"relics":["Ring of the Snake","NeowsBlessing","Bottled Flame","Gremlin Horn"],"potions_floor_usage":[8],"damage_taken":[{"damage":0,"enemies":"Jaw Worm","floor":1,"turns":1},{"damage":0,"enemies":"Cultist","floor":3,"turns":1},{"damage":0,"enemies":"Small Slimes","floor":4,"turns":1},{"damage":39,"enemies":"3 Sentries","floor":8,"turns":10},{"damage":36,"enemies":"Gremlin Nob","floor":11,"turns":4}],"seed_played":"1341581006189304968","potions_obtained":[{"floor":3,"key":"Swift Potion"},{"floor":8,"key":"LiquidBronze"}],"is_trial":false,"path_per_floor":["M","?","M","M","?","R","?","E","T","$","E"],"character_chosen":"THE_SILENT","items_purchased":["Dash"],"campfire_rested":0,"item_purchase_floors":[10],"current_hp_per_floor":[59,59,59,59,64,64,64,25,25,25,0],"gold":63,"neow_bonus":"THREE_ENEMY_KILL","is_prod":false,"is_daily":false,"chose_seed":false,"campfire_upgraded":1,"win_rate":0,"timestamp":1542427817,"path_taken":["M","?","M","?","?","R","?","E","T","?","E"],"build_version":"2018-11-15","purchased_purges":0,"victory":false,"max_hp_per_floor":[66,66,66,66,71,71,71,71,71,71,71],"card_choices":[{"not_picked":["Sucker Punch","Dodge and Roll"],"picked":"Reflex","floor":1},{"not_picked":["Accuracy","Outmaneuver"],"picked":"Skewer","floor":3},{"not_picked":["Deflect","Sucker Punch"],"picked":"Flying Knee","floor":4},{"not_picked":["Slice","Blade Dance"],"picked":"Poisoned Stab","floor":8}],"player_experience":1089734,"relics_obtained":[{"floor":8,"key":"Bottled Flame"},{"floor":9,"key":"Gremlin Horn"}],"event_choices":[{"damage_healed":0,"gold_gain":0,"player_choice":"0 cards matched","damage_taken":0,"max_hp_gain":0,"max_hp_loss":0,"event_name":"Match and Keep!","floor":2,"gold_loss":0,"cards_obtained":[]},{"damage_healed":0,"gold_gain":0,"player_choice":"Donut","damage_taken":0,"max_hp_gain":5,"max_hp_loss":0,"event_name":"Big Fish","floor":5,"gold_loss":0},{"cards_removed":["Strike_G"],"damage_healed":0,"gold_gain":0,"player_choice":"Card Removal","damage_taken":0,"max_hp_gain":0,"max_hp_loss":0,"event_name":"The Cleric","floor":7,"gold_loss":75}],"is_beta":true,"boss_relics":[],"items_purged_floors":[],"is_endless":false,"potions_floor_spawned":[3,8],"killed_by":"Gremlin Nob","ascension_level":20}