{"gold_per_floor":[116,41,55,55,55,90,103,103,103,137,137,167,183,203,203,280,280,298,298,314,13,30,30,42,56,83,101,101,116,116,128,128,207,207,225,125,171,1170,452,452,483,503,503,503,503,517,517,517,517,517,517,517,517,15,47,47],"floor_reached":57,"playtime":3028,"items_purged":["Strike_R","Strike_R","Strike_R","Bash"],"score":2704,"play_id":"51db5ffd-6976-4d55-b654-717e4a529a99","local_time":"20190312141446","is_ascension_mode":true,"campfire_choices":[{"data":"Bludgeon","floor":8.0,"key":"SMITH"},{"data":"Shockwave","floor":11.0,"key":"SMITH"},{"data":"Uppercut","floor":15.0,"key":"SMITH"},{"data":"Second Wind","floor":23.0,"key":"SMITH"},{"data":"Barricade","floor":28.0,"key":"SMITH"},{"data":"Entrench","floor":30.0,"key":"SMITH"},{"floor":32.0,"key":"RECALL"},{"floor":40.0,"key":"DIG"},{"floor":44.0,"key":"DIG"},{"floor":49.0,"key":"DIG"},{"floor":53.0,"key":"DIG"}],"neow_cost":"NONE","seed_source_timestamp":2392707192226,"circlet_count":0,"master_deck":["AscendersBane","Defend_R","Defend_R","Defend_R","Defend_R","Evolve","Flex","Bludgeon+1","Second Wind+1","Offering","Armaments","Shockwave+1","Uppercut+1","Offering","Barricade+1","Power Through+1","Entrench+1","Disarm","Juggernaut","Shockwave+1","Normality","Normality","Writhe","Parasite","Burning Pact","Discovery"],"special_seed":0,"relics":["Burning Blood","NeowsBlessing","Self Forming Clay","Gremlin Horn","Blood Vial","Meat on the Bone","Coffee Dripper","FaceOfCleric","ClockworkSouvenir","Runic Pyramid","Shovel","Bottled Lightning","Ice Cream","Juzu Bracelet","Gambling Chip","Mercury Hourglass","Frozen Egg 2","Boot","Sundial","Bag of Marbles","Ornamental Fan"],"potions_floor_usage":[],"damage_taken":[{"damage":0.0,"enemies":"Jaw Worm","floor":1.0,"turns":1.0},{"damage":0.0,"enemies":"Small Slimes","floor":3.0,"turns":1.0},{"damage":0.0,"enemies":"Gremlin Nob","floor":6.0,"turns":1.0},{"damage":6.0,"enemies":"Cultist","floor":7.0,"turns":3.0},{"damage":8.0,"enemies":"3 Sentries","floor":10.0,"turns":4.0},{"damage":21.0,"enemies":"Lagavulin","floor":12.0,"turns":6.0},{"damage":3.0,"enemies":"Looter","floor":13.0,"turns":3.0},{"damage":6.0,"enemies":"Gremlin Gang","floor":14.0,"turns":4.0},{"damage":24.0,"enemies":"Hexaghost","floor":16.0,"turns":7.0},{"damage":18.0,"enemies":"2 Thieves","floor":18.0,"turns":4.0},{"damage":16.0,"enemies":"3 Byrds","floor":20.0,"turns":5.0},{"damage":14.0,"enemies":"Snake Plant","floor":22.0,"turns":3.0},{"damage":12.0,"enemies":"Cultist and Chosen","floor":24.0,"turns":6.0},{"damage":21.0,"enemies":"Centurion and Healer","floor":25.0,"turns":7.0},{"damage":27.0,"enemies":"Snecko","floor":27.0,"turns":6.0},{"damage":12.0,"enemies":"Snake Plant","floor":29.0,"turns":4.0},{"damage":26.0,"enemies":"Shelled Parasite and Fungi","floor":31.0,"turns":5.0},{"damage":24.0,"enemies":"Automaton","floor":33.0,"turns":17.0},{"damage":32.0,"enemies":"3 Darklings","floor":35.0,"turns":6.0},{"damage":24.0,"enemies":"2 Orb Walkers","floor":37.0,"turns":6.0},{"damage":30.0,"enemies":"Reptomancer","floor":41.0,"turns":9.0},{"damage":16.0,"enemies":"3 Shapes","floor":42.0,"turns":5.0},{"damage":12.0,"enemies":"Writhing Mass","floor":46.0,"turns":8.0},{"damage":40.0,"enemies":"Donu and Deca","floor":50.0,"turns":20.0},{"damage":28.0,"enemies":"Awakened One","floor":51.0,"turns":23.0},{"damage":46.0,"enemies":"Shield and Spear","floor":55.0,"turns":12.0},{"damage":26,"enemies":"The Heart","floor":56,"turns":14}],"seed_played":"-5700934458804131327","potions_obtained":[{"floor":1.0,"key":"AttackPotion"},{"floor":10.0,"key":"Explosive Potion"},{"floor":20.0,"key":"PowerPotion"},{"floor":29.0,"key":"PowerPotion"}],"is_trial":false,"path_per_floor":["M","$","M","?","?","E","M","R","T","E","R","E","M","M","R","B",null,"M","?","M","$","M","R","M","M","T","M","R","M","R","M","R","B",null,"M","$","?","?","$","R","E","M","T","R","?","M","?","?","R","B","B",null,"R","$","E","B",null],"character_chosen":"IRONCLAD","items_purchased":["Evolve","ClockworkSouvenir","Bottled Lightning","Ice Cream","Burning Pact","Discovery","Bag of Marbles"],"campfire_rested":0,"item_purchase_floors":[2,21,39,39,54,54,54],"current_hp_per_floor":[74,74,75,75,75,75,75,75,75,73,73,60,65,67,67,51,69,59,59,52,52,47,47,56,56,56,50,50,59,59,54,54,51,75,52,52,49,49,49,49,40,45,45,45,62,59,59,54,54,35,28,75,75,75,50,45],"gold":47,"neow_bonus":"THREE_ENEMY_KILL","is_prod":false,"is_daily":false,"chose_seed":false,"campfire_upgraded":6,"win_rate":0,"timestamp":1552371286,"path_taken":["M","$","M","?","?","E","M","R","T","E","R","E","?","M","R","BOSS","M","?","M","$","?","R","M","M","T","M","R","M","R","M","R","BOSS","M","$","?","?","$","R","E","M","T","R","?","M","?","?","R","BOSS","BOSS","R","$","E","BOSS"],"build_version":"2019-01-23","purchased_purges":4,"victory":true,"max_hp_per_floor":[75,75,75,75,75,75,75,75,75,75,75,75,75,75,75,75,75,75,75,76,76,77,77,78,79,79,80,80,81,81,82,82,83,83,84,84,85,85,85,85,86,87,87,87,87,88,88,88,88,89,90,90,90,90,91,92],"card_choices":[{"not_picked":["Seeing Red","Wild Strike","Warcry"],"picked":"SKIP","floor":1.0},{"not_picked":["Headbutt","Shrug It Off"],"picked":"Flex","floor":3.0},{"not_picked":["Shockwave","Flex","Clothesline"],"picked":"SKIP","floor":6.0},{"not_picked":["Flex","Clothesline"],"picked":"Shockwave","floor":6.0},{"not_picked":["Anger","Headbutt","Thunderclap"],"picked":"SKIP","floor":7.0},{"not_picked":["Clash","Flame Barrier"],"picked":"Uppercut","floor":10.0},{"not_picked":["Wild Strike","Sword Boomerang","Whirlwind"],"picked":"SKIP","floor":12.0},{"not_picked":["Second Wind","Combust"],"picked":"Offering","floor":13.0},{"not_picked":["Intimidate","Whirlwind","Iron Wave"],"picked":"SKIP","floor":14.0},{"not_picked":["Double Tap","Dark Embrace"],"picked":"Barricade","floor":16.0},{"not_picked":["Flex","Anger","Pommel Strike"],"picked":"SKIP","floor":18.0},{"not_picked":["Perfected Strike","Pommel Strike","Shockwave"],"picked":"SKIP","floor":20.0},{"not_picked":["Dual Wield","Thunderclap"],"picked":"Power Through+1","floor":22.0},{"not_picked":["Clash","True Grit"],"picked":"Entrench","floor":24.0},{"not_picked":["Corruption","Havoc","Thunderclap"],"picked":"SKIP","floor":25.0},{"not_picked":["Disarm","Hemokinesis","Heavy Blade"],"picked":"SKIP","floor":27.0},{"not_picked":["Hemokinesis","Heavy Blade"],"picked":"Disarm","floor":27.0},{"not_picked":["Cleave","Hemokinesis","Armaments"],"picked":"SKIP","floor":29.0},{"not_picked":["Inflame","Cleave","Heavy Blade+1"],"picked":"SKIP","floor":31.0},{"not_picked":["Bludgeon","Fiend Fire"],"picked":"Juggernaut","floor":33.0},{"not_picked":["Wild Strike+1","Shockwave","Clothesline"],"picked":"SKIP","floor":35.0},{"not_picked":["Fire Breathing+1","Sword Boomerang"],"picked":"Shockwave+1","floor":37.0},{"not_picked":["Heavy Blade+1","Evolve","Armaments"],"picked":"SKIP","floor":41.0},{"not_picked":["Intimidate","Iron Wave","Dropkick"],"picked":"SKIP","floor":42.0},{"not_picked":["Bloodletting+1","Clash+1","Pommel Strike"],"picked":"SKIP","floor":46.0},{"not_picked":["Pommel Strike","Headbutt","Armaments"],"picked":"SKIP","floor":55.0}],"player_experience":3510567,"relics_obtained":[{"floor":6.0,"key":"Self Forming Clay"},{"floor":9.0,"key":"Gremlin Horn"},{"floor":10.0,"key":"Blood Vial"},{"floor":12.0,"key":"Meat on the Bone"},{"floor":37.0,"key":"Shovel"},{"floor":40.0,"key":"Juzu Bracelet"},{"floor":41.0,"key":"Gambling Chip"},{"floor":43.0,"key":"Mercury Hourglass"},{"floor":44.0,"key":"Frozen Egg 2"},{"floor":49.0,"key":"Boot"},{"floor":53.0,"key":"Sundial"},{"floor":55.0,"key":"Ornamental Fan"}],"event_choices":[{"damage_healed":0.0,"max_hp_gain":0.0,"max_hp_loss":0.0,"gold_gain":0.0,"cards_transformed":["Strike_R"],"event_name":"Living Wall","player_choice":"Change","floor":4.0,"gold_loss":0.0,"damage_taken":0.0,"cards_obtained":["Bludgeon"]},{"damage_healed":0.0,"max_hp_gain":0.0,"max_hp_loss":0.0,"gold_gain":0.0,"event_name":"Match and Keep!","player_choice":"3 cards matched","floor":5.0,"gold_loss":0.0,"damage_taken":0.0,"cards_obtained":["Second Wind","Offering","Armaments"]},{"damage_healed":0.0,"max_hp_gain":0.0,"max_hp_loss":0.0,"gold_gain":0.0,"event_name":"FaceTrader","player_choice":"Trade","floor":19.0,"gold_loss":0.0,"damage_taken":0.0,"relics_obtained":["FaceOfCleric"]},{"damage_healed":0.0,"max_hp_gain":0.0,"max_hp_loss":0.0,"gold_gain":0.0,"event_name":"Mysterious Sphere","player_choice":"Fight","floor":37.0,"gold_loss":0.0,"damage_taken":0.0},{"damage_healed":0.0,"max_hp_gain":0.0,"max_hp_loss":0.0,"gold_gain":999.0,"event_name":"MindBloom","player_choice":"Gold","floor":38.0,"gold_loss":0.0,"damage_taken":0.0,"cards_obtained":["Normality","Normality"]},{"damage_healed":17.0,"max_hp_gain":0.0,"max_hp_loss":0.0,"gold_gain":0.0,"event_name":"Winding Halls","player_choice":"Writhe","floor":45.0,"gold_loss":0.0,"damage_taken":0.0,"cards_obtained":["Writhe"]},{"cards_removed":["Strike_R"],"damage_healed":0.0,"max_hp_gain":0.0,"max_hp_loss":0.0,"gold_gain":0.0,"event_name":"Falling","player_choice":"Removed Attack","floor":47.0,"gold_loss":0.0,"damage_taken":0.0},{"damage_healed":0.0,"max_hp_gain":0.0,"max_hp_loss":0.0,"gold_gain":0.0,"event_name":"The Woman in Blue","player_choice":"Bought 0 Potions","floor":48.0,"gold_loss":0.0,"damage_taken":0.0}],"is_beta":false,"boss_relics":[{"not_picked":["Velvet Choker","Astrolabe"],"picked":"Coffee Dripper"},{"not_picked":["Fusion Hammer","Sozu"],"picked":"Runic Pyramid"}],"items_purged_floors":[21,36,39,54],"is_endless":false,"potions_floor_spawned":[1,10,12,16,20,29,31,35,37,42],"ascension_level":20}