{"gold_per_floor":[115,115,127,24,24,24,24,24,24,50,68,94,19,38,38,114,114,124,124,153,68,68,78,5,5],"floor_reached":25,"playtime":967,"items_purged":["Strike_G"],"score":432,"play_id":"8777f134-800e-4848-88a9-987ceacf8281","local_time":"20190215001636","is_ascension_mode":true,"campfire_choices":[{"data":"Neutralize","floor":7,"key":"SMITH"},{"data":"Calculated Gamble","floor":15,"key":"SMITH"}],"neow_cost":"TEN_PERCENT_HP_LOSS","seed_source_timestamp":190739688233073,"circlet_count":0,"master_deck":["AscendersBane","Defend_G","Defend_G","Defend_G","Defend_G","Defend_G","Strike_G+1","Strike_G+1","Survivor","Neutralize+1","Eviscerate+1","Infinite Blades+1","Blade Dance","Adrenaline","Prepared","Well Laid Plans","Calculated Gamble+1","Footwork","After Image","Tactician"],"relics":["Ring of the Snake","Bronze Scales","Bottled Tornado","Oddly Smooth Stone","Whetstone","Busted Crown","Red Mask","The Specimen"],"potions_floor_usage":[16,20,25,25],"damage_taken":[{"damage":1,"enemies":"Cultist","floor":1,"turns":4},{"damage":3,"enemies":"2 Louse","floor":3,"turns":3},{"damage":9,"enemies":"Small Slimes","floor":11,"turns":2},{"damage":12,"enemies":"3 Sentries","floor":12,"turns":9},{"damage":0,"enemies":"Looter","floor":14,"turns":3},{"damage":0,"enemies":"The Guardian","floor":16,"turns":13},{"damage":9,"enemies":"2 Thieves","floor":18,"turns":4},{"damage":12,"enemies":"Masked Bandits","floor":20,"turns":6},{"damage":0,"enemies":"Shell Parasite","floor":23,"turns":6},{"damage":19,"enemies":"Gremlin Leader","floor":25,"turns":9}],"seed_played":"5817635744895903826","potions_obtained":[{"floor":1,"key":"Energy Potion"},{"floor":12,"key":"Energy Potion"},{"floor":18,"key":"SteroidPotion"},{"floor":20,"key":"Energy Potion"}],"is_trial":false,"path_per_floor":["M","?","M","$","?","?","R","?","T","T","M","E","$","M","R","B",null,"M","?","?","?","?","M","$","E"],"character_chosen":"THE_SILENT","items_purchased":["Prepared","Well Laid Plans","Tactician"],"campfire_rested":0,"item_purchase_floors":[4,4,24],"current_hp_per_floor":[58,58,55,55,60,49,49,29,29,29,20,8,8,8,8,8,51,42,24,12,12,12,12,12,0],"gold":5,"neow_bonus":"TRANSFORM_TWO_CARDS","is_prod":false,"is_daily":false,"chose_seed":false,"campfire_upgraded":2,"win_rate":0,"timestamp":1550160996,"path_taken":["M","?","?","$","?","?","R","?","T","?","M","E","$","M","R","BOSS","M","?","?","?","?","M","?","E"],"build_version":"2019-01-23","purchased_purges":1,"victory":false,"max_hp_per_floor":[60,60,60,60,65,65,65,65,65,65,65,65,65,65,65,65,65,65,70,70,70,70,70,70,70],"card_choices":[{"not_picked":["Escape Plan","Choke"],"picked":"Blade Dance","floor":1},{"not_picked":["Quick Slash","Flying Knee","PiercingWail"],"picked":"SKIP","floor":3},{"not_picked":["Masterful Stab","Blade Dance"],"picked":"Calculated Gamble","floor":11},{"not_picked":["Distraction","Flying Knee"],"picked":"Footwork","floor":12},{"not_picked":["All Out Attack","Cloak And Dagger","Heel Hook"],"picked":"SKIP","floor":14},{"not_picked":["Glass Knife","Tools of the Trade"],"picked":"After Image","floor":16},{"not_picked":["Sucker Punch"],"picked":"SKIP","floor":18},{"not_picked":["Well Laid Plans+1"],"picked":"SKIP","floor":23}],"player_experience":758414,"relics_obtained":[{"floor":9,"key":"Bottled Tornado"},{"floor":10,"key":"Oddly Smooth Stone"},{"floor":12,"key":"Whetstone"},{"floor":20,"key":"Red Mask"}],"event_choices":[{"damage_healed":0,"gold_gain":0,"player_choice":"1 cards matched","damage_taken":0,"max_hp_gain":0,"max_hp_loss":0,"event_name":"Match and Keep!","floor":2,"gold_loss":0,"cards_obtained":["Adrenaline"]},{"damage_healed":0,"gold_gain":0,"player_choice":"Donut","damage_taken":0,"max_hp_gain":5,"max_hp_loss":0,"event_name":"Big Fish","floor":5,"gold_loss":0},{"damage_healed":0,"gold_gain":0,"player_choice":"Success","damage_taken":11,"relics_obtained":["Bronze Scales"],"max_hp_gain":0,"max_hp_loss":0,"event_name":"Scrap Ooze","floor":6,"gold_loss":0},{"damage_healed":0,"gold_gain":0,"player_choice":"Entered Light","damage_taken":20,"max_hp_gain":0,"max_hp_loss":0,"event_name":"Shining Light","floor":8,"gold_loss":0,"cards_upgraded":["Strike_G","Infinite Blades"]},{"damage_healed":0,"gold_gain":0,"player_choice":"Shed Blood","damage_taken":23,"max_hp_gain":5,"max_hp_loss":0,"event_name":"Forgotten Altar","floor":19,"gold_loss":0},{"damage_healed":0,"gold_gain":0,"player_choice":"Fought Bandits","damage_taken":0,"max_hp_gain":0,"max_hp_loss":0,"event_name":"Masked Bandits","floor":20,"gold_loss":0},{"damage_healed":0,"gold_gain":0,"player_choice":"Obtained Relic","damage_taken":0,"relics_obtained":["The Specimen"],"max_hp_gain":0,"max_hp_loss":0,"event_name":"Addict","floor":21,"gold_loss":85},{"damage_healed":0,"gold_gain":0,"player_choice":"Ignored","damage_taken":0,"max_hp_gain":0,"max_hp_loss":0,"event_name":"Beggar","floor":22,"gold_loss":0}],"is_beta":false,"boss_relics":[{"not_picked":["Eternal Feather","Calling Bell"],"picked":"Busted Crown"}],"items_purged_floors":[13],"is_endless":false,"potions_floor_spawned":[1,12,14,18,20],"killed_by":"Gremlin Leader","ascension_level":15}