{"gold_per_floor":[118,293,304,189,204,204,64,64,144,163,197,197,197,207,207,310,310,325,325,425,325,240,240,11,24,49,59,94,94,24,24,24,119,119,136,152,152,152,168,168,196,196,196,71,90,106,106,106,106,106],"floor_reached":51,"playtime":1580,"items_purged":["Doubt","Strike_G","Defend_G"],"score":791,"play_id":"9136ab60-a20f-4985-a602-d85239fdb3c8","local_time":"20181125094200","is_ascension_mode":false,"campfire_choices":[{"data":"Noxious Fumes","floor":6,"key":"SMITH"},{"data":"Grand Finale","floor":8,"key":"SMITH"},{"data":"Well Laid Plans","floor":15,"key":"SMITH"},{"data":"Grand Finale","floor":23,"key":"SMITH"},{"data":"Apotheosis","floor":29,"key":"SMITH"},{"data":"Well Laid Plans","floor":32,"key":"SMITH"},{"data":"Footwork","floor":40,"key":"SMITH"},{"data":"Footwork","floor":42,"key":"SMITH"},{"data":"Calculated Gamble","floor":47,"key":"SMITH"},{"data":"Grand Finale","floor":49,"key":"SMITH"}],"neow_cost":"NONE","seed_source_timestamp":2778226195574,"circlet_count":0,"master_deck":["Defend_G","Survivor","Neutralize","After Image+1","Deadly Poison+1","Dagger Throw+1","Leg Sweep","Crippling Poison","Noxious Fumes+1","Footwork+1","Grand Finale+1","Well Laid Plans+1","Grand Finale+1","Calculated Gamble+1","Distraction","Footwork+1","Well Laid Plans+1","Apotheosis+1","Escape Plan","Grand Finale+1","Wraith Form v2+1"],"relics":["Astrolabe","Ninja Scroll","Paper Crane","Eternal Feather","Unceasing Top","Sundial","Regal Pillow","Bag of Marbles","Dead Branch","Busted Crown","Singing Bowl","Pear"],"potions_floor_usage":[20,20,50,50,50],"damage_taken":[{"damage":0,"enemies":"Jaw Worm","floor":1,"turns":3},{"damage":0,"enemies":"2 Louse","floor":3,"turns":3},{"damage":0,"enemies":"Cultist","floor":5,"turns":4},{"damage":0,"enemies":"2 Fungi Beasts","floor":10,"turns":2},{"damage":6,"enemies":"Lagavulin","floor":11,"turns":6},{"damage":2,"enemies":"3 Louse","floor":14,"turns":4},{"damage":0,"enemies":"Slime Boss","floor":16,"turns":6},{"damage":0,"enemies":"Chosen","floor":18,"turns":6},{"damage":0,"enemies":"Colosseum Slavers","floor":20,"turns":3},{"damage":31,"enemies":"Colosseum Nobs","floor":20,"turns":7},{"damage":16,"enemies":"2 Thieves","floor":25,"turns":4},{"damage":3,"enemies":"Snake Plant","floor":27,"turns":5},{"damage":1,"enemies":"Book of Stabbing","floor":28,"turns":4},{"damage":2,"enemies":"Automaton","floor":33,"turns":7},{"damage":0,"enemies":"3 Shapes","floor":35,"turns":2},{"damage":0,"enemies":"3 Darklings","floor":36,"turns":3},{"damage":0,"enemies":"Writhing Mass","floor":39,"turns":4},{"damage":0,"enemies":"Reptomancer","floor":41,"turns":3},{"damage":0,"enemies":"Sphere and 2 Shapes","floor":45,"turns":3},{"damage":0,"enemies":"Jaw Worm Horde","floor":46,"turns":5},{"damage":69,"enemies":"Donu and Deca","floor":50,"turns":11}],"seed_played":"2277050826128828577","potions_obtained":[{"floor":1,"key":"AttackPotion"},{"floor":10,"key":"PowerPotion"},{"floor":14,"key":"Block Potion"},{"floor":20,"key":"Swift Potion"},{"floor":25,"key":"SkillPotion"},{"floor":33,"key":"GamblersBrew"}],"is_trial":false,"path_per_floor":["M","?","M","$","M","R","$","R","T","M","E","?","?","M","R","B",null,"M","?","?","$","?","R","$","M","T","M","E","R","$","?","R","B",null,"M","M","?","?","M","R","E","R","T","$","M","M","R","$","R","B",null],"character_chosen":"THE_SILENT","items_purchased":["Noxious Fumes","Grand Finale","Well Laid Plans","Apotheosis","Grand Finale"],"campfire_rested":0,"item_purchase_floors":[4,7,24,24,30],"current_hp_per_floor":[70,70,70,70,70,70,70,70,70,70,64,57,57,55,55,55,70,70,70,39,39,39,48,48,32,32,29,28,40,40,40,52,50,70,70,70,70,70,70,70,72,72,82,82,84,86,86,86,86,17],"gold":106,"neow_bonus":"BOSS_RELIC","is_prod":false,"is_daily":false,"chose_seed":false,"campfire_upgraded":10,"win_rate":0,"timestamp":1543110120,"path_taken":["M","?","M","$","M","R","$","R","T","M","E","?","?","?","R","BOSS","M","?","?","$","?","R","$","M","T","M","E","R","$","?","R","BOSS","M","M","?","?","M","R","E","R","T","$","?","M","R","$","R","BOSS"],"build_version":"2018-11-15","purchased_purges":3,"victory":true,"max_hp_per_floor":[70,70,70,70,70,70,70,70,70,70,70,70,70,70,70,70,70,70,70,70,70,70,70,70,70,70,70,70,70,70,70,70,70,70,70,70,70,70,70,70,72,72,82,82,84,86,86,86,86,86],"card_choices":[{"not_picked":["Bane","Blade Dance"],"picked":"Leg Sweep","floor":1},{"not_picked":["Acrobatics","Deflect"],"picked":"Crippling Poison","floor":3},{"not_picked":["Underhanded Strike","Sucker Punch"],"picked":"Footwork","floor":5},{"not_picked":["PiercingWail","Dagger Throw","Underhanded Strike"],"picked":"SKIP","floor":10},{"not_picked":["Predator","Bouncing Flask"],"picked":"Well Laid Plans","floor":11},{"not_picked":["Setup","Deadly Poison","Dodge and Roll"],"picked":"SKIP","floor":14},{"not_picked":["Setup","Deadly Poison","Dodge and Roll"],"picked":"SKIP","floor":14},{"not_picked":["Burst","Unload"],"picked":"Grand Finale","floor":16},{"not_picked":["PiercingWail","Blur+1"],"picked":"Calculated Gamble","floor":18},{"not_picked":["Tactician","Predator","Cloak And Dagger"],"picked":"SKIP","floor":25},{"not_picked":["Slice","Quick Slash","Sucker Punch"],"picked":"SKIP","floor":27},{"not_picked":["Outmaneuver","Flechettes"],"picked":"Escape Plan","floor":28},{"not_picked":["A Thousand Cuts","Phantasmal Killer"],"picked":"Wraith Form v2","floor":33},{"not_picked":["Slice"],"picked":"SKIP","floor":35},{"not_picked":["Dagger Spray"],"picked":"SKIP","floor":36},{"not_picked":["Dodge and Roll"],"picked":"SKIP","floor":39},{"not_picked":["Blade Dance"],"picked":"Singing Bowl","floor":41},{"not_picked":["Dodge and Roll+1"],"picked":"Singing Bowl","floor":45},{"not_picked":["Dodge and Roll"],"picked":"Singing Bowl","floor":46}],"player_experience":1176707,"relics_obtained":[{"floor":9,"key":"Ninja Scroll"},{"floor":11,"key":"Paper Crane"},{"floor":20,"key":"Unceasing Top"},{"floor":20,"key":"Sundial"},{"floor":26,"key":"Bag of Marbles"},{"floor":28,"key":"Dead Branch"},{"floor":41,"key":"Singing Bowl"},{"floor":43,"key":"Pear"}],"event_choices":[{"damage_healed":0,"gold_gain":175,"player_choice":"AGREE","damage_taken":0,"max_hp_gain":0,"max_hp_loss":0,"event_name":"Liars Game","floor":2,"gold_loss":0,"cards_obtained":["Doubt"]},{"cards_removed":["Strike_G"],"damage_healed":0,"gold_gain":0,"player_choice":"Card Removal","damage_taken":7,"max_hp_gain":0,"max_hp_loss":0,"event_name":"Golden Wing","floor":12,"gold_loss":0},{"damage_healed":0,"gold_gain":0,"player_choice":"Bought 0 Potions","damage_taken":0,"max_hp_gain":0,"max_hp_loss":0,"event_name":"The Woman in Blue","floor":13,"gold_loss":0},{"damage_healed":0,"gold_gain":0,"cards_transformed":["Defend_G","Strike_G"],"player_choice":"Became Test Subject","damage_taken":0,"max_hp_gain":0,"max_hp_loss":0,"event_name":"Drug Dealer","floor":19,"gold_loss":0,"cards_obtained":["Distraction","Footwork"]},{"damage_healed":0,"gold_gain":0,"player_choice":"Fight","damage_taken":0,"max_hp_gain":0,"max_hp_loss":0,"event_name":"Colosseum","floor":20,"gold_loss":0},{"damage_healed":0,"gold_gain":0,"player_choice":"Fought Nobs","damage_taken":0,"max_hp_gain":0,"max_hp_loss":0,"event_name":"Colosseum","floor":20,"gold_loss":0},{"damage_healed":0,"gold_gain":0,"player_choice":"Obtained Relic","damage_taken":0,"relics_obtained":["Regal Pillow"],"max_hp_gain":0,"max_hp_loss":0,"event_name":"Addict","floor":22,"gold_loss":85},{"cards_removed":["Defend_G"],"damage_healed":0,"gold_gain":0,"player_choice":"Elegance","damage_taken":0,"max_hp_gain":0,"max_hp_loss":0,"event_name":"Back to Basics","floor":31,"gold_loss":0},{"damage_healed":0,"gold_gain":0,"player_choice":"Ignored","damage_taken":0,"max_hp_gain":0,"max_hp_loss":0,"event_name":"Mysterious Sphere","floor":37,"gold_loss":0},{"damage_healed":0,"gold_gain":0,"player_choice":"Forge","damage_taken":0,"max_hp_gain":0,"max_hp_loss":0,"event_name":"Accursed Blacksmith","floor":38,"gold_loss":0,"cards_upgraded":["Wraith Form v2"]}],"is_beta":false,"boss_relics":[{"not_picked":["Ectoplasm","Snecko Eye"],"picked":"Eternal Feather"},{"not_picked":["WristBlade","HoveringKite"],"picked":"Busted Crown"}],"items_purged_floors":[4,21,44],"is_endless":false,"potions_floor_spawned":[1,10,14,20,25,28,33,45],"ascension_level":0}