{"gold_per_floor":[114,39,39,39,39,39,39,82,82,121,121,121,142,156,156,252,252,268,268,284,302,20,20,20,20,46,67,367,417,437,45,45,138,138,157,157,7,20,44,44,83,416,491,508,508,534,148,167,167,167,167,167,167,19,50,50],"floor_reached":57,"playtime":4475,"items_purged":["Strike_R","Strike_R","Strike_R","Shame","Pain"],"score":3057,"play_id":"33068a53-4537-46dc-8ea6-9f886d0a8282","local_time":"20190226122823","is_ascension_mode":true,"campfire_choices":[{"data":"Bash","floor":6.0,"key":"SMITH"},{"data":"True Grit","floor":15.0,"key":"SMITH"},{"data":"Magnetism","floor":24.0,"key":"SMITH"},{"floor":32.0,"key":"REST"},{"floor":40.0,"key":"RECALL"},{"data":"Flash of Steel","floor":45.0,"key":"SMITH"},{"data":"Defend_R","floor":49.0,"key":"SMITH"},{"floor":53,"key":"REST"}],"neow_cost":"NONE","seed_source_timestamp":7964288493662,"circlet_count":0,"master_deck":["AscendersBane","Defend_R+1","Defend_R+1","Defend_R","Defend_R+1","Bash+1","Armaments","Pummel","True Grit+1","Shrug It Off+1","Offering+1","Flex+1","Offering+1","Rage+1","Swift Strike","Dramatic Entrance","Deep Breath+1","Dual Wield+1","Magnetism+1","Power Through+1","Madness+1","Impervious+1","Flash of Steel+1","Master of Strategy+1","Madness+1","Shrug It Off+1","Deep Breath+1"],"special_seed":0,"relics":["Burning Blood","NeowsBlessing","Art of War","Toxic Egg 2","Bottled Lightning","PreservedInsect","Runic Pyramid","Old Coin","Bag of Preparation","Cursed Key","Bronze Scales","Ornamental Fan","Blood Vial","Medical Kit","Kunai"],"potions_floor_usage":[50,50,56,56],"damage_taken":[{"damage":0.0,"enemies":"Small Slimes","floor":1.0,"turns":1.0},{"damage":0.0,"enemies":"Lagavulin","floor":8.0,"turns":1.0},{"damage":0.0,"enemies":"Gremlin Nob","floor":10.0,"turns":1.0},{"damage":2.0,"enemies":"Jaw Worm","floor":13.0,"turns":6.0},{"damage":0.0,"enemies":"2 Louse","floor":14.0,"turns":4.0},{"damage":58.0,"enemies":"Slime Boss","floor":16.0,"turns":11.0},{"damage":6.0,"enemies":"3 Byrds","floor":18.0,"turns":10.0},{"damage":6.0,"enemies":"Shell Parasite","floor":20.0,"turns":6.0},{"damage":12.0,"enemies":"Cultist and Chosen","floor":21.0,"turns":7.0},{"damage":8.0,"enemies":"Colosseum Slavers","floor":23.0,"turns":4.0},{"damage":12.0,"enemies":"Snake Plant","floor":27.0,"turns":4.0},{"damage":6.0,"enemies":"Centurion and Healer","floor":30.0,"turns":7.0},{"damage":18.0,"enemies":"Champ","floor":33.0,"turns":15.0},{"damage":0.0,"enemies":"Orb Walker","floor":35.0,"turns":4.0},{"damage":6.0,"enemies":"3 Shapes","floor":38.0,"turns":11.0},{"damage":0.0,"enemies":"Maw","floor":39.0,"turns":6.0},{"damage":12.0,"enemies":"Reptomancer","floor":41.0,"turns":6.0},{"damage":13.0,"enemies":"Sphere and 2 Shapes","floor":44.0,"turns":5.0},{"damage":13.0,"enemies":"Nemesis","floor":46.0,"turns":7.0},{"damage":0.0,"enemies":"3 Darklings","floor":48.0,"turns":6.0},{"damage":49,"enemies":"Time Eater","floor":50,"turns":14},{"damage":6,"enemies":"Awakened One","floor":51,"turns":8},{"damage":6,"enemies":"Shield and Spear","floor":55,"turns":5},{"damage":48,"enemies":"The Heart","floor":56,"turns":8}],"seed_played":"8667498471765325532","potions_obtained":[{"floor":10.0,"key":"SteroidPotion"},{"floor":13.0,"key":"Fire Potion"},{"floor":20.0,"key":"SteroidPotion"},{"floor":30.0,"key":"Swift Potion"},{"floor":44.0,"key":"Strength Potion"},{"floor":55,"key":"SkillPotion"}],"is_trial":false,"path_per_floor":["M","$","?","?","?","R","?","E","T","E","?","T","M","M","R","B",null,"M","?","M","M","$","?","R","$","T","M","?","?","M","$","R","B",null,"M","?","$","M","M","R","E","?","T","M","R","E","$","M","R","B","B",null,"R","$","E","B",null],"character_chosen":"IRONCLAD","items_purchased":["Magnetism","Bag of Preparation","Madness+1","Medical Kit","Deep Breath+1","AttackPotion"],"campfire_rested":2,"item_purchase_floors":[22,31,31,47,54,54],"current_hp_per_floor":[74,74,74,79,72,72,72,72,72,72,50,50,54,60,60,8,56,56,28,28,22,22,20,20,20,20,14,14,14,14,14,35,23,60,66,56,56,56,62,62,56,56,56,49,49,42,42,50,50,9,11,57,72,72,72,30],"gold":50,"neow_bonus":"THREE_ENEMY_KILL","is_prod":false,"is_daily":false,"chose_seed":false,"campfire_upgraded":5,"win_rate":0,"timestamp":1551155303,"path_taken":["M","$","?","?","?","R","?","E","T","E","?","?","M","M","R","BOSS","M","?","?","M","$","?","R","?","T","M","?","?","M","$","R","BOSS","M","?","$","M","M","R","E","?","T","M","R","E","$","M","R","BOSS","BOSS","R","$","E","BOSS"],"build_version":"2019-01-23","purchased_purges":5,"victory":true,"max_hp_per_floor":[75,75,75,80,80,80,72,72,72,72,72,72,72,72,72,72,72,72,72,72,72,72,72,72,72,72,72,72,72,72,72,72,72,72,72,72,72,72,72,72,72,72,72,72,72,72,72,72,72,72,72,72,72,72,72,72],"card_choices":[{"not_picked":["Wild Strike","Pommel Strike"],"picked":"Armaments","floor":1.0},{"not_picked":["Metallicize","Wild Strike"],"picked":"True Grit","floor":8.0},{"not_picked":["Pummel","Body Slam"],"picked":"Shrug It Off+1","floor":10.0},{"not_picked":["Warcry+1","Dual Wield+1"],"picked":"Offering+1","floor":13.0},{"not_picked":["Shrug It Off+1","Warcry+1"],"picked":"Flex+1","floor":14.0},{"not_picked":["Feed","Fiend Fire"],"picked":"Offering+1","floor":16.0},{"not_picked":["Sever Soul","Warcry+1"],"picked":"Rage+1","floor":18.0},{"not_picked":["Hemokinesis","Evolve"],"picked":"Dual Wield+1","floor":20.0},{"not_picked":["Heavy Blade+1","Inflame","Anger"],"picked":"SKIP","floor":21.0},{"not_picked":["Uppercut","Burning Pact+1"],"picked":"Power Through+1","floor":27.0},{"not_picked":["Heavy Blade","Hemokinesis","Sword Boomerang"],"picked":"SKIP","floor":30.0},{"not_picked":["Bludgeon","Immolate"],"picked":"Impervious+1","floor":33.0},{"not_picked":["Metallicize","Iron Wave","Inflame"],"picked":"SKIP","floor":35.0},{"not_picked":["Blind+1","Forethought+1"],"picked":"Flash of Steel","floor":36.0},{"not_picked":["Purity+1","Trip+1"],"picked":"Master of Strategy+1","floor":36.0},{"not_picked":["Secret Technique+1","Chrysalis+1"],"picked":"Madness+1","floor":36.0},{"not_picked":["Pummel","Fire Breathing","Cleave"],"picked":"SKIP","floor":38.0},{"not_picked":["Sword Boomerang","Cleave","Perfected Strike+1"],"picked":"SKIP","floor":39.0},{"not_picked":["Rampage","Sword Boomerang","Metallicize"],"picked":"SKIP","floor":41.0},{"not_picked":["Havoc+1","Cleave","Ghostly Armor+1"],"picked":"SKIP","floor":44.0},{"not_picked":["Flex+1","Bludgeon","Inflame+1"],"picked":"SKIP","floor":46.0},{"not_picked":["Headbutt","Iron Wave"],"picked":"Shrug It Off+1","floor":48.0},{"not_picked":["Twin Strike","Anger","Perfected Strike"],"picked":"SKIP","floor":55}],"player_experience":3155440,"relics_obtained":[{"floor":8.0,"key":"Art of War"},{"floor":9.0,"key":"Toxic Egg 2"},{"floor":10.0,"key":"Bottled Lightning"},{"floor":12.0,"key":"PreservedInsect"},{"floor":41.0,"key":"Bronze Scales"},{"floor":43.0,"key":"Ornamental Fan"},{"floor":46.0,"key":"Blood Vial"},{"floor":55,"key":"Kunai"}],"event_choices":[{"damage_healed":0.0,"max_hp_gain":0.0,"max_hp_loss":0.0,"gold_gain":0.0,"cards_transformed":["Strike_R"],"event_name":"Living Wall","player_choice":"Change","floor":3.0,"gold_loss":0.0,"damage_taken":0.0,"cards_obtained":["Pummel"]},{"damage_healed":0.0,"max_hp_gain":5.0,"max_hp_loss":0.0,"gold_gain":0.0,"event_name":"Big Fish","player_choice":"Donut","floor":4.0,"gold_loss":0.0,"damage_taken":0.0},{"cards_removed":["Strike_R"],"damage_healed":0.0,"max_hp_gain":0.0,"max_hp_loss":0.0,"gold_gain":0.0,"event_name":"Golden Wing","player_choice":"Card Removal","floor":5.0,"gold_loss":0.0,"damage_taken":7.0},{"damage_healed":0.0,"max_hp_gain":0.0,"max_hp_loss":8.0,"gold_gain":0.0,"event_name":"Golden Idol","player_choice":"Lose Max HP","floor":7.0,"gold_loss":0.0,"damage_taken":0.0,"relics_obtained":["Golden Idol"]},{"damage_healed":0.0,"max_hp_gain":0.0,"max_hp_loss":0.0,"gold_gain":0.0,"event_name":"Shining Light","player_choice":"Entered Light","floor":11.0,"gold_loss":0.0,"damage_taken":22.0,"cards_upgraded":["Defend_R","Defend_R"]},{"damage_healed":0.0,"max_hp_gain":0.0,"max_hp_loss":0.0,"gold_gain":0.0,"event_name":"Knowing Skull","player_choice":"CARD CARD CARD ","floor":19.0,"potions_obtained":[],"gold_loss":0.0,"damage_taken":28.0,"cards_obtained":["Swift Strike","Dramatic Entrance","Deep Breath"]},{"damage_healed":0.0,"max_hp_gain":0.0,"max_hp_loss":0.0,"gold_gain":0.0,"event_name":"Colosseum","player_choice":"Fight","floor":23.0,"gold_loss":0.0,"damage_taken":0.0},{"damage_healed":0.0,"max_hp_gain":0.0,"max_hp_loss":0.0,"gold_gain":0.0,"event_name":"Colosseum","player_choice":"Fled From Nobs","floor":23.0,"gold_loss":0.0,"damage_taken":0.0},{"damage_healed":0.0,"max_hp_gain":0.0,"max_hp_loss":0.0,"gold_gain":0.0,"event_name":"Addict","player_choice":"Stole Relic","floor":28.0,"gold_loss":0.0,"damage_taken":0.0,"relics_obtained":["Old Coin"],"cards_obtained":["Shame"]},{"damage_healed":0.0,"max_hp_gain":0.0,"max_hp_loss":0.0,"gold_gain":50.0,"event_name":"Nest","player_choice":"Stole From Cult","floor":29.0,"gold_loss":0.0,"damage_taken":0.0},{"damage_healed":0.0,"max_hp_gain":0.0,"max_hp_loss":0.0,"gold_gain":0.0,"event_name":"SensoryStone","player_choice":"Memory 3","floor":36.0,"gold_loss":0.0,"damage_taken":10.0},{"damage_healed":0.0,"max_hp_gain":0.0,"max_hp_loss":0.0,"gold_gain":333.0,"event_name":"The Moai Head","player_choice":"Gave Idol","floor":42.0,"relics_lost":["Golden Idol"],"gold_loss":0.0,"damage_taken":0.0}],"is_beta":false,"boss_relics":[{"not_picked":["White Beast Statue","Runic Cube"],"picked":"Runic Pyramid"},{"not_picked":["Calling Bell","Runic Dome"],"picked":"Cursed Key"}],"items_purged_floors":[2,22,31,37,47],"is_endless":false,"potions_floor_spawned":[10,13,14,20,30,35,44,46,48,55],"ascension_level":20}