{"gold_per_floor":[116,116,133,148,73,73,103,103,103,103,3,28,28,46,46,125,125,144,19,19,119,133,133,143,143,143,143,154,173,23,23,23,100,100,114,1113,1125,1125,753,753,753,766,766,779,807,442,460,475,475,475,475,475,475,51,81,81],"floor_reached":57,"playtime":2502,"items_purged":["Strike_B","Defend_B","Strike_B","Normality","Conserve Battery","Ball Lightning"],"score":2905,"play_id":"ec34a4d1-92b9-4374-87fc-fca4254ded6c","local_time":"20190326180121","is_ascension_mode":true,"campfire_choices":[{"data":"Zap","floor":6.0,"key":"SMITH"},{"data":"Strike_B","floor":8.0,"key":"PURGE"},{"data":"Defend_B","floor":13.0,"key":"PURGE"},{"data":"Dualcast","floor":15.0,"key":"SMITH"},{"data":"Biased Cognition","floor":23.0,"key":"SMITH"},{"data":"Recycle","floor":25.0,"key":"SMITH"},{"data":"Defend_B","floor":32.0,"key":"PURGE"},{"data":"Normality","floor":40.0,"key":"PURGE"},{"floor":49.0,"key":"RECALL"},{"data":"Coolheaded","floor":53,"key":"SMITH"}],"neow_cost":"NONE","seed_source_timestamp":22829911362736,"circlet_count":0,"master_deck":["AscendersBane","Zap+1","Dualcast+1","Electrodynamics","Tempest","Recycle+1","Biased Cognition+1","Turbo+1","Cold Snap","Core Surge","Thunder Strike","Skim+1","Static Discharge+1","Coolheaded+1","Secret Technique"],"special_seed":0,"relics":["Cracked Core","NeowsBlessing","Peace Pipe","StoneCalendar","Oddly Smooth Stone","Runic Pyramid","Ginger","Matryoshka","Orichalcum","Anchor","Nuclear Battery","Membership Card","Strawberry","Happy Flower","Bottled Flame","DataDisk","PrismaticShard","Bag of Marbles","TheAbacus","Centennial Puzzle","Bottled Lightning"],"potions_floor_usage":[51,56,56],"damage_taken":[{"damage":0.0,"enemies":"Cultist","floor":1.0,"turns":1.0},{"damage":0.0,"enemies":"Jaw Worm","floor":3.0,"turns":1.0},{"damage":0.0,"enemies":"Small Slimes","floor":4.0,"turns":1.0},{"damage":13.0,"enemies":"Lagavulin","floor":7.0,"turns":6.0},{"damage":10.0,"enemies":"3 Sentries","floor":12.0,"turns":3.0},{"damage":5.0,"enemies":"Looter","floor":14.0,"turns":2.0},{"damage":0.0,"enemies":"Slime Boss","floor":16.0,"turns":6.0},{"damage":1.0,"enemies":"Shell Parasite","floor":18.0,"turns":2.0},{"damage":27.0,"enemies":"Colosseum Slavers","floor":21.0,"turns":2.0},{"damage":10.0,"enemies":"Colosseum Nobs","floor":21.0,"turns":3.0},{"damage":2.0,"enemies":"2 Thieves","floor":22.0,"turns":2.0},{"damage":3.0,"enemies":"Centurion and Healer","floor":24.0,"turns":3.0},{"damage":0.0,"enemies":"Snake Plant","floor":28.0,"turns":2.0},{"damage":0.0,"enemies":"Cultist and Chosen","floor":29.0,"turns":2.0},{"damage":9.0,"enemies":"Collector","floor":33.0,"turns":5.0},{"damage":6.0,"enemies":"3 Darklings","floor":35.0,"turns":2.0},{"damage":10.0,"enemies":"3 Shapes","floor":37.0,"turns":2.0},{"damage":0.0,"enemies":"Sphere and 2 Shapes","floor":42.0,"turns":2.0},{"damage":0.0,"enemies":"Spire Growth","floor":44.0,"turns":2.0},{"damage":0.0,"enemies":"Reptomancer","floor":45.0,"turns":2.0},{"damage":0.0,"enemies":"Transient","floor":47.0,"turns":6.0},{"damage":8.0,"enemies":"Maw","floor":48.0,"turns":3.0},{"damage":28.0,"enemies":"Awakened One","floor":50.0,"turns":6.0},{"damage":12,"enemies":"Time Eater","floor":51,"turns":5},{"damage":0,"enemies":"Shield and Spear","floor":55,"turns":2},{"damage":17,"enemies":"The Heart","floor":56,"turns":6}],"seed_played":"-2928397727549180507","potions_obtained":[{"floor":3.0,"key":"PowerPotion"},{"floor":16.0,"key":"SneckoOil"},{"floor":18.0,"key":"AttackPotion"},{"floor":27.0,"key":"Fruit Juice"},{"floor":27.0,"key":"Block Potion"},{"floor":42.0,"key":"FocusPotion"},{"floor":47.0,"key":"FocusPotion"}],"is_trial":false,"path_per_floor":["M","?","M","M","$","R","E","R","T","?","$","E","R","M","R","B",null,"M","$","?","?","M","R","M","R","T","?","M","M","$","?","R","B",null,"M","?","M","?","$","R","?","M","T","M","E","$","M","M","R","B","B",null,"R","$","E","B",null],"character_chosen":"DEFECT","items_purchased":["Core Surge","Membership Card","Strawberry","DataDisk","PrismaticShard","Bag of Marbles","TheAbacus","Centennial Puzzle","Ancient Potion","Secret Technique"],"campfire_rested":0,"item_purchase_floors":[30,39,39,46,46,46,54,54,54,54],"current_hp_per_floor":[64,64,64,64,64,64,51,51,51,56,56,46,46,41,41,41,67,66,66,66,29,27,27,24,24,24,29,29,29,29,29,29,20,66,60,60,50,50,57,57,57,57,57,57,57,57,57,49,49,21,9,68,68,68,68,51],"gold":81,"neow_bonus":"THREE_ENEMY_KILL","is_prod":false,"is_daily":false,"chose_seed":false,"campfire_upgraded":5,"win_rate":0,"timestamp":1553594481,"path_taken":["M","?","M","?","$","R","E","R","T","?","$","E","R","M","R","BOSS","M","$","?","?","M","R","M","R","T","?","?","M","?","?","R","BOSS","M","?","M","?","$","R","?","M","T","M","E","$","?","M","R","BOSS","BOSS","R","$","E","BOSS"],"build_version":"2019-01-23","purchased_purges":6,"victory":true,"max_hp_per_floor":[71,71,71,71,71,71,71,71,71,76,76,76,76,76,76,76,76,76,76,76,76,76,76,76,76,76,81,81,81,81,81,81,81,81,81,81,81,81,88,88,88,88,88,88,88,88,88,88,88,88,88,88,88,88,88,88],"card_choices":[{"not_picked":["Loop","Beam Cell"],"picked":"Ball Lightning","floor":1.0},{"not_picked":["Steam","Rebound"],"picked":"Conserve Battery","floor":3.0},{"not_picked":["Streamline","Compile Driver"],"picked":"Hologram","floor":4.0},{"not_picked":["Hello World","White Noise"],"picked":"Electrodynamics","floor":7.0},{"not_picked":["White Noise","Redo"],"picked":"Tempest","floor":12.0},{"not_picked":["Ball Lightning","Compile Driver"],"picked":"Recycle","floor":14.0},{"not_picked":["Creative AI","Echo Form"],"picked":"Biased Cognition","floor":16.0},{"not_picked":["Rebound","Chill"],"picked":"Turbo+1","floor":18.0},{"not_picked":["Hologram","Beam Cell+1"],"picked":"Cold Snap","floor":21.0},{"not_picked":["Cold Snap","Turbo","Beam Cell"],"picked":"SKIP","floor":22.0},{"not_picked":["Darkness+1","Steam Power","Recycle"],"picked":"SKIP","floor":24.0},{"not_picked":["Compile Driver","Streamline","White Noise"],"picked":"SKIP","floor":28.0},{"not_picked":["FTL","Redo","Ball Lightning"],"picked":"SKIP","floor":29.0},{"not_picked":["Core Surge","Rainbow"],"picked":"Thunder Strike","floor":33.0},{"not_picked":["Force Field","Coolheaded+1"],"picked":"Skim+1","floor":35.0},{"not_picked":["Sweeping Beam+1","Beam Cell","Streamline"],"picked":"SKIP","floor":37.0},{"not_picked":["Chaos","Heatsinks","Conserve Battery"],"picked":"SKIP","floor":42.0},{"not_picked":["Cold Snap","Leap"],"picked":"Static Discharge+1","floor":44.0},{"not_picked":["Go for the Eyes","Melter","Self Repair"],"picked":"SKIP","floor":45.0},{"not_picked":["Pummel","Reckless Charge","Aggregate"],"picked":"SKIP","floor":47.0},{"not_picked":["Redo","Iron Wave"],"picked":"Coolheaded","floor":48.0},{"not_picked":["Undo","Well Laid Plans","Endless Agony"],"picked":"SKIP","floor":55}],"player_experience":3886951,"relics_obtained":[{"floor":7.0,"key":"Peace Pipe"},{"floor":9.0,"key":"StoneCalendar"},{"floor":12.0,"key":"Oddly Smooth Stone"},{"floor":21.0,"key":"Ginger"},{"floor":21.0,"key":"Matryoshka"},{"floor":26.0,"key":"Orichalcum"},{"floor":26.0,"key":"Anchor"},{"floor":43.0,"key":"Happy Flower"},{"floor":45.0,"key":"Bottled Flame"},{"floor":55,"key":"Bottled Lightning"}],"event_choices":[{"cards_removed":["Strike_B"],"damage_healed":0.0,"max_hp_gain":0.0,"max_hp_loss":0.0,"gold_gain":0.0,"event_name":"Bonfire Elementals","player_choice":"Offered Basic","floor":2.0,"gold_loss":0.0,"damage_taken":0.0},{"damage_healed":0.0,"max_hp_gain":5.0,"max_hp_loss":0.0,"gold_gain":0.0,"event_name":"Big Fish","player_choice":"Donut","floor":10.0,"gold_loss":0.0,"damage_taken":0.0},{"cards_removed":["Defend_B"],"damage_healed":0.0,"max_hp_gain":0.0,"max_hp_loss":0.0,"gold_gain":0.0,"event_name":"Back to Basics","player_choice":"Elegance","floor":20.0,"gold_loss":0.0,"damage_taken":0.0},{"damage_healed":0.0,"max_hp_gain":0.0,"max_hp_loss":0.0,"gold_gain":0.0,"event_name":"Colosseum","player_choice":"Fight","floor":21.0,"gold_loss":0.0,"damage_taken":0.0},{"damage_healed":0.0,"max_hp_gain":0.0,"max_hp_loss":0.0,"gold_gain":0.0,"event_name":"Colosseum","player_choice":"Fought Nobs","floor":21.0,"gold_loss":0.0,"damage_taken":0.0},{"damage_healed":0.0,"max_hp_gain":0.0,"max_hp_loss":0.0,"gold_gain":0.0,"event_name":"Lab","player_choice":"Got Potions","floor":27.0,"gold_loss":0.0,"damage_taken":0.0},{"damage_healed":0.0,"max_hp_gain":0.0,"max_hp_loss":0.0,"gold_gain":999.0,"event_name":"MindBloom","player_choice":"Gold","floor":36.0,"gold_loss":0.0,"damage_taken":0.0,"cards_obtained":["Normality","Normality"]},{"damage_healed":0.0,"max_hp_gain":0.0,"max_hp_loss":0.0,"gold_gain":0.0,"event_name":"Tomb of Lord Red Mask","player_choice":"Ignored","floor":38.0,"gold_loss":0.0,"damage_taken":0.0},{"cards_removed":["Hologram"],"damage_healed":0.0,"max_hp_gain":0.0,"max_hp_loss":0.0,"gold_gain":0.0,"event_name":"Falling","player_choice":"Removed Skill","floor":41.0,"gold_loss":0.0,"damage_taken":0.0}],"is_beta":false,"boss_relics":[{"not_picked":["Snecko Eye","Ectoplasm"],"picked":"Runic Pyramid"},{"not_picked":["Runic Dome","Philosopher\u0027s Stone"],"picked":"Nuclear Battery"}],"items_purged_floors":[5,11,19,39,46,54],"is_endless":false,"potions_floor_spawned":[3,16,18,21,22,28,33,35,42,44,47],"ascension_level":20}