{"gold_per_floor":[114,114,37,52,15,45,69,82,82,82,116,129,129,129],"floor_reached":14,"playtime":383,"items_purged":[],"score":246,"play_id":"e3499285-b77d-4e0c-981f-359929c5b729","local_time":"20190531014344","is_ascension_mode":true,"campfire_choices":[{"data":"Rampage","floor":10.0,"key":"SMITH"}],"neow_cost":"NONE","seed_source_timestamp":53969845019380,"circlet_count":0,"master_deck":["AscendersBane","Strike_R","Strike_R","Strike_R","Strike_R","Defend_R","Defend_R","Defend_R","Defend_R","Bash","Armaments","Rampage+1","Burning Pact","Evolve","Feel No Pain"],"special_seed":0,"relics":["Burning Blood","NeowsBlessing","Singing Bowl","Odd Mushroom"],"potions_floor_usage":[],"damage_taken":[{"damage":0.0,"enemies":"Small Slimes","floor":1.0,"turns":1.0},{"damage":0.0,"enemies":"Cultist","floor":4.0,"turns":1.0},{"damage":0.0,"enemies":"3 Sentries","floor":6.0,"turns":1.0},{"damage":37.0,"enemies":"The Mushroom Lair","floor":7.0,"turns":7.0},{"damage":2.0,"enemies":"Jaw Worm","floor":8.0,"turns":6.0},{"damage":46.0,"enemies":"Gremlin Nob","floor":11.0,"turns":5.0},{"damage":10.0,"enemies":"Looter","floor":12.0,"turns":5.0},{"damage":19,"enemies":"Large Slime","floor":14,"turns":4}],"seed_played":"8852836228362122342","potions_obtained":[{"floor":4.0,"key":"SkillPotion"},{"floor":7.0,"key":"FairyPotion"},{"floor":8.0,"key":"Ancient Potion"}],"is_trial":false,"path_per_floor":["M","?","$","M","$","E","?","M","T","R","E","M","?","M"],"character_chosen":"IRONCLAD","items_purchased":["Rampage","Evolve"],"campfire_rested":0,"item_purchase_floors":[3,5],"current_hp_per_floor":[74,74,74,75,75,77,48,52,52,52,14,12,12,0],"gold":129,"neow_bonus":"THREE_ENEMY_KILL","is_prod":false,"is_daily":false,"chose_seed":false,"campfire_upgraded":1,"win_rate":0,"timestamp":1559238224,"path_taken":["M","?","?","M","$","E","?","M","T","R","E","M","?","M"],"build_version":"2019-01-23","purchased_purges":0,"victory":false,"max_hp_per_floor":[75,75,75,75,75,77,79,79,79,79,81,83,83,83],"card_choices":[{"not_picked":["Clash","Metallicize"],"picked":"Armaments","floor":1.0},{"not_picked":["Warcry","Heavy Blade"],"picked":"Burning Pact","floor":4.0},{"not_picked":["Corruption","Twin Strike","Anger"],"picked":"Singing Bowl","floor":6.0},{"not_picked":["Perfected Strike","Wild Strike","Pommel Strike"],"picked":"Singing Bowl","floor":7.0},{"not_picked":["Body Slam","Rampage"],"picked":"Feel No Pain","floor":8.0},{"not_picked":["Carnage","Iron Wave","Cleave"],"picked":"Singing Bowl","floor":11.0},{"not_picked":["Anger","Warcry","Feel No Pain"],"picked":"Singing Bowl","floor":12.0}],"player_experience":4907993,"relics_obtained":[{"floor":6.0,"key":"Singing Bowl"},{"floor":7.0,"key":"Odd Mushroom"}],"event_choices":[{"cards_removed":["Strike_R"],"damage_healed":0.0,"max_hp_gain":0.0,"max_hp_loss":0.0,"gold_gain":0.0,"event_name":"Purifier","player_choice":"Purged","floor":2.0,"gold_loss":0.0,"damage_taken":0.0},{"damage_healed":0.0,"max_hp_gain":0.0,"max_hp_loss":0.0,"gold_gain":0.0,"event_name":"Mushrooms","player_choice":"Fought Mushrooms","floor":7.0,"gold_loss":0.0,"damage_taken":0.0},{"damage_healed":0.0,"max_hp_gain":0.0,"max_hp_loss":0.0,"gold_gain":0.0,"event_name":"Scrap Ooze","player_choice":"Fled","floor":13.0,"gold_loss":0.0,"damage_taken":0.0}],"is_beta":false,"boss_relics":[],"items_purged_floors":[],"is_endless":false,"potions_floor_spawned":[4,7,8],"killed_by":"Large Slime","ascension_level":20}