{"gold_per_floor":[110,70,88,104,134,134,169,169,194,194,213,213,226,270,270,369,369,344,360,360,379,144,185,185,224,249,249,58,58,58,58,58,58],"floor_reached":33,"playtime":1060,"items_purged":["Strike_G","Strike_G"],"score":597,"play_id":"00ca7669-c303-4a9c-87cc-8676cf880a9e","local_time":"20190214234605","is_ascension_mode":true,"campfire_choices":[{"data":"Neutralize","floor":6,"key":"SMITH"},{"data":"Terror","floor":8,"key":"SMITH"},{"data":"Masterful Stab","floor":12,"key":"SMITH"},{"data":"A Thousand Cuts","floor":15,"key":"SMITH"},{"floor":24,"key":"REST"},{"floor":30,"key":"REST"},{"data":"Calculated Gamble","floor":32,"key":"SMITH"}],"neow_cost":"TEN_PERCENT_HP_LOSS","seed_source_timestamp":188823091449983,"circlet_count":0,"master_deck":["AscendersBane","Defend_G","Defend_G","Defend_G","Defend_G","Defend_G","Strike_G","Survivor","Neutralize+1","Dash","Masterful Stab+1","Terror+1","Backflip","A Thousand Cuts+1","Die Die Die+1","Footwork","Cloak And Dagger+1","Calculated Gamble+1","Acrobatics","Flying Knee+1","Catalyst"],"relics":["Ring of the Snake","FossilizedHelix","Tiny Chest","Molten Egg 2","Bronze Scales","Golden Idol","Regal Pillow","Black Star","Membership Card","Dream Catcher","Juzu Bracelet","Pen Nib","Art of War","Boot","Ornamental Fan","Blood Vial"],"potions_floor_usage":[7,16,23,23,33],"damage_taken":[{"damage":0,"enemies":"Cultist","floor":1,"turns":4},{"damage":0,"enemies":"Small Slimes","floor":3,"turns":3},{"damage":0,"enemies":"Jaw Worm","floor":4,"turns":3},{"damage":19,"enemies":"3 Sentries","floor":7,"turns":12},{"damage":0,"enemies":"Exordium Wildlife","floor":11,"turns":4},{"damage":0,"enemies":"Looter","floor":13,"turns":2},{"damage":5,"enemies":"Lagavulin","floor":14,"turns":4},{"damage":0,"enemies":"Slime Boss","floor":16,"turns":8},{"damage":8,"enemies":"2 Thieves","floor":18,"turns":5},{"damage":3,"enemies":"3 Byrds","floor":19,"turns":3},{"damage":3,"enemies":"Colosseum Slavers","floor":20,"turns":5},{"damage":12,"enemies":"Sentry and Sphere","floor":21,"turns":4},{"damage":8,"enemies":"Gremlin Leader","floor":23,"turns":6},{"damage":48,"enemies":"Book of Stabbing","floor":25,"turns":6},{"damage":44,"enemies":"Automaton","floor":33,"turns":12}],"seed_played":"-219821683140943147","potions_obtained":[{"floor":3,"key":"Weak Potion"},{"floor":4,"key":"SkillPotion"},{"floor":16,"key":"Fruit Juice"},{"floor":19,"key":"Ancient Potion"},{"floor":21,"key":"SkillPotion"},{"floor":25,"key":"Ancient Potion"}],"is_trial":false,"path_per_floor":["M","$","M","M","?","R","E","R","T","?","M","R","M","E","R","B",null,"M","M","?","M","$","E","R","E","T","T","$","?","R","$","R","B"],"character_chosen":"THE_SILENT","items_purchased":["Masterful Stab","Membership Card","Blood Vial","Acrobatics","EssenceOfSteel"],"campfire_rested":2,"item_purchase_floors":[2,22,28,28,28],"current_hp_per_floor":[59,59,59,59,54,54,35,35,35,35,35,35,35,30,30,35,53,45,42,39,27,27,19,51,3,3,3,3,3,35,35,35,0],"gold":58,"neow_bonus":"ONE_RARE_RELIC","is_prod":false,"is_daily":false,"chose_seed":false,"campfire_upgraded":5,"win_rate":0,"timestamp":1550159165,"path_taken":["M","$","?","M","?","R","E","R","T","?","M","R","M","E","R","BOSS","M","M","?","M","$","E","R","E","T","?","?","?","R","$","R","BOSS"],"build_version":"2019-01-23","purchased_purges":2,"victory":false,"max_hp_per_floor":[60,60,60,60,60,60,60,60,60,54,54,54,54,54,54,59,59,59,59,59,59,59,59,59,59,59,59,59,59,59,59,59,59],"card_choices":[{"not_picked":["Acrobatics","Riddle With Holes"],"picked":"Dash","floor":1},{"not_picked":["Blade Dance","Dagger Throw","Dodge and Roll"],"picked":"SKIP","floor":3},{"not_picked":["Eviscerate","Escape Plan","Blur"],"picked":"SKIP","floor":4},{"not_picked":["Leg Sweep","Backflip"],"picked":"Terror","floor":7},{"not_picked":["PiercingWail","Dodge and Roll","Deadly Poison"],"picked":"SKIP","floor":11},{"not_picked":["Flechettes+1","Outmaneuver"],"picked":"Backflip","floor":13},{"not_picked":["Escape Plan","Choke+1"],"picked":"A Thousand Cuts","floor":14},{"not_picked":["Grand Finale+1","Venomology"],"picked":"Die Die Die+1","floor":16},{"not_picked":["Flechettes+1","Accuracy","Flying Knee+1"],"picked":"SKIP","floor":18},{"not_picked":["Outmaneuver","Riddle With Holes+1"],"picked":"Footwork","floor":19},{"not_picked":["Infinite Blades","Outmaneuver"],"picked":"Cloak And Dagger+1","floor":21},{"not_picked":["Blade Dance","Concentrate","Dodge and Roll"],"picked":"SKIP","floor":23},{"not_picked":["Prepared","Sucker Punch+1"],"picked":"Calculated Gamble","floor":25}],"player_experience":756658,"relics_obtained":[{"floor":7,"key":"Molten Egg 2"},{"floor":9,"key":"Bronze Scales"},{"floor":14,"key":"Regal Pillow"},{"floor":23,"key":"Dream Catcher"},{"floor":23,"key":"Juzu Bracelet"},{"floor":25,"key":"Pen Nib"},{"floor":25,"key":"Art of War"},{"floor":26,"key":"Boot"},{"floor":27,"key":"Ornamental Fan"}],"event_choices":[{"damage_healed":0,"gold_gain":0,"player_choice":"Success","damage_taken":5,"relics_obtained":["Tiny Chest"],"max_hp_gain":0,"max_hp_loss":0,"event_name":"Scrap Ooze","floor":5,"gold_loss":0},{"damage_healed":0,"gold_gain":0,"player_choice":"Lose Max HP","damage_taken":0,"relics_obtained":["Golden Idol"],"max_hp_gain":0,"max_hp_loss":6,"event_name":"Golden Idol","floor":10,"gold_loss":0},{"damage_healed":0,"gold_gain":0,"player_choice":"Fight","damage_taken":0,"max_hp_gain":0,"max_hp_loss":0,"event_name":"Colosseum","floor":20,"gold_loss":0},{"damage_healed":0,"gold_gain":0,"player_choice":"Fled From Nobs","damage_taken":0,"max_hp_gain":0,"max_hp_loss":0,"event_name":"Colosseum","floor":20,"gold_loss":0},{"damage_healed":0,"gold_gain":0,"cards_transformed":["Strike_G","Strike_G"],"player_choice":"Became Test Subject","damage_taken":0,"max_hp_gain":0,"max_hp_loss":0,"event_name":"Drug Dealer","floor":29,"gold_loss":0,"cards_obtained":["Flying Knee","Catalyst"]}],"is_beta":false,"boss_relics":[{"not_picked":["Velvet Choker","Runic Dome"],"picked":"Black Star"}],"items_purged_floors":[22,28],"is_endless":false,"potions_floor_spawned":[3,4,16,19,21,25],"killed_by":"Automaton","ascension_level":15}