{"gold_per_floor":[117,127,52,63,63,63,73,73,73,73,73,73,73,89,89,162,162,180,21,21,21,35,65,65,65],"floor_reached":25,"playtime":716,"items_purged":["Strike_G"],"score":518,"play_id":"25c40df8-abe9-40aa-87b3-775f0de573c6","local_time":"20190312145011","is_ascension_mode":true,"campfire_choices":[{"data":"Well Laid Plans","floor":6.0,"key":"SMITH"},{"data":"Terror","floor":8.0,"key":"SMITH"},{"data":"Poisoned Stab","floor":11.0,"key":"SMITH"},{"data":"Blade Dance","floor":15.0,"key":"SMITH"},{"data":"Corpse Explosion","floor":24,"key":"SMITH"}],"neow_cost":"TEN_PERCENT_HP_LOSS","seed_source_timestamp":7702693154805,"circlet_count":0,"master_deck":["AscendersBane","Defend_G","Defend_G","Defend_G","Defend_G","Defend_G","Strike_G","Strike_G","Strike_G","Survivor","Neutralize","Corpse Explosion+1","Well Laid Plans+1","Poisoned Stab+1","Terror+1","Blade Dance+1","Cloak And Dagger+1","Footwork","Concentrate"],"special_seed":0,"relics":["Ring of the Snake","Dead Branch","Tough Bandages","Shuriken","Runic Dome","Dodecahedron"],"potions_floor_usage":[16,23],"damage_taken":[{"damage":7.0,"enemies":"Jaw Worm","floor":1.0,"turns":5.0},{"damage":0.0,"enemies":"2 Louse","floor":2.0,"turns":4.0},{"damage":0.0,"enemies":"Small Slimes","floor":4.0,"turns":5.0},{"damage":4.0,"enemies":"Blue Slaver","floor":7.0,"turns":6.0},{"damage":5.0,"enemies":"Large Slime","floor":14.0,"turns":7.0},{"damage":0,"enemies":"Slime Boss","floor":16,"turns":3},{"damage":1,"enemies":"2 Thieves","floor":18,"turns":3},{"damage":0,"enemies":"3 Byrds","floor":22,"turns":4},{"damage":23,"enemies":"Book of Stabbing","floor":23,"turns":4},{"damage":14,"enemies":"Slavers","floor":25,"turns":2}],"seed_played":"9051133281472214910","potions_obtained":[{"floor":2.0,"key":"AttackPotion"},{"floor":14.0,"key":"Explosive Potion"},{"floor":16,"key":"Swift Potion"},{"floor":22,"key":"Fire Potion"}],"is_trial":false,"path_per_floor":["M","M","?","M","?","R","M","R","T","$","R","T","$","M","R","B",null,"M","$","?","?","M","E","R","E"],"character_chosen":"THE_SILENT","items_purchased":["Footwork"],"campfire_rested":0,"item_purchase_floors":[19],"current_hp_per_floor":[52,52,52,52,41,41,37,37,37,37,37,37,37,32,32,32,53,52,52,36,36,36,13,13,0],"gold":65,"neow_bonus":"THREE_RARE_CARDS","is_prod":false,"is_daily":false,"chose_seed":false,"campfire_upgraded":5,"win_rate":0,"timestamp":1552373411,"path_taken":["M","M","?","M","?","R","M","R","T","?","R","?","$","M","R","BOSS","M","$","?","?","M","E","R","E"],"build_version":"2019-01-23","purchased_purges":1,"victory":false,"max_hp_per_floor":[60,60,60,60,60,60,60,60,60,60,60,60,60,60,60,60,60,60,60,65,65,65,65,65,65],"card_choices":[{"not_picked":["A Thousand Cuts","Venomology"],"picked":"Corpse Explosion","floor":0.0},{"not_picked":["Blade Dance","Deflect","Underhanded Strike"],"picked":"SKIP","floor":1.0},{"not_picked":["Sucker Punch","Slice"],"picked":"Well Laid Plans","floor":2.0},{"not_picked":["Cloak And Dagger","Choke"],"picked":"Poisoned Stab","floor":4.0},{"not_picked":["PiercingWail","Poisoned Stab"],"picked":"Terror","floor":7.0},{"not_picked":["Envenom","Deadly Poison"],"picked":"Blade Dance","floor":14.0},{"not_picked":["Flying Knee","Quick Slash"],"picked":"Cloak And Dagger+1","floor":18},{"not_picked":["Reflex","Poisoned Stab"],"picked":"Concentrate","floor":22},{"not_picked":["Deadly Poison","Caltrops","Distraction"],"picked":"SKIP","floor":23}],"player_experience":3513595,"relics_obtained":[{"floor":9.0,"key":"Tough Bandages"},{"floor":12.0,"key":"Shuriken"},{"floor":23,"key":"Dodecahedron"}],"event_choices":[{"cards_removed":["Strike_G"],"damage_healed":0.0,"max_hp_gain":0.0,"max_hp_loss":0.0,"gold_gain":0.0,"event_name":"The Cleric","player_choice":"Card Removal","floor":3.0,"gold_loss":75.0,"damage_taken":0.0},{"damage_healed":0.0,"max_hp_gain":0.0,"max_hp_loss":0.0,"gold_gain":0.0,"event_name":"Scrap Ooze","player_choice":"Success","floor":5.0,"gold_loss":0.0,"damage_taken":11.0,"relics_obtained":["Dead Branch"]},{"damage_healed":0,"gold_gain":0,"player_choice":"Shed Blood","damage_taken":21,"max_hp_gain":5,"max_hp_loss":0,"event_name":"Forgotten Altar","floor":20,"gold_loss":0},{"damage_healed":0,"gold_gain":0,"player_choice":"Ignored","damage_taken":0,"max_hp_gain":0,"max_hp_loss":0,"event_name":"Beggar","floor":21,"gold_loss":0}],"is_beta":false,"boss_relics":[{"not_picked":["Snecko Eye","Fusion Hammer"],"picked":"Runic Dome"}],"items_purged_floors":[19],"is_endless":false,"potions_floor_spawned":[2,14,16,22],"killed_by":"Slavers","ascension_level":20}