{"gold_per_floor":[111,33,49,49,63,63,94,94,94,113,113,113],"floor_reached":12,"playtime":221,"items_purged":[],"score":156,"play_id":"78878523-9bf9-4eb7-82a4-dc3c67d3c62b","local_time":"20190107163248","is_ascension_mode":true,"campfire_choices":[{"data":"Poisoned Stab","floor":6,"key":"SMITH"},{"data":"Corpse Explosion","floor":8,"key":"SMITH"}],"neow_cost":"TEN_PERCENT_HP_LOSS","seed_source_timestamp":16450008281823,"circlet_count":0,"master_deck":["AscendersBane","Defend_G","Defend_G","Defend_G","Defend_G","Defend_G","Strike_G","Strike_G","Strike_G","Strike_G","Strike_G","Survivor","Neutralize","Dash","Footwork","Poisoned Stab+1","Corpse Explosion+1","Backflip"],"relics":["Ring of the Snake","Tingsha","Golden Idol","Orichalcum","Molten Egg 2"],"potions_floor_usage":[],"damage_taken":[{"damage":0,"enemies":"2 Louse","floor":1,"turns":5},{"damage":0,"enemies":"Jaw Worm","floor":3,"turns":4},{"damage":1,"enemies":"Cultist","floor":5,"turns":4},{"damage":45,"enemies":"Gremlin Nob","floor":7,"turns":5},{"damage":0,"enemies":"2 Fungi Beasts","floor":10,"turns":2},{"damage":0,"enemies":"Exordium Wildlife","floor":12,"turns":1}],"seed_played":"-3608764908164507036","potions_obtained":[{"floor":1,"key":"Dexterity Potion"},{"floor":7,"key":"PowerPotion"}],"is_trial":false,"path_per_floor":["M","$","M","?","M","R","E","R","T","M","T","M"],"character_chosen":"THE_SILENT","items_purchased":["Footwork"],"campfire_rested":0,"item_purchase_floors":[2],"current_hp_per_floor":[59,59,59,54,53,53,8,8,8,8,8,8],"gold":113,"neow_bonus":"ONE_RARE_RELIC","is_prod":false,"is_daily":false,"chose_seed":false,"campfire_upgraded":2,"win_rate":0,"timestamp":1546849968,"path_taken":["M","$","M","?","M","R","E","R","T","M","?","?"],"build_version":"2019-01-03v4","purchased_purges":0,"victory":false,"max_hp_per_floor":[60,60,60,54,54,54,54,54,54,54,54,54],"card_choices":[{"not_picked":["Heel Hook","Choke"],"picked":"Dash","floor":1},{"not_picked":["PiercingWail","Cloak And Dagger","Underhanded Strike"],"picked":"SKIP","floor":3},{"not_picked":["Dodge and Roll","Blade Dance"],"picked":"Poisoned Stab","floor":5},{"not_picked":["Outmaneuver","All Out Attack"],"picked":"Corpse Explosion","floor":7},{"not_picked":["Prepared","Bane"],"picked":"Backflip","floor":10}],"player_experience":1817709,"relics_obtained":[{"floor":9,"key":"Orichalcum"},{"floor":11,"key":"Molten Egg 2"}],"event_choices":[{"damage_healed":0,"gold_gain":0,"player_choice":"Lose Max HP","damage_taken":0,"relics_obtained":["Golden Idol"],"max_hp_gain":0,"max_hp_loss":6,"event_name":"Golden Idol","floor":4,"gold_loss":0}],"is_beta":false,"boss_relics":[],"items_purged_floors":[],"is_endless":false,"potions_floor_spawned":[1,7],"killed_by":"Exordium Wildlife","ascension_level":20}