{"gold_per_floor":[116,134,146,146,164,164,164,181,229,257,257,320,320,320,320,396,396,406,406,379,18,18,18],"floor_reached":23,"playtime":877,"items_purged":[],"score":382,"play_id":"21e17a0f-d1b6-4595-bdcd-b3b5b5daa178","local_time":"20190731004526","is_ascension_mode":true,"campfire_choices":[{"data":"Shrug It Off","floor":6.0,"key":"SMITH"},{"floor":11.0,"key":"REST"},{"data":"Spot Weakness","floor":13.0,"key":"SMITH"},{"data":"Bash","floor":15.0,"key":"SMITH"}],"neow_cost":"TEN_PERCENT_HP_LOSS","seed_source_timestamp":194947374183239,"circlet_count":0,"master_deck":["AscendersBane","Strike_R","Strike_R","Defend_R","Defend_R","Defend_R","Defend_R","Bash+1","True Grit+1","Shrug It Off+1","Spot Weakness+1","Offering","Berserk+1","Ghostly Armor","Rampage","Exhume","Purity"],"special_seed":0,"relics":["Burning Blood","Lantern","Ornamental Fan","Tiny Chest","Cursed Key","Membership Card"],"potions_floor_usage":[22],"damage_taken":[{"damage":4.0,"enemies":"Jaw Worm","floor":1.0,"turns":4.0},{"damage":10.0,"enemies":"Cultist","floor":2.0,"turns":4.0},{"damage":0.0,"enemies":"2 Louse","floor":3.0,"turns":5.0},{"damage":11.0,"enemies":"Exordium Wildlife","floor":5.0,"turns":5.0},{"damage":5.0,"enemies":"Gremlin Gang","floor":8.0,"turns":4.0},{"damage":42.0,"enemies":"Lagavulin","floor":10.0,"turns":8.0},{"damage":32.0,"enemies":"3 Sentries","floor":12.0,"turns":15.0},{"damage":18.0,"enemies":"Hexaghost","floor":16.0,"turns":9.0},{"damage":14.0,"enemies":"Spheric Guardian","floor":18.0,"turns":5.0},{"damage":15.0,"enemies":"2 Thieves","floor":20.0,"turns":4.0},{"damage":0,"enemies":"Cultist and Chosen","floor":22,"turns":1},{"damage":34,"enemies":"Slavers","floor":23,"turns":2}],"seed_played":"-6731819928695764226","potions_obtained":[{"floor":1.0,"key":"AttackPotion"},{"floor":3.0,"key":"Explosive Potion"},{"floor":5.0,"key":"EssenceOfSteel"},{"floor":20.0,"key":"SmokeBomb"}],"is_trial":false,"path_per_floor":["M","M","M","?","M","R","?","M","T","E","R","E","R","?","R","B",null,"M","?","M","$","M","E"],"character_chosen":"IRONCLAD","items_purchased":["Membership Card","Rampage","Exhume","Purity"],"campfire_rested":1,"item_purchase_floors":[21,21,21,21],"current_hp_per_floor":[68,64,68,68,63,63,63,64,64,28,48,22,22,22,22,10,54,46,46,37,37,43,9],"gold":18,"neow_bonus":"REMOVE_TWO","is_prod":false,"is_daily":false,"chose_seed":false,"campfire_upgraded":3,"win_rate":0,"timestamp":1564501526,"path_taken":["M","M","M","?","?","R","?","M","T","E","R","E","R","?","R","BOSS","M","?","M","$","M","E"],"build_version":"2019-07-17","purchased_purges":0,"victory":false,"max_hp_per_floor":[68,68,68,68,68,68,68,68,68,68,68,68,68,68,68,68,68,68,68,68,68,68,68],"card_choices":[{"not_picked":["Combust","Entrench"],"picked":"True Grit","floor":1.0},{"not_picked":["Entrench","Flex","Headbutt"],"picked":"SKIP","floor":2.0},{"not_picked":["Havoc","Wild Strike"],"picked":"Shrug It Off","floor":3.0},{"not_picked":["Havoc","Infernal Blade","Iron Wave"],"picked":"SKIP","floor":5.0},{"not_picked":["Disarm","Corruption"],"picked":"Spot Weakness","floor":8.0},{"not_picked":["Sentinel","Iron Wave","Searing Blow"],"picked":"SKIP","floor":10.0},{"not_picked":["Pommel Strike","Entrench"],"picked":"Offering","floor":12.0},{"not_picked":["Dark Embrace","Brutality"],"picked":"Berserk","floor":16.0},{"not_picked":["Metallicize","Wild Strike","Carnage"],"picked":"SKIP","floor":18.0},{"not_picked":["Metallicize","Wild Strike","Carnage"],"picked":"SKIP","floor":18.0},{"not_picked":["Clash","Clothesline+1"],"picked":"Ghostly Armor","floor":20.0}],"player_experience":698641,"relics_obtained":[{"floor":9.0,"key":"Lantern"},{"floor":10.0,"key":"Ornamental Fan"},{"floor":12.0,"key":"Tiny Chest"}],"event_choices":[{"damage_healed":0.0,"max_hp_gain":0.0,"max_hp_loss":0.0,"gold_gain":0.0,"event_name":"Upgrade Shrine","player_choice":"Upgraded","floor":4.0,"gold_loss":0.0,"damage_taken":0.0,"cards_upgraded":["True Grit"]},{"cards_removed":["Strike_R"],"damage_healed":0.0,"max_hp_gain":0.0,"max_hp_loss":0.0,"gold_gain":0.0,"event_name":"Living Wall","player_choice":"Forget","floor":7.0,"gold_loss":0.0,"damage_taken":0.0},{"damage_healed":0.0,"max_hp_gain":0.0,"max_hp_loss":0.0,"gold_gain":0.0,"event_name":"Shining Light","player_choice":"Ignored","floor":14.0,"gold_loss":0.0,"damage_taken":0.0},{"damage_healed":0.0,"max_hp_gain":0.0,"max_hp_loss":0.0,"gold_gain":0.0,"event_name":"Accursed Blacksmith","player_choice":"Forge","floor":19.0,"gold_loss":0.0,"damage_taken":0.0,"cards_upgraded":["Berserk"]}],"is_beta":false,"boss_relics":[{"not_picked":["White Beast Statue","Fusion Hammer"],"picked":"Cursed Key"}],"items_purged_floors":[],"is_endless":false,"potions_floor_spawned":[1,3,5,20],"killed_by":"Slavers","ascension_level":18}