{"gold_per_floor":[114,133,56,56,56,91,91,102,178,189,189,207,242,253,253,253],"floor_reached":16,"playtime":610,"items_purged":[],"score":274,"play_id":"88bb10c6-5b7d-40bf-8a25-0e9f18e80613","local_time":"20190128112007","is_ascension_mode":true,"campfire_choices":[{"data":"Cloak And Dagger","floor":7,"key":"SMITH"},{"data":"Calculated Gamble","floor":11,"key":"SMITH"},{"data":"Accuracy","floor":15,"key":"SMITH"}],"neow_cost":"NONE","seed_source_timestamp":7478445990515,"circlet_count":0,"master_deck":["AscendersBane","Defend_G","Defend_G","Defend_G","Defend_G","Defend_G","Strike_G","Strike_G","Strike_G","Strike_G","Strike_G","Survivor","Neutralize","Calculated Gamble+1","Cloak And Dagger+1","Accuracy+1","Backflip","Well Laid Plans"],"relics":["Ring of the Snake","NeowsBlessing","PreservedInsect","Paper Crane","Gremlin Horn"],"potions_floor_usage":[13],"damage_taken":[{"damage":0,"enemies":"Cultist","floor":1,"turns":1},{"damage":0,"enemies":"2 Louse","floor":2,"turns":1},{"damage":0,"enemies":"3 Sentries","floor":6,"turns":1},{"damage":2,"enemies":"Jaw Worm","floor":8,"turns":4},{"damage":0,"enemies":"Exordium Wildlife","floor":10,"turns":4},{"damage":0,"enemies":"Red Slaver","floor":12,"turns":4},{"damage":28,"enemies":"Gremlin Nob","floor":13,"turns":4},{"damage":1,"enemies":"Looter","floor":14,"turns":4},{"damage":19,"enemies":"Slime Boss","floor":16,"turns":8}],"seed_played":"-5308657677989546796","potions_obtained":[{"floor":1,"key":"Weak Potion"},{"floor":2,"key":"SkillPotion"}],"is_trial":false,"path_per_floor":["M","M","$","?","?","E","R","M","T","M","R","M","E","M","R","B"],"character_chosen":"THE_SILENT","items_purchased":["Accuracy"],"campfire_rested":0,"item_purchase_floors":[3],"current_hp_per_floor":[59,59,59,64,64,64,64,62,62,62,62,62,34,33,33,14],"gold":253,"neow_bonus":"THREE_ENEMY_KILL","is_prod":false,"is_daily":false,"chose_seed":false,"campfire_upgraded":3,"win_rate":0,"timestamp":1548645607,"path_taken":["M","M","$","?","?","E","R","M","T","M","R","M","E","M","R","BOSS"],"build_version":"2019-01-23","purchased_purges":0,"victory":false,"max_hp_per_floor":[66,66,66,71,71,71,71,71,71,71,71,71,71,71,71,71],"card_choices":[{"not_picked":["Endless Agony","Dagger Spray"],"picked":"Calculated Gamble","floor":1},{"not_picked":["Flying Knee","Dagger Spray"],"picked":"Cloak And Dagger","floor":2},{"not_picked":["Masterful Stab","Cloak And Dagger","Storm of Steel"],"picked":"SKIP","floor":6},{"not_picked":["Concentrate","Finisher","Dodge and Roll"],"picked":"SKIP","floor":8},{"not_picked":["Calculated Gamble","Quick Slash","PiercingWail"],"picked":"SKIP","floor":10},{"not_picked":["Choke","Outmaneuver","Dagger Spray"],"picked":"SKIP","floor":12},{"not_picked":["Choke","Outmaneuver","Dagger Spray"],"picked":"SKIP","floor":12},{"not_picked":["Dagger Throw","Deflect"],"picked":"Backflip","floor":13},{"not_picked":["Riddle With Holes","Reflex"],"picked":"Well Laid Plans","floor":14}],"player_experience":1367717,"relics_obtained":[{"floor":6,"key":"PreservedInsect"},{"floor":9,"key":"Paper Crane"},{"floor":13,"key":"Gremlin Horn"}],"event_choices":[{"damage_healed":0,"gold_gain":0,"player_choice":"Donut","damage_taken":0,"max_hp_gain":5,"max_hp_loss":0,"event_name":"Big Fish","floor":4,"gold_loss":0},{"damage_healed":0,"gold_gain":0,"player_choice":"Leave","damage_taken":0,"max_hp_gain":0,"max_hp_loss":0,"event_name":"The Cleric","floor":5,"gold_loss":0}],"is_beta":true,"boss_relics":[],"items_purged_floors":[],"is_endless":false,"potions_floor_spawned":[1,2,8],"killed_by":"Slime Boss","ascension_level":20}