{"gold_per_floor":[115,115,129,147,447,447,447,447,447,447,461,461,261,261,261,365,365,380,37,37,37,64,93,93,127,127,2,17,17,17,33,33,133,133,144,144,163,175,185,185,219,219,219,219,69,89,89,39,39,39],"floor_reached":51,"playtime":26956,"items_purged":["Strike_R","Strike_R","Strike_R"],"score":874,"play_id":"4d06c12d-9d4a-48c0-b3e5-192b54e01f20","local_time":"20190704100118","is_ascension_mode":false,"campfire_choices":[{"data":"Limit Break","floor":6.0,"key":"SMITH"},{"data":"Bash","floor":8.0,"key":"SMITH"},{"data":"Pommel Strike","floor":12.0,"key":"SMITH"},{"data":"Sword Boomerang","floor":15.0,"key":"SMITH"},{"data":"Feed","floor":24.0,"key":"SMITH"},{"data":"True Grit","floor":30,"key":"SMITH"},{"data":"Shockwave","floor":32,"key":"SMITH"},{"data":"Inflame","floor":40,"key":"SMITH"},{"data":"Limit Break","floor":42,"key":"SMITH"},{"floor":49,"key":"RECALL"}],"neow_cost":"PERCENT_DAMAGE","seed_source_timestamp":45839417949380,"circlet_count":0,"master_deck":["Defend_R+1","Defend_R+1","Defend_R+1","Defend_R+1","Bash+1","Limit Break+1","Shrug It Off+1","Evolve+1","Pommel Strike+1","Inflame+1","True Grit+1","Sword Boomerang+1","Feed+1","Feel No Pain+1","Shockwave+1","Ghostly+1","Ghostly+1","Ghostly+1","Ghostly+1","Ghostly+1","Metallicize+1","Berserk+1","Limit Break+1","Burning Pact+1","Inflame+1"],"special_seed":0,"relics":["Burning Blood","Old Coin","Omamori","Mark of Pain","Brimstone","Red Mask","Orichalcum","Pear","War Paint","Coffee Dripper","Dream Catcher","Ancient Tea Set","Mark of the Bloom"],"potions_floor_usage":[25],"damage_taken":[{"damage":11.0,"enemies":"2 Louse","floor":1.0,"turns":3.0},{"damage":11.0,"enemies":"Jaw Worm","floor":3.0,"turns":3.0},{"damage":5.0,"enemies":"Small Slimes","floor":4.0,"turns":4.0},{"damage":16.0,"enemies":"Exordium Thugs","floor":11.0,"turns":6.0},{"damage":28.0,"enemies":"Slime Boss","floor":16.0,"turns":7.0},{"damage":18.0,"enemies":"Spheric Guardian","floor":18.0,"turns":5.0},{"damage":2.0,"enemies":"Masked Bandits","floor":22.0,"turns":6.0},{"damage":2.0,"enemies":"Gremlin Leader","floor":23.0,"turns":6.0},{"damage":0,"enemies":"Book of Stabbing","floor":25,"turns":6},{"damage":2,"enemies":"2 Thieves","floor":28,"turns":3},{"damage":0,"enemies":"3 Cultists","floor":31,"turns":5},{"damage":0,"enemies":"Champ","floor":33,"turns":7},{"damage":0,"enemies":"Orb Walker","floor":35,"turns":6},{"damage":0,"enemies":"3 Shapes","floor":37,"turns":6},{"damage":0,"enemies":"Transient","floor":38,"turns":5},{"damage":0,"enemies":"Jaw Worm Horde","floor":39,"turns":5},{"damage":11,"enemies":"Nemesis","floor":41,"turns":5},{"damage":0,"enemies":"Spire Growth","floor":46,"turns":7},{"damage":0,"enemies":"Awakened One","floor":50,"turns":6}],"seed_played":"-3126455109615023294","potions_obtained":[{"floor":16.0,"key":"Swift Potion"},{"floor":23.0,"key":"GamblersBrew"},{"floor":28,"key":"SteroidPotion"},{"floor":31,"key":"Energy Potion"},{"floor":33,"key":"AttackPotion"}],"is_trial":false,"path_per_floor":["M","?","M","M","T","R","?","R","T","?","M","R","$","?","R","B",null,"M","$","?","?","?","E","R","E","T","$","M","$","R","M","R","B",null,"M","?","M","M","M","R","E","R","T","?","$","M","?","$","R","B",null],"character_chosen":"IRONCLAD","items_purchased":["Inflame","True Grit","Brimstone","Shockwave","Burning Pact","Inflame","SkillPotion"],"campfire_rested":0,"item_purchase_floors":[13,13,19,19,45,45,48],"current_hp_per_floor":[51,56,51,52,52,52,52,52,52,73,63,63,63,63,63,41,85,76,76,44,44,47,50,50,64,64,64,68,68,68,72,72,76,76,80,80,84,84,88,88,87,87,87,92,92,96,96,96,96,96],"gold":39,"neow_bonus":"THREE_RARE_CARDS","is_prod":false,"is_daily":false,"chose_seed":false,"campfire_upgraded":9,"win_rate":0,"timestamp":1562205678,"path_taken":["M","?","M","M","?","R","?","R","T","?","?","R","$","?","R","BOSS","M","$","?","?","?","E","R","E","T","?","M","$","R","M","R","BOSS","M","?","?","M","M","R","E","R","T","?","$","M","?","?","R","BOSS"],"build_version":"2019-07-01","purchased_purges":3,"victory":true,"max_hp_per_floor":[80,85,85,85,85,85,85,85,85,85,85,85,85,85,85,85,85,88,88,44,44,47,50,50,64,64,64,68,68,68,72,72,76,76,80,80,84,84,88,88,92,92,92,92,92,96,96,96,96,96],"card_choices":[{"not_picked":["Reaper","Berserk"],"picked":"Limit Break","floor":0.0},{"not_picked":["Perfected Strike","Heavy Blade","Clothesline"],"picked":"SKIP","floor":1.0},{"not_picked":["Dropkick","Disarm"],"picked":"Shrug It Off","floor":3.0},{"not_picked":["Pummel","Flex"],"picked":"Evolve","floor":4.0},{"not_picked":["Searing Blow","Heavy Blade"],"picked":"Pommel Strike","floor":11.0},{"not_picked":["Double Tap","Barricade"],"picked":"Feed","floor":16.0},{"not_picked":["Pommel Strike+1","Anger+1"],"picked":"Feel No Pain+1","floor":18.0},{"not_picked":["Flex","Seeing Red","Intimidate"],"picked":"SKIP","floor":23.0},{"not_picked":["Metallicize+1","True Grit","Armaments+1"],"picked":"SKIP","floor":25},{"not_picked":["True Grit","Armaments+1"],"picked":"Metallicize+1","floor":25},{"not_picked":["Body Slam","Uppercut+1","Cleave"],"picked":"SKIP","floor":28},{"not_picked":["Clash","Carnage+1","Iron Wave"],"picked":"SKIP","floor":31},{"not_picked":["Immolate","Brutality"],"picked":"Berserk","floor":33},{"not_picked":["Fire Breathing+1","Anger+1","Thunderclap"],"picked":"SKIP","floor":35},{"not_picked":["Pommel Strike","Twin Strike","Clash+1"],"picked":"SKIP","floor":37},{"not_picked":["Armaments","Rupture","Ghostly Armor+1"],"picked":"SKIP","floor":38},{"not_picked":["Wild Strike+1","Intimidate+1","Cleave+1"],"picked":"SKIP","floor":39},{"not_picked":["Fire Breathing","Anger+1"],"picked":"Limit Break","floor":41},{"not_picked":["Hemokinesis","Headbutt+1","Armaments+1"],"picked":"SKIP","floor":46}],"player_experience":5646179,"relics_obtained":[{"floor":5.0,"key":"Old Coin"},{"floor":9.0,"key":"Omamori"},{"floor":22.0,"key":"Red Mask"},{"floor":23.0,"key":"Orichalcum"},{"floor":25,"key":"Pear"},{"floor":26,"key":"War Paint"},{"floor":41,"key":"Dream Catcher"},{"floor":43,"key":"Ancient Tea Set"}],"event_choices":[{"damage_healed":0.0,"max_hp_gain":5.0,"max_hp_loss":0.0,"gold_gain":0.0,"event_name":"Big Fish","player_choice":"Donut","floor":2.0,"gold_loss":0.0,"damage_taken":0.0},{"damage_healed":0.0,"max_hp_gain":0.0,"max_hp_loss":0.0,"gold_gain":0.0,"event_name":"Dead Adventurer","player_choice":"Searched \u00270\u0027 times","floor":7.0,"gold_loss":0.0,"damage_taken":0.0},{"damage_healed":21.0,"max_hp_gain":0.0,"max_hp_loss":0.0,"gold_gain":0.0,"event_name":"Mushrooms","player_choice":"Healed and dodged fight","floor":10.0,"gold_loss":0.0,"damage_taken":0.0,"cards_obtained":["Parasite"]},{"damage_healed":0.0,"max_hp_gain":0.0,"max_hp_loss":0.0,"gold_gain":0.0,"cards_transformed":["Strike_R"],"event_name":"Living Wall","player_choice":"Change","floor":14.0,"gold_loss":0.0,"damage_taken":0.0,"cards_obtained":["Sword Boomerang"]},{"damage_healed":0.0,"max_hp_gain":0.0,"max_hp_loss":44.0,"gold_gain":0.0,"event_name":"Ghosts","player_choice":"Became a Ghost","floor":20.0,"gold_loss":0.0,"damage_taken":0.0,"cards_obtained":["Ghostly","Ghostly","Ghostly","Ghostly","Ghostly"]},{"cards_removed":["Strike_R"],"damage_healed":0.0,"max_hp_gain":0.0,"max_hp_loss":0.0,"gold_gain":0.0,"event_name":"Back to Basics","player_choice":"Elegance","floor":21.0,"gold_loss":0.0,"damage_taken":0.0},{"damage_healed":0.0,"max_hp_gain":0.0,"max_hp_loss":0.0,"gold_gain":0.0,"event_name":"Masked Bandits","player_choice":"Fought Bandits","floor":22.0,"gold_loss":0.0,"damage_taken":0.0},{"damage_healed":0,"gold_gain":0,"player_choice":"Got Potions","damage_taken":0,"max_hp_gain":0,"max_hp_loss":0,"event_name":"Lab","floor":36,"gold_loss":0},{"damage_healed":23,"gold_gain":0,"player_choice":"Writhe","damage_taken":0,"max_hp_gain":0,"max_hp_loss":0,"event_name":"Winding Halls","floor":44,"gold_loss":0,"cards_obtained":["Writhe"]},{"damage_healed":0,"gold_gain":0,"player_choice":"Upgrade","damage_taken":0,"relics_obtained":["Mark of the Bloom"],"max_hp_gain":0,"max_hp_loss":0,"event_name":"MindBloom","floor":47,"gold_loss":0,"cards_upgraded":["Defend_R","Defend_R","Defend_R","Evolve","Ghostly","Ghostly","Ghostly","Ghostly","Ghostly","Berserk","Burning Pact","Inflame"]}],"is_beta":false,"boss_relics":[{"not_picked":["Fusion Hammer","Sozu"],"picked":"Mark of Pain"},{"not_picked":["Calling Bell","Runic Cube"],"picked":"Coffee Dripper"}],"items_purged_floors":[13,19,27],"is_endless":false,"potions_floor_spawned":[16,23,28,31,33,38,39],"ascension_level":0}