{"gold_per_floor":[11,11,0,0,16,16,27,55,102,102,102,113,113,113],"floor_reached":14,"playtime":275,"items_purged":[],"score":176,"play_id":"6bacd7db-e31c-4cda-876a-5bd0c2a9cbe4","local_time":"20190405004146","is_ascension_mode":true,"campfire_choices":[{"data":"Deadly Poison","floor":6,"key":"SMITH"},{"data":"Catalyst","floor":11,"key":"SMITH"},{"data":"Deep Breath","floor":13,"key":"SMITH"}],"neow_cost":"NO_GOLD","seed_source_timestamp":45689531414284,"circlet_count":0,"master_deck":["AscendersBane","Defend_G","Defend_G","Defend_G","Defend_G","Defend_G","Strike_G","Strike_G","Strike_G","Strike_G","Strike_G","Survivor","Neutralize","Violence","Deep Breath+1","Deadly Poison+1","Dagger Spray","Catalyst+1"],"special_seed":0,"relics":["Ring of the Snake","Anchor","Calipers","Pen Nib"],"potions_floor_usage":[],"damage_taken":[{"damage":3.0,"enemies":"Cultist","floor":1.0,"turns":5.0},{"damage":0,"enemies":"2 Louse","floor":5,"turns":2},{"damage":0,"enemies":"Jaw Worm","floor":7,"turns":3},{"damage":21,"enemies":"Lagavulin","floor":8,"turns":6},{"damage":0,"enemies":"3 Louse","floor":12,"turns":4},{"damage":47,"enemies":"Gremlin Nob","floor":14,"turns":3}],"seed_played":"-1875421692644702777","potions_obtained":[{"floor":1.0,"key":"EssenceOfSteel"}],"is_trial":false,"path_per_floor":["M","?","?","?","M","R","M","E","T","?","R","M","R","E"],"character_chosen":"THE_SILENT","items_purchased":[],"campfire_rested":0,"item_purchase_floors":[],"current_hp_per_floor":[56,61,61,50,50,50,50,29,29,29,29,29,29,0],"gold":113,"neow_bonus":"RANDOM_COLORLESS_2","is_prod":false,"is_daily":false,"chose_seed":false,"campfire_upgraded":3,"win_rate":0,"timestamp":1554396106,"path_taken":["M","?","?","?","?","R","M","E","T","?","R","M","R","E"],"build_version":"2019-01-23","purchased_purges":0,"victory":false,"max_hp_per_floor":[66,71,71,71,71,71,71,71,71,71,71,71,71,71],"card_choices":[{"not_picked":["Outmaneuver","Underhanded Strike"],"picked":"Deadly Poison","floor":1.0},{"not_picked":["Dagger Spray","Riddle With Holes","Acrobatics"],"picked":"SKIP","floor":5},{"not_picked":["Riddle With Holes","Acrobatics"],"picked":"Dagger Spray","floor":5},{"not_picked":["Bane","Acrobatics","Outmaneuver"],"picked":"SKIP","floor":7},{"not_picked":["Accuracy","Blade Dance"],"picked":"Catalyst","floor":8},{"not_picked":["Expertise","Cloak And Dagger","Dagger Spray"],"picked":"SKIP","floor":12}],"player_experience":4063139,"relics_obtained":[{"floor":8,"key":"Calipers"},{"floor":9,"key":"Pen Nib"}],"event_choices":[{"damage_healed":0.0,"max_hp_gain":5.0,"max_hp_loss":0.0,"gold_gain":0.0,"event_name":"Big Fish","player_choice":"Donut","floor":2.0,"gold_loss":0.0,"damage_taken":0.0},{"damage_healed":0,"gold_gain":0,"player_choice":"Left Gold","damage_taken":0,"max_hp_gain":0,"max_hp_loss":0,"event_name":"World of Goop","floor":3,"gold_loss":11},{"damage_healed":0,"gold_gain":0,"player_choice":"Success","damage_taken":11,"relics_obtained":["Anchor"],"max_hp_gain":0,"max_hp_loss":0,"event_name":"Scrap Ooze","floor":4,"gold_loss":0},{"damage_healed":0,"gold_gain":0,"player_choice":"Ignored","damage_taken":0,"max_hp_gain":0,"max_hp_loss":0,"event_name":"Liars Game","floor":10,"gold_loss":0}],"is_beta":false,"boss_relics":[],"items_purged_floors":[],"is_endless":false,"potions_floor_spawned":[1],"killed_by":"Gremlin Nob","ascension_level":20}