{"gold_per_floor":[114,126,144,144,224,224,224,224,247,247,263,263],"floor_reached":12,"playtime":247,"items_purged":[],"score":119,"play_id":"27b5390a-83a4-487d-9c97-4da1f571ca3d","local_time":"20190218233716","is_ascension_mode":true,"campfire_choices":[{"data":"Phantasmal Killer","floor":6,"key":"SMITH"},{"data":"Neutralize","floor":8,"key":"SMITH"},{"data":"Outmaneuver","floor":10,"key":"SMITH"}],"neow_cost":"TEN_PERCENT_HP_LOSS","seed_source_timestamp":99888518781440,"circlet_count":0,"master_deck":["AscendersBane","Defend_G","Defend_G","Defend_G","Defend_G","Defend_G","Strike_G+1","Strike_G","Strike_G+1","Strike_G","Strike_G","Survivor","Neutralize+1","Phantasmal Killer+1","Outmaneuver+1","Masterful Stab"],"relics":["Ring of the Snake","Golden Idol","Blood Vial"],"potions_floor_usage":[],"damage_taken":[{"damage":1,"enemies":"Jaw Worm","floor":1,"turns":8},{"damage":3,"enemies":"2 Louse","floor":2,"turns":4},{"damage":6,"enemies":"Cultist","floor":3,"turns":5},{"damage":13,"enemies":"3 Louse","floor":11,"turns":4},{"damage":17,"enemies":"3 Sentries","floor":12,"turns":5}],"seed_played":"-2723798193400932245","potions_obtained":[],"is_trial":false,"path_per_floor":["M","M","M","?","T","R","?","R","T","R","M","E"],"character_chosen":"THE_SILENT","items_purchased":[],"campfire_rested":0,"item_purchase_floors":[],"current_hp_per_floor":[58,55,49,31,31,31,31,31,31,31,20,5],"gold":263,"neow_bonus":"THREE_RARE_CARDS","is_prod":false,"is_daily":false,"chose_seed":false,"campfire_upgraded":3,"win_rate":0,"timestamp":1550504236,"path_taken":["M","M","M","?","?","R","?","R","T","R","M","E"],"build_version":"2019-01-23","purchased_purges":0,"victory":false,"max_hp_per_floor":[60,60,60,60,60,60,54,54,54,54,54,54],"card_choices":[{"not_picked":["Wraith Form v2","Grand Finale"],"picked":"Phantasmal Killer","floor":0},{"not_picked":["Prepared","Infinite Blades"],"picked":"Outmaneuver","floor":1},{"not_picked":["Quick Slash","Sucker Punch","Prepared"],"picked":"SKIP","floor":2},{"not_picked":["Bane","Endless Agony","Blade Dance"],"picked":"SKIP","floor":3},{"not_picked":["Finisher","Cloak And Dagger"],"picked":"Masterful Stab","floor":11}],"player_experience":830691,"relics_obtained":[{"floor":9,"key":"Blood Vial"}],"event_choices":[{"damage_healed":0,"gold_gain":0,"player_choice":"Entered Light","damage_taken":18,"max_hp_gain":0,"max_hp_loss":0,"event_name":"Shining Light","floor":4,"gold_loss":0,"cards_upgraded":["Strike_G","Strike_G"]},{"damage_healed":0,"gold_gain":0,"player_choice":"Lose Max HP","damage_taken":0,"relics_obtained":["Golden Idol"],"max_hp_gain":0,"max_hp_loss":6,"event_name":"Golden Idol","floor":7,"gold_loss":0}],"is_beta":false,"boss_relics":[],"items_purged_floors":[],"is_endless":false,"potions_floor_spawned":[],"killed_by":"3 Sentries","ascension_level":15}