{"gold_per_floor":[365,345,1,11,28,28,28,43,66,66,141,157,157,174,174,248,248,260,185,185,200,217,217,217,217,217,237,109,144,144,169,169,247,247,260,260,260,260,275,275,307,307,307,307,332,350,364,364,364,364,364,364,364,10,44,44],"floor_reached":57,"playtime":5353,"items_purged":["Strike_G","Strike_G","Defend_G"],"score":3276,"play_id":"834c3245-e5e1-4eff-ac1b-4339ee2ca76f","local_time":"20190507145519","is_ascension_mode":true,"campfire_choices":[{"data":"Calculated Gamble","floor":6.0,"key":"SMITH"},{"data":"Acrobatics","floor":10.0,"key":"SMITH"},{"data":"Flechettes","floor":13.0,"key":"SMITH"},{"data":"Tactician","floor":15.0,"key":"SMITH"},{"data":"Calculated Gamble","floor":23.0,"key":"SMITH"},{"data":"Neutralize","floor":25.0,"key":"SMITH"},{"data":"Acrobatics","floor":30.0,"key":"SMITH"},{"data":"Acrobatics","floor":32.0,"key":"SMITH"},{"data":"Adrenaline","floor":40.0,"key":"SMITH"},{"floor":42.0,"key":"RECALL"},{"data":"Blur","floor":44.0,"key":"SMITH"},{"data":"Adrenaline","floor":49.0,"key":"SMITH"},{"data":"Survivor","floor":53.0,"key":"SMITH"}],"neow_cost":"PERCENT_DAMAGE","seed_source_timestamp":6855208307363,"circlet_count":0,"master_deck":["AscendersBane","Defend_G","Defend_G+1","Survivor+1","Neutralize+1","Calculated Gamble+1","Acrobatics+1","After Image","Flechettes+1","Tactician+1","After Image","Ghostly+1","Ghostly","Ghostly","Calculated Gamble+1","Acrobatics+1","Acrobatics+1","Blur+1","Well Laid Plans+1","Tactician+1","Catalyst+1","Adrenaline+1","Adrenaline+1"],"special_seed":0,"relics":["Ring of the Serpent","Tough Bandages","Nloth\u0027s Gift","Gambling Chip","War Paint","Singing Bowl","Astrolabe","Letter Opener","Molten Egg 2","Omamori","Cauldron","Bag of Preparation"],"potions_floor_usage":[56],"damage_taken":[{"damage":1.0,"enemies":"Small Slimes","floor":1.0,"turns":6.0},{"damage":1.0,"enemies":"Cultist","floor":4.0,"turns":4.0},{"damage":0.0,"enemies":"2 Louse","floor":5.0,"turns":4.0},{"damage":3.0,"enemies":"Exordium Thugs","floor":8.0,"turns":11.0},{"damage":0.0,"enemies":"2 Fungi Beasts","floor":12.0,"turns":4.0},{"damage":0.0,"enemies":"Exordium Wildlife","floor":14.0,"turns":8.0},{"damage":0.0,"enemies":"The Guardian","floor":16.0,"turns":19.0},{"damage":1.0,"enemies":"Chosen","floor":18.0,"turns":9.0},{"damage":2.0,"enemies":"Spheric Guardian","floor":21.0,"turns":8.0},{"damage":5.0,"enemies":"3 Cultists","floor":22.0,"turns":9.0},{"damage":0.0,"enemies":"Centurion and Healer","floor":27.0,"turns":9.0},{"damage":0.0,"enemies":"Gremlin Leader","floor":29.0,"turns":5.0},{"damage":0.0,"enemies":"Book of Stabbing","floor":31.0,"turns":6.0},{"damage":0.0,"enemies":"Collector","floor":33.0,"turns":18.0},{"damage":0.0,"enemies":"3 Shapes","floor":35.0,"turns":3.0},{"damage":0.0,"enemies":"3 Darklings","floor":39.0,"turns":1.0},{"damage":0.0,"enemies":"Reptomancer","floor":41.0,"turns":3.0},{"damage":0.0,"enemies":"Giant Head","floor":45.0,"turns":2.0},{"damage":0.0,"enemies":"Sphere and 2 Shapes","floor":46.0,"turns":2.0},{"damage":0.0,"enemies":"4 Shapes","floor":47.0,"turns":1.0},{"damage":0.0,"enemies":"Awakened One","floor":50.0,"turns":2.0},{"damage":0.0,"enemies":"Time Eater","floor":51.0,"turns":7.0},{"damage":0.0,"enemies":"Shield and Spear","floor":55.0,"turns":1.0},{"damage":0,"enemies":"The Heart","floor":56,"turns":5}],"seed_played":"4361972781178452869","potions_obtained":[{"floor":2.0,"key":"Swift Potion"},{"floor":4.0,"key":"Dexterity Potion"},{"floor":8.0,"key":"Dexterity Potion"},{"floor":18.0,"key":"GhostInAJar"},{"floor":22.0,"key":"FairyPotion"},{"floor":29.0,"key":"PowerPotion"},{"floor":54.0,"key":"GamblersBrew"}],"is_trial":false,"path_per_floor":["M","?","$","M","M","R","$","M","T","R","?","M","R","M","R","B",null,"M","$","?","M","M","R","?","R","T","M","$","E","R","E","R","B",null,"M","?","T","?","M","R","E","R","T","R","E","M","M","?","R","B","B",null,"R","$","E","B",null],"character_chosen":"THE_SILENT","items_purchased":["Tough Bandages","Acrobatics","Acrobatics","Cauldron"],"campfire_rested":0,"item_purchase_floors":[3,3,28,54],"current_hp_per_floor":[43,43,43,42,42,42,42,39,39,39,28,28,28,28,28,28,57,56,56,33,31,26,26,26,26,26,26,26,26,26,28,28,30,35,37,37,37,37,39,39,41,41,41,41,41,43,45,45,45,45,45,45,45,45,47,47],"gold":44,"neow_bonus":"TWO_FIFTY_GOLD","is_prod":false,"is_daily":false,"chose_seed":false,"campfire_upgraded":12,"win_rate":0,"timestamp":1557212119,"path_taken":["M","?","$","?","M","R","?","M","T","R","?","M","R","M","R","BOSS","M","$","?","M","M","R","?","R","T","?","$","E","R","E","R","BOSS","M","?","?","?","M","R","E","R","T","R","E","M","?","?","R","BOSS","BOSS","R","$","E","BOSS"],"build_version":"2019-01-23","purchased_purges":3,"victory":true,"max_hp_per_floor":[66,66,66,66,66,66,66,66,66,66,66,66,66,66,66,66,66,66,66,33,33,33,33,33,33,33,33,33,33,33,35,35,37,37,39,37,37,37,39,39,41,41,41,41,41,43,45,45,45,45,45,45,45,45,47,47],"card_choices":[{"not_picked":["Cloak And Dagger","Masterful Stab"],"picked":"Calculated Gamble","floor":1.0},{"not_picked":["Prepared","Poisoned Stab"],"picked":"After Image","floor":4.0},{"not_picked":["Cloak And Dagger","Deflect","Riddle With Holes"],"picked":"SKIP","floor":5.0},{"not_picked":["Reflex","Riddle With Holes"],"picked":"Flechettes","floor":8.0},{"not_picked":["Acrobatics","Leg Sweep"],"picked":"Tactician","floor":12.0},{"not_picked":["Dagger Spray","Flying Knee","Setup"],"picked":"SKIP","floor":14.0},{"not_picked":["Venomology","Malaise"],"picked":"After Image","floor":16.0},{"not_picked":["Predator","Poisoned Stab","Outmaneuver"],"picked":"SKIP","floor":18.0},{"not_picked":["Backstab+1","Blade Dance","Sucker Punch"],"picked":"SKIP","floor":21.0},{"not_picked":["Sucker Punch","Bane"],"picked":"Calculated Gamble","floor":22.0},{"not_picked":["Dagger Throw","Envenom"],"picked":"Acrobatics","floor":27.0},{"not_picked":["Sucker Punch","Backflip"],"picked":"Blur","floor":29.0},{"not_picked":["Deflect","Venomology","Endless Agony+1"],"picked":"Singing Bowl","floor":31.0},{"not_picked":["Corpse Explosion","Tools of the Trade","Doppelganger"],"picked":"Singing Bowl","floor":33.0},{"not_picked":["Outmaneuver","PiercingWail","Dagger Throw"],"picked":"Singing Bowl","floor":35.0},{"not_picked":["Dagger Spray","Dagger Throw+1","Expertise"],"picked":"Singing Bowl","floor":39.0},{"not_picked":["Underhanded Strike+1","Dodge and Roll+1","Sucker Punch"],"picked":"Singing Bowl","floor":41.0},{"not_picked":["Doppelganger","Unload+1"],"picked":"Adrenaline","floor":45.0},{"not_picked":["Terror","Slice+1","Deadly Poison"],"picked":"Singing Bowl","floor":46.0},{"not_picked":["Flying Knee+1","Slice+1","Sucker Punch+1"],"picked":"Singing Bowl","floor":47.0},{"not_picked":["Catalyst","Envenom","Deflect"],"picked":"Singing Bowl","floor":55.0}],"player_experience":4637456,"relics_obtained":[{"floor":9.0,"key":"Oddly Smooth Stone"},{"floor":26.0,"key":"Gambling Chip"},{"floor":29.0,"key":"War Paint"},{"floor":31.0,"key":"Singing Bowl"},{"floor":41.0,"key":"Letter Opener"},{"floor":43.0,"key":"Molten Egg 2"},{"floor":45.0,"key":"Omamori"},{"floor":55.0,"key":"Bag of Preparation"}],"event_choices":[{"damage_healed":0.0,"max_hp_gain":0.0,"max_hp_loss":0.0,"gold_gain":0.0,"event_name":"The Woman in Blue","player_choice":"Bought 1 Potion","floor":2.0,"gold_loss":0.0,"damage_taken":0.0},{"damage_healed":0.0,"max_hp_gain":0.0,"max_hp_loss":0.0,"gold_gain":75.0,"event_name":"World of Goop","player_choice":"Gather Gold","floor":11.0,"gold_loss":0.0,"damage_taken":11.0},{"damage_healed":0.0,"max_hp_gain":0.0,"max_hp_loss":33.0,"gold_gain":0.0,"event_name":"Ghosts","player_choice":"Became a Ghost","floor":20.0,"gold_loss":0.0,"damage_taken":0.0,"cards_obtained":["Ghostly","Ghostly","Ghostly"]},{"damage_healed":0.0,"max_hp_gain":0.0,"max_hp_loss":0.0,"gold_gain":0.0,"event_name":"N\u0027loth","player_choice":"Traded Relic","floor":24.0,"relics_lost":["Oddly Smooth Stone"],"gold_loss":0.0,"damage_taken":0.0,"relics_obtained":["Nloth\u0027s Gift"]},{"damage_healed":0.0,"max_hp_gain":0.0,"max_hp_loss":2.0,"gold_gain":0.0,"event_name":"Winding Halls","player_choice":"Max HP","floor":36.0,"gold_loss":0.0,"damage_taken":0.0},{"damage_healed":0.0,"max_hp_gain":0.0,"max_hp_loss":0.0,"gold_gain":0.0,"cards_transformed":["Defend_G"],"event_name":"Transmorgrifier","player_choice":"Transformed","floor":38.0,"gold_loss":0.0,"damage_taken":0.0,"cards_obtained":["Adrenaline"]},{"cards_removed":["Defend_G"],"damage_healed":0.0,"max_hp_gain":0.0,"max_hp_loss":0.0,"gold_gain":0.0,"event_name":"Purifier","player_choice":"Purged","floor":48.0,"gold_loss":0.0,"damage_taken":0.0}],"is_beta":false,"boss_relics":[{"not_picked":["Lizard Tail","Velvet Choker"],"picked":"Ring of the Serpent"},{"not_picked":["Philosopher\u0027s Stone","Runic Pyramid"],"picked":"Astrolabe"}],"items_purged_floors":[19,28,54],"is_endless":false,"potions_floor_spawned":[4,8,12,18,22,29,31,39,45,47],"ascension_level":20}