{"gold_per_floor":[10,10,23,33,53,79,79,112,162,194,194,212,224,235,235,338,338,357,374,0,19,32,32,50,50],"floor_reached":25,"playtime":2468,"items_purged":[],"score":309,"play_id":"fe03551c-d6fc-4362-b35a-1d8b9442dd15","local_time":"20190803212602","is_ascension_mode":true,"campfire_choices":[{"floor":7.0,"key":"REST"},{"floor":11.0,"key":"REST"},{"floor":15,"key":"REST"},{"floor":23,"key":"REST"}],"neow_cost":"NO_GOLD","seed_source_timestamp":7359218856866,"circlet_count":0,"master_deck":["Strike_B","Strike_B","Defend_B","Defend_B","Defend_B","Defend_B","Zap","Dualcast","Rebound","Barrage","Sunder","Gash","Loop","Echo Form","Creative AI","Darkness","Turbo","Static Discharge","Gash","Auto Shields","Undo","Seek","Sweeping Beam","Seek","Storm","Force Field","Stack+1","Seek"],"special_seed":0,"relics":["Cracked Core","Gambling Chip","Regal Pillow","Mercury Hourglass","Dream Catcher","Oddly Smooth Stone","Empty Cage","ClockworkSouvenir"],"potions_floor_usage":[18],"damage_taken":[{"damage":0.0,"enemies":"2 Louse","floor":1.0,"turns":2.0},{"damage":1.0,"enemies":"Cultist","floor":3.0,"turns":3.0},{"damage":9.0,"enemies":"Jaw Worm","floor":4.0,"turns":3.0},{"damage":2.0,"enemies":"Looter","floor":5.0,"turns":3.0},{"damage":34.0,"enemies":"Gremlin Nob","floor":6.0,"turns":4.0},{"damage":14.0,"enemies":"3 Sentries","floor":8.0,"turns":7.0},{"damage":32.0,"enemies":"Gremlin Nob","floor":10.0,"turns":4.0},{"damage":15.0,"enemies":"Gremlin Gang","floor":12.0,"turns":3.0},{"damage":0,"enemies":"Large Slime","floor":13,"turns":4},{"damage":15,"enemies":"Blue Slaver","floor":14,"turns":4},{"damage":28,"enemies":"Hexaghost","floor":16,"turns":13},{"damage":33,"enemies":"2 Thieves","floor":18,"turns":3},{"damage":12,"enemies":"Chosen","floor":19,"turns":6},{"damage":3,"enemies":"Snecko","floor":21,"turns":5},{"damage":24,"enemies":"Snake Plant","floor":22,"turns":3},{"damage":8,"enemies":"Shelled Parasite and Fungi","floor":24,"turns":7},{"damage":30,"enemies":"Gremlin Leader","floor":25,"turns":4}],"seed_played":"-1741114292918001657","potions_obtained":[{"floor":4.0,"key":"Energy Potion"},{"floor":6.0,"key":"SkillPotion"},{"floor":8.0,"key":"Strength Potion"},{"floor":12.0,"key":"SmokeBomb"},{"floor":13,"key":"Regen Potion"},{"floor":21,"key":"Explosive Potion"},{"floor":22,"key":"Strength Potion"}],"is_trial":false,"path_per_floor":["M","?","M","M","M","E","R","E","T","E","R","M","M","M","R","B",null,"M","M","$","M","M","R","M","E"],"character_chosen":"DEFECT","items_purchased":["Seek","ClockworkSouvenir","Storm"],"campfire_rested":4,"item_purchase_floors":[20,20,20],"current_hp_per_floor":[68,68,67,58,56,22,59,45,45,13,50,35,35,20,57,29,64,40,28,28,25,1,38,30,0],"gold":50,"neow_bonus":"ONE_RARE_RELIC","is_prod":false,"is_daily":false,"chose_seed":false,"campfire_upgraded":0,"win_rate":0,"timestamp":1564881962,"path_taken":["M","?","M","M","M","E","R","E","T","E","R","M","M","?","R","BOSS","M","?","$","M","M","R","M","E"],"build_version":"2019-07-17","purchased_purges":0,"victory":false,"max_hp_per_floor":[75,75,75,75,75,75,75,75,75,75,75,75,75,75,75,75,75,75,75,75,75,75,75,75,75],"card_choices":[{"not_picked":["Beam Cell","BootSequence"],"picked":"Rebound","floor":1.0},{"not_picked":["Beam Cell","Compile Driver"],"picked":"Sunder","floor":3.0},{"not_picked":["Reinforced Body","Hologram"],"picked":"Gash","floor":4.0},{"not_picked":["Cold Snap","Coolheaded"],"picked":"Loop","floor":5.0},{"not_picked":["Rebound","Coolheaded"],"picked":"Echo Form","floor":6.0},{"not_picked":["Reprogram","Cold Snap"],"picked":"Creative AI","floor":8.0},{"not_picked":["Go for the Eyes","Melter"],"picked":"Darkness","floor":10.0},{"not_picked":["Rebound","Streamline"],"picked":"Turbo","floor":11.0},{"not_picked":["Stack","Blizzard"],"picked":"Static Discharge","floor":12.0},{"not_picked":["Hologram","Fusion"],"picked":"Gash","floor":13},{"not_picked":["Beam Cell","Barrage"],"picked":"Auto Shields","floor":14},{"not_picked":["Compile Driver","Rebound"],"picked":"Undo","floor":15},{"not_picked":["Meteor Strike","Core Surge"],"picked":"Seek","floor":16},{"not_picked":["Tempest","Barrage"],"picked":"Sweeping Beam","floor":18},{"not_picked":["Blizzard+1","Rebound","Genetic Algorithm"],"picked":"SKIP","floor":19},{"not_picked":["Double Energy","Sweeping Beam"],"picked":"Force Field","floor":21},{"not_picked":["Reprogram","Streamline+1"],"picked":"Stack+1","floor":22},{"not_picked":["Redo","Heatsinks"],"picked":"Seek","floor":23},{"not_picked":["Darkness","Stack","Tempest"],"picked":"SKIP","floor":24}],"player_experience":454630,"relics_obtained":[{"floor":6.0,"key":"Regal Pillow"},{"floor":8.0,"key":"Mercury Hourglass"},{"floor":9.0,"key":"Dream Catcher"},{"floor":10.0,"key":"Oddly Smooth Stone"}],"event_choices":[{"damage_healed":0.0,"max_hp_gain":0.0,"max_hp_loss":0.0,"gold_gain":0.0,"event_name":"Match and Keep!","player_choice":"1 cards matched","floor":2.0,"gold_loss":0.0,"damage_taken":0.0,"cards_obtained":["Barrage"]}],"is_beta":false,"boss_relics":[{"not_picked":["Tiny House","Lizard Tail"],"picked":"Empty Cage"}],"items_purged_floors":[],"is_endless":false,"potions_floor_spawned":[4,6,8,12,13,21,22],"killed_by":"Gremlin Leader","ascension_level":7}