{"gold_per_floor":[109,31,43,53,53,53,65,91,91,102,158,158,158,158,158,158],"floor_reached":16,"playtime":361,"items_purged":[],"score":220,"play_id":"3afaf110-81ca-4bc9-8495-db13e7c8d528","local_time":"20190223224053","is_ascension_mode":true,"campfire_choices":[{"data":"Zap","floor":6,"key":"SMITH"},{"data":"Dualcast","floor":15,"key":"SMITH"}],"neow_cost":"NONE","seed_source_timestamp":528393703225342,"circlet_count":0,"master_deck":["AscendersBane","Strike_B+1","Strike_B+1","Strike_B","Defend_B","Defend_B","Defend_B","Defend_B","Zap+1","Dualcast+1","Capacitor","Loop","Skim","Recycle","Cold Snap","FTL","Loop+1","Double Energy"],"relics":["Cracked Core","Whetstone","Mummified Hand","Frozen Egg 2","Tiny Chest"],"potions_floor_usage":[8,8],"damage_taken":[{"damage":0,"enemies":"2 Louse","floor":1,"turns":2},{"damage":0,"enemies":"Small Slimes","floor":3,"turns":2},{"damage":4,"enemies":"Jaw Worm","floor":4,"turns":4},{"damage":7,"enemies":"Exordium Thugs","floor":7,"turns":4},{"damage":26,"enemies":"Gremlin Nob","floor":8,"turns":4},{"damage":4,"enemies":"Looter","floor":10,"turns":4},{"damage":18,"enemies":"Lagavulin","floor":11,"turns":7},{"damage":3,"enemies":"Hexaghost","floor":16,"turns":4}],"seed_played":"-2001001793359542109","potions_obtained":[{"floor":1,"key":"Block Potion"},{"floor":4,"key":"Strength Potion"},{"floor":11,"key":"Explosive Potion"}],"is_trial":false,"path_per_floor":["M","$","M","M","$","R","M","E","T","M","E","?","?","?","R","B"],"character_chosen":"DEFECT","items_purchased":["Loop"],"campfire_rested":0,"item_purchase_floors":[2],"current_hp_per_floor":[64,64,64,60,60,60,53,27,27,23,5,10,3,3,3,0],"gold":158,"neow_bonus":"RANDOM_COMMON_RELIC","is_prod":false,"is_daily":false,"chose_seed":false,"campfire_upgraded":2,"win_rate":0,"timestamp":1550932853,"path_taken":["M","$","M","M","$","R","M","E","T","M","E","?","?","?","R","BOSS"],"build_version":"2019-01-23","purchased_purges":0,"victory":false,"max_hp_per_floor":[71,71,71,71,71,71,71,71,71,71,71,76,76,76,76,76],"card_choices":[{"not_picked":["Redo","Steam"],"picked":"Capacitor","floor":1},{"not_picked":["Scrape","Go for the Eyes"],"picked":"Skim","floor":3},{"not_picked":["Conserve Battery","Redo"],"picked":"Recycle","floor":4},{"not_picked":["Undo","Chaos"],"picked":"Cold Snap","floor":7},{"not_picked":["Leap","Stack"],"picked":"FTL","floor":8},{"not_picked":["Stack","Cold Snap"],"picked":"Loop+1","floor":10},{"not_picked":["Go for the Eyes","Genetic Algorithm"],"picked":"Double Energy","floor":11}],"player_experience":951539,"relics_obtained":[{"floor":8,"key":"Mummified Hand"},{"floor":9,"key":"Frozen Egg 2"},{"floor":11,"key":"Tiny Chest"}],"event_choices":[{"damage_healed":0,"gold_gain":0,"player_choice":"Donut","damage_taken":0,"max_hp_gain":5,"max_hp_loss":0,"event_name":"Big Fish","floor":12,"gold_loss":0},{"cards_removed":["Strike_B"],"damage_healed":0,"gold_gain":0,"player_choice":"Card Removal","damage_taken":7,"max_hp_gain":0,"max_hp_loss":0,"event_name":"Golden Wing","floor":13,"gold_loss":0},{"damage_healed":0,"gold_gain":0,"player_choice":"Fled","damage_taken":0,"max_hp_gain":0,"max_hp_loss":0,"event_name":"Scrap Ooze","floor":14,"gold_loss":0}],"is_beta":false,"boss_relics":[],"items_purged_floors":[],"is_endless":false,"potions_floor_spawned":[1,4,7,11],"killed_by":"Hexaghost","ascension_level":20}