{"gold_per_floor":[111,22,22,33,33,33,58,58,58,74,87,87,99,134,134,210,210,227,243,603,50,64,64,64,95,95,95,107,22,22,42,42,117,117,129,129,43,57,57,57,57,86,156,156,156,169,169,12,12,12,12],"floor_reached":51,"playtime":2724,"items_purged":["Strike_B"],"score":1412,"play_id":"2918831c-4053-4fef-adb0-00b5255fce6d","local_time":"20190314165221","is_ascension_mode":true,"campfire_choices":[{"data":"Darkness","floor":6.0,"key":"SMITH"},{"data":"Chaos","floor":12.0,"key":"SMITH"},{"data":"Hologram","floor":15.0,"key":"SMITH"},{"data":"Fission","floor":23.0,"key":"SMITH"},{"data":"Defragment","floor":30.0,"key":"SMITH"},{"data":"Capacitor","floor":32.0,"key":"SMITH"},{"data":"Coolheaded","floor":40.0,"key":"SMITH"},{"data":"Recycle","floor":41.0,"key":"SMITH"},{"data":"Dualcast","floor":44.0,"key":"SMITH"},{"floor":47.0,"key":"RECALL"},{"data":"Enlightenment","floor":49.0,"key":"SMITH"}],"neow_cost":"NONE","seed_source_timestamp":28231903804812,"circlet_count":0,"master_deck":["AscendersBane","Defend_B","Defend_B","Zap","Dualcast+1","Darkness+1","Ball Lightning","Chill","Tempest","Chaos+1","Auto Shields","Hologram+1","Fission+1","Meteor Strike","Defragment+1","All For One","FTL","Capacitor+1","Seek","Conserve Battery+1","Coolheaded+1","White Noise","Recycle+1","Sweeping Beam+1","Enlightenment+1"],"special_seed":0,"relics":["Coffee Dripper","Symbiotic Virus","Omamori","WingedGreaves","Nuclear Battery","MealTicket","Gambling Chip","Red Mask","Vajra","Runic Pyramid","Mercury Hourglass","Molten Egg 2"],"potions_floor_usage":[51,51],"damage_taken":[{"damage":9.0,"enemies":"2 Louse","floor":1.0,"turns":2.0},{"damage":0.0,"enemies":"Cultist","floor":4.0,"turns":3.0},{"damage":16.0,"enemies":"Gremlin Nob","floor":7.0,"turns":3.0},{"damage":0.0,"enemies":"Small Slimes","floor":10.0,"turns":2.0},{"damage":1.0,"enemies":"Blue Slaver","floor":11.0,"turns":2.0},{"damage":19.0,"enemies":"Exordium Thugs","floor":13.0,"turns":4.0},{"damage":5.0,"enemies":"3 Sentries","floor":14.0,"turns":6.0},{"damage":0.0,"enemies":"Hexaghost","floor":16.0,"turns":8.0},{"damage":8.0,"enemies":"3 Byrds","floor":18.0,"turns":5.0},{"damage":9.0,"enemies":"Shell Parasite","floor":19.0,"turns":6.0},{"damage":0.0,"enemies":"Centurion and Healer","floor":22.0,"turns":5.0},{"damage":1.0,"enemies":"Masked Bandits","floor":25.0,"turns":2.0},{"damage":3.0,"enemies":"Snecko","floor":28.0,"turns":3.0},{"damage":2.0,"enemies":"Cultist and Chosen","floor":31.0,"turns":3.0},{"damage":6.0,"enemies":"Champ","floor":33.0,"turns":7.0},{"damage":0.0,"enemies":"Orb Walker","floor":35.0,"turns":2.0},{"damage":0.0,"enemies":"3 Darklings","floor":38.0,"turns":4.0},{"damage":19.0,"enemies":"Reptomancer","floor":42.0,"turns":7.0},{"damage":0.0,"enemies":"Sphere and 2 Shapes","floor":46.0,"turns":4.0},{"damage":37.0,"enemies":"Awakened One","floor":50.0,"turns":7.0},{"damage":37,"enemies":"Time Eater","floor":51,"turns":6}],"seed_played":"2264770968411798890","potions_obtained":[{"floor":10.0,"key":"SteroidPotion"},{"floor":11.0,"key":"Block Potion"},{"floor":19.0,"key":"Dexterity Potion"},{"floor":25.0,"key":"SkillPotion"},{"floor":33.0,"key":"Dexterity Potion"}],"is_trial":false,"path_per_floor":["M","$","?","M","?","R","E","?","T","M","M","R","M","E","R","B",null,"M","M","?","$","M","R","?","?","T","?","M","$","R","M","R","B",null,"M","?","$","M","T","R","R","E","T","R","?","M","R","$","R","B","B"],"character_chosen":"DEFECT","items_purchased":["Darkness","Meteor Strike","MealTicket","Defragment","Capacitor","White Noise","Sweeping Beam+1","Enlightenment"],"campfire_rested":0,"item_purchase_floors":[2,21,21,21,29,37,48,48],"current_hp_per_floor":[55,55,55,55,55,55,39,39,39,39,38,38,19,14,14,14,57,49,40,5,5,5,5,5,4,4,4,1,16,16,14,14,8,55,55,55,70,70,70,70,70,51,51,51,51,51,51,66,66,29,0],"gold":12,"neow_bonus":"BOSS_RELIC","is_prod":false,"is_daily":false,"chose_seed":false,"campfire_upgraded":10,"win_rate":0,"timestamp":1552553541,"path_taken":["M","$","?","?","?","R","E","?","T","?","M","R","M","E","R","BOSS","M","M","?","$","?","R","?","?","T","?","M","$","R","M","R","BOSS","M","?","$","?","?","R","R","E","T","R","?","M","R","$","R","BOSS","BOSS"],"build_version":"2019-01-23","purchased_purges":1,"victory":false,"max_hp_per_floor":[71,71,71,71,71,71,71,71,71,71,71,71,71,71,71,71,71,71,71,71,71,71,71,71,71,71,71,71,71,71,71,71,71,71,71,71,71,71,71,71,71,71,71,71,71,71,71,71,71,71,71],"card_choices":[{"not_picked":["Sweeping Beam","Gash","Leap"],"picked":"SKIP","floor":1.0},{"not_picked":["Compile Driver","Fusion"],"picked":"Chill","floor":4.0},{"not_picked":["Steam","Streamline"],"picked":"Chaos","floor":7.0},{"not_picked":["Fusion","Darkness","Go for the Eyes"],"picked":"SKIP","floor":10.0},{"not_picked":["Force Field","Steam","Hello World"],"picked":"SKIP","floor":11.0},{"not_picked":["Rebound","Stack"],"picked":"Auto Shields","floor":13.0},{"not_picked":["Sweeping Beam","Barrage"],"picked":"Hologram","floor":14.0},{"not_picked":["Reboot","All For One"],"picked":"Fission","floor":16.0},{"not_picked":["Darkness","Leap","Conserve Battery"],"picked":"SKIP","floor":18.0},{"not_picked":["Turbo","BootSequence","Streamline"],"picked":"SKIP","floor":19.0},{"not_picked":["Aggregate","All For One","Steam"],"picked":"SKIP","floor":22.0},{"not_picked":["Sweeping Beam","Chill","Gash+1"],"picked":"SKIP","floor":28.0},{"not_picked":["Barrage","Force Field+1","Conserve Battery"],"picked":"SKIP","floor":31.0},{"not_picked":["Hyperbeam","Rainbow"],"picked":"Seek","floor":33.0},{"not_picked":["Redo","Go for the Eyes"],"picked":"Conserve Battery+1","floor":35.0},{"not_picked":["Lockon","Ball Lightning+1"],"picked":"Recycle","floor":38.0},{"not_picked":["Ball Lightning","Capacitor","Conserve Battery"],"picked":"SKIP","floor":42.0},{"not_picked":["Ball Lightning+1","Steam Power","Redo"],"picked":"SKIP","floor":46.0},{"not_picked":["Ball Lightning+1","Steam Power","Redo"],"picked":"SKIP","floor":46.0}],"player_experience":3588491,"relics_obtained":[{"floor":7.0,"key":"Symbiotic Virus"},{"floor":9.0,"key":"Omamori"},{"floor":14.0,"key":"WingedGreaves"},{"floor":25.0,"key":"Red Mask"},{"floor":26.0,"key":"Vajra"},{"floor":42.0,"key":"Mercury Hourglass"},{"floor":43.0,"key":"Molten Egg 2"}],"event_choices":[{"damage_healed":0.0,"max_hp_gain":0.0,"max_hp_loss":0.0,"gold_gain":0.0,"event_name":"Match and Keep!","player_choice":"1 cards matched","floor":3.0,"gold_loss":0.0,"damage_taken":0.0,"cards_obtained":["Ball Lightning"]},{"damage_healed":0.0,"max_hp_gain":0.0,"max_hp_loss":0.0,"gold_gain":0.0,"cards_transformed":["Strike_B"],"event_name":"Living Wall","player_choice":"Change","floor":5.0,"gold_loss":0.0,"damage_taken":0.0,"cards_obtained":["Tempest"]},{"cards_removed":["Strike_B"],"damage_healed":0.0,"max_hp_gain":0.0,"max_hp_loss":0.0,"gold_gain":0.0,"event_name":"Bonfire Elementals","player_choice":"Offered Basic","floor":8.0,"gold_loss":0.0,"damage_taken":0.0},{"damage_healed":0.0,"max_hp_gain":0.0,"max_hp_loss":0.0,"gold_gain":360.0,"event_name":"Knowing Skull","player_choice":"GOLD GOLD GOLD GOLD ","floor":20.0,"potions_obtained":[],"gold_loss":0.0,"damage_taken":35.0,"cards_obtained":[]},{"damage_healed":0.0,"max_hp_gain":0.0,"max_hp_loss":0.0,"gold_gain":0.0,"event_name":"Addict","player_choice":"Stole Relic","floor":24.0,"gold_loss":0.0,"damage_taken":0.0,"relics_obtained":["Gambling Chip"],"cards_obtained":["Shame"]},{"damage_healed":0.0,"max_hp_gain":0.0,"max_hp_loss":0.0,"gold_gain":0.0,"event_name":"Masked Bandits","player_choice":"Fought Bandits","floor":25.0,"gold_loss":0.0,"damage_taken":0.0},{"damage_healed":0.0,"max_hp_gain":0.0,"max_hp_loss":0.0,"gold_gain":0.0,"cards_transformed":["Strike_B","Defend_B"],"event_name":"Drug Dealer","player_choice":"Became Test Subject","floor":27.0,"gold_loss":0.0,"damage_taken":0.0,"cards_obtained":["All For One","FTL"]},{"damage_healed":0.0,"max_hp_gain":0.0,"max_hp_loss":0.0,"gold_gain":0.0,"cards_transformed":["Defend_B"],"event_name":"Transmorgrifier","player_choice":"Transformed","floor":36.0,"gold_loss":0.0,"damage_taken":0.0,"cards_obtained":["Coolheaded"]},{"damage_healed":0.0,"max_hp_gain":0.0,"max_hp_loss":0.0,"gold_gain":0.0,"event_name":"Lab","player_choice":"Got Potions","floor":45.0,"gold_loss":0.0,"damage_taken":0.0}],"is_beta":false,"boss_relics":[{"not_picked":["Cursed Key","Ectoplasm"],"picked":"Nuclear Battery"},{"not_picked":["Astrolabe","Black Star"],"picked":"Runic Pyramid"}],"items_purged_floors":[21],"is_endless":false,"potions_floor_spawned":[10,11,16,19,22,25,33,38],"killed_by":"Time Eater","ascension_level":20}