{"gold_per_floor":[119,130,92,108,123,123,135,135,161,336,336,350,384,4,4,78,78,93,93,93,93,93,93,113,113,183,198,209,241,241,260,260,334,334,346,358,374,247,1246,1246,1261,1279,1279,1310,1210,1229,940,940,940,940],"floor_reached":51,"playtime":2622,"items_purged":["Doubt","Parasite","All Out Attack","Dash"],"score":1199,"play_id":"984b2bce-242e-4bd5-8bc0-f9231aa21b82","local_time":"20181012113225","is_ascension_mode":true,"campfire_choices":[{"data":"Bouncing Flask","floor":6,"key":"SMITH"},{"data":"Footwork","floor":8,"key":"SMITH"},{"data":"Bouncing Flask","floor":15,"key":"SMITH"},{"floor":23,"key":"REST"},{"data":"Footwork","floor":25,"key":"SMITH"},{"data":"Noxious Fumes","floor":30,"key":"SMITH"},{"data":"Wraith Form v2","floor":32,"key":"SMITH"},{"data":"Noxious Fumes","floor":40,"key":"SMITH"},{"floor":49,"key":"REST"}],"neow_cost":"TEN_PERCENT_HP_LOSS","seed_source_timestamp":2437364708268,"circlet_count":0,"master_deck":["Defend_G+1","Defend_G+1","Defend_G+1","Defend_G+1","Defend_G+1","Strike_G+1","Strike_G+1","Strike_G+1","Survivor","Neutralize","AscendersBane","Wraith Form v2+1","Backflip","PiercingWail","Footwork+1","Poisoned Stab","Bouncing Flask+1","Footwork+1","Bouncing Flask+1","Burst","Glass Knife","Noxious Fumes+1","Concentrate+1","Burst","Blur","Noxious Fumes+1","Bullet Time","Concentrate","Sucker Punch+1","Footwork","Night Terror","Footwork+1","Bouncing Flask+1","Apotheosis","Tactician","Deadly Poison","Enlightenment"],"relics":["Ring of the Snake","Regal Pillow","Omamori","Membership Card","Happy Flower","Runic Pyramid","Dodecahedron","Bag of Preparation","Velvet Choker","Art of War","Ornamental Fan","Lantern","Bag of Marbles"],"potions_floor_usage":[5,13,19,29,50,50],"damage_taken":[{"damage":0,"enemies":"2 Louse","floor":1,"turns":5},{"damage":1,"enemies":"Jaw Worm","floor":2,"turns":6},{"damage":2,"enemies":"Small Slimes","floor":4,"turns":7},{"damage":8,"enemies":"Looter","floor":5,"turns":3},{"damage":0,"enemies":"Large Slime","floor":7,"turns":7},{"damage":22,"enemies":"Gremlin Gang","floor":12,"turns":7},{"damage":31,"enemies":"Gremlin Nob","floor":13,"turns":4},{"damage":2,"enemies":"Hexaghost","floor":16,"turns":9},{"damage":0,"enemies":"Chosen","floor":18,"turns":5},{"damage":0,"enemies":"2 Thieves","floor":19,"turns":1},{"damage":26,"enemies":"Colosseum Slavers","floor":22,"turns":6},{"damage":2,"enemies":"Snecko","floor":24,"turns":5},{"damage":0,"enemies":"Centurion and Healer","floor":27,"turns":7},{"damage":6,"enemies":"Snake Plant","floor":28,"turns":4},{"damage":23,"enemies":"Book of Stabbing","floor":29,"turns":7},{"damage":1,"enemies":"Cultist and Chosen","floor":31,"turns":7},{"damage":21,"enemies":"Automaton","floor":33,"turns":10},{"damage":1,"enemies":"3 Darklings","floor":35,"turns":7},{"damage":0,"enemies":"Orb Walker","floor":36,"turns":4},{"damage":0,"enemies":"Maw","floor":37,"turns":8},{"damage":0,"enemies":"Reptomancer","floor":41,"turns":7},{"damage":2,"enemies":"4 Shapes","floor":42,"turns":4},{"damage":8,"enemies":"2 Orb Walkers","floor":44,"turns":6},{"damage":0,"enemies":"Maw","floor":46,"turns":9},{"damage":14,"enemies":"Donu and Deca","floor":50,"turns":8}],"seed_played":"988937525873261044","potions_obtained":[{"floor":2,"key":"Strength Potion"},{"floor":7,"key":"Strength Potion"},{"floor":12,"key":"SmokeBomb"},{"floor":16,"key":"EntropicBrew"},{"floor":27,"key":"PowerPotion"},{"floor":28,"key":"Regen Potion"},{"floor":29,"key":"Weak Potion"}],"is_trial":false,"path_per_floor":["M","M","$","M","M","R","M","R","T","?","?","M","E","$","R","B",null,"M","M","?","?","?","R","M","R","T","M","M","E","R","M","R","B",null,"M","M","M","$","?","R","M","M","T","E","$","M","$","?","R","B"],"character_chosen":"THE_SILENT","items_purchased":["Footwork","Membership Card","Happy Flower","Burst","Art of War","GhostInAJar","Apotheosis","Tactician","Bag of Marbles","Deadly Poison"],"campfire_rested":2,"item_purchase_floors":[3,14,14,14,38,45,47,47,47,47],"current_hp_per_floor":[63,62,62,60,52,52,52,52,52,52,63,41,10,10,10,8,49,49,49,49,49,23,56,54,54,54,54,48,40,40,39,39,18,52,51,51,51,51,51,51,51,49,49,41,41,41,41,41,60,46],"gold":940,"neow_bonus":"THREE_RARE_CARDS","is_prod":false,"is_daily":false,"chose_seed":false,"campfire_upgraded":7,"win_rate":0,"timestamp":1539315145,"path_taken":["M","M","$","M","M","R","M","R","T","?","?","M","E","$","R","BOSS","M","M","?","?","?","R","M","R","T","?","M","E","R","M","R","BOSS","M","M","?","$","?","R","?","M","T","E","$","M","$","?","R","BOSS"],"build_version":"2018-10-11","purchased_purges":4,"victory":true,"max_hp_per_floor":[63,63,63,63,63,63,63,63,63,63,63,63,63,63,63,63,63,63,63,63,63,63,63,63,63,63,63,63,63,63,63,63,63,63,63,63,63,60,60,60,60,60,60,60,60,60,60,60,60,60],"card_choices":[{"not_picked":["Burst","Adrenaline"],"picked":"Wraith Form v2","floor":0},{"not_picked":["Flying Knee","Terror"],"picked":"Backflip","floor":1},{"not_picked":["Acrobatics","Underhanded Strike"],"picked":"PiercingWail","floor":2},{"not_picked":["Bane","PiercingWail"],"picked":"Poisoned Stab","floor":4},{"not_picked":["Predator","Footwork"],"picked":"Bouncing Flask","floor":5},{"not_picked":["Terror","Reflex"],"picked":"Footwork","floor":7},{"not_picked":["Skewer","Deflect"],"picked":"Bouncing Flask","floor":12},{"not_picked":["Slice","Outmaneuver","Bane"],"picked":"SKIP","floor":13},{"not_picked":["Phantasmal Killer","Die Die Die"],"picked":"Glass Knife","floor":16},{"not_picked":["Skewer","Blur"],"picked":"Noxious Fumes","floor":18},{"not_picked":["Slice","Prepared"],"picked":"Concentrate+1","floor":24},{"not_picked":["Slice","Quick Slash","Poisoned Stab"],"picked":"SKIP","floor":27},{"not_picked":["Outmaneuver","Deadly Poison"],"picked":"Burst","floor":28},{"not_picked":["Slice","Dash"],"picked":"Blur","floor":29},{"not_picked":["Calculated Gamble","Deadly Poison"],"picked":"Noxious Fumes","floor":31},{"not_picked":["Storm of Steel","Malaise"],"picked":"Bullet Time","floor":33},{"not_picked":["Underhanded Strike","Riddle With Holes+1","All Out Attack"],"picked":"SKIP","floor":35},{"not_picked":["Well Laid Plans+1","Dagger Spray"],"picked":"Concentrate","floor":36},{"not_picked":["All Out Attack","Bane"],"picked":"Sucker Punch+1","floor":37},{"not_picked":["Poisoned Stab","Flying Knee"],"picked":"Footwork","floor":41},{"not_picked":["Backflip+1","Underhanded Strike"],"picked":"Night Terror","floor":42},{"not_picked":["Bouncing Flask+1","Choke"],"picked":"Footwork+1","floor":44},{"not_picked":["Dagger Throw","PiercingWail"],"picked":"Bouncing Flask+1","floor":46},{"not_picked":["Discovery","Finesse"],"picked":"Enlightenment","floor":48}],"player_experience":119804,"relics_obtained":[{"floor":9,"key":"Regal Pillow"},{"floor":13,"key":"Omamori"},{"floor":26,"key":"Dodecahedron"},{"floor":29,"key":"Bag of Preparation"},{"floor":43,"key":"Ornamental Fan"},{"floor":44,"key":"Lantern"}],"event_choices":[{"event_name":"Liars Game","player_choice":"agreed","floor":10,"damage_taken":0},{"event_name":"Mushrooms","player_choice":"Healed and dodged fight","floor":11,"damage_taken":0},{"event_name":"Drug Dealer","player_choice":"Became Test Subject","floor":20,"damage_taken":0},{"event_name":"Back to Basics","player_choice":"Simplicity","floor":21,"damage_taken":0},{"event_name":"Colosseum","player_choice":"Fight","floor":22,"damage_taken":0},{"event_name":"Colosseum","player_choice":"Fled From Nobs","floor":22,"damage_taken":0},{"event_name":"MindBloom","player_choice":"Gold","floor":39,"damage_taken":0},{"event_name":"SensoryStone","player_choice":"Memory 1","floor":48,"damage_taken":0}],"is_beta":false,"boss_relics":[{"not_picked":["Ectoplasm","Sozu"],"picked":"Runic Pyramid"},{"not_picked":["White Beast Statue","Lizard Tail"],"picked":"Velvet Choker"}],"items_purged_floors":[14,38,45,47],"is_endless":false,"potions_floor_spawned":[2,7,12,16,27,28,29,33,35,36,46],"ascension_level":13}