{"gold_per_floor":[11,25,25,25,36,36,53,53,53,72,91,91,122,135,135,211,211,221,240,4,20,32,32,65,65,65,79,104,104,104,4,4,83,83,94,112,212,212,222,222,250,250,283,283,315,332,366,379,379,379,379,379,379,38,63,63],"floor_reached":57,"playtime":3532,"items_purged":["Zap","Streamline+1","Turbo"],"score":2843,"play_id":"a43a960c-beeb-46f0-8151-eae032e7b58a","local_time":"20190516223343","is_ascension_mode":true,"campfire_choices":[{"data":"Streamline","floor":6.0,"key":"SMITH"},{"data":"Dualcast","floor":8.0,"key":"SMITH"},{"data":"Turbo","floor":12.0,"key":"SMITH"},{"data":"Hologram","floor":15.0,"key":"SMITH"},{"data":"Fission","floor":23.0,"key":"SMITH"},{"data":"Coolheaded","floor":25.0,"key":"SMITH"},{"data":"Skim","floor":32.0,"key":"SMITH"},{"floor":40.0,"key":"RECALL"},{"data":"Loop","floor":42.0,"key":"SMITH"},{"data":"Machine Learning","floor":44.0,"key":"SMITH"},{"data":"Capacitor","floor":49.0,"key":"SMITH"},{"data":"Amplify","floor":53,"key":"SMITH"}],"neow_cost":"NO_GOLD","seed_source_timestamp":0,"circlet_count":0,"master_deck":["AscendersBane","Dualcast+1","Meteor Strike","Cold Snap","Core Surge","Undo","Self Repair","Hologram+1","Meteor Strike","Fission+1","Capacitor+1","Loop+1","Cold Snap","Amplify+1","Coolheaded+1","Turbo","Creative AI","Skim+1","Machine Learning+1","Meteor Strike"],"special_seed":0,"relics":["Cracked Core","Ginger","Pocketwatch","Pandora\u0027s Box","Bag of Preparation","Girya","Ornamental Fan","Bird Faced Urn","Snecko Eye","Thread and Needle","Centennial Puzzle","Dream Catcher","Dodecahedron","Frozen Eye","FossilizedHelix"],"potions_floor_usage":[56],"damage_taken":[{"damage":2.0,"enemies":"Jaw Worm","floor":1.0,"turns":4.0},{"damage":0.0,"enemies":"Cultist","floor":2.0,"turns":3.0},{"damage":0.0,"enemies":"2 Louse","floor":5.0,"turns":2.0},{"damage":10.0,"enemies":"Looter","floor":7.0,"turns":3.0},{"damage":10.0,"enemies":"Exordium Thugs","floor":10.0,"turns":5.0},{"damage":0.0,"enemies":"2 Fungi Beasts","floor":11.0,"turns":3.0},{"damage":13.0,"enemies":"3 Sentries","floor":13.0,"turns":8.0},{"damage":6.0,"enemies":"Lots of Slimes","floor":14.0,"turns":5.0},{"damage":22.0,"enemies":"Hexaghost","floor":16.0,"turns":9.0},{"damage":20.0,"enemies":"2 Thieves","floor":18.0,"turns":3.0},{"damage":11.0,"enemies":"3 Byrds","floor":19.0,"turns":4.0},{"damage":0.0,"enemies":"Cultist and Chosen","floor":21.0,"turns":4.0},{"damage":22.0,"enemies":"Shelled Parasite and Fungi","floor":22.0,"turns":3.0},{"damage":29.0,"enemies":"Gremlin Leader","floor":24.0,"turns":6.0},{"damage":2.0,"enemies":"Chosen and Byrds","floor":27.0,"turns":5.0},{"damage":15.0,"enemies":"Slavers","floor":28.0,"turns":5.0},{"damage":0.0,"enemies":"Automaton","floor":33.0,"turns":8.0},{"damage":0.0,"enemies":"Orb Walker","floor":35.0,"turns":1.0},{"damage":0.0,"enemies":"3 Darklings","floor":36.0,"turns":2.0},{"damage":0.0,"enemies":"Mind Bloom Boss Battle","floor":37.0,"turns":3.0},{"damage":20.0,"enemies":"Jaw Worm Horde","floor":39.0,"turns":3.0},{"damage":24.0,"enemies":"Nemesis","floor":41.0,"turns":5.0},{"damage":2.0,"enemies":"4 Shapes","floor":43.0,"turns":6.0},{"damage":5.0,"enemies":"Reptomancer","floor":45.0,"turns":3.0},{"damage":0.0,"enemies":"4 Shapes","floor":46.0,"turns":4.0},{"damage":43.0,"enemies":"Nemesis","floor":47.0,"turns":5.0},{"damage":0.0,"enemies":"Maw","floor":48.0,"turns":2.0},{"damage":16.0,"enemies":"Donu and Deca","floor":50.0,"turns":8.0},{"damage":76,"enemies":"Time Eater","floor":51,"turns":10},{"damage":45,"enemies":"Shield and Spear","floor":55,"turns":4},{"damage":20,"enemies":"The Heart","floor":56,"turns":6}],"seed_played":"-8722303732022446757","potions_obtained":[{"floor":10.0,"key":"GamblersBrew"},{"floor":13.0,"key":"Block Potion"},{"floor":16.0,"key":"Fire Potion"},{"floor":19.0,"key":"Regen Potion"},{"floor":24.0,"key":"Energy Potion"},{"floor":27.0,"key":"LiquidBronze"},{"floor":37.0,"key":"Ancient Potion"},{"floor":41.0,"key":"PowerPotion"}],"is_trial":false,"path_per_floor":["M","M","?","?","M","R","M","R","T","M","M","R","E","M","R","B",null,"M","M","$","M","M","R","E","R","T","M","E","?","?","$","R","B",null,"M","M","?","?","M","R","E","R","MIM","R","E","M","E","M","R","B","B",null,"R","$","E","B",null],"character_chosen":"DEFECT","items_purchased":["Bag of Preparation","Frozen Eye"],"campfire_rested":0,"item_purchase_floors":[20,54],"current_hp_per_floor":[62,62,62,62,62,62,52,52,52,42,49,49,43,44,44,29,61,48,51,51,51,43,43,42,42,42,40,32,46,26,26,26,76,76,76,76,76,76,76,76,76,76,76,76,76,76,54,73,73,76,63,73,73,73,76,76],"gold":63,"neow_bonus":"THREE_RARE_CARDS","is_prod":false,"is_daily":false,"chose_seed":false,"campfire_upgraded":11,"win_rate":0,"timestamp":1558017223,"path_taken":["M","M","?","?","?","R","?","R","T","M","M","R","E","M","R","BOSS","M","M","$","M","M","R","E","R","T","?","E","?","?","$","R","BOSS","M","M","?","?","M","R","E","R","MIM","R","E","?","E","M","R","BOSS","BOSS","R","$","E","BOSS"],"build_version":"2019-01-23","purchased_purges":3,"victory":true,"max_hp_per_floor":[71,71,71,71,71,71,71,71,71,71,71,71,71,71,71,71,71,71,71,71,71,71,71,71,71,71,71,71,71,76,76,76,76,76,76,76,76,76,76,76,76,76,76,76,76,76,76,76,76,76,76,76,76,76,76,76],"card_choices":[{"not_picked":["Reboot","Machine Learning"],"picked":"Meteor Strike","floor":0.0},{"not_picked":["Leap","Beam Cell"],"picked":"Streamline","floor":1.0},{"not_picked":["BootSequence","FTL"],"picked":"Cold Snap","floor":2.0},{"not_picked":["Sweeping Beam","Stack"],"picked":"Core Surge","floor":5.0},{"not_picked":["Coolheaded","Steam"],"picked":"Undo","floor":7.0},{"not_picked":["Compile Driver","Force Field"],"picked":"Self Repair","floor":10.0},{"not_picked":["Reprogram","Leap"],"picked":"Turbo","floor":11.0},{"not_picked":["Beam Cell","Redo","Rebound"],"picked":"SKIP","floor":13.0},{"not_picked":["Rebound","BootSequence"],"picked":"Hologram","floor":14.0},{"not_picked":["Echo Form","Rainbow"],"picked":"Meteor Strike","floor":16.0},{"not_picked":["Sweeping Beam+1","Barrage"],"picked":"Turbo","floor":18.0},{"not_picked":["Storm","Cold Snap","Sweeping Beam"],"picked":"SKIP","floor":19.0},{"not_picked":["Gash","Sunder","FTL"],"picked":"SKIP","floor":21.0},{"not_picked":["Stack","Go for the Eyes"],"picked":"Creative AI","floor":22.0},{"not_picked":["Fusion","Redo","Streamline"],"picked":"SKIP","floor":24.0},{"not_picked":["Undo","Conserve Battery"],"picked":"Skim","floor":27.0},{"not_picked":["Scrape+1","Machine Learning","Beam Cell"],"picked":"SKIP","floor":28.0},{"not_picked":["Scrape+1","Beam Cell"],"picked":"Machine Learning","floor":28.0},{"not_picked":["Buffer","Electrodynamics"],"picked":"Meteor Strike","floor":33.0},{"not_picked":["Blizzard+1","Steam Power","Sweeping Beam"],"picked":"SKIP","floor":35.0},{"not_picked":["Consume","Rip and Tear","Gash"],"picked":"SKIP","floor":36.0},{"not_picked":["Glacier","Blizzard","Fusion+1"],"picked":"SKIP","floor":39.0},{"not_picked":["Double Energy","Rip and Tear","Turbo"],"picked":"SKIP","floor":41.0},{"not_picked":["Electrodynamics","Barrage","Rebound"],"picked":"SKIP","floor":45.0},{"not_picked":["Cold Snap","Go for the Eyes","Coolheaded+1"],"picked":"SKIP","floor":46.0},{"not_picked":["Darkness+1","Cold Snap","Beam Cell"],"picked":"SKIP","floor":47.0},{"not_picked":["Go for the Eyes","Tempest+1","Rebound"],"picked":"SKIP","floor":48.0},{"not_picked":["Force Field","Compile Driver","Barrage+1"],"picked":"SKIP","floor":55}],"player_experience":4798191,"relics_obtained":[{"floor":9.0,"key":"Ginger"},{"floor":13.0,"key":"Pocketwatch"},{"floor":24.0,"key":"Girya"},{"floor":26.0,"key":"Ornamental Fan"},{"floor":28.0,"key":"Bird Faced Urn"},{"floor":37.0,"key":"Thread and Needle"},{"floor":41.0,"key":"Centennial Puzzle"},{"floor":45.0,"key":"Dream Catcher"},{"floor":47.0,"key":"Dodecahedron"},{"floor":55,"key":"FossilizedHelix"}],"event_choices":[{"damage_healed":0.0,"max_hp_gain":0.0,"max_hp_loss":0.0,"gold_gain":0.0,"event_name":"The Cleric","player_choice":"Leave","floor":3.0,"gold_loss":0.0,"damage_taken":0.0},{"cards_removed":["Strike_B"],"damage_healed":0.0,"max_hp_gain":0.0,"max_hp_loss":0.0,"gold_gain":0.0,"event_name":"Bonfire Elementals","player_choice":"Offered Basic","floor":4.0,"gold_loss":0.0,"damage_taken":0.0},{"damage_healed":14.0,"max_hp_gain":0.0,"max_hp_loss":0.0,"gold_gain":0.0,"event_name":"The Library","player_choice":"Heal","floor":29.0,"gold_loss":0.0,"damage_taken":0.0},{"damage_healed":0.0,"max_hp_gain":5.0,"max_hp_loss":0.0,"gold_gain":0.0,"event_name":"Forgotten Altar","player_choice":"Shed Blood","floor":30.0,"gold_loss":0.0,"damage_taken":25.0},{"damage_healed":0.0,"max_hp_gain":0.0,"max_hp_loss":0.0,"gold_gain":0.0,"event_name":"MindBloom","player_choice":"Fight","floor":37.0,"gold_loss":0.0,"damage_taken":0.0},{"cards_removed":["Turbo"],"damage_healed":0.0,"max_hp_gain":0.0,"max_hp_loss":0.0,"gold_gain":0.0,"event_name":"Falling","player_choice":"Removed Skill","floor":38.0,"gold_loss":0.0,"damage_taken":0.0}],"is_beta":false,"boss_relics":[{"not_picked":["Tiny House","Calling Bell"],"picked":"Pandora\u0027s Box"},{"not_picked":["Empty Cage","Cursed Key"],"picked":"Snecko Eye"}],"items_purged_floors":[20,31,54],"is_endless":false,"potions_floor_spawned":[10,13,16,19,24,27,36,37,41,45,48],"ascension_level":20}