{"gold_per_floor":[110,110,34,34,51,51,83,98,174,193,193,16,49,66,66,66],"floor_reached":16,"playtime":418,"items_purged":["Decay"],"score":270,"play_id":"31015307-3ade-4aed-9e74-89c524d43617","local_time":"20190211235046","is_ascension_mode":true,"campfire_choices":[{"data":"Calculated Gamble","floor":6.0,"key":"SMITH"},{"data":"Flechettes","floor":11.0,"key":"SMITH"},{"data":"Neutralize","floor":15,"key":"SMITH"}],"neow_cost":"NONE","seed_source_timestamp":89381501105958,"circlet_count":0,"master_deck":["AscendersBane","Defend_G","Defend_G","Defend_G","Defend_G","Defend_G","Strike_G","Strike_G","Strike_G","Strike_G","Survivor","Neutralize+1","Calculated Gamble+1","Prepared","Flechettes+1","Finesse"],"special_seed":0,"relics":["Ring of the Snake","NeowsBlessing","Dream Catcher","Pantograph","Bird Faced Urn"],"potions_floor_usage":[13,16,16],"damage_taken":[{"damage":0.0,"enemies":"2 Louse","floor":1.0,"turns":1.0},{"damage":0.0,"enemies":"Jaw Worm","floor":5.0,"turns":1.0},{"damage":0.0,"enemies":"Gremlin Nob","floor":7.0,"turns":1.0},{"damage":7.0,"enemies":"Cultist","floor":8.0,"turns":5.0},{"damage":4.0,"enemies":"Blue Slaver","floor":10.0,"turns":5.0},{"damage":22,"enemies":"3 Sentries","floor":13,"turns":11},{"damage":1,"enemies":"3 Louse","floor":14,"turns":4},{"damage":45,"enemies":"Hexaghost","floor":16,"turns":9}],"seed_played":"1739408133540333527","potions_obtained":[{"floor":5.0,"key":"AttackPotion"},{"floor":7.0,"key":"Poison Potion"},{"floor":14,"key":"PowerPotion"}],"is_trial":false,"path_per_floor":["M","?","$","?","M","R","E","M","T","M","R","$","E","M","R","B"],"character_chosen":"THE_SILENT","items_purchased":["Calculated Gamble","Finesse"],"campfire_rested":0,"item_purchase_floors":[3,12],"current_hp_per_floor":[59,52,52,52,52,52,52,45,45,41,41,41,19,18,18,0],"gold":66,"neow_bonus":"THREE_ENEMY_KILL","is_prod":false,"is_daily":false,"chose_seed":false,"campfire_upgraded":3,"win_rate":0,"timestamp":1549900246,"path_taken":["M","?","$","?","?","R","E","M","T","M","R","$","E","M","R","BOSS"],"build_version":"2019-01-23","purchased_purges":1,"victory":false,"max_hp_per_floor":[66,66,66,66,66,66,66,66,66,66,66,66,66,66,66,66],"card_choices":[{"not_picked":["Underhanded Strike","Sucker Punch","Blade Dance"],"picked":"SKIP","floor":1.0},{"not_picked":["Underhanded Strike","All Out Attack"],"picked":"Prepared","floor":5.0},{"not_picked":["Setup","Quick Slash"],"picked":"Flechettes","floor":7.0},{"not_picked":["Dagger Throw","Blade Dance","Outmaneuver"],"picked":"SKIP","floor":8.0},{"not_picked":["Eviscerate","Blur","Deflect"],"picked":"SKIP","floor":10.0},{"not_picked":["Slice","Sucker Punch","Die Die Die"],"picked":"SKIP","floor":13},{"not_picked":["Endless Agony","Flying Knee","Footwork"],"picked":"SKIP","floor":14}],"player_experience":1458093,"relics_obtained":[{"floor":7.0,"key":"Dream Catcher"},{"floor":9.0,"key":"Pantograph"},{"floor":13,"key":"Bird Faced Urn"}],"event_choices":[{"cards_removed":["Strike_G"],"damage_healed":0.0,"max_hp_gain":0.0,"max_hp_loss":0.0,"gold_gain":0.0,"event_name":"Golden Wing","player_choice":"Card Removal","floor":2.0,"gold_loss":0.0,"damage_taken":7.0},{"damage_healed":0.0,"max_hp_gain":0.0,"max_hp_loss":0.0,"gold_gain":0.0,"event_name":"Wheel of Change","player_choice":"Cursed","floor":4.0,"gold_loss":0.0,"damage_taken":0.0,"cards_obtained":["Decay"]}],"is_beta":false,"boss_relics":[],"items_purged_floors":[12],"is_endless":false,"potions_floor_spawned":[5,7,14],"killed_by":"Hexaghost","ascension_level":20}