{"gold_per_floor":[117,117,130,130,130,130,146,172,172,172,158,158,174,191,191,291,291,306,256,266,141,161,161,189,205,205,222,222,233,259,269,269,269],"floor_reached":33,"playtime":8520,"items_purged":["Strike_R"],"score":399,"play_id":"5662b5d7-2057-4a51-99f0-33d8f21e74fb","local_time":"20190718221303","is_ascension_mode":true,"campfire_choices":[{"data":"Defend_R","floor":6,"key":"SMITH"},{"floor":10,"key":"REST"},{"data":"Entrench","floor":12,"key":"SMITH"},{"data":"Uppercut","floor":15,"key":"SMITH"},{"data":"Body Slam","floor":23,"key":"SMITH"},{"data":"Power Through","floor":28,"key":"SMITH"},{"data":"Shockwave","floor":32,"key":"SMITH"}],"neow_cost":"NONE","seed_source_timestamp":388641212086091,"circlet_count":0,"master_deck":["Strike_R","Defend_R","Defend_R+1","Defend_R+1","Defend_R+1","Bash+1","Shrug It Off+1","Dropkick","Power Through+1","Entrench+1","Uppercut+1","Feed","Feed+1","Offering+1","Whirlwind+1","Seeing Red+1","Body Slam+1","Pummel","Headbutt+1","Headbutt+1","Shockwave+1"],"relics":["Burning Blood","Singing Bowl","Ornamental Fan","Astrolabe","Thread and Needle","Molten Egg 2","Unceasing Top"],"potions_floor_usage":[14,16,22,24,30,30,33],"damage_taken":[{"damage":12,"enemies":"Small Slimes","floor":1,"turns":3},{"damage":3,"enemies":"2 Louse","floor":3,"turns":4},{"damage":0,"enemies":"Jaw Worm","floor":7,"turns":5},{"damage":41,"enemies":"Gremlin Nob","floor":8,"turns":5},{"damage":2,"enemies":"Exordium Thugs","floor":11,"turns":4},{"damage":0,"enemies":"Large Slime","floor":13,"turns":5},{"damage":0,"enemies":"Gremlin Gang","floor":14,"turns":1},{"damage":59,"enemies":"Hexaghost","floor":16,"turns":15},{"damage":16,"enemies":"Shell Parasite","floor":18,"turns":11},{"damage":8,"enemies":"3 Byrds","floor":20,"turns":5},{"damage":9,"enemies":"Snake Plant","floor":22,"turns":9},{"damage":11,"enemies":"Gremlin Leader","floor":24,"turns":6},{"damage":14,"enemies":"Cultist and Chosen","floor":25,"turns":5},{"damage":11,"enemies":"Snecko","floor":27,"turns":6},{"damage":19,"enemies":"Snake Plant","floor":29,"turns":6},{"damage":9,"enemies":"Book of Stabbing","floor":30,"turns":4},{"damage":0,"enemies":"Centurion and Healer","floor":31,"turns":6},{"damage":49,"enemies":"Collector","floor":33,"turns":10}],"seed_played":"-1191483551105835204","potions_obtained":[{"floor":11,"key":"AttackPotion"},{"floor":13,"key":"Dexterity Potion"},{"floor":16,"key":"Poison Potion"},{"floor":18,"key":"GamblersBrew"},{"floor":24,"key":"LiquidBronze"},{"floor":29,"key":"AttackPotion"},{"floor":30,"key":"EssenceOfSteel"}],"is_trial":false,"path_per_floor":["M","?","M","?","?","R","M","E","T","R","M","R","M","M","R","B",null,"M","?","M","$","M","R","E","M","T","M","R","M","E","M","R","B"],"character_chosen":"IRONCLAD","items_purchased":["Body Slam"],"campfire_rested":1,"item_purchase_floors":[21],"current_hp_per_floor":[74,58,61,66,66,66,72,37,37,62,66,66,74,80,80,27,87,83,83,88,88,91,91,88,87,87,82,82,75,76,82,82,33],"gold":269,"neow_bonus":"UPGRADE_CARD","is_prod":false,"is_daily":false,"chose_seed":false,"campfire_upgraded":6,"win_rate":0,"timestamp":1563505983,"path_taken":["M","?","M","?","?","R","M","E","T","R","?","R","M","M","R","BOSS","M","?","M","$","M","R","E","M","T","M","R","M","E","?","R","BOSS"],"build_version":"2019-07-17","purchased_purges":1,"victory":false,"max_hp_per_floor":[80,80,80,85,85,85,85,85,85,85,85,85,87,87,87,87,87,93,93,100,100,106,106,108,115,115,115,115,121,125,125,125,125],"card_choices":[{"not_picked":["Warcry","Wild Strike"],"picked":"Shrug It Off","floor":1},{"not_picked":["Feel No Pain","Havoc","Dual Wield"],"picked":"SKIP","floor":3},{"not_picked":["Shrug It Off","Rupture"],"picked":"Dropkick","floor":7},{"not_picked":["Heavy Blade","Intimidate"],"picked":"Power Through","floor":8},{"not_picked":["Cleave","Seeing Red"],"picked":"Entrench","floor":11},{"not_picked":["Pommel Strike","Iron Wave","Fire Breathing"],"picked":"Singing Bowl","floor":13},{"not_picked":["Power Through","Disarm"],"picked":"Uppercut","floor":14},{"not_picked":["Dark Embrace","Reaper"],"picked":"Feed","floor":16},{"not_picked":["Sword Boomerang+1","Thunderclap","Perfected Strike+1"],"picked":"Singing Bowl","floor":18},{"not_picked":["Flex","Armaments"],"picked":"Seeing Red+1","floor":20},{"not_picked":["Havoc","Heavy Blade","Bloodletting"],"picked":"Singing Bowl","floor":22},{"not_picked":["Flex","Wild Strike","Sword Boomerang"],"picked":"Singing Bowl","floor":24},{"not_picked":["Sentinel","Rage+1"],"picked":"Pummel","floor":25},{"not_picked":["Fire Breathing","Intimidate+1"],"picked":"Headbutt+1","floor":27},{"not_picked":["Havoc+1","Sentinel","Iron Wave+1"],"picked":"Singing Bowl","floor":29},{"not_picked":["Heavy Blade+1","Berserk"],"picked":"Headbutt+1","floor":30},{"not_picked":["True Grit","Hemokinesis+1"],"picked":"Shockwave","floor":31}],"player_experience":225948,"relics_obtained":[{"floor":8,"key":"Singing Bowl"},{"floor":9,"key":"Ornamental Fan"},{"floor":24,"key":"Thread and Needle"},{"floor":26,"key":"Molten Egg 2"},{"floor":30,"key":"Unceasing Top"}],"event_choices":[{"damage_healed":0,"gold_gain":0,"player_choice":"Entered Light","damage_taken":16,"max_hp_gain":0,"max_hp_loss":0,"event_name":"Shining Light","floor":2,"gold_loss":0,"cards_upgraded":["Defend_R","Shrug It Off"]},{"damage_healed":0,"gold_gain":0,"player_choice":"Donut","damage_taken":0,"max_hp_gain":5,"max_hp_loss":0,"event_name":"Big Fish","floor":4,"gold_loss":0},{"damage_healed":0,"gold_gain":0,"player_choice":"Upgraded","damage_taken":0,"max_hp_gain":0,"max_hp_loss":0,"event_name":"Upgrade Shrine","floor":5,"gold_loss":0,"cards_upgraded":["Defend_R"]},{"damage_healed":0,"gold_gain":0,"player_choice":"Bet on Murderer","damage_taken":0,"max_hp_gain":0,"max_hp_loss":0,"event_name":"The Joust","floor":19,"gold_loss":50}],"is_beta":false,"boss_relics":[{"not_picked":["Calling Bell","Coffee Dripper"],"picked":"Astrolabe"}],"items_purged_floors":[21],"is_endless":false,"potions_floor_spawned":[11,13,16,18,24,29,30,31],"killed_by":"Collector","ascension_level":4}