{"gold_per_floor":[111,128,53,328,191,191,211,227,252,252,177,196,207,222,222,296,296,311,101,101,26,26,26,55,55,55,88,3,33,33,43,43,114,114,132,145,163,175,186,186,221,221,221,255,269,283,308,325,325,325,325,325,325,67,94,94],"floor_reached":57,"playtime":2427,"items_purged":["Strike_G","Regret","Defend_G","Defend_G+1"],"score":3538,"play_id":"1de425d2-6240-4fb4-abc1-11f0487d546b","local_time":"20190108143004","is_ascension_mode":true,"campfire_choices":[{"data":"Well Laid Plans","floor":6.0,"key":"SMITH"},{"data":"Acrobatics","floor":10.0,"key":"SMITH"},{"data":"Grand Finale","floor":15.0,"key":"SMITH"},{"data":"Neutralize","floor":23.0,"key":"SMITH"},{"data":"Tactician","floor":25.0,"key":"SMITH"},{"data":"Adrenaline","floor":30,"key":"SMITH"},{"data":"Acrobatics","floor":32,"key":"SMITH"},{"data":"Backflip","floor":40,"key":"SMITH"},{"floor":42,"key":"RECALL"},{"data":"Defend_G","floor":49,"key":"SMITH"},{"floor":53,"key":"REST"}],"neow_cost":"PERCENT_DAMAGE","seed_source_timestamp":8388077719614,"circlet_count":0,"master_deck":["AscendersBane","Neutralize+1","Grand Finale+1","Tactician+1","Well Laid Plans+1","Acrobatics+1","Malaise+1","Tactician+1","Choke+1","Backflip+1","Adrenaline+1","Acrobatics+1"],"special_seed":0,"relics":["Ring of the Snake","Potion Belt","Astrolabe","Bag of Marbles","Ninja Scroll","Du-Vu Doll","PreservedInsect","Empty Cage","Incense Burner","Kunai","Calipers","Omamori","Blood Vial"],"potions_floor_usage":[27,56,56,56,56],"damage_taken":[{"damage":1.0,"enemies":"Cultist","floor":1.0,"turns":4.0},{"damage":4.0,"enemies":"Jaw Worm","floor":2.0,"turns":6.0},{"damage":6.0,"enemies":"2 Louse","floor":7.0,"turns":5.0},{"damage":0.0,"enemies":"Exordium Wildlife","floor":8.0,"turns":5.0},{"damage":1.0,"enemies":"Large Slime","floor":12.0,"turns":5.0},{"damage":0.0,"enemies":"Blue Slaver","floor":13.0,"turns":3.0},{"damage":0.0,"enemies":"Exordium Thugs","floor":14.0,"turns":3.0},{"damage":13.0,"enemies":"Hexaghost","floor":16.0,"turns":8.0},{"damage":3.0,"enemies":"2 Thieves","floor":18.0,"turns":3.0},{"damage":0.0,"enemies":"Colosseum Slavers","floor":20.0,"turns":5.0},{"damage":6.0,"enemies":"Book of Stabbing","floor":24.0,"turns":5.0},{"damage":0,"enemies":"Slavers","floor":27,"turns":2},{"damage":0,"enemies":"Book of Stabbing","floor":29,"turns":3},{"damage":0,"enemies":"3 Byrds","floor":31,"turns":3},{"damage":0,"enemies":"Collector","floor":33,"turns":2},{"damage":0,"enemies":"Orb Walker","floor":35,"turns":1},{"damage":0,"enemies":"3 Darklings","floor":36,"turns":1},{"damage":0,"enemies":"Transient","floor":37,"turns":1},{"damage":0,"enemies":"4 Shapes","floor":38,"turns":1},{"damage":0,"enemies":"Maw","floor":39,"turns":1},{"damage":0,"enemies":"Nemesis","floor":41,"turns":1},{"damage":0,"enemies":"Reptomancer","floor":44,"turns":1},{"damage":0,"enemies":"Jaw Worm Horde","floor":45,"turns":1},{"damage":0,"enemies":"4 Shapes","floor":46,"turns":1},{"damage":0,"enemies":"Giant Head","floor":47,"turns":1},{"damage":0,"enemies":"Transient","floor":48,"turns":1},{"damage":0,"enemies":"Time Eater","floor":50,"turns":2},{"damage":0,"enemies":"Donu and Deca","floor":51,"turns":1},{"damage":0,"enemies":"Shield and Spear","floor":55,"turns":1},{"damage":47,"enemies":"The Heart","floor":56,"turns":5}],"seed_played":"6612748364230538096","potions_obtained":[{"floor":2.0,"key":"PowerPotion"},{"floor":12.0,"key":"Strength Potion"},{"floor":16.0,"key":"Poison Potion"},{"floor":27,"key":"Ancient Potion"},{"floor":31,"key":"LiquidBronze"},{"floor":33,"key":"Strength Potion"},{"floor":35,"key":"FearPotion"}],"is_trial":false,"path_per_floor":["M","M","$","?","$","R","M","M","T","R","?","M","M","M","R","B",null,"M","$","?","?","?","R","E","R","T","E","?","E","R","M","R","B",null,"M","M","M","M","M","R","E","R","T","E","M","M","E","M","R","B","B",null,"R","$","E","B",null],"character_chosen":"THE_SILENT","items_purchased":["Well Laid Plans","GhostInAJar","Swift Potion","PowerPotion"],"campfire_rested":1,"item_purchase_floors":[5,19,54,54],"current_hp_per_floor":[43,39,39,39,39,39,33,33,33,33,33,32,32,32,32,19,54,51,51,51,51,51,51,45,45,45,45,45,45,45,45,45,45,61,61,61,61,61,61,61,61,61,61,61,61,61,61,61,61,61,61,65,66,66,66,19],"gold":94,"neow_bonus":"THREE_RARE_CARDS","is_prod":false,"is_daily":false,"chose_seed":false,"campfire_upgraded":9,"win_rate":0,"timestamp":1546929004,"path_taken":["M","?","$","?","$","R","?","M","T","R","?","M","M","M","R","BOSS","M","$","?","?","?","R","E","R","T","E","?","E","R","?","R","BOSS","M","M","M","M","M","R","E","R","T","E","M","M","E","M","R","BOSS","BOSS","R","$","E","BOSS"],"build_version":"2019-01-03v4","purchased_purges":4,"victory":true,"max_hp_per_floor":[66,66,66,66,66,66,66,66,66,66,66,66,66,66,66,66,66,66,66,66,66,66,66,66,66,66,66,66,66,66,66,66,66,66,66,66,66,66,66,66,66,66,66,66,66,66,66,66,66,66,66,66,66,66,66,66],"card_choices":[{"not_picked":["A Thousand Cuts","Adrenaline"],"picked":"Grand Finale","floor":0.0},{"not_picked":["Underhanded Strike","Sucker Punch","Backstab"],"picked":"SKIP","floor":1.0},{"not_picked":["Quick Slash","Dodge and Roll"],"picked":"Tactician","floor":2.0},{"not_picked":["Blade Dance","Cloak And Dagger"],"picked":"Acrobatics","floor":7.0},{"not_picked":["Dodge and Roll","Poisoned Stab","Dagger Throw"],"picked":"SKIP","floor":8.0},{"not_picked":["Malaise","Dagger Throw","Poisoned Stab"],"picked":"SKIP","floor":12.0},{"not_picked":["Dodge and Roll","Deadly Poison","Poisoned Stab"],"picked":"SKIP","floor":13.0},{"not_picked":["Riddle With Holes","Quick Slash","Bullet Time"],"picked":"SKIP","floor":14.0},{"not_picked":["Prepared","Dagger Throw+1","Noxious Fumes"],"picked":"SKIP","floor":18.0},{"not_picked":["Blade Dance+1","Bane+1","Deadly Poison"],"picked":"SKIP","floor":24.0},{"not_picked":["Leg Sweep","Cloak And Dagger"],"picked":"Backflip","floor":27},{"not_picked":["Footwork","Reflex"],"picked":"Adrenaline","floor":29},{"not_picked":["Sucker Punch","Dagger Throw"],"picked":"Acrobatics","floor":31},{"not_picked":["Quick Slash","Cloak And Dagger","Infinite Blades"],"picked":"SKIP","floor":35},{"not_picked":["Deadly Poison","Dagger Spray","Reflex"],"picked":"SKIP","floor":36},{"not_picked":["Prepared","Bane","Sucker Punch+1"],"picked":"SKIP","floor":37},{"not_picked":["PiercingWail","Masterful Stab","Deadly Poison+1"],"picked":"SKIP","floor":38},{"not_picked":["Burst","Dagger Spray","Deflect+1"],"picked":"SKIP","floor":39},{"not_picked":["All Out Attack","Eviscerate","Noxious Fumes"],"picked":"SKIP","floor":41},{"not_picked":["Bane+1","Outmaneuver+1","Grand Finale"],"picked":"SKIP","floor":44},{"not_picked":["Outmaneuver","Flying Knee","Dagger Spray"],"picked":"SKIP","floor":45},{"not_picked":["Quick Slash+1","Backflip+1","Dagger Throw"],"picked":"SKIP","floor":46},{"not_picked":["Malaise","Setup","Concentrate"],"picked":"SKIP","floor":47},{"not_picked":["Poisoned Stab","Flying Knee","Bane"],"picked":"SKIP","floor":48},{"not_picked":["Escape Plan+1","Endless Agony","Deflect"],"picked":"SKIP","floor":55}],"player_experience":1846567,"relics_obtained":[{"floor":9.0,"key":"Potion Belt"},{"floor":24.0,"key":"Bag of Marbles"},{"floor":27,"key":"Ninja Scroll"},{"floor":29,"key":"PreservedInsect"},{"floor":41,"key":"Incense Burner"},{"floor":43,"key":"Kunai"},{"floor":44,"key":"Calipers"},{"floor":47,"key":"Omamori"},{"floor":55,"key":"Blood Vial"}],"event_choices":[{"damage_healed":0.0,"max_hp_gain":0.0,"max_hp_loss":0.0,"gold_gain":275.0,"event_name":"Golden Shrine","player_choice":"Desecrate","floor":4.0,"gold_loss":0.0,"damage_taken":0.0,"cards_obtained":["Regret"]},{"cards_removed":["Strike_G"],"damage_healed":0.0,"max_hp_gain":0.0,"max_hp_loss":0.0,"gold_gain":0.0,"event_name":"The Cleric","player_choice":"Card Removal","floor":11.0,"gold_loss":75.0,"damage_taken":0.0},{"damage_healed":0.0,"max_hp_gain":0.0,"max_hp_loss":0.0,"gold_gain":0.0,"event_name":"Colosseum","player_choice":"Fight","floor":20.0,"gold_loss":0.0,"damage_taken":0.0},{"damage_healed":0.0,"max_hp_gain":0.0,"max_hp_loss":0.0,"gold_gain":0.0,"event_name":"Colosseum","player_choice":"Fled From Nobs","floor":20.0,"gold_loss":0.0,"damage_taken":0.0},{"cards_removed":["Defend_G"],"damage_healed":0.0,"max_hp_gain":0.0,"max_hp_loss":0.0,"gold_gain":0.0,"event_name":"Beggar","player_choice":"Gave Gold","floor":21.0,"gold_loss":75.0,"damage_taken":0.0},{"cards_removed":["Defend_G"],"damage_healed":0.0,"max_hp_gain":0.0,"max_hp_loss":0.0,"gold_gain":0.0,"event_name":"Back to Basics","player_choice":"Elegance","floor":22.0,"gold_loss":0.0,"damage_taken":0.0},{"damage_healed":0,"gold_gain":0,"player_choice":"Obtained Relic","damage_taken":0,"relics_obtained":["Du-Vu Doll"],"max_hp_gain":0,"max_hp_loss":0,"event_name":"Addict","floor":28,"gold_loss":85}],"is_beta":false,"boss_relics":[{"not_picked":["Velvet Choker","Eternal Feather"],"picked":"Astrolabe"},{"not_picked":["Sozu","Coffee Dripper"],"picked":"Empty Cage"}],"items_purged_floors":[3,5,19,54],"is_endless":false,"potions_floor_spawned":[2,12,16,20,27,31,33,35,36,39,47,48],"ascension_level":20}