{"gold_per_floor":[113,113,127,48,48,48,98,98,98,139,8,8,8],"floor_reached":13,"playtime":272,"items_purged":["Strike_G"],"score":158,"play_id":"5b0f4990-d303-4401-9bc5-12a0b5b800e3","local_time":"20190221121253","is_ascension_mode":true,"campfire_choices":[{"data":"Poisoned Stab","floor":6.0,"key":"SMITH"},{"data":"Noxious Fumes","floor":8.0,"key":"SMITH"},{"data":"Deadly Poison","floor":12,"key":"SMITH"}],"neow_cost":"TEN_PERCENT_HP_LOSS","seed_source_timestamp":351072310219,"circlet_count":0,"master_deck":["AscendersBane","Defend_G","Defend_G","Defend_G","Defend_G","Strike_G","Strike_G","Strike_G","Survivor","Neutralize","Leg Sweep","Poisoned Stab+1","Noxious Fumes+1","Deadly Poison+1"],"special_seed":0,"relics":["Ring of the Snake","Golden Idol","Smiling Mask","Mummified Hand","Boot"],"potions_floor_usage":[10,13],"damage_taken":[{"damage":1.0,"enemies":"2 Louse","floor":1.0,"turns":6.0},{"damage":0.0,"enemies":"Small Slimes","floor":3.0,"turns":4.0},{"damage":25,"enemies":"Gremlin Nob","floor":10,"turns":5},{"damage":4,"enemies":"3 Sentries","floor":13,"turns":7}],"seed_played":"-7814982977521325095","potions_obtained":[{"floor":1.0,"key":"Dexterity Potion"}],"is_trial":false,"path_per_floor":["M","?","M","$","?","R","?","R","T","E","$","R","E"],"character_chosen":"THE_SILENT","items_purchased":["Noxious Fumes","GhostInAJar"],"campfire_rested":0,"item_purchase_floors":[4,11],"current_hp_per_floor":[58,54,54,54,36,36,31,31,31,6,6,6,2],"gold":8,"neow_bonus":"REMOVE_TWO","is_prod":false,"is_daily":false,"chose_seed":false,"campfire_upgraded":3,"win_rate":0,"timestamp":1550722373,"path_taken":["M","?","M","$","?","R","?","R","T","E","$","R","E"],"build_version":"2019-01-23","purchased_purges":1,"victory":false,"max_hp_per_floor":[60,54,54,54,54,54,54,54,54,54,54,54,54],"card_choices":[{"not_picked":["Dagger Throw","Flying Knee"],"picked":"Leg Sweep","floor":1.0},{"not_picked":["Riddle With Holes","Accuracy"],"picked":"Poisoned Stab","floor":3.0},{"not_picked":["Reflex","Poisoned Stab"],"picked":"Deadly Poison","floor":10}],"player_experience":3002111,"relics_obtained":[{"floor":9.0,"key":"Mummified Hand"},{"floor":10,"key":"Boot"}],"event_choices":[{"damage_healed":0.0,"max_hp_gain":0.0,"max_hp_loss":6.0,"gold_gain":0.0,"event_name":"Golden Idol","player_choice":"Lose Max HP","floor":2.0,"gold_loss":0.0,"damage_taken":0.0,"relics_obtained":["Golden Idol"]},{"damage_healed":0.0,"max_hp_gain":0.0,"max_hp_loss":0.0,"gold_gain":0.0,"event_name":"Scrap Ooze","player_choice":"Success","floor":5.0,"gold_loss":0.0,"damage_taken":18.0,"relics_obtained":["Smiling Mask"]},{"damage_healed":0.0,"max_hp_gain":0.0,"max_hp_loss":0.0,"gold_gain":50.0,"event_name":"FaceTrader","player_choice":"Touch","floor":7.0,"gold_loss":0.0,"damage_taken":5.0}],"is_beta":false,"boss_relics":[],"items_purged_floors":[11],"is_endless":false,"potions_floor_spawned":[1],"killed_by":"3 Sentries","ascension_level":20}