{"path_per_floor":["M","?","$","M","M","R","M","E","T","R","M","?","E","M","R","B",null,"M","M","?","M","M","R","E","R","T","E","$","?","E","?","R","B",null,"M","?","M","?","$","E","R","E","T","M","$","R","M","T","R","B"],"character_chosen":"THE_SILENT","items_purchased":["Blade Dance","Peace Pipe"],"gold_per_floor":[210,210,135,149,167,167,187,214,239,239,254,284,314,332,332,431,431,451,470,385,400,410,410,437,437,462,490,69,69,104,84,84,188,188,203,203,223,223,98,127,127,160,185,204,54,54,67,367,367,367],"floor_reached":51,"campfire_rested":1,"playtime":1863,"current_hp_per_floor":[70,70,70,70,69,69,58,38,38,38,33,33,29,29,29,23,70,58,57,57,57,59,59,48,48,48,41,41,41,40,40,40,44,87,83,83,85,75,75,77,77,77,77,77,77,77,60,62,92,14],"items_purged":["Defend_G","Strike_G","Strike_G","Defend_G"],"gold":367,"score":1048,"play_id":"c510b0ad-aed1-4209-ae2c-8de27399ec5f","local_time":"20180330101926","is_prod":false,"is_daily":false,"is_ascension_mode":true,"campfire_upgraded":2,"timestamp":1522376366,"path_taken":["M","?","$","?","M","R","M","E","T","R","M","?","E","M","R","BOSS","M","M","?","?","M","R","E","R","T","E","$","?","E","?","R","BOSS","M","?","M","?","$","E","R","E","T","M","?","R","M","?","R","BOSS"],"build_version":"2018-03-29","purchased_purges":5,"victory":true,"master_deck":["Defend_G+1","Survivor+1","Neutralize+1","Terror+1","Cloak And Dagger","Dagger Spray","Backflip","Die Die Die","Storm of Steel+1","Distraction+1","Accuracy+1","Well Laid Plans","Backstab","Blade Dance","Tools of the Trade+1","Panache","Flash of Steel","Master of Strategy"],"max_hp_per_floor":[70,70,70,70,70,70,70,70,70,70,70,70,70,70,70,70,70,70,70,70,72,74,74,76,76,76,85,85,85,87,87,87,87,87,89,89,91,91,91,93,93,95,95,97,97,97,99,101,101,101],"relics":["Ring of the Snake","Happy Flower","Snake Skull","Ice Cream","Girya","Astrolabe","Singing Bowl","Lantern","War Paint","Strawberry","Peace Pipe","Du-Vu Doll","Tingsha","Sozu","Art of War","Molten Egg 2","Prayer Wheel","Old Coin"],"card_choices":[{"not_picked":["PiercingWail","Caltrops"],"picked":"Terror","floor":1.0},{"not_picked":["Bane","Underhanded Strike"],"picked":"Cloak And Dagger","floor":4.0},{"not_picked":["Dodge and Roll","Deflect"],"picked":"Dagger Spray","floor":5.0},{"not_picked":["A Thousand Cuts","Outmaneuver"],"picked":"Backflip","floor":8.0},{"not_picked":["Corpse Explosion","Phantasmal Killer"],"picked":"Die Die Die","floor":16.0},{"not_picked":["Choke","Dodge and Roll"],"picked":"Well Laid Plans","floor":18.0},{"not_picked":["Eviscerate","Catalyst"],"picked":"Backstab","floor":19.0},{"not_picked":["Bullet Time","Burst"],"picked":"Tools of the Trade","floor":33.0},{"not_picked":["Jack Of All Trades","Apotheosis"],"picked":"Panache","floor":38.0},{"not_picked":["Dark Shackles","Blind"],"picked":"Flash of Steel","floor":38.0},{"not_picked":["Deep Breath","Phantasmal Killer"],"picked":"Master of Strategy","floor":38.0}],"player_experience":351167,"potions_floor_usage":[],"damage_taken":[{"damage":0.0,"enemies":"Small Slimes","floor":1.0,"turns":7.0},{"damage":0.0,"enemies":"Cultist","floor":4.0,"turns":3.0},{"damage":1.0,"enemies":"Jaw Worm","floor":5.0,"turns":3.0},{"damage":11.0,"enemies":"Exordium Thugs","floor":7.0,"turns":9.0},{"damage":20.0,"enemies":"Lagavulin","floor":8.0,"turns":5.0},{"damage":5.0,"enemies":"Exordium Wildlife","floor":11.0,"turns":4.0},{"damage":4.0,"enemies":"Gremlin Nob","floor":13.0,"turns":3.0},{"damage":0.0,"enemies":"3 Louse","floor":14.0,"turns":2.0},{"damage":6.0,"enemies":"The Guardian","floor":16.0,"turns":13.0},{"damage":12.0,"enemies":"Chosen","floor":18.0,"turns":4.0},{"damage":1.0,"enemies":"Shell Parasite","floor":19.0,"turns":3.0},{"damage":2.0,"enemies":"Snake Plant","floor":21.0,"turns":2.0},{"damage":0.0,"enemies":"Snecko","floor":22.0,"turns":2.0},{"damage":13.0,"enemies":"Gremlin Leader","floor":24.0,"turns":4.0},{"damage":16.0,"enemies":"Slavers","floor":27.0,"turns":5.0},{"damage":3.0,"enemies":"Book of Stabbing","floor":30.0,"turns":3.0},{"damage":8.0,"enemies":"Automaton","floor":33.0,"turns":6.0},{"damage":6.0,"enemies":"3 Shapes","floor":35.0,"turns":2.0},{"damage":0.0,"enemies":"Orb Walker","floor":37.0,"turns":2.0},{"damage":0.0,"enemies":"Giant Head","floor":40.0,"turns":3.0},{"damage":2.0,"enemies":"Nemesis","floor":42.0,"turns":4.0},{"damage":2.0,"enemies":"3 Darklings","floor":44.0,"turns":2.0},{"damage":19.0,"enemies":"Maw","floor":47.0,"turns":3.0},{"damage":78,"enemies":"Awakened One","floor":50,"turns":9}],"event_choices":[{"event_name":"Wheel of Change","player_choice":"Full Heal","floor":2.0,"damage_taken":0.0},{"event_name":"Dead Adventurer","player_choice":"Searched \u00273\u0027 times","floor":12.0,"damage_taken":0.0},{"event_name":"Addict","player_choice":"Obtained Relic","floor":20.0,"damage_taken":0.0},{"event_name":"The Mausoleum","player_choice":"Yes","floor":29.0,"damage_taken":0.0},{"event_name":"The Woman in Blue","player_choice":"Bought 1 Potion","floor":31.0,"damage_taken":0.0},{"event_name":"Upgrade Shrine","player_choice":"Upgraded","floor":36.0,"damage_taken":0.0},{"event_name":"SensoryStone","player_choice":"Memory 3","floor":38.0,"damage_taken":0.0}],"boss_relics":[],"potions_floor_spawned":[4,8,11,14,19,21,24,35,37,44,47],"seed_played":"-2308063857895777759","ascension_level":2,"is_trial":false}