{"gold_per_floor":[118,138,156,175,192,218,232,232,232,250,250,250,9,23,23,102,102,118,129,144,69,69,69,69,81,135,135,148,148],"floor_reached":29,"playtime":1128,"items_purged":["Strike_G"],"score":404,"play_id":"e67a09ad-8d14-44f2-803a-ae62e1ff0246","local_time":"20180709194949","is_ascension_mode":true,"campfire_choices":[{"floor":8,"key":"REST"},{"data":"Footwork","floor":12,"key":"SMITH"},{"data":"Deadly Poison","floor":15,"key":"SMITH"},{"floor":23,"key":"REST"},{"floor":27,"key":"REST"}],"neow_cost":"NONE","seed_source_timestamp":18369005618044,"circlet_count":0,"master_deck":["Defend_G","Defend_G","Defend_G","Defend_G","Defend_G","Strike_G","Strike_G","Strike_G","Strike_G","Survivor","Neutralize+1","AscendersBane","Caltrops","Deadly Poison+1","Dagger Spray","Footwork+1","Poisoned Stab","Slice","Backflip","Noxious Fumes","Footwork+1","Wraith Form v2","Backflip"],"relics":["Ring of the Snake","Bronze Scales","Ornamental Fan","TwistedFunnel","Sozu","Vajra"],"potions_floor_usage":[6,16,16,28],"damage_taken":[{"damage":2,"enemies":"Cultist","floor":1,"turns":5},{"damage":5,"enemies":"Jaw Worm","floor":2,"turns":4},{"damage":5,"enemies":"2 Louse","floor":3,"turns":5},{"damage":0,"enemies":"Exordium Wildlife","floor":4,"turns":4},{"damage":20,"enemies":"Lots of Slimes","floor":5,"turns":3},{"damage":14,"enemies":"Lagavulin","floor":6,"turns":8},{"damage":11,"enemies":"Large Slime","floor":7,"turns":5},{"damage":0,"enemies":"2 Fungi Beasts","floor":10,"turns":3},{"damage":0,"enemies":"Gremlin Gang","floor":14,"turns":3},{"damage":2,"enemies":"Hexaghost","floor":16,"turns":7},{"damage":10,"enemies":"Spheric Guardian","floor":18,"turns":5},{"damage":22,"enemies":"2 Thieves","floor":19,"turns":4},{"damage":8,"enemies":"Centurion and Healer","floor":20,"turns":8},{"damage":8,"enemies":"Snake Plant","floor":25,"turns":5},{"damage":36,"enemies":"Slaver and Parasite","floor":28,"turns":7},{"damage":17,"enemies":"Gremlin Leader","floor":29,"turns":4}],"seed_played":"7835941663641727783","potions_obtained":[{"floor":1,"key":"SmokeBomb"},{"floor":5,"key":"FearPotion"},{"floor":7,"key":"Block Potion"},{"floor":14,"key":"Dexterity Potion"},{"floor":16,"key":"Weak Potion"}],"is_trial":false,"path_per_floor":["M","M","M","M","M","E","M","R","T","M","?","R","$","M","R","B",null,"M","M","M","$","?","R","?","M","T","R","M"],"character_chosen":"THE_SILENT","items_purchased":["TwistedFunnel","Poison Potion"],"campfire_rested":3,"item_purchase_floors":[13,13],"current_hp_per_floor":[57,52,47,47,27,13,2,21,21,21,21,21,21,21,21,19,54,44,22,14,14,14,33,33,25,25,44,8,0],"gold":148,"neow_bonus":"THREE_CARDS","is_prod":false,"is_daily":false,"chose_seed":false,"campfire_upgraded":2,"win_rate":0,"timestamp":1531136989,"path_taken":["M","M","?","M","M","E","M","R","T","?","?","R","?","?","R","BOSS","M","M","M","$","?","R","?","M","T","R","?","E"],"build_version":"2018-07-05","purchased_purges":1,"victory":false,"max_hp_per_floor":[66,66,66,66,66,66,66,66,66,66,66,66,66,66,66,66,66,66,66,66,66,66,66,66,66,66,66,66,66],"card_choices":[{"not_picked":["Crippling Poison","Deflect"],"picked":"Caltrops","floor":0},{"not_picked":["Finisher","Catalyst"],"picked":"Deadly Poison","floor":1},{"not_picked":["Quick Slash","Cloak And Dagger"],"picked":"Dagger Spray","floor":2},{"not_picked":["Dagger Throw","Bane"],"picked":"Footwork","floor":3},{"not_picked":["Sucker Punch","Underhanded Strike","Dodge and Roll"],"picked":"SKIP","floor":4},{"not_picked":["Dodge and Roll","Prepared","Cloak And Dagger"],"picked":"SKIP","floor":5},{"not_picked":["Reflex","Dagger Throw"],"picked":"Poisoned Stab","floor":6},{"not_picked":["Infinite Blades","Eviscerate"],"picked":"Slice","floor":7},{"not_picked":["Masterful Stab","Catalyst"],"picked":"Backflip","floor":10},{"not_picked":["Slice","Underhanded Strike","Dagger Throw"],"picked":"SKIP","floor":14},{"not_picked":["Slice","Flechettes","All Out Attack"],"picked":"SKIP","floor":18},{"not_picked":["Outmaneuver","Deadly Poison","Dagger Throw"],"picked":"SKIP","floor":19},{"not_picked":["Dodge and Roll","Crippling Poison"],"picked":"Noxious Fumes","floor":20},{"not_picked":["Outmaneuver","Flying Knee","Bane+1"],"picked":"SKIP","floor":25},{"not_picked":["Predator","Sucker Punch","Cloak And Dagger"],"picked":"SKIP","floor":28}],"player_experience":693886,"relics_obtained":[{"floor":6,"key":"Bronze Scales"},{"floor":9,"key":"Ornamental Fan"},{"floor":26,"key":"Vajra"}],"event_choices":[{"event_name":"Living Wall","player_choice":"Grow","floor":11,"damage_taken":0},{"event_name":"Duplicator","player_choice":"One dupe","floor":22,"damage_taken":0},{"event_name":"Match and Keep!","player_choice":"2 cards matched","floor":24,"damage_taken":0}],"boss_relics":[{"not_picked":["Lizard Tail","Cursed Key"],"picked":"Sozu"}],"items_purged_floors":[21],"is_endless":false,"potions_floor_spawned":[1,5,7,14,16,18,19,25],"killed_by":"Gremlin Leader","ascension_level":15}