{"gold_per_floor":[116,116,116,128,144,144,177,127,154,154,104,104,134,148,148,247,247,266,278,290,307,257,284,284,300,300,300,311,346,346,357,357,460,460,477,477,477,477,487,487,512,512,512,462,462,490,507,0,0,0],"floor_reached":51,"playtime":1391,"items_purged":["Strike_R","Defend_R","Strike_R","Strike_R+1"],"score":1028,"play_id":"02e9153b-fa4d-40e0-a8d4-fa3917ab1509","local_time":"20181123193216","is_ascension_mode":false,"campfire_choices":[{"data":"Searing Blow","floor":6.0,"key":"SMITH"},{"data":"Searing Blow+1","floor":10.0,"key":"SMITH"},{"data":"Searing Blow+3","floor":15.0,"key":"SMITH"},{"data":"Searing Blow+4","floor":24.0,"key":"SMITH"},{"data":"Searing Blow+5","floor":27.0,"key":"SMITH"},{"data":"Searing Blow+6","floor":30.0,"key":"SMITH"},{"data":"Searing Blow+7","floor":32.0,"key":"SMITH"},{"data":"Searing Blow+9","floor":40.0,"key":"SMITH"},{"data":"Searing Blow+10","floor":45.0,"key":"SMITH"},{"data":"Searing Blow+11","floor":49,"key":"SMITH"}],"neow_cost":"NONE","seed_source_timestamp":11140155616818,"circlet_count":0,"master_deck":["Strike_R+1","Defend_R+1","Defend_R+1","Bash+1","Searing Blow+12","Disarm+1","Limit Break+1","Armaments+1","Warcry+1","Immolate+1","Immolate+1","Double Tap+1","Battle Trance+1","Power Through+1","Limit Break"],"special_seed":0,"relics":["Burning Blood","Smiling Mask","Red Skull","Ancient Tea Set","Cursed Key","Whetstone","Oddly Smooth Stone","Lizard Tail","Mark of the Bloom","Kunai","Strawberry","Red Mask"],"potions_floor_usage":[50,50],"damage_taken":[{"damage":20.0,"enemies":"Small Slimes","floor":1.0,"turns":5.0},{"damage":7.0,"enemies":"Cultist","floor":4.0,"turns":5.0},{"damage":2.0,"enemies":"2 Louse","floor":5.0,"turns":3.0},{"damage":19.0,"enemies":"3 Sentries","floor":7.0,"turns":11.0},{"damage":17.0,"enemies":"Lagavulin","floor":13.0,"turns":5.0},{"damage":0.0,"enemies":"Large Slime","floor":14.0,"turns":5.0},{"damage":36.0,"enemies":"Hexaghost","floor":16.0,"turns":7.0},{"damage":5.0,"enemies":"Chosen","floor":18.0,"turns":4.0},{"damage":0.0,"enemies":"Spheric Guardian","floor":19.0,"turns":3.0},{"damage":27.0,"enemies":"Shelled Parasite and Fungi","floor":20.0,"turns":6.0},{"damage":11.0,"enemies":"Snake Plant","floor":21.0,"turns":4.0},{"damage":28.0,"enemies":"Slavers","floor":23.0,"turns":4.0},{"damage":5.0,"enemies":"Chosen and Byrds","floor":25.0,"turns":3.0},{"damage":0.0,"enemies":"Shelled Parasite and Fungi","floor":28.0,"turns":2.0},{"damage":4.0,"enemies":"Gremlin Leader","floor":29.0,"turns":5.0},{"damage":0.0,"enemies":"Centurion and Healer","floor":31.0,"turns":4.0},{"damage":30.0,"enemies":"Automaton","floor":33.0,"turns":6.0},{"damage":0.0,"enemies":"3 Shapes","floor":35.0,"turns":3.0},{"damage":0.0,"enemies":"3 Darklings","floor":39.0,"turns":1.0},{"damage":0.0,"enemies":"Nemesis","floor":41.0,"turns":1.0},{"damage":0.0,"enemies":"Giant Head","floor":46.0,"turns":4.0},{"damage":10,"enemies":"Writhing Mass","floor":47,"turns":3},{"damage":24,"enemies":"Donu and Deca","floor":50,"turns":5}],"seed_played":"-6115366134062443487","potions_obtained":[{"floor":1.0,"key":"EntropicBrew"},{"floor":4.0,"key":"Dexterity Potion"},{"floor":13.0,"key":"Explosive Potion"},{"floor":16.0,"key":"Fire Potion"},{"floor":19.0,"key":"Explosive Potion"},{"floor":25.0,"key":"SneckoOil"},{"floor":29.0,"key":"LiquidBronze"},{"floor":31.0,"key":"Strength Potion"},{"floor":33.0,"key":"Strength Potion"}],"is_trial":false,"path_per_floor":["M","?","?","M","M","R","E","$","T","R","$","?","E","M","R","B",null,"M","M","M","M","$","E","R","M","T","R","M","E","R","M","R","B",null,"M","?","?","?","M","R","E","?","T","$","R","E","M","?","R","B",null],"character_chosen":"IRONCLAD","items_purchased":[],"campfire_rested":0,"item_purchase_floors":[],"current_hp_per_floor":[66,66,66,65,69,69,56,56,56,56,56,56,45,51,51,21,80,80,80,59,54,54,32,32,33,33,33,39,41,41,47,47,23,80,80,80,76,76,76,76,76,76,76,76,76,76,66,66,66,42],"gold":0,"neow_bonus":"ONE_RANDOM_RARE_CARD","is_prod":false,"is_daily":false,"chose_seed":false,"campfire_upgraded":10,"win_rate":0,"timestamp":1542972736,"path_taken":["M","?","?","?","M","R","E","$","T","R","$","?","E","M","R","BOSS","M","M","M","M","$","E","R","M","T","R","M","E","R","M","R","BOSS","M","?","?","?","?","R","E","?","T","?","R","E","M","?","R","BOSS"],"build_version":"2018-11-15","purchased_purges":4,"victory":true,"max_hp_per_floor":[80,80,80,80,80,80,80,80,80,80,80,80,80,80,80,80,80,80,80,80,80,80,80,80,80,80,80,80,80,80,80,80,80,80,80,80,76,76,76,76,76,76,76,76,76,83,83,83,83,83],"card_choices":[{"not_picked":["Intimidate","Body Slam"],"picked":"Searing Blow","floor":1.0},{"not_picked":["Iron Wave","True Grit","Bloodletting"],"picked":"SKIP","floor":4.0},{"not_picked":["Shockwave","Clothesline","Seeing Red"],"picked":"SKIP","floor":5.0},{"not_picked":["Disarm","True Grit","Anger"],"picked":"SKIP","floor":7.0},{"not_picked":["Anger","Flex","Burning Pact"],"picked":"SKIP","floor":13.0},{"not_picked":["Pommel Strike","Spot Weakness","Warcry"],"picked":"SKIP","floor":14.0},{"not_picked":["Juggernaut","Dark Embrace"],"picked":"Limit Break","floor":16.0},{"not_picked":["Headbutt","Armaments+1","Body Slam"],"picked":"SKIP","floor":18.0},{"not_picked":["Headbutt","Body Slam"],"picked":"Armaments+1","floor":18.0},{"not_picked":["Second Wind","Sword Boomerang","Heavy Blade"],"picked":"SKIP","floor":19.0},{"not_picked":["Sever Soul","Corruption"],"picked":"Warcry+1","floor":20.0},{"not_picked":["Heavy Blade+1","Warcry"],"picked":"Immolate","floor":21.0},{"not_picked":["Cleave","Battle Trance"],"picked":"Immolate","floor":23.0},{"not_picked":["Clothesline","Thunderclap","Pommel Strike+1"],"picked":"SKIP","floor":25.0},{"not_picked":["Wild Strike","Armaments","Clash"],"picked":"SKIP","floor":28.0},{"not_picked":["Searing Blow","Anger","Bloodletting"],"picked":"SKIP","floor":29.0},{"not_picked":["Feel No Pain+1","Dual Wield","Flex"],"picked":"SKIP","floor":31.0},{"not_picked":["Bludgeon","Demon Form"],"picked":"Double Tap","floor":33.0},{"not_picked":["Pommel Strike+1","Sword Boomerang+1"],"picked":"Battle Trance+1","floor":35.0},{"not_picked":["Flame Barrier","Power Through","Uppercut"],"picked":"SKIP","floor":39.0},{"not_picked":["Power Through+1","Cleave","Searing Blow+1"],"picked":"SKIP","floor":41.0},{"not_picked":["Cleave","Searing Blow+1"],"picked":"Power Through+1","floor":41.0},{"not_picked":["Heavy Blade+1","Perfected Strike+1","Clash+1"],"picked":"SKIP","floor":46.0},{"not_picked":["Shrug It Off","Flex"],"picked":"Limit Break","floor":47}],"player_experience":1117626,"relics_obtained":[{"floor":7.0,"key":"Smiling Mask"},{"floor":9.0,"key":"Red Skull"},{"floor":13.0,"key":"Ancient Tea Set"},{"floor":23.0,"key":"Whetstone"},{"floor":29.0,"key":"Oddly Smooth Stone"},{"floor":41.0,"key":"Kunai"},{"floor":46.0,"key":"Strawberry"}],"event_choices":[{"damage_healed":0.0,"max_hp_gain":0.0,"max_hp_loss":0.0,"gold_gain":0.0,"event_name":"Liars Game","player_choice":"Ignored","floor":2.0,"gold_loss":0.0,"damage_taken":0.0},{"damage_healed":0.0,"max_hp_gain":0.0,"max_hp_loss":0.0,"gold_gain":0.0,"cards_transformed":["Strike_R"],"event_name":"Transmorgrifier","player_choice":"Transformed","floor":3.0,"gold_loss":0.0,"damage_taken":0.0,"cards_obtained":["Disarm"]},{"damage_healed":0.0,"max_hp_gain":0.0,"max_hp_loss":0.0,"gold_gain":0.0,"event_name":"Living Wall","player_choice":"Grow","floor":12.0,"gold_loss":0.0,"damage_taken":0.0,"cards_upgraded":["Searing Blow"]},{"damage_healed":0.0,"max_hp_gain":0.0,"max_hp_loss":0.0,"gold_gain":0.0,"event_name":"MindBloom","player_choice":"Upgrade","floor":36.0,"gold_loss":0.0,"damage_taken":0.0,"cards_upgraded":["Strike_R","Strike_R","Defend_R","Defend_R","Defend_R","Barricade","Searing Blow","Disarm","Limit Break","Immolate","Double Tap"],"relics_obtained":["Mark of the Bloom"]},{"damage_healed":0.0,"max_hp_gain":0.0,"max_hp_loss":4.0,"gold_gain":0.0,"event_name":"Winding Halls","player_choice":"Max HP","floor":37.0,"gold_loss":0.0,"damage_taken":0.0},{"cards_removed":["Defend_R"],"damage_healed":0.0,"max_hp_gain":0.0,"max_hp_loss":0.0,"gold_gain":0.0,"event_name":"Purifier","player_choice":"Purged","floor":38.0,"gold_loss":0.0,"damage_taken":0.0},{"cards_removed":["Barricade"],"damage_healed":0.0,"max_hp_gain":0.0,"max_hp_loss":0.0,"gold_gain":0.0,"event_name":"Falling","player_choice":"Removed Power","floor":42.0,"gold_loss":0.0,"damage_taken":0.0},{"damage_healed":0,"gold_gain":0,"player_choice":"Paid","damage_taken":0,"relics_obtained":["Red Mask"],"max_hp_gain":0,"max_hp_loss":0,"event_name":"Tomb of Lord Red Mask","floor":48,"gold_loss":507}],"is_beta":false,"boss_relics":[{"not_picked":["Orrery","Runic Dome"],"picked":"Cursed Key"},{"not_picked":["Black Blood","Black Star"],"picked":"Lizard Tail"}],"items_purged_floors":[8,11,22,44],"is_endless":false,"potions_floor_spawned":[1,4,13,16,19,25,29,31,33,35,41],"ascension_level":0}