{"path_per_floor":["M","?","?","M","M","E","?","R","T","R","$","T","E","M","R","B",null,"M","?","?","?","$","M","R","E","T","M","?","R","?","M","R"],"character_chosen":"THE_SILENT","items_purchased":["Well Laid Plans"],"gold_per_floor":[115,76,76,93,110,136,136,136,136,136,64,64,95,105,105,177,177,189,189,189,104,44,55,55,85,109,129,129,129,129,149,149,149],"floor_reached":33,"campfire_rested":2,"playtime":1012,"item_purchase_floors":[11],"current_hp_per_floor":[58,58,58,57,57,46,33,33,33,33,33,33,43,43,43,31,58,58,46,46,46,46,40,40,21,21,4,4,25,25,23,44,0],"items_purged":["Strike_G"],"gold":149,"score":461,"play_id":"376cf09d-9855-41c5-969b-4dbf850eee1b","local_time":"20180616171558","is_prod":false,"is_daily":false,"chose_seed":false,"is_ascension_mode":true,"campfire_upgraded":4,"win_rate":0,"timestamp":1529140558,"campfire_choices":[{"data":"Neutralize","floor":8,"key":"SMITH"},{"data":"Masterful Stab","floor":10,"key":"SMITH"},{"data":"Predator","floor":15,"key":"SMITH"},{"data":"Well Laid Plans","floor":24,"key":"SMITH"},{"floor":29,"key":"REST"},{"floor":32,"key":"REST"}],"path_taken":["M","?","?","?","M","E","?","R","T","R","?","?","E","M","R","BOSS","M","?","?","?","?","M","R","E","T","?","?","R","?","M","R","BOSS"],"build_version":"2018-06-14v2","seed_source_timestamp":25707179854984,"purchased_purges":1,"victory":false,"master_deck":["Defend_G","Defend_G","Defend_G+1","Defend_G","Defend_G","Strike_G","Strike_G","Strike_G+1","Survivor+1","Neutralize+1","AscendersBane","Masterful Stab+1","Flying Knee","Escape Plan+1","Predator+1","Well Laid Plans+1","Backstab","Dagger Throw","Decay","Dodge and Roll+1","Writhe","Deflect"],"max_hp_per_floor":[60,60,60,60,60,67,67,67,67,67,67,67,67,67,67,67,67,67,72,72,72,72,72,72,72,72,72,72,72,72,72,72,72],"relics":["Ring of the Snake","Incense Burner","Strawberry","Blue Candle","The Courier","War Paint","Cursed Key","Ninja Scroll","Vajra","Happy Flower","Gambling Chip"],"card_choices":[{"not_picked":["Deflect","Prepared"],"picked":"Masterful Stab","floor":1},{"not_picked":["Quick Slash","Dagger Spray"],"picked":"Escape Plan","floor":4},{"not_picked":["A Thousand Cuts","Quick Slash"],"picked":"Predator","floor":5},{"not_picked":["Dodge and Roll","Distraction","Accuracy"],"picked":"SKIP","floor":6},{"not_picked":["Distraction","Deflect","Slice"],"picked":"SKIP","floor":13},{"not_picked":["Tools of the Trade","Catalyst"],"picked":"Backstab","floor":14},{"not_picked":["Well Laid Plans","Quick Slash"],"picked":"Dagger Throw","floor":18},{"not_picked":["Backstab","Acrobatics","Flying Knee"],"picked":"SKIP","floor":23},{"not_picked":["Cloak And Dagger","Dodge and Roll","Poisoned Stab"],"picked":"SKIP","floor":25},{"not_picked":["Riddle With Holes","PiercingWail"],"picked":"Dodge and Roll+1","floor":27},{"not_picked":["Blade Dance","Poisoned Stab"],"picked":"Deflect","floor":31}],"player_experience":623600,"potions_floor_usage":[4,6,13,33],"damage_taken":[{"damage":1,"enemies":"Small Slimes","floor":1,"turns":4},{"damage":1,"enemies":"Jaw Worm","floor":4,"turns":4},{"damage":0,"enemies":"Cultist","floor":5,"turns":4},{"damage":18,"enemies":"3 Sentries","floor":6,"turns":11},{"damage":2,"enemies":"Gremlin Nob","floor":13,"turns":4},{"damage":0,"enemies":"Looter","floor":14,"turns":2},{"damage":12,"enemies":"Slime Boss","floor":16,"turns":13},{"damage":0,"enemies":"Shell Parasite","floor":18,"turns":7},{"damage":6,"enemies":"2 Thieves","floor":23,"turns":4},{"damage":19,"enemies":"Slavers","floor":25,"turns":6},{"damage":17,"enemies":"Snecko","floor":27,"turns":4},{"damage":2,"enemies":"Centurion and Healer","floor":31,"turns":7},{"damage":49,"enemies":"Collector","floor":33,"turns":8}],"relics_obtained":[{"floor":6,"key":"Strawberry"},{"floor":9,"key":"Blue Candle"},{"floor":12,"key":"The Courier"},{"floor":13,"key":"War Paint"},{"floor":25,"key":"Vajra"},{"floor":26,"key":"Happy Flower"}],"event_choices":[{"event_name":"World of Goop","player_choice":"Left","floor":2,"damage_taken":0},{"event_name":"Living Wall","player_choice":"Change","floor":3,"damage_taken":0},{"event_name":"Shining Light","player_choice":"Entered Light","floor":7,"damage_taken":0},{"event_name":"Forgotten Altar","player_choice":"Shed Blood","floor":19,"damage_taken":0},{"event_name":"Vampires","player_choice":"Ignored","floor":20,"damage_taken":0},{"event_name":"Addict","player_choice":"Obtained Relic","floor":21,"damage_taken":0},{"event_name":"The Mausoleum","player_choice":"Yes","floor":28,"damage_taken":0},{"event_name":"Drug Dealer","player_choice":"Ignored","floor":30,"damage_taken":0}],"boss_relics":[{"not_picked":["Lizard Tail","White Beast Statue"],"picked":"Cursed Key"}],"items_purged_floors":[22],"is_endless":false,"potions_floor_spawned":[1,4,5,25,31],"seed_played":"4772166828298712030","killed_by":"Collector","ascension_level":14,"potions_obtained":[{"floor":1,"key":"Swift Potion"},{"floor":4,"key":"Regen Potion"},{"floor":5,"key":"SkillPotion"},{"floor":25,"key":"Fire Potion"},{"floor":31,"key":"SpeedPotion"}],"is_trial":false}