{"gold_per_floor":[109,109,109,109,34,60,60,73,73,73,92,118,18,33,33,111,111,130,156,168,192,204,216,260,272,356,368,399,424,436,323,323,323],"floor_reached":33,"playtime":758,"items_purged":["Strike_G","Strike_G","Strike_G"],"score":742,"play_id":"10f9e425-a757-439f-bca0-7cea88bd9c3f","local_time":"20181228100225","is_ascension_mode":true,"campfire_choices":[{"data":"Deadly Poison","floor":7.0,"key":"SMITH"},{"data":"Bouncing Flask","floor":10.0,"key":"SMITH"},{"data":"Catalyst","floor":15.0,"key":"SMITH"},{"data":"Malaise","floor":23,"key":"SMITH"},{"data":"Leg Sweep","floor":25,"key":"SMITH"},{"data":"Neutralize","floor":27,"key":"SMITH"},{"data":"Acrobatics","floor":30,"key":"SMITH"},{"floor":32,"key":"RECALL"}],"neow_cost":"NONE","seed_source_timestamp":1888605231243,"circlet_count":0,"master_deck":["AscendersBane","Defend_G","Defend_G","Defend_G","Defend_G","Defend_G","Survivor","Neutralize+1","Deadly Poison+1","Bouncing Flask+1","Leg Sweep+1","Catalyst+1","Malaise+1","Acrobatics+1"],"special_seed":0,"relics":["Ring of the Snake","NeowsBlessing","Vajra","Ice Cream","Unceasing Top","Question Card","Coffee Dripper","MawBank","Letter Opener"],"potions_floor_usage":[33],"damage_taken":[{"damage":0.0,"enemies":"Jaw Worm","floor":1.0,"turns":1.0},{"damage":0.0,"enemies":"3 Sentries","floor":6.0,"turns":1.0},{"damage":0.0,"enemies":"2 Louse","floor":8.0,"turns":1.0},{"damage":0.0,"enemies":"Cultist","floor":11.0,"turns":3.0},{"damage":0.0,"enemies":"Lagavulin","floor":12.0,"turns":7.0},{"damage":0.0,"enemies":"Red Slaver","floor":14.0,"turns":3.0},{"damage":0.0,"enemies":"Slime Boss","floor":16.0,"turns":7.0},{"damage":11.0,"enemies":"3 Byrds","floor":18.0,"turns":5.0},{"damage":9.0,"enemies":"Chosen","floor":21.0,"turns":4.0},{"damage":4,"enemies":"Book of Stabbing","floor":24,"turns":6},{"damage":2,"enemies":"Sentry and Sphere","floor":28,"turns":5},{"damage":4,"enemies":"Snake Plant","floor":29,"turns":4},{"damage":20,"enemies":"Collector","floor":33,"turns":5}],"seed_played":"3123492719968770034","potions_obtained":[{"floor":1.0,"key":"AttackPotion"},{"floor":4.0,"key":"AttackPotion"},{"floor":21.0,"key":"SteroidPotion"},{"floor":28,"key":"PowerPotion"}],"is_trial":false,"path_per_floor":["M","T","?","$","E","R","M","T","R","M","E","$","M","R",null,"M","T","$","M","R","E","R","T","R","M","M","R","$","R","B"],"character_chosen":"THE_SILENT","items_purchased":[],"campfire_rested":0,"item_purchase_floors":[],"current_hp_per_floor":[59,59,59,59,59,59,59,59,59,59,59,59,59,59,59,59,64,53,53,53,44,44,44,40,40,40,40,38,34,34,34,34,14],"gold":323,"neow_bonus":"THREE_ENEMY_KILL","is_prod":false,"is_daily":false,"chose_seed":false,"campfire_upgraded":7,"win_rate":0,"timestamp":1545962545,"path_taken":["M","?","?","?","$","E","R","M","T","R","?","E","$","M","R","BOSS","M","?","$","M","?","R","E","R","T","R","M","M","R","$","R","BOSS"],"build_version":"2018-12-25","purchased_purges":3,"victory":false,"max_hp_per_floor":[66,66,66,66,66,66,66,66,66,66,66,66,66,66,66,66,66,66,66,66,66,66,66,66,66,66,66,66,66,66,66,66,66],"card_choices":[{"not_picked":["Dash","Backflip"],"picked":"Deadly Poison","floor":1.0},{"not_picked":["Poisoned Stab","Quick Slash"],"picked":"Bouncing Flask","floor":6.0},{"not_picked":["Flying Knee","Slice","Noxious Fumes"],"picked":"SKIP","floor":8.0},{"not_picked":["Poisoned Stab","Backstab"],"picked":"Leg Sweep","floor":11.0},{"not_picked":["Flechettes","Phantasmal Killer","Predator"],"picked":"SKIP","floor":12.0},{"not_picked":["Predator","Eviscerate","Underhanded Strike"],"picked":"Catalyst","floor":14.0},{"not_picked":["Dagger Spray+1","Deadly Poison","Dodge and Roll","Infinite Blades"],"picked":"SKIP","floor":18.0},{"not_picked":["Sucker Punch+1","Slice","Deflect","Skewer"],"picked":"SKIP","floor":21.0},{"not_picked":["Deflect","Eviscerate","All Out Attack","Deadly Poison"],"picked":"SKIP","floor":24},{"not_picked":["Dodge and Roll","Prepared","Riddle With Holes"],"picked":"Acrobatics","floor":28},{"not_picked":["Deadly Poison","Acrobatics","PiercingWail","Outmaneuver"],"picked":"SKIP","floor":29}],"player_experience":1244789,"relics_obtained":[{"floor":3.0,"key":"Vajra"},{"floor":6.0,"key":"Ice Cream"},{"floor":9.0,"key":"Unceasing Top"},{"floor":12.0,"key":"Question Card"},{"floor":19.0,"key":"MawBank"},{"floor":24,"key":"Letter Opener"}],"event_choices":[{"cards_removed":["Strike_G"],"damage_healed":0.0,"max_hp_gain":0.0,"max_hp_loss":0.0,"gold_gain":0.0,"event_name":"Living Wall","player_choice":"Forget","floor":2.0,"gold_loss":0.0,"damage_taken":0.0},{"damage_healed":0.0,"max_hp_gain":0.0,"max_hp_loss":0.0,"gold_gain":0.0,"event_name":"Lab","player_choice":"Got Potions","floor":4.0,"gold_loss":0.0,"damage_taken":0.0},{"damage_healed":0,"gold_gain":0,"cards_transformed":["Strike_G"],"player_choice":"Transformed","damage_taken":0,"max_hp_gain":0,"max_hp_loss":0,"event_name":"Transmorgrifier","floor":22,"gold_loss":0,"cards_obtained":["Malaise"]}],"is_beta":true,"boss_relics":[{"not_picked":["Velvet Choker","Orrery"],"picked":"Coffee Dripper"}],"items_purged_floors":[5,13,31],"is_endless":false,"potions_floor_spawned":[1,11,14,21,28],"killed_by":"Collector","ascension_level":20}