{"gold_per_floor":[119,194,214,139,414,414,433,70,94,94,128,140,140,165,165,244,244,256,272,91,103,103,103,136,153,202,234,251,47,81,93,105,190,202,229,24,40,0,16,50,50,70,70,70,96,110,110,133,133,133,133,133,133,50,76,76],"floor_reached":57,"playtime":4496,"items_purged":["Writhe","Regret","Strike_G","Strike_G","Strike_G"],"score":3131,"play_id":"3010b083-7655-483c-8b97-7f0f8bb5a27a","local_time":"20190218161853","is_ascension_mode":true,"campfire_choices":[{"data":"Bouncing Flask","floor":6.0,"key":"SMITH"},{"data":"Calculated Gamble","floor":10.0,"key":"SMITH"},{"data":"Acrobatics","floor":13.0,"key":"SMITH"},{"data":"Neutralize","floor":15.0,"key":"SMITH"},{"data":"Well Laid Plans","floor":23.0,"key":"SMITH"},{"data":"Burst","floor":32.0,"key":"SMITH"},{"data":"Tactician","floor":41.0,"key":"SMITH"},{"data":"Calculated Gamble","floor":44.0,"key":"SMITH"},{"floor":47.0,"key":"RECALL"},{"data":"Acrobatics","floor":49.0,"key":"SMITH"},{"data":"Reflex","floor":53.0,"key":"SMITH"}],"neow_cost":"CURSE","seed_source_timestamp":23937141570378,"circlet_count":0,"master_deck":["AscendersBane","Defend_G","Defend_G","Defend_G","Defend_G","Defend_G","Survivor","Neutralize+1","Grand Finale","Bouncing Flask+1","Acrobatics","Calculated Gamble+1","Acrobatics+1","Burst+1","Well Laid Plans+1","Reflex+1","Backflip","Well Laid Plans","Tactician+1","Reflex+1","Reflex+1","Calculated Gamble+1","Concentrate","Acrobatics+1"],"special_seed":0,"relics":["Ring of the Snake","Lee\u0027s Waffle","Lantern","Thread and Needle","Vajra","HoveringKite","CultistMask","Unceasing Top","Potion Belt","MawBank","Empty Cage","Red Mask","Juzu Bracelet","Regal Pillow","Prayer Wheel","Anchor","Ornamental Fan"],"potions_floor_usage":[56,56,56,56],"damage_taken":[{"damage":15.0,"enemies":"Small Slimes","floor":1.0,"turns":8.0},{"damage":3.0,"enemies":"Cultist","floor":3.0,"turns":5.0},{"damage":6.0,"enemies":"Jaw Worm","floor":7.0,"turns":4.0},{"damage":17.0,"enemies":"Lagavulin","floor":11.0,"turns":5.0},{"damage":0.0,"enemies":"Exordium Wildlife","floor":12.0,"turns":4.0},{"damage":40.0,"enemies":"3 Sentries","floor":14.0,"turns":9.0},{"damage":0.0,"enemies":"Hexaghost","floor":16.0,"turns":7.0},{"damage":0.0,"enemies":"2 Thieves","floor":18.0,"turns":2.0},{"damage":0.0,"enemies":"3 Byrds","floor":19.0,"turns":3.0},{"damage":0.0,"enemies":"Centurion and Healer","floor":21.0,"turns":4.0},{"damage":10.0,"enemies":"Gremlin Leader","floor":24.0,"turns":4.0},{"damage":12.0,"enemies":"Shelled Parasite and Fungi","floor":25.0,"turns":3.0},{"damage":17.0,"enemies":"Book of Stabbing","floor":27.0,"turns":6.0},{"damage":0.0,"enemies":"Snecko","floor":28.0,"turns":2.0},{"damage":0.0,"enemies":"Gremlin Leader","floor":30.0,"turns":3.0},{"damage":9.0,"enemies":"Automaton","floor":33.0,"turns":5.0},{"damage":0.0,"enemies":"3 Darklings","floor":35.0,"turns":2.0},{"damage":0.0,"enemies":"Orb Walker","floor":37.0,"turns":3.0},{"damage":0.0,"enemies":"Writhing Mass","floor":39.0,"turns":3.0},{"damage":14.0,"enemies":"Giant Head","floor":40.0,"turns":7.0},{"damage":0.0,"enemies":"Maw","floor":42.0,"turns":3.0},{"damage":0.0,"enemies":"Nemesis","floor":45.0,"turns":3.0},{"damage":0.0,"enemies":"Sphere and 2 Shapes","floor":46.0,"turns":1.0},{"damage":26.0,"enemies":"Time Eater","floor":50.0,"turns":6.0},{"damage":0.0,"enemies":"Awakened One","floor":51.0,"turns":2.0},{"damage":0.0,"enemies":"Shield and Spear","floor":55.0,"turns":1.0},{"damage":9,"enemies":"The Heart","floor":56,"turns":5}],"seed_played":"3209560857813647865","potions_obtained":[{"floor":3.0,"key":"PowerPotion"},{"floor":11.0,"key":"Fire Potion"},{"floor":14.0,"key":"SneckoOil"},{"floor":19.0,"key":"Ancient Potion"},{"floor":28.0,"key":"GamblersBrew"},{"floor":30.0,"key":"LiquidBronze"},{"floor":40.0,"key":"GamblersBrew"}],"is_trial":false,"path_per_floor":["M","?","M","$","?","R","M","$","T","R","E","M","R","E","R","B",null,"M","M","$","M","?","R","E","M","T","E","M","$","E","$","R","B",null,"M","$","M","?","M","E","R","M","T","R","E","M","R","T","R","B","B",null,"R","$","E","B",null],"character_chosen":"THE_SILENT","items_purchased":["Lee\u0027s Waffle","Calculated Gamble","Swift Potion","Swift Potion","Tactician","GhostInAJar"],"campfire_rested":0,"item_purchase_floors":[8,8,20,29,36,54],"current_hp_per_floor":[44,33,30,30,30,30,24,73,73,73,56,56,56,16,16,16,59,59,59,59,59,59,59,49,37,37,20,20,20,20,20,20,11,58,58,58,58,58,58,44,44,44,44,44,44,44,44,44,44,18,18,59,59,59,59,50],"gold":76,"neow_bonus":"THREE_RARE_CARDS","is_prod":false,"is_daily":false,"chose_seed":false,"campfire_upgraded":10,"win_rate":0,"timestamp":1550477933,"path_taken":["M","?","M","$","?","R","?","$","T","R","E","M","R","E","R","BOSS","M","M","$","M","?","R","E","M","T","E","?","$","E","$","R","BOSS","M","$","M","?","M","E","R","M","T","R","E","M","R","?","R","BOSS","BOSS","R","$","E","BOSS"],"build_version":"2019-01-23","purchased_purges":5,"victory":true,"max_hp_per_floor":[66,66,66,66,66,66,66,73,73,73,73,73,73,73,73,73,73,73,73,73,73,73,73,73,73,73,73,73,73,73,73,73,73,73,73,73,73,73,73,73,73,73,73,73,73,73,73,73,73,73,73,73,73,73,73,73],"card_choices":[{"not_picked":["Bullet Time","Glass Knife"],"picked":"Grand Finale","floor":0.0},{"not_picked":["All Out Attack","Distraction","Bane"],"picked":"SKIP","floor":1.0},{"not_picked":["Bane","Blade Dance"],"picked":"Bouncing Flask","floor":3.0},{"not_picked":["Calculated Gamble","Cloak And Dagger"],"picked":"Acrobatics","floor":7.0},{"not_picked":["Poisoned Stab","Terror"],"picked":"Acrobatics","floor":11.0},{"not_picked":["Cloak And Dagger","Poisoned Stab","Choke"],"picked":"SKIP","floor":12.0},{"not_picked":["Masterful Stab","Crippling Poison","Quick Slash"],"picked":"SKIP","floor":14.0},{"not_picked":["A Thousand Cuts","Envenom"],"picked":"Burst","floor":16.0},{"not_picked":["Bane","Poisoned Stab"],"picked":"Well Laid Plans","floor":18.0},{"not_picked":["Distraction","Choke","Cloak And Dagger"],"picked":"SKIP","floor":19.0},{"not_picked":["Noxious Fumes","Bane"],"picked":"Reflex+1","floor":21.0},{"not_picked":["Terror","Choke","Outmaneuver"],"picked":"SKIP","floor":24.0},{"not_picked":["Dagger Throw+1","Blade Dance","Sucker Punch+1"],"picked":"SKIP","floor":25.0},{"not_picked":["Dagger Throw","Dodge and Roll","Malaise"],"picked":"SKIP","floor":27.0},{"not_picked":["Flying Knee","Outmaneuver"],"picked":"Backflip","floor":28.0},{"not_picked":["PiercingWail","Outmaneuver","Dagger Spray"],"picked":"SKIP","floor":30.0},{"not_picked":["Riddle With Holes","Dagger Throw"],"picked":"Well Laid Plans","floor":35.0},{"not_picked":["Deadly Poison","Outmaneuver"],"picked":"Reflex","floor":37.0},{"not_picked":["Distraction","Flying Knee","PiercingWail+1"],"picked":"SKIP","floor":39.0},{"not_picked":["Blade Dance+1","All Out Attack+1"],"picked":"Reflex+1","floor":40.0},{"not_picked":["Expertise","Accuracy"],"picked":"Calculated Gamble","floor":42.0},{"not_picked":["Outmaneuver","Slice","Crippling Poison"],"picked":"SKIP","floor":45.0},{"not_picked":["Unload","Dagger Spray"],"picked":"Concentrate","floor":46.0},{"not_picked":["Finisher","Backflip"],"picked":"Acrobatics","floor":46.0},{"not_picked":["Flying Knee","Expertise","Heel Hook"],"picked":"SKIP","floor":55.0},{"not_picked":["Flying Knee","Expertise","Heel Hook"],"picked":"SKIP","floor":55.0}],"player_experience":2905468,"relics_obtained":[{"floor":9.0,"key":"Lantern"},{"floor":11.0,"key":"Thread and Needle"},{"floor":14.0,"key":"Vajra"},{"floor":24.0,"key":"Unceasing Top"},{"floor":27.0,"key":"Potion Belt"},{"floor":30.0,"key":"MawBank"},{"floor":40.0,"key":"Juzu Bracelet"},{"floor":43.0,"key":"Regal Pillow"},{"floor":45.0,"key":"Prayer Wheel"},{"floor":48.0,"key":"Anchor"},{"floor":55.0,"key":"Ornamental Fan"}],"event_choices":[{"damage_healed":0.0,"max_hp_gain":0.0,"max_hp_loss":0.0,"gold_gain":75.0,"event_name":"World of Goop","player_choice":"Gather Gold","floor":2.0,"gold_loss":0.0,"damage_taken":11.0},{"damage_healed":0.0,"max_hp_gain":0.0,"max_hp_loss":0.0,"gold_gain":275.0,"event_name":"Golden Shrine","player_choice":"Desecrate","floor":5.0,"gold_loss":0.0,"damage_taken":0.0,"cards_obtained":["Regret"]},{"damage_healed":0.0,"max_hp_gain":0.0,"max_hp_loss":0.0,"gold_gain":0.0,"event_name":"FaceTrader","player_choice":"Trade","floor":22.0,"gold_loss":0.0,"damage_taken":0.0,"relics_obtained":["CultistMask"]},{"damage_healed":0.0,"max_hp_gain":0.0,"max_hp_loss":0.0,"gold_gain":0.0,"event_name":"Tomb of Lord Red Mask","player_choice":"Paid","floor":38.0,"gold_loss":40.0,"damage_taken":0.0,"relics_obtained":["Red Mask"]}],"is_beta":false,"boss_relics":[{"not_picked":["White Beast Statue","Tiny House"],"picked":"HoveringKite"},{"not_picked":["Coffee Dripper","Runic Dome"],"picked":"Empty Cage"}],"items_purged_floors":[4,8,20,29,36],"is_endless":false,"potions_floor_spawned":[3,11,14,19,24,25,28,30,39,40,46,55],"ascension_level":20}