{"gold_per_floor":[119,119,119,166,181,206,219,219],"floor_reached":8,"playtime":88,"items_purged":[],"score":162,"play_id":"46a1d17e-45fc-4ff7-8a80-3bb59f8a264d","local_time":"20190128232147","is_ascension_mode":true,"campfire_choices":[{"data":"Poisoned Stab","floor":8,"key":"SMITH"}],"neow_cost":"NONE","seed_source_timestamp":48330523316133,"circlet_count":0,"master_deck":["AscendersBane","Defend_G","Defend_G","Defend_G","Defend_G","Defend_G+1","Strike_G","Strike_G","Strike_G","Strike_G","Strike_G+1","Survivor","Neutralize","Acrobatics","Catalyst","Poisoned Stab+1"],"relics":["Ring of the Snake","NeowsBlessing","Dream Catcher","Art of War"],"potions_floor_usage":[],"damage_taken":[{"damage":0,"enemies":"Small Slimes","floor":1,"turns":1},{"damage":0,"enemies":"2 Louse","floor":5,"turns":1},{"damage":0,"enemies":"Lagavulin","floor":6,"turns":1},{"damage":5,"enemies":"Jaw Worm","floor":7,"turns":4}],"seed_played":"4478890564053217769","potions_obtained":[{"floor":1,"key":"Weak Potion"},{"floor":7,"key":"SkillPotion"}],"is_trial":false,"path_per_floor":["M","?","?","T","M","E","M","R"],"character_chosen":"THE_SILENT","items_purchased":[],"campfire_rested":0,"item_purchase_floors":[],"current_hp_per_floor":[59,59,39,39,39,39,34,34],"gold":219,"neow_bonus":"THREE_ENEMY_KILL","is_prod":false,"is_daily":false,"chose_seed":false,"campfire_upgraded":1,"win_rate":0,"timestamp":1548688907,"path_taken":["M","?","?","?","?","E","M","R"],"build_version":"2019-01-23","purchased_purges":0,"victory":false,"max_hp_per_floor":[66,66,66,66,66,66,66,66],"card_choices":[{"not_picked":["All Out Attack","Crippling Poison"],"picked":"Acrobatics","floor":1},{"not_picked":["Slice","Cloak And Dagger","Prepared"],"picked":"SKIP","floor":5},{"not_picked":["Endless Agony","Outmaneuver"],"picked":"Catalyst","floor":6},{"not_picked":["Infinite Blades","Deflect"],"picked":"Poisoned Stab","floor":7}],"player_experience":2359604,"relics_obtained":[{"floor":4,"key":"Dream Catcher"},{"floor":6,"key":"Art of War"}],"event_choices":[{"damage_healed":0,"gold_gain":0,"player_choice":"Ignored","damage_taken":0,"max_hp_gain":0,"max_hp_loss":0,"event_name":"Liars Game","floor":2,"gold_loss":0},{"damage_healed":0,"gold_gain":0,"player_choice":"Entered Light","damage_taken":20,"max_hp_gain":0,"max_hp_loss":0,"event_name":"Shining Light","floor":3,"gold_loss":0,"cards_upgraded":["Defend_G","Strike_G"]}],"is_beta":false,"boss_relics":[],"items_purged_floors":[],"is_endless":false,"potions_floor_spawned":[1,7],"ascension_level":20}