{"gold_per_floor":[112,112,187,187,205,205,222,222,222,250,250,285,295,306,306,383,383,396,149,149,167,181,181,211,211,211,228,255,255,265,298,298,373,373,383,4,4,14,26,26,61,61,139,169,169,169,194,213,213,213,213,213,213,25,52,52],"floor_reached":57,"playtime":3686,"items_purged":["Strike_R","Strike_R"],"score":3066,"play_id":"c94f0189-484b-4469-a83e-9722e09b043b","local_time":"20190524182249","is_ascension_mode":true,"campfire_choices":[{"data":"Armaments","floor":6.0,"key":"SMITH"},{"data":"Flex","floor":8.0,"key":"SMITH"},{"data":"Limit Break","floor":15.0,"key":"SMITH"},{"data":"Pommel Strike","floor":23.0,"key":"SMITH"},{"data":"Burning Pact","floor":29.0,"key":"SMITH"},{"data":"Inflame","floor":32.0,"key":"SMITH"},{"data":"Barricade","floor":40.0,"key":"SMITH"},{"floor":42.0,"key":"RECALL"},{"data":"Burning Pact","floor":46.0,"key":"SMITH"},{"data":"Evolve","floor":49.0,"key":"SMITH"},{"data":"Feel No Pain","floor":53.0,"key":"SMITH"}],"neow_cost":"NONE","seed_source_timestamp":22789871733976,"circlet_count":0,"master_deck":["AscendersBane","Strike_R","Strike_R","Defend_R","Defend_R","Defend_R","Defend_R","Bash","Armaments+1","Feel No Pain+1","Flex+1","Limit Break+1","Shrug It Off","Burning Pact+1","Reaper","Ghostly","Ghostly","Ghostly","Pommel Strike+1","Burning Pact+1","Seeing Red+1","Warcry+1","Inflame+1","Sentinel+1","Barricade+1","Second Wind+1","Evolve+1","Shrug It Off+1","Battle Trance+1","Feel No Pain","Searing Blow+1"],"special_seed":0,"relics":["Burning Blood","Gremlin Horn","Mango","Mercury Hourglass","Centennial Puzzle","Velvet Choker","Bag of Preparation","Incense Burner","Toxic Egg 2","Bottled Lightning","StoneCalendar","Sozu","Brimstone","Lantern","Shuriken","Vajra","Juzu Bracelet","Blue Candle"],"potions_floor_usage":[56],"damage_taken":[{"damage":9.0,"enemies":"Jaw Worm","floor":1.0,"turns":5.0},{"damage":1.0,"enemies":"2 Louse","floor":5.0,"turns":4.0},{"damage":4.0,"enemies":"Small Slimes","floor":7.0,"turns":3.0},{"damage":32.0,"enemies":"Gremlin Nob","floor":10.0,"turns":4.0},{"damage":49.0,"enemies":"Lagavulin","floor":12.0,"turns":9.0},{"damage":6.0,"enemies":"Looter","floor":13.0,"turns":3.0},{"damage":8.0,"enemies":"Gremlin Gang","floor":14.0,"turns":3.0},{"damage":8.0,"enemies":"Hexaghost","floor":16.0,"turns":8.0},{"damage":43.0,"enemies":"Spheric Guardian","floor":18.0,"turns":10.0},{"damage":23.0,"enemies":"Chosen","floor":21.0,"turns":4.0},{"damage":15.0,"enemies":"Snecko","floor":22.0,"turns":7.0},{"damage":11.0,"enemies":"Slavers","floor":24.0,"turns":6.0},{"damage":15.0,"enemies":"Sentry and Sphere","floor":27.0,"turns":8.0},{"damage":30.0,"enemies":"Gremlin Leader","floor":28.0,"turns":8.0},{"damage":2.0,"enemies":"Centurion and Healer","floor":30.0,"turns":8.0},{"damage":43.0,"enemies":"Book of Stabbing","floor":31.0,"turns":6.0},{"damage":18.0,"enemies":"Champ","floor":33.0,"turns":9.0},{"damage":0.0,"enemies":"3 Shapes","floor":35.0,"turns":5.0},{"damage":12.0,"enemies":"Orb Walker","floor":38.0,"turns":4.0},{"damage":0.0,"enemies":"4 Shapes","floor":39.0,"turns":5.0},{"damage":0.0,"enemies":"Reptomancer","floor":41.0,"turns":6.0},{"damage":0.0,"enemies":"Giant Head","floor":44.0,"turns":7.0},{"damage":0.0,"enemies":"Reptomancer","floor":47.0,"turns":6.0},{"damage":0.0,"enemies":"Maw","floor":48.0,"turns":7.0},{"damage":6.0,"enemies":"Awakened One","floor":50.0,"turns":7.0},{"damage":16.0,"enemies":"Donu and Deca","floor":51.0,"turns":7.0},{"damage":0.0,"enemies":"Shield and Spear","floor":55.0,"turns":7.0},{"damage":0,"enemies":"The Heart","floor":56,"turns":9}],"seed_played":"-8112414026996315178","potions_obtained":[{"floor":5.0,"key":"EssenceOfSteel"},{"floor":12.0,"key":"Strength Potion"},{"floor":16.0,"key":"SneckoOil"},{"floor":18.0,"key":"EssenceOfSteel"},{"floor":22.0,"key":"SteroidPotion"},{"floor":28.0,"key":"GamblersBrew"}],"is_trial":false,"path_per_floor":["M","?","?","?","M","R","M","R","T","E","T","E","M","M","R","B",null,"M","$","?","M","M","R","E","?","T","M","E","R","M","E","R","B",null,"M","$","T","M","M","R","E","R","T","E","?","R","E","M","R","B","B",null,"R","$","E","B",null],"character_chosen":"IRONCLAD","items_purchased":["Bag of Preparation","Second Wind+1","Evolve","Brimstone","Feel No Pain"],"campfire_rested":0,"item_purchase_floors":[19,36,36,36,54],"current_hp_per_floor":[72,72,61,61,66,66,68,68,68,56,56,13,13,11,11,9,74,47,47,47,31,31,31,46,39,39,47,24,24,48,25,25,29,43,48,48,48,48,48,48,48,48,48,48,46,46,46,46,46,46,46,46,46,46,46,46],"gold":52,"neow_bonus":"TEN_PERCENT_HP_BONUS","is_prod":false,"is_daily":false,"chose_seed":false,"campfire_upgraded":10,"win_rate":0,"timestamp":1558693369,"path_taken":["M","?","?","?","M","R","M","R","T","E","?","E","?","M","R","BOSS","M","$","?","M","M","R","E","?","T","M","E","R","?","E","R","BOSS","M","$","?","M","M","R","E","R","T","E","?","R","E","M","R","BOSS","BOSS","R","$","E","BOSS"],"build_version":"2019-01-23","purchased_purges":2,"victory":true,"max_hp_per_floor":[82,82,82,82,82,82,82,82,82,96,96,96,96,96,96,96,96,96,96,48,48,48,48,48,48,48,48,48,48,48,48,48,48,48,48,48,48,48,48,48,48,48,48,48,46,46,46,46,46,46,46,46,46,46,46,46],"card_choices":[{"not_picked":["Wild Strike","Pommel Strike"],"picked":"Armaments","floor":1.0},{"not_picked":["Headbutt","Twin Strike"],"picked":"Feel No Pain","floor":5.0},{"not_picked":["Body Slam","Warcry"],"picked":"Flex","floor":7.0},{"not_picked":["Fire Breathing","Clash","Iron Wave"],"picked":"SKIP","floor":10.0},{"not_picked":["Searing Blow","Double Tap"],"picked":"Limit Break","floor":12.0},{"not_picked":["Headbutt","Iron Wave"],"picked":"Shrug It Off","floor":13.0},{"not_picked":["Sword Boomerang","Armaments"],"picked":"Burning Pact","floor":14.0},{"not_picked":["Fiend Fire","Offering"],"picked":"Reaper","floor":16.0},{"not_picked":["Warcry","Headbutt","Twin Strike+1"],"picked":"SKIP","floor":18.0},{"not_picked":["Disarm","Armaments"],"picked":"Pommel Strike","floor":21.0},{"not_picked":["Metallicize+1","Perfected Strike","Cleave"],"picked":"SKIP","floor":22.0},{"not_picked":["Rampage","Searing Blow"],"picked":"Burning Pact","floor":24.0},{"not_picked":["Clothesline","Iron Wave"],"picked":"Seeing Red+1","floor":27.0},{"not_picked":["Uppercut","Intimidate+1"],"picked":"Warcry+1","floor":28.0},{"not_picked":["Hemokinesis","Rage+1"],"picked":"Inflame","floor":30.0},{"not_picked":["Armaments+1","Twin Strike"],"picked":"Sentinel+1","floor":31.0},{"not_picked":["Brutality","Juggernaut"],"picked":"Barricade","floor":33.0},{"not_picked":["Iron Wave","Reckless Charge","Combust+1"],"picked":"SKIP","floor":35.0},{"not_picked":["Armaments+1","Havoc+1"],"picked":"Shrug It Off+1","floor":38.0},{"not_picked":["Perfected Strike","Clothesline","Blood for Blood"],"picked":"SKIP","floor":39.0},{"not_picked":["Perfected Strike","Heavy Blade"],"picked":"Battle Trance+1","floor":41.0},{"not_picked":["Anger","Iron Wave","Thunderclap"],"picked":"SKIP","floor":44.0},{"not_picked":["Clothesline","Rupture","Reckless Charge"],"picked":"SKIP","floor":47.0},{"not_picked":["Warcry+1","Corruption","Rage+1"],"picked":"SKIP","floor":48.0},{"not_picked":["Carnage","Limit Break+1"],"picked":"Searing Blow+1","floor":55.0}],"player_experience":4824894,"relics_obtained":[{"floor":9.0,"key":"Gremlin Horn"},{"floor":10.0,"key":"Mango"},{"floor":11.0,"key":"Mercury Hourglass"},{"floor":12.0,"key":"Centennial Puzzle"},{"floor":24.0,"key":"Incense Burner"},{"floor":26.0,"key":"Toxic Egg 2"},{"floor":28.0,"key":"Bottled Lightning"},{"floor":31.0,"key":"StoneCalendar"},{"floor":37.0,"key":"Lantern"},{"floor":41.0,"key":"Shuriken"},{"floor":44.0,"key":"Vajra"},{"floor":47.0,"key":"Juzu Bracelet"},{"floor":55.0,"key":"Blue Candle"}],"event_choices":[{"cards_removed":["Strike_R"],"damage_healed":0.0,"max_hp_gain":0.0,"max_hp_loss":0.0,"gold_gain":0.0,"event_name":"Living Wall","player_choice":"Forget","floor":2.0,"gold_loss":0.0,"damage_taken":0.0},{"damage_healed":0.0,"max_hp_gain":0.0,"max_hp_loss":0.0,"gold_gain":75.0,"event_name":"World of Goop","player_choice":"Gather Gold","floor":3.0,"gold_loss":0.0,"damage_taken":11.0},{"damage_healed":0.0,"max_hp_gain":0.0,"max_hp_loss":0.0,"gold_gain":0.0,"event_name":"Liars Game","player_choice":"Ignored","floor":4.0,"gold_loss":0.0,"damage_taken":0.0},{"damage_healed":0.0,"max_hp_gain":0.0,"max_hp_loss":48.0,"gold_gain":0.0,"event_name":"Ghosts","player_choice":"Became a Ghost","floor":20.0,"gold_loss":0.0,"damage_taken":0.0,"cards_obtained":["Ghostly","Ghostly","Ghostly"]},{"damage_healed":0.0,"max_hp_gain":0.0,"max_hp_loss":0.0,"gold_gain":0.0,"event_name":"Wheel of Change","player_choice":"Damaged","floor":25.0,"gold_loss":0.0,"damage_taken":7.0},{"damage_healed":0.0,"max_hp_gain":0.0,"max_hp_loss":2.0,"gold_gain":0.0,"event_name":"Winding Halls","player_choice":"Max HP","floor":45.0,"gold_loss":0.0,"damage_taken":0.0}],"is_beta":false,"boss_relics":[{"not_picked":["Busted Crown","Ectoplasm"],"picked":"Velvet Choker"},{"not_picked":["Empty Cage","White Beast Statue"],"picked":"Sozu"}],"items_purged_floors":[19,54],"is_endless":false,"potions_floor_spawned":[5,12,14,16,18,22,28,41,47,48],"ascension_level":20}