{"gold_per_floor":[116,127,146,71,121,121,137,154,179,199,199,199,12,12,12,12],"floor_reached":16,"playtime":417,"items_purged":["Strike_R","Strike_R"],"score":184,"play_id":"9448dc7e-234d-41dc-bcd4-d88622728437","local_time":"20190226205022","is_ascension_mode":true,"campfire_choices":[{"data":"Inflame","floor":6,"key":"SMITH"},{"data":"Inflame","floor":12,"key":"SMITH"},{"data":"Whirlwind","floor":15,"key":"SMITH"}],"neow_cost":"NONE","seed_source_timestamp":44176015297659,"circlet_count":0,"master_deck":["AscendersBane","Strike_R","Strike_R","Defend_R","Defend_R","Defend_R","Bash","Inflame+1","Rage","Shrug It Off","Inflame+1","Spot Weakness","Whirlwind+1"],"relics":["Burning Blood","Juzu Bracelet","CultistMask"],"potions_floor_usage":[1,8],"damage_taken":[{"damage":10,"enemies":"2 Louse","floor":1,"turns":4},{"damage":3,"enemies":"Cultist","floor":2,"turns":4},{"damage":5,"enemies":"Small Slimes","floor":3,"turns":4},{"damage":40,"enemies":"Exordium Thugs","floor":7,"turns":6},{"damage":13,"enemies":"3 Louse","floor":8,"turns":7},{"damage":15,"enemies":"Red Slaver","floor":10,"turns":5},{"damage":29,"enemies":"Slime Boss","floor":16,"turns":5}],"seed_played":"-1573079402026959276","potions_obtained":[{"floor":1,"key":"Fruit Juice"},{"floor":7,"key":"Block Potion"},{"floor":8,"key":"Poison Potion"}],"is_trial":false,"path_per_floor":["M","M","M","$","?","R","M","M","T","M","?","R","$","?","R","B"],"character_chosen":"IRONCLAD","items_purchased":["Whirlwind"],"campfire_rested":0,"item_purchase_floors":[13],"current_hp_per_floor":[69,72,73,73,73,73,39,32,32,23,23,23,23,23,23,0],"gold":12,"neow_bonus":"TRANSFORM_CARD","is_prod":false,"is_daily":false,"chose_seed":false,"campfire_upgraded":3,"win_rate":0,"timestamp":1551185422,"path_taken":["M","M","M","$","?","R","M","?","T","M","?","R","?","?","R","BOSS"],"build_version":"2019-01-23","purchased_purges":2,"victory":false,"max_hp_per_floor":[80,80,80,80,80,80,80,80,80,80,80,80,80,80,80,80],"card_choices":[{"not_picked":["Perfected Strike","Warcry"],"picked":"Rage","floor":1},{"not_picked":["Pommel Strike","Warcry","Heavy Blade"],"picked":"SKIP","floor":2},{"not_picked":["Whirlwind","Dark Embrace"],"picked":"Shrug It Off","floor":3},{"not_picked":["Thunderclap","Shockwave"],"picked":"Inflame","floor":7},{"not_picked":["Perfected Strike","Shockwave"],"picked":"Spot Weakness","floor":8},{"not_picked":["Flex","Headbutt","Corruption"],"picked":"SKIP","floor":10}],"player_experience":3179835,"relics_obtained":[{"floor":9,"key":"Juzu Bracelet"}],"event_choices":[{"damage_healed":0,"gold_gain":50,"player_choice":"Pray","damage_taken":0,"max_hp_gain":0,"max_hp_loss":0,"event_name":"Golden Shrine","floor":5,"gold_loss":0},{"damage_healed":0,"gold_gain":0,"player_choice":"Trade","damage_taken":0,"relics_obtained":["CultistMask"],"max_hp_gain":0,"max_hp_loss":0,"event_name":"FaceTrader","floor":11,"gold_loss":0},{"cards_removed":["Defend_R"],"damage_healed":0,"gold_gain":0,"player_choice":"Purged","damage_taken":0,"max_hp_gain":0,"max_hp_loss":0,"event_name":"Purifier","floor":14,"gold_loss":0}],"is_beta":false,"boss_relics":[],"items_purged_floors":[4,13],"is_endless":false,"potions_floor_spawned":[1,7,8],"killed_by":"Slime Boss","ascension_level":20}