{"gold_per_floor":[116,30,57,73,73,73,93,93,119,119,147,162,162,312,312,391,391,401,401,412,337,337,365,365,365,365,365,390,390,420,432,432,503,503,517,617,617,617,173,202,214,253,265,152,167,167,177,212,212,212,212,212,212,2,35,35],"floor_reached":57,"playtime":3919,"items_purged":["Blade Dance","Corpse Explosion+1","Survivor+1"],"score":3155,"play_id":"af17c034-3935-4f39-baf0-0504e907bf8d","local_time":"20190225151148","is_ascension_mode":true,"campfire_choices":[{"data":"Corpse Explosion","floor":6.0,"key":"SMITH"},{"data":"Neutralize","floor":8.0,"key":"SMITH"},{"data":"Well Laid Plans","floor":10.0,"key":"SMITH"},{"data":"Bouncing Flask","floor":13.0,"key":"SMITH"},{"data":"Well Laid Plans","floor":15.0,"key":"SMITH"},{"data":"Tactician","floor":24.0,"key":"SMITH"},{"data":"Adrenaline","floor":29.0,"key":"SMITH"},{"data":"Tools of the Trade","floor":32.0,"key":"SMITH"},{"data":"Reflex","floor":46,"key":"SMITH"},{"floor":49,"key":"RECALL"},{"data":"Acrobatics","floor":53,"key":"SMITH"}],"neow_cost":"NONE","seed_source_timestamp":6262629825927,"circlet_count":0,"master_deck":["AscendersBane","Neutralize+1","Well Laid Plans+1","Well Laid Plans+1","Bouncing Flask+1","Tools of the Trade+1","Footwork","Wraith Form v2","Adrenaline+1","Accuracy","Night Terror+1","Infinite Blades","Dagger Throw","Tactician+1","Adrenaline","Backflip","Calculated Gamble+1","Acrobatics+1","Reflex+1","Catalyst"],"special_seed":0,"relics":["Ring of the Snake","NeowsBlessing","Omamori","Oddly Smooth Stone","Pandora\u0027s Box","Bag of Marbles","Lantern","Prayer Wheel","War Paint","Potion Belt","Empty Cage","Thread and Needle","Medical Kit","MawBank","Gremlin Horn","Mango","Sundial","Bronze Scales","Blue Candle"],"potions_floor_usage":[56,56,56],"damage_taken":[{"damage":0.0,"enemies":"Cultist","floor":1.0,"turns":1.0},{"damage":0.0,"enemies":"Jaw Worm","floor":4.0,"turns":1.0},{"damage":0.0,"enemies":"2 Louse","floor":7.0,"turns":1.0},{"damage":3.0,"enemies":"Lagavulin","floor":11.0,"turns":9.0},{"damage":0.0,"enemies":"2 Fungi Beasts","floor":12.0,"turns":3.0},{"damage":15.0,"enemies":"The Guardian","floor":16.0,"turns":10.0},{"damage":22.0,"enemies":"Shell Parasite","floor":18.0,"turns":5.0},{"damage":2.0,"enemies":"Chosen","floor":20.0,"turns":5.0},{"damage":2.0,"enemies":"Gremlin Leader","floor":23.0,"turns":7.0},{"damage":3.0,"enemies":"Slavers","floor":28.0,"turns":3.0},{"damage":1.0,"enemies":"Book of Stabbing","floor":30.0,"turns":3.0},{"damage":0.0,"enemies":"Centurion and Healer","floor":31.0,"turns":3.0},{"damage":0.0,"enemies":"Champ","floor":33.0,"turns":3.0},{"damage":0.0,"enemies":"3 Shapes","floor":35.0,"turns":3.0},{"damage":0.0,"enemies":"Mind Bloom Boss Battle","floor":36.0,"turns":4.0},{"damage":5,"enemies":"Giant Head","floor":40,"turns":2},{"damage":0,"enemies":"Reptomancer","floor":42,"turns":3},{"damage":0,"enemies":"Orb Walker","floor":45,"turns":1},{"damage":0,"enemies":"Sphere and 2 Shapes","floor":47,"turns":2},{"damage":0,"enemies":"Nemesis","floor":48,"turns":3},{"damage":0,"enemies":"Donu and Deca","floor":50,"turns":1},{"damage":20,"enemies":"Time Eater","floor":51,"turns":9},{"damage":0,"enemies":"Shield and Spear","floor":55,"turns":1},{"damage":26,"enemies":"The Heart","floor":56,"turns":5}],"seed_played":"-8114413704887002275","potions_obtained":[{"floor":1.0,"key":"FearPotion"},{"floor":7.0,"key":"Block Potion"},{"floor":11.0,"key":"Fire Potion"},{"floor":16.0,"key":"Regen Potion"},{"floor":30.0,"key":"AttackPotion"},{"floor":31.0,"key":"Fire Potion"},{"floor":40,"key":"FearPotion"}],"is_trial":false,"path_per_floor":["M","$","T","M","$","R","M","R","T","R","E","M","R","?","R","B",null,"M","?","M","$","T","E","R","?","T","?","E","R","E","M","R","B",null,"M","?","?","?","$","E","T","E","T","$","M","R","M","E","R","B","B",null,"R","$","E","B",null],"character_chosen":"THE_SILENT","items_purchased":["Corpse Explosion","Medical Kit","Reflex","GhostInAJar","Catalyst","Ancient Potion","Block Potion"],"campfire_rested":0,"item_purchase_floors":[2,39,39,39,54,54,54],"current_hp_per_floor":[59,59,59,59,59,59,59,59,59,59,56,56,56,56,56,41,60,52,52,50,50,50,48,48,30,30,71,68,68,67,67,67,67,70,70,70,70,70,70,65,65,79,79,79,79,79,79,79,79,79,59,79,79,79,79,53],"gold":35,"neow_bonus":"THREE_ENEMY_KILL","is_prod":false,"is_daily":false,"chose_seed":false,"campfire_upgraded":10,"win_rate":0,"timestamp":1551078708,"path_taken":["M","?","?","M","$","R","M","R","T","R","E","M","R","?","R","BOSS","M","?","M","$","?","E","R","?","T","?","E","R","E","?","R","BOSS","M","?","?","?","$","E","?","E","T","?","M","R","?","E","R","BOSS","BOSS","R","$","E","BOSS"],"build_version":"2019-01-23","purchased_purges":3,"victory":true,"max_hp_per_floor":[66,66,66,66,66,66,66,66,66,66,66,66,66,66,66,66,66,66,66,66,66,66,66,66,71,71,71,71,71,71,71,71,71,71,71,71,71,71,71,71,71,85,85,85,85,85,85,85,85,85,85,85,85,85,85,85],"card_choices":[{"not_picked":["Poisoned Stab","Deflect"],"picked":"Well Laid Plans","floor":1.0},{"not_picked":["Underhanded Strike","Cloak And Dagger"],"picked":"Well Laid Plans","floor":4.0},{"not_picked":["Bane","Setup","Poisoned Stab"],"picked":"SKIP","floor":7.0},{"not_picked":["Quick Slash","Finisher"],"picked":"Bouncing Flask","floor":11.0},{"not_picked":["Cloak And Dagger","Caltrops","Dodge and Roll"],"picked":"SKIP","floor":12.0},{"not_picked":["Night Terror","Phantasmal Killer"],"picked":"Tools of the Trade","floor":16.0},{"not_picked":["Dagger Throw","Flying Knee"],"picked":"Tactician","floor":18.0},{"not_picked":["Dodge and Roll","Concentrate"],"picked":"Backflip","floor":20.0},{"not_picked":["Underhanded Strike","Endless Agony+1","Backflip+1"],"picked":"SKIP","floor":23.0},{"not_picked":["Blur","Deflect+1","Calculated Gamble"],"picked":"SKIP","floor":28.0},{"not_picked":["Footwork+1","Dagger Throw","Concentrate"],"picked":"SKIP","floor":30.0},{"not_picked":["Dagger Spray","Backstab","Prepared"],"picked":"SKIP","floor":31.0},{"not_picked":["Sucker Punch+1","Finisher","Crippling Poison"],"picked":"SKIP","floor":31.0},{"not_picked":["Sucker Punch","Flechettes"],"picked":"Calculated Gamble+1","floor":35.0},{"not_picked":["Accuracy","Backstab+1","PiercingWail+1"],"picked":"SKIP","floor":35.0},{"not_picked":["Deflect","Backstab"],"picked":"Acrobatics","floor":36.0},{"not_picked":["Slice","Underhanded Strike","Cloak And Dagger"],"picked":"SKIP","floor":40},{"not_picked":["Well Laid Plans","Outmaneuver+1","Cloak And Dagger+1"],"picked":"SKIP","floor":42},{"not_picked":["Slice","Flechettes","Malaise"],"picked":"SKIP","floor":45},{"not_picked":["Infinite Blades+1","Slice","Quick Slash"],"picked":"SKIP","floor":45},{"not_picked":["Reflex+1","Flechettes+1","Cloak And Dagger+1"],"picked":"SKIP","floor":47},{"not_picked":["Backstab","Expertise","Blur"],"picked":"SKIP","floor":47},{"not_picked":["Wraith Form v2","Phantasmal Killer","Riddle With Holes"],"picked":"SKIP","floor":48},{"not_picked":["Backflip","Heel Hook+1","Slice+1"],"picked":"SKIP","floor":55}],"player_experience":3122294,"relics_obtained":[{"floor":9.0,"key":"Omamori"},{"floor":11.0,"key":"Oddly Smooth Stone"},{"floor":22.0,"key":"Bag of Marbles"},{"floor":23.0,"key":"Lantern"},{"floor":26.0,"key":"Prayer Wheel"},{"floor":28.0,"key":"War Paint"},{"floor":30.0,"key":"Potion Belt"},{"floor":36.0,"key":"Thread and Needle"},{"floor":40,"key":"MawBank"},{"floor":41,"key":"Gremlin Horn"},{"floor":42,"key":"Mango"},{"floor":43,"key":"Sundial"},{"floor":48,"key":"Bronze Scales"},{"floor":55,"key":"Blue Candle"}],"event_choices":[{"damage_healed":0.0,"max_hp_gain":0.0,"max_hp_loss":0.0,"gold_gain":150.0,"event_name":"Liars Game","player_choice":"AGREE","floor":14.0,"gold_loss":0.0,"damage_taken":0.0,"cards_obtained":["Doubt"]},{"damage_healed":0.0,"max_hp_gain":0.0,"max_hp_loss":0.0,"gold_gain":0.0,"event_name":"Duplicator","player_choice":"Copied","floor":19.0,"gold_loss":0.0,"damage_taken":0.0,"cards_obtained":["Adrenaline"]},{"damage_healed":0.0,"max_hp_gain":5.0,"max_hp_loss":0.0,"gold_gain":0.0,"event_name":"Forgotten Altar","player_choice":"Shed Blood","floor":25.0,"gold_loss":0.0,"damage_taken":23.0},{"damage_healed":41.0,"max_hp_gain":0.0,"max_hp_loss":0.0,"gold_gain":0.0,"event_name":"Wheel of Change","player_choice":"Full Heal","floor":27.0,"gold_loss":0.0,"damage_taken":0.0},{"damage_healed":0.0,"max_hp_gain":0.0,"max_hp_loss":0.0,"gold_gain":0.0,"event_name":"MindBloom","player_choice":"Fight","floor":36.0,"gold_loss":0.0,"damage_taken":0.0},{"damage_healed":0,"gold_gain":0,"player_choice":"Memory 1","damage_taken":0,"max_hp_gain":0,"max_hp_loss":0,"event_name":"SensoryStone","floor":37,"gold_loss":0},{"damage_healed":0,"gold_gain":0,"player_choice":"Ignored","damage_taken":0,"max_hp_gain":0,"max_hp_loss":0,"event_name":"Tomb of Lord Red Mask","floor":38,"gold_loss":0}],"is_beta":false,"boss_relics":[{"not_picked":["Ectoplasm","Ring of the Serpent"],"picked":"Pandora\u0027s Box"},{"not_picked":["Tiny House","Black Star"],"picked":"Empty Cage"}],"items_purged_floors":[21,39,44],"is_endless":false,"potions_floor_spawned":[1,7,11,16,30,31,40,42,48,55],"ascension_level":20}