{"gold_per_floor":[112,122,122,133,183,183,195,195,195,195],"floor_reached":10,"playtime":230,"items_purged":[],"score":116,"play_id":"a5c178b9-5350-420e-8047-415b33267edb","local_time":"20190808095626","is_ascension_mode":true,"campfire_choices":[{"data":"Flechettes","floor":6.0,"key":"SMITH"},{"floor":8,"key":"REST"}],"neow_cost":"NONE","seed_source_timestamp":0,"circlet_count":0,"master_deck":["AscendersBane","Strike_G","Strike_G","Strike_G","Strike_G","Strike_G","Defend_G","Defend_G","Defend_G","Defend_G","Defend_G","Survivor","Neutralize","Flechettes+1","PiercingWail","Escape Plan"],"special_seed":0,"relics":["Ring of the Snake","The Courier"],"potions_floor_usage":[7],"damage_taken":[{"damage":3.0,"enemies":"Jaw Worm","floor":1.0,"turns":4.0},{"damage":2.0,"enemies":"2 Louse","floor":2.0,"turns":3.0},{"damage":0.0,"enemies":"Cultist","floor":4.0,"turns":4.0},{"damage":22,"enemies":"Large Slime","floor":7,"turns":11},{"damage":27,"enemies":"Gremlin Nob","floor":10,"turns":3}],"seed_played":"-2031968323551798868","potions_obtained":[{"floor":4.0,"key":"Block Potion"}],"is_trial":false,"path_per_floor":["M","M","?","M","?","R","M","R","T","E"],"character_chosen":"THE_SILENT","items_purchased":[],"campfire_rested":1,"item_purchase_floors":[],"current_hp_per_floor":[56,54,36,36,30,30,8,27,27,0],"gold":195,"neow_bonus":"THREE_CARDS","is_prod":false,"is_daily":false,"chose_seed":false,"campfire_upgraded":1,"win_rate":0,"timestamp":1565225786,"path_taken":["M","M","?","M","?","R","M","R","T","E"],"build_version":"2019-07-17","purchased_purges":0,"victory":false,"max_hp_per_floor":[66,66,66,66,66,66,66,66,66,66],"card_choices":[{"not_picked":["Dagger Spray","Flying Knee"],"picked":"Flechettes","floor":0.0},{"not_picked":["Dagger Throw","Sucker Punch"],"picked":"PiercingWail","floor":1.0},{"not_picked":["Flying Knee","Cloak And Dagger","Crippling Poison"],"picked":"SKIP","floor":2.0},{"not_picked":["Deflect","Backflip"],"picked":"Escape Plan","floor":4.0},{"not_picked":["PiercingWail","All Out Attack","Prepared"],"picked":"SKIP","floor":7}],"player_experience":813581,"relics_obtained":[],"event_choices":[{"damage_healed":0.0,"max_hp_gain":0.0,"max_hp_loss":0.0,"gold_gain":0.0,"event_name":"Scrap Ooze","player_choice":"Success","floor":3.0,"gold_loss":0.0,"damage_taken":18.0,"relics_obtained":["The Courier"]},{"damage_healed":0.0,"max_hp_gain":0.0,"max_hp_loss":0.0,"gold_gain":50.0,"event_name":"FaceTrader","player_choice":"Touch","floor":5.0,"gold_loss":0.0,"damage_taken":6.0}],"is_beta":false,"boss_relics":[],"items_purged_floors":[],"is_endless":false,"potions_floor_spawned":[4],"killed_by":"Gremlin Nob","ascension_level":20}