{"gold_per_floor":[117,128,128,148,159,159,159,194,247,282,301,319,336,32,32,111,111,126,126,126,51,51,51,41,41,41,71,71,71],"floor_reached":29,"playtime":920,"items_purged":["Strike_R"],"score":506,"play_id":"fd644fed-8583-4d99-b3ca-bbbc2ac341e8","local_time":"20190807192059","is_ascension_mode":true,"campfire_choices":[{"floor":7.0,"key":"REST"},{"data":"Bash","floor":15,"key":"SMITH"},{"data":"Barricade","floor":23,"key":"SMITH"},{"data":"Shrug It Off","floor":25,"key":"SMITH"}],"neow_cost":"NONE","seed_source_timestamp":436200580627291,"circlet_count":0,"master_deck":["AscendersBane","Strike_R","Strike_R","Strike_R","Defend_R","Defend_R","Defend_R","Defend_R","Bash+1","Shrug It Off+1","Twin Strike+1","Body Slam","Flame Barrier+1","Infernal Blade","Metallicize","Battle Trance","Combust","Exhume","Shrug It Off+1","Barricade+1","Warcry+1","Writhe","True Grit+1","Juggernaut"],"special_seed":0,"relics":["Burning Blood","Bottled Lightning","Art of War","Bag of Preparation","Toxic Egg 2","Coffee Dripper","PreservedInsect","Enchiridion","Ornamental Fan","Incense Burner","Frozen Egg 2"],"potions_floor_usage":[16],"damage_taken":[{"damage":14.0,"enemies":"Jaw Worm","floor":1.0,"turns":5.0},{"damage":0.0,"enemies":"2 Louse","floor":2.0,"turns":4.0},{"damage":6.0,"enemies":"Cultist","floor":4.0,"turns":3.0},{"damage":16.0,"enemies":"3 Louse","floor":5.0,"turns":4.0},{"damage":37.0,"enemies":"Lagavulin","floor":8.0,"turns":8.0},{"damage":9.0,"enemies":"3 Sentries","floor":10.0,"turns":8.0},{"damage":0.0,"enemies":"Exordium Thugs","floor":11.0,"turns":4.0},{"damage":0.0,"enemies":"Red Slaver","floor":12.0,"turns":5.0},{"damage":11,"enemies":"Lots of Slimes","floor":13,"turns":3},{"damage":23,"enemies":"Hexaghost","floor":16,"turns":9},{"damage":14,"enemies":"Spheric Guardian","floor":18,"turns":4},{"damage":2,"enemies":"2 Thieves","floor":24,"turns":4},{"damage":22,"enemies":"Slavers","floor":27,"turns":5},{"damage":19,"enemies":"3 Cultists","floor":29,"turns":3}],"seed_played":"-2177465290844654201","potions_obtained":[{"floor":2.0,"key":"Weak Potion"},{"floor":4.0,"key":"PowerPotion"},{"floor":10.0,"key":"LiquidBronze"},{"floor":12.0,"key":"SteroidPotion"},{"floor":16,"key":"SpeedPotion"}],"is_trial":false,"path_per_floor":["M","M","?","M","M","?","R","E","T","E","M","M","M","$","R","B",null,"M","?","?","$","?","R","M","R","T","E","T","M"],"character_chosen":"IRONCLAD","items_purchased":["Toxic Egg 2","Shrug It Off+1"],"campfire_rested":1,"item_purchase_floors":[14,14],"current_hp_per_floor":[60,66,66,66,56,33,55,24,24,21,27,33,28,28,28,11,59,51,51,51,51,30,30,34,34,34,18,18,0],"gold":71,"neow_bonus":"REMOVE_CARD","is_prod":false,"is_daily":false,"chose_seed":false,"campfire_upgraded":3,"win_rate":0,"timestamp":1565230859,"path_taken":["M","M","?","M","M","?","R","E","T","E","M","M","M","$","R","BOSS","M","?","?","$","?","R","M","R","T","E","?","?"],"build_version":"2019-07-17","purchased_purges":1,"victory":false,"max_hp_per_floor":[75,75,75,75,75,75,75,75,75,75,75,75,75,75,75,75,75,75,75,75,75,75,75,75,75,75,75,75,75],"card_choices":[{"not_picked":["Flex","Searing Blow"],"picked":"Shrug It Off","floor":1.0},{"not_picked":["Body Slam","Iron Wave"],"picked":"Twin Strike","floor":2.0},{"not_picked":["Iron Wave","Cleave"],"picked":"Body Slam","floor":4.0},{"not_picked":["Iron Wave","Cleave"],"picked":"Flame Barrier","floor":5.0},{"not_picked":["Body Slam","Perfected Strike"],"picked":"Infernal Blade","floor":8.0},{"not_picked":["Combust","Uppercut"],"picked":"Metallicize","floor":10.0},{"not_picked":["Metallicize","Fire Breathing"],"picked":"Battle Trance","floor":11.0},{"not_picked":["Clothesline","Wild Strike"],"picked":"Combust","floor":12.0},{"not_picked":["Clash","Anger"],"picked":"Exhume","floor":13},{"not_picked":["Berserk","Exhume+1"],"picked":"Barricade","floor":16},{"not_picked":["Iron Wave","Clothesline"],"picked":"Warcry+1","floor":18},{"not_picked":["Twin Strike","Wild Strike","Rage+1"],"picked":"SKIP","floor":24},{"not_picked":["Armaments+1","Heavy Blade"],"picked":"Juggernaut","floor":27}],"player_experience":872065,"relics_obtained":[{"floor":8.0,"key":"Bottled Lightning"},{"floor":9.0,"key":"Art of War"},{"floor":10.0,"key":"Bag of Preparation"},{"floor":22,"key":"Enchiridion"},{"floor":26,"key":"Ornamental Fan"},{"floor":27,"key":"Incense Burner"},{"floor":28,"key":"Frozen Egg 2"}],"event_choices":[{"damage_healed":0.0,"max_hp_gain":0.0,"max_hp_loss":0.0,"gold_gain":0.0,"event_name":"Liars Game","player_choice":"Ignored","floor":3.0,"gold_loss":0.0,"damage_taken":0.0},{"damage_healed":0.0,"max_hp_gain":0.0,"max_hp_loss":0.0,"gold_gain":0.0,"event_name":"Shining Light","player_choice":"Entered Light","floor":6.0,"gold_loss":0.0,"damage_taken":23.0,"cards_upgraded":["Flame Barrier","Twin Strike"]},{"damage_healed":0,"gold_gain":0,"player_choice":"Opened","damage_taken":0,"relics_obtained":["PreservedInsect"],"max_hp_gain":0,"max_hp_loss":0,"event_name":"The Mausoleum","floor":19,"gold_loss":0,"cards_obtained":["Writhe"]},{"damage_healed":0,"gold_gain":0,"player_choice":"Read","damage_taken":0,"max_hp_gain":0,"max_hp_loss":0,"event_name":"The Library","floor":20,"gold_loss":0,"cards_obtained":["True Grit"]},{"damage_healed":0,"gold_gain":0,"player_choice":"Obtained Book","damage_taken":21,"max_hp_gain":0,"max_hp_loss":0,"event_name":"Cursed Tome","floor":22,"gold_loss":0}],"is_beta":false,"boss_relics":[{"not_picked":["Tiny House","Astrolabe"],"picked":"Coffee Dripper"}],"items_purged_floors":[21],"is_endless":false,"potions_floor_spawned":[2,4,10,12,13,16,27],"killed_by":"3 Cultists","ascension_level":20}