{"gold_per_floor":[130,161,187,199,231,243,255,279,318,330,200,212,212,231,231,327,327,337,237,247,122,140,140,153,181,206,206,206,224,224,239,239,342,342,359,377,149,149,149,149,149,129,152,452,452,132,132,147,147,147],"floor_reached":51,"playtime":1342,"items_purged":["Strike_G","Strike_G","Strike_G","Strike_G","Defend_G"],"score":664,"play_id":"8833c262-82fc-4821-b933-34e182233118","local_time":"20181031220320","is_ascension_mode":false,"campfire_choices":[{"data":"Neutralize","floor":6.0,"key":"SMITH"},{"data":"Catalyst","floor":13.0,"key":"SMITH"},{"data":"Bouncing Flask","floor":15.0,"key":"SMITH"},{"data":"Burst","floor":23.0,"key":"SMITH"},{"data":"Deadly Poison","floor":27,"key":"SMITH"},{"data":"Deadly Poison","floor":30,"key":"SMITH"},{"data":"Adrenaline","floor":32,"key":"SMITH"},{"data":"Noxious Fumes","floor":40,"key":"SMITH"},{"data":"Blind","floor":45,"key":"SMITH"},{"data":"Burst","floor":49,"key":"SMITH"}],"neow_cost":"NONE","seed_source_timestamp":43803946211099,"circlet_count":0,"master_deck":["Defend_G","Defend_G","Defend_G","Strike_G+1","Survivor","Neutralize+1","All Out Attack+1","Catalyst+1","Bouncing Flask+1","Deadly Poison+1","Deadly Poison+1","Burst+1","Backflip","Acrobatics+1","Adrenaline+1","Burst+1","Noxious Fumes+1","Blind+1","Backflip+1"],"special_seed":0,"relics":["Ring of the Snake","MawBank","Blood Vial","Snake Skull","Runic Dome","Red Mask","Art of War","Lizard Tail","Regal Pillow","Oddly Smooth Stone"],"potions_floor_usage":[25,33,35,38,50,50,50],"damage_taken":[{"damage":0.0,"enemies":"2 Louse","floor":1.0,"turns":3.0},{"damage":0.0,"enemies":"Small Slimes","floor":2.0,"turns":2.0},{"damage":0.0,"enemies":"Cultist","floor":3.0,"turns":4.0},{"damage":1.0,"enemies":"3 Louse","floor":5.0,"turns":3.0},{"damage":8.0,"enemies":"Exordium Wildlife","floor":8.0,"turns":4.0},{"damage":0.0,"enemies":"Looter","floor":12.0,"turns":2.0},{"damage":1.0,"enemies":"Large Slime","floor":14.0,"turns":4.0},{"damage":7.0,"enemies":"Hexaghost","floor":16.0,"turns":5.0},{"damage":0.0,"enemies":"Spheric Guardian","floor":18.0,"turns":3.0},{"damage":0.0,"enemies":"Chosen","floor":20.0,"turns":3.0},{"damage":12.0,"enemies":"Centurion and Healer","floor":22.0,"turns":5.0},{"damage":2.0,"enemies":"3 Cultists","floor":24.0,"turns":5.0},{"damage":6,"enemies":"Masked Bandits","floor":25,"turns":2},{"damage":14,"enemies":"Colosseum Slavers","floor":28,"turns":3},{"damage":2,"enemies":"Shelled Parasite and Fungi","floor":29,"turns":2},{"damage":0,"enemies":"Snecko","floor":31,"turns":1},{"damage":26,"enemies":"Collector","floor":33,"turns":5},{"damage":6,"enemies":"3 Darklings","floor":35,"turns":5},{"damage":0,"enemies":"3 Shapes","floor":36,"turns":4},{"damage":0,"enemies":"3 Darklings","floor":38,"turns":1},{"damage":2,"enemies":"Sphere and 2 Shapes","floor":48,"turns":3},{"damage":7,"enemies":"Donu and Deca","floor":50,"turns":6}],"seed_played":"-6659354065364785568","potions_obtained":[{"floor":1.0,"key":"Dexterity Potion"},{"floor":3.0,"key":"PowerPotion"},{"floor":5.0,"key":"SpeedPotion"},{"floor":18.0,"key":"PowerPotion"},{"floor":24.0,"key":"LiquidBronze"},{"floor":29,"key":"SkillPotion"},{"floor":33,"key":"Energy Potion"},{"floor":35,"key":"SmokeBomb"},{"floor":42,"key":"Swift Potion"}],"is_trial":false,"path_per_floor":["M","M","M","?","M","R","?","M","T","?","$","M","R","M","R","B",null,"M","$","M","$","M","R","M","?","T","R","?","M","R","M","R","B",null,"M","M","$","M","?","R","?","?","T","?","R","$","?","M","R","B"],"character_chosen":"THE_SILENT","items_purchased":["Bouncing Flask","Noxious Fumes","Oddly Smooth Stone"],"campfire_rested":0,"item_purchase_floors":[11,37,46],"current_hp_per_floor":[70,70,70,56,55,55,55,47,47,14,14,16,16,17,17,12,70,70,70,70,70,58,58,58,54,54,54,42,42,42,44,44,20,70,64,66,66,68,68,68,68,68,68,68,68,68,68,68,68,63],"gold":147,"neow_bonus":"RANDOM_COMMON_RELIC","is_prod":false,"is_daily":false,"chose_seed":false,"campfire_upgraded":10,"win_rate":0,"timestamp":1540994600,"path_taken":["M","M","M","?","M","R","?","M","T","?","$","M","R","M","R","BOSS","M","$","M","$","M","R","M","?","T","R","?","M","R","M","R","BOSS","M","M","$","M","?","R","?","?","T","?","R","$","?","M","R","BOSS"],"build_version":"2018-10-25v2","purchased_purges":5,"victory":true,"max_hp_per_floor":[70,70,70,70,70,70,70,70,70,70,70,70,70,70,70,70,70,70,70,70,70,70,70,70,70,70,70,70,70,70,70,70,70,70,70,70,70,70,70,70,70,70,70,70,70,70,70,70,70,70],"card_choices":[{"not_picked":["Cloak And Dagger","Underhanded Strike"],"picked":"All Out Attack","floor":1.0},{"not_picked":["Crippling Poison","Finisher","Riddle With Holes"],"picked":"SKIP","floor":2.0},{"not_picked":["Noxious Fumes","Choke"],"picked":"Catalyst","floor":3.0},{"not_picked":["Flechettes","Tactician","Choke"],"picked":"SKIP","floor":5.0},{"not_picked":["Heel Hook","Calculated Gamble","Masterful Stab"],"picked":"SKIP","floor":8.0},{"not_picked":["Dagger Spray","Heel Hook"],"picked":"Deadly Poison","floor":12.0},{"not_picked":["PiercingWail","Finisher"],"picked":"Deadly Poison","floor":14.0},{"not_picked":["Malaise","Grand Finale"],"picked":"Burst","floor":16.0},{"not_picked":["Poisoned Stab","Prepared+1","Tactician"],"picked":"SKIP","floor":18.0},{"not_picked":["PiercingWail","Quick Slash+1"],"picked":"Backflip","floor":20.0},{"not_picked":["Quick Slash","Underhanded Strike"],"picked":"Acrobatics+1","floor":22.0},{"not_picked":["Deflect","Reflex","Dodge and Roll"],"picked":"SKIP","floor":24.0},{"not_picked":["Acrobatics","Quick Slash"],"picked":"Adrenaline","floor":29},{"not_picked":["Quick Slash","Flying Knee+1","Dagger Spray+1"],"picked":"SKIP","floor":31},{"not_picked":["Unload","Bullet Time"],"picked":"Burst","floor":33},{"not_picked":["Crippling Poison","Flying Knee+1","Quick Slash+1"],"picked":"SKIP","floor":35},{"not_picked":["Deadly Poison","Dagger Throw","Blade Dance+1"],"picked":"SKIP","floor":36},{"not_picked":["PanicButton","Thinking Ahead"],"picked":"Blind","floor":41},{"not_picked":["Dodge and Roll","Quick Slash"],"picked":"Backflip+1","floor":48}],"player_experience":789766,"relics_obtained":[{"floor":9.0,"key":"Blood Vial"},{"floor":25,"key":"Red Mask"},{"floor":26,"key":"Art of War"},{"floor":43,"key":"Regal Pillow"}],"event_choices":[{"damage_healed":0.0,"max_hp_gain":0.0,"max_hp_loss":0.0,"gold_gain":0.0,"event_name":"Shining Light","player_choice":"Entered Light","floor":4.0,"gold_loss":0.0,"damage_taken":14.0,"cards_upgraded":["Strike_G","All Out Attack"]},{"damage_healed":0.0,"max_hp_gain":0.0,"max_hp_loss":0.0,"gold_gain":0.0,"event_name":"Dead Adventurer","player_choice":"Searched \u00270\u0027 times","floor":7.0,"gold_loss":0.0,"damage_taken":0.0},{"damage_healed":0.0,"max_hp_gain":0.0,"max_hp_loss":0.0,"gold_gain":0.0,"event_name":"Scrap Ooze","player_choice":"Success","floor":10.0,"gold_loss":0.0,"damage_taken":33.0,"relics_obtained":["Snake Skull"]},{"damage_healed":0,"gold_gain":0,"player_choice":"Fought Bandits","damage_taken":0,"max_hp_gain":0,"max_hp_loss":0,"event_name":"Masked Bandits","floor":25,"gold_loss":0},{"damage_healed":0,"gold_gain":0,"player_choice":"Fight","damage_taken":0,"max_hp_gain":0,"max_hp_loss":0,"event_name":"Colosseum","floor":28,"gold_loss":0},{"damage_healed":0,"gold_gain":0,"player_choice":"Fled From Nobs","damage_taken":0,"max_hp_gain":0,"max_hp_loss":0,"event_name":"Colosseum","floor":28,"gold_loss":0},{"damage_healed":0,"gold_gain":0,"player_choice":"Ignored","damage_taken":0,"max_hp_gain":0,"max_hp_loss":0,"event_name":"Mysterious Sphere","floor":39,"gold_loss":0},{"damage_healed":0,"gold_gain":0,"player_choice":"Memory 1","damage_taken":0,"max_hp_gain":0,"max_hp_loss":0,"event_name":"SensoryStone","floor":41,"gold_loss":0},{"damage_healed":0,"gold_gain":0,"player_choice":"Bought 1 Potion","damage_taken":0,"max_hp_gain":0,"max_hp_loss":0,"event_name":"The Woman in Blue","floor":42,"gold_loss":0},{"damage_healed":0,"gold_gain":300,"player_choice":"Gold","damage_taken":0,"max_hp_gain":0,"max_hp_loss":0,"event_name":"Wheel of Change","floor":44,"gold_loss":0},{"cards_removed":["Defend_G"],"damage_healed":0,"gold_gain":0,"player_choice":"Removed Skill","damage_taken":0,"max_hp_gain":0,"max_hp_loss":0,"event_name":"Falling","floor":47,"gold_loss":0}],"is_beta":false,"boss_relics":[{"not_picked":["Fusion Hammer","Astrolabe"],"picked":"Runic Dome"},{"not_picked":["Ring of the Serpent","Snecko Eye"],"picked":"Lizard Tail"}],"items_purged_floors":[11,19,21,37,46],"is_endless":false,"potions_floor_spawned":[1,3,5,14,18,20,24,29,33,35],"ascension_level":0}