{"path_per_floor":["?","?","?","?","?","?","?","?","?","?","?","?","?","?","?","B",null,"?","?","?","?","?","?","?","?","?","?","?","?","?","?","?"],"character_chosen":"IRONCLAD","items_purchased":["Orichalcum","Shrug It Off","Iron Wave"],"gold_per_floor":[114,129,129,148,167,205,205,243,243,262,281,8,8,8,8,133,133,107,107,32,51,70,70,89,89,89,108,82,120,139,177,177],"floor_reached":33,"campfire_rested":2,"playtime":1950,"current_hp_per_floor":[80,80,80,80,80,60,60,52,52,61,67,67,60,60,60,49,49,37,37,37,43,46,70,74,74,74,67,67,45,33,18,42],"items_purged":["Strike_R"],"gold":177,"score":299,"play_id":"263c79e0-0b6e-4304-a379-95f7bf052d85","local_time":"20180307112442","daily_mods":[{"name":"涉猎广泛","description":"开始时拥有两张随机其他职业的牌。","modID":"Diverse","img":{"data":{"file":{"file":{"path":"images\\ui\\run_mods\\diverse.png"},"type":"Internal"},"width":64,"height":64,"format":"RGBA8888","useMipMaps":false,"isPrepared":false},"glTarget":3553,"glHandle":685,"minFilter":"Linear","magFilter":"Linear","uWrap":"ClampToEdge","vWrap":"ClampToEdge"},"positive":true},{"name":"不休旅途","description":"战胜Boss后不会回复生命。","modID":"Restless Journey","img":{"data":{"file":{"file":{"path":"images\\ui\\run_mods\\restless_journey.png"},"type":"Internal"},"width":64,"height":64,"format":"RGBA8888","useMipMaps":false,"isPrepared":false},"glTarget":3553,"glHandle":676,"minFilter":"Linear","magFilter":"Linear","uWrap":"ClampToEdge","vWrap":"ClampToEdge"},"positive":false},{"name":"前路成谜","description":"地图上只显示 ？ 。","modID":"Uncertain Future","img":{"data":{"file":{"file":{"path":"images\\ui\\run_mods\\uncertain_future.png"},"type":"Internal"},"width":64,"height":64,"format":"RGBA8888","useMipMaps":false,"isPrepared":false},"glTarget":3553,"glHandle":679,"minFilter":"Linear","magFilter":"Linear","uWrap":"ClampToEdge","vWrap":"ClampToEdge"},"positive":false},{"name":"两者择一","description":"卡牌奖励只有两张牌。","modID":"Binary","img":{"data":{"file":{"file":{"path":"images\\ui\\run_mods\\binary.png"},"type":"Internal"},"width":64,"height":64,"format":"RGBA8888","useMipMaps":false,"isPrepared":false},"glTarget":3553,"glHandle":680,"minFilter":"Linear","magFilter":"Linear","uWrap":"ClampToEdge","vWrap":"ClampToEdge"},"positive":false}],"is_prod":false,"is_daily":true,"is_ascension_mode":false,"campfire_upgraded":1,"timestamp":1520393082,"path_taken":["?","?","?","?","?","?","?","?","?","?","?","?","?","?","?","BOSS","?","?","?","?","?","?","?","?","?","?","?","?","?","?","?","BOSS"],"build_version":"2018-03-01-PROD1","purchased_purges":1,"victory":false,"master_deck":["Strike_R+1","Strike_R+1","Defend_R","Defend_R","Bash","Cloak And Dagger","Well Laid Plans","Armaments+1","Pommel Strike","Warcry","Shrug It Off","Flame Barrier+1","Iron Wave","Body Slam"],"max_hp_per_floor":[80,80,80,80,80,80,80,80,80,80,80,80,80,80,80,80,80,80,80,80,80,80,80,80,80,80,80,80,80,80,80,80],"relics":["Burning Blood","Golden Idol","Whetstone","Vajra","Peace Pipe","Orichalcum","Runic Cube","Calipers","Happy Flower","Kunai"],"card_choices":[{"not_picked":["Sword Boomerang"],"picked":"Armaments"},{"not_picked":["Blood for Blood"],"picked":"Pommel Strike"},{"not_picked":["Power Through"],"picked":"Warcry"},{"not_picked":["Pommel Strike"],"picked":"Flame Barrier"},{"not_picked":["Bludgeon"],"picked":"Body Slam"}],"player_experience":233580,"potions_floor_usage":[8,8,10,16,18,24,29,29,31],"damage_taken":[{"damage":2,"enemies":"2 Louse","floor":1,"turns":3},{"damage":2,"enemies":"Jaw Worm","floor":2,"turns":4},{"damage":6,"enemies":"Cultist","floor":4,"turns":3},{"damage":4,"enemies":"Gremlin Gang","floor":5,"turns":6},{"damage":26,"enemies":"3 Sentries","floor":6,"turns":11},{"damage":14,"enemies":"Gremlin Nob","floor":8,"turns":4},{"damage":6,"enemies":"Exordium Wildlife","floor":10,"turns":4},{"damage":0,"enemies":"Large Slime","floor":11,"turns":5},{"damage":17,"enemies":"Slime Boss","floor":16,"turns":10},{"damage":18,"enemies":"2 Thieves","floor":18,"turns":5},{"damage":0,"enemies":"Chosen","floor":21,"turns":6},{"damage":3,"enemies":"Snecko","floor":22,"turns":6},{"damage":2,"enemies":"Snake Plant","floor":24,"turns":4},{"damage":13,"enemies":"Slaver and Parasite","floor":27,"turns":10},{"damage":28,"enemies":"Book of Stabbing","floor":29,"turns":10},{"damage":18,"enemies":"3 Cultists","floor":30,"turns":7},{"damage":21,"enemies":"Slavers","floor":31,"turns":8},{"damage":76,"enemies":"Collector","floor":33,"turns":7}],"event_choices":[{"event_name":"Golden Idol","player_choice":"Take Wound","floor":3,"damage_taken":0},{"event_name":"Golden Wing","player_choice":"Card Removal","floor":13,"damage_taken":0},{"event_name":"Back to Basics","player_choice":"Elegance","floor":19,"damage_taken":0},{"event_name":"Beggar","player_choice":"Gave Gold","floor":20,"damage_taken":0}],"boss_relics":[{"not_picked":["Runic Pyramid","Runic Dome"],"picked":"Runic Cube"}],"potions_floor_spawned":[5,6,8,10,16,21,22,27,30],"seed_played":"6669194513917691148","killed_by":"Collector","ascension_level":0,"is_trial":false}