{"gold_per_floor":[115,28,28,46,63,63,97,97,97,97,97],"floor_reached":11,"playtime":122,"items_purged":[],"score":142,"play_id":"33b060a8-3404-4708-8353-15fdc4c7c729","local_time":"20190414023032","is_ascension_mode":true,"campfire_choices":[{"data":"Bouncing Flask","floor":6.0,"key":"SMITH"},{"data":"Caltrops","floor":8.0,"key":"SMITH"},{"data":"Neutralize","floor":10.0,"key":"SMITH"}],"neow_cost":"NONE","seed_source_timestamp":53097114577307,"circlet_count":0,"master_deck":["AscendersBane","Defend_G","Defend_G","Defend_G","Defend_G","Defend_G","Strike_G","Strike_G","Strike_G","Strike_G","Survivor","Neutralize+1","Caltrops+1","Bouncing Flask+1","Leg Sweep","Backflip"],"special_seed":0,"relics":["Ring of the Snake","NeowsBlessing","The Courier","Snake Skull"],"potions_floor_usage":[],"damage_taken":[{"damage":0.0,"enemies":"Small Slimes","floor":1.0,"turns":1.0},{"damage":0.0,"enemies":"Cultist","floor":4.0,"turns":1.0},{"damage":0.0,"enemies":"Jaw Worm","floor":5.0,"turns":1.0},{"damage":48.0,"enemies":"Gremlin Nob","floor":7.0,"turns":6.0},{"damage":0,"enemies":"Exordium Thugs","floor":11,"turns":1}],"seed_played":"561900650910891244","potions_obtained":[{"floor":1.0,"key":"PowerPotion"}],"is_trial":false,"path_per_floor":["M","$","?","M","M","R","E","R","T","R","M"],"character_chosen":"THE_SILENT","items_purchased":["Bouncing Flask"],"campfire_rested":0,"item_purchase_floors":[2],"current_hp_per_floor":[59,59,59,59,59,59,11,11,11,11,11],"gold":97,"neow_bonus":"THREE_ENEMY_KILL","is_prod":false,"is_daily":false,"chose_seed":false,"campfire_upgraded":3,"win_rate":0,"timestamp":1555180232,"path_taken":["M","$","?","?","M","R","E","R","T","R","M"],"build_version":"2019-01-23","purchased_purges":0,"victory":false,"max_hp_per_floor":[66,66,66,66,66,66,66,66,66,66,66],"card_choices":[{"not_picked":["Distraction","Sucker Punch"],"picked":"Caltrops","floor":1.0},{"not_picked":["Blade Dance","Setup"],"picked":"Leg Sweep","floor":4.0},{"not_picked":["Accuracy","Deflect","Dodge and Roll"],"picked":"SKIP","floor":5.0},{"not_picked":["Finisher","Deadly Poison"],"picked":"Backflip","floor":7.0}],"player_experience":4269158,"relics_obtained":[{"floor":7.0,"key":"The Courier"},{"floor":9.0,"key":"Snake Skull"}],"event_choices":[{"cards_removed":["Strike_G"],"damage_healed":0.0,"max_hp_gain":0.0,"max_hp_loss":0.0,"gold_gain":0.0,"event_name":"Bonfire Elementals","player_choice":"Offered Basic","floor":3.0,"gold_loss":0.0,"damage_taken":0.0}],"is_beta":false,"boss_relics":[],"items_purged_floors":[],"is_endless":false,"potions_floor_spawned":[1],"killed_by":"Exordium Thugs","ascension_level":20}