{"gold_per_floor":[109,184,184,68,82,7,40,59,107,7,7],"floor_reached":11,"playtime":244,"items_purged":["Strike_G","Strike_G"],"score":192,"play_id":"3981a81c-f753-4000-be09-4a572fd439c4","local_time":"20190419052331","is_ascension_mode":true,"campfire_choices":[],"neow_cost":"NONE","seed_source_timestamp":61996175063051,"circlet_count":0,"master_deck":["AscendersBane","Defend_G","Defend_G","Defend_G","Defend_G","Defend_G","Strike_G","Strike_G","Strike_G+1","Survivor","Neutralize","Flechettes+1","Tools of the Trade","Well Laid Plans","Catalyst"],"relics":["Ring of the Snake","NeowsBlessing","Whetstone","Bag of Preparation"],"potions_floor_usage":[8,11],"damage_taken":[{"damage":0,"enemies":"Small Slimes","floor":1,"turns":1},{"damage":0,"enemies":"Cultist","floor":5,"turns":1},{"damage":0,"enemies":"Gremlin Nob","floor":7,"turns":1},{"damage":0,"enemies":"Jaw Worm","floor":8,"turns":3},{"damage":24,"enemies":"Lagavulin","floor":11,"turns":9}],"seed_played":"-7625326397250501683","potions_obtained":[{"floor":1,"key":"Block Potion"},{"floor":8,"key":"Fire Potion"}],"is_trial":false,"path_per_floor":["M","?","?","$","M","$","E","M","T","$","E"],"character_chosen":"THE_SILENT","items_purchased":["Well Laid Plans","Catalyst"],"campfire_rested":0,"item_purchase_floors":[4,4],"current_hp_per_floor":[59,48,48,48,48,48,48,48,48,48,24],"gold":7,"neow_bonus":"THREE_ENEMY_KILL","is_prod":false,"is_daily":false,"chose_seed":false,"campfire_upgraded":0,"win_rate":0,"timestamp":1555622611,"path_taken":["M","?","?","$","M","$","E","?","T","?","E"],"build_version":"2019-01-23","purchased_purges":2,"victory":false,"max_hp_per_floor":[66,66,66,66,66,66,66,66,66,66,66],"card_choices":[{"not_picked":["Underhanded Strike","Outmaneuver"],"picked":"Flechettes","floor":1},{"not_picked":["Bane","Phantasmal Killer","Accuracy"],"picked":"SKIP","floor":5},{"not_picked":["Flechettes","Heel Hook","Bane"],"picked":"SKIP","floor":7},{"not_picked":["Blade Dance","Distraction","Riddle With Holes"],"picked":"SKIP","floor":8}],"player_experience":4395077,"relics_obtained":[{"floor":7,"key":"Whetstone"},{"floor":9,"key":"Bag of Preparation"}],"event_choices":[{"damage_healed":0,"gold_gain":75,"player_choice":"Gather Gold","damage_taken":11,"max_hp_gain":0,"max_hp_loss":0,"event_name":"World of Goop","floor":2,"gold_loss":0},{"damage_healed":0,"gold_gain":0,"player_choice":"1 cards matched","damage_taken":0,"max_hp_gain":0,"max_hp_loss":0,"event_name":"Match and Keep!","floor":3,"gold_loss":0,"cards_obtained":["Tools of the Trade"]}],"is_beta":false,"boss_relics":[],"items_purged_floors":[6,10],"is_endless":false,"potions_floor_spawned":[1,8],"killed_by":"Lagavulin","ascension_level":20}