{"gold_per_floor":[116,116,41,51,66,66,82,82,382,382,382,382,409,30,30,108,108,125,125,137,154,173,173,17,0,51,51,70,70,85,103,103,103],"floor_reached":33,"playtime":1430,"items_purged":["Strike_G","Strike_G"],"score":544,"play_id":"b8ed4d7e-1dac-4f87-8d80-18f155dba2a1","local_time":"20190407220955","is_ascension_mode":true,"campfire_choices":[{"data":"Deadly Poison","floor":6.0,"key":"SMITH"},{"data":"Corpse Explosion","floor":8.0,"key":"SMITH"},{"data":"Neutralize","floor":11.0,"key":"SMITH"},{"data":"Noxious Fumes","floor":15.0,"key":"SMITH"},{"data":"Armaments","floor":23.0,"key":"SMITH"},{"data":"Thinking Ahead","floor":27,"key":"SMITH"},{"floor":29,"key":"REST"},{"floor":32,"key":"REST"}],"neow_cost":"TEN_PERCENT_HP_LOSS","seed_source_timestamp":32480759652019,"circlet_count":0,"master_deck":["AscendersBane","Defend_G","Defend_G+1","Defend_G","Defend_G","Defend_G","Strike_G+1","Survivor","Neutralize+1","Corpse Explosion+1","Acrobatics","Deadly Poison+1","Noxious Fumes+1","Thinking Ahead+1","Armaments+1","Defragment","Barricade","Blind","Loop","True Grit"],"special_seed":0,"relics":["Ring of the Snake","Old Coin","WingedGreaves","PrismaticShard","Runic Pyramid"],"potions_floor_usage":[28],"damage_taken":[{"damage":6.0,"enemies":"Cultist","floor":1.0,"turns":5.0},{"damage":4.0,"enemies":"Small Slimes","floor":4.0,"turns":6.0},{"damage":3.0,"enemies":"Jaw Worm","floor":5.0,"turns":5.0},{"damage":0.0,"enemies":"2 Fungi Beasts","floor":7.0,"turns":2.0},{"damage":7.0,"enemies":"3 Sentries","floor":13.0,"turns":4.0},{"damage":21.0,"enemies":"Slime Boss","floor":16.0,"turns":10.0},{"damage":0.0,"enemies":"Shell Parasite","floor":18.0,"turns":7.0},{"damage":0.0,"enemies":"3 Byrds","floor":20.0,"turns":3.0},{"damage":16.0,"enemies":"Shelled Parasite and Fungi","floor":21.0,"turns":5.0},{"damage":3.0,"enemies":"3 Cultists","floor":22.0,"turns":4.0},{"damage":4,"enemies":"Centurion and Healer","floor":28,"turns":8},{"damage":12,"enemies":"Shelled Parasite and Fungi","floor":30,"turns":7},{"damage":14,"enemies":"Sentry and Sphere","floor":31,"turns":10},{"damage":43,"enemies":"Automaton","floor":33,"turns":10}],"seed_played":"4913752225696682529","potions_obtained":[{"floor":1.0,"key":"Dexterity Potion"},{"floor":4.0,"key":"SkillPotion"},{"floor":13.0,"key":"SpeedPotion"},{"floor":16.0,"key":"Block Potion"},{"floor":21.0,"key":"Ancient Potion"},{"floor":28,"key":"Weak Potion"}],"is_trial":false,"path_per_floor":["M","?","?","M","M","R","M","R","T","?","R","?","E","$","R","B",null,"M","?","M","M","M","R","$","?","T","R","M","R","M","M","R","B"],"character_chosen":"THE_SILENT","items_purchased":["PrismaticShard","Noxious Fumes","Energy Potion"],"campfire_rested":2,"item_purchase_floors":[14,14,24],"current_hp_per_floor":[53,58,58,54,51,51,51,51,51,51,51,31,24,24,24,3,50,50,50,50,34,31,31,31,31,31,31,27,46,34,20,39,0],"gold":103,"neow_bonus":"THREE_RARE_CARDS","is_prod":false,"is_daily":false,"chose_seed":false,"campfire_upgraded":6,"win_rate":0,"timestamp":1554646195,"path_taken":["M","?","?","M","M","R","?","R","T","?","R","?","E","$","R","BOSS","M","?","M","?","M","R","$","?","T","R","M","R","M","M","R","BOSS"],"build_version":"2019-01-23","purchased_purges":2,"victory":false,"max_hp_per_floor":[60,65,65,65,65,65,65,65,65,65,65,65,65,65,65,65,65,65,65,65,65,65,65,65,65,65,65,65,65,65,65,65,65],"card_choices":[{"not_picked":["Unload","Wraith Form v2"],"picked":"Corpse Explosion","floor":0.0},{"not_picked":["Crippling Poison","Heel Hook","Quick Slash"],"picked":"SKIP","floor":1.0},{"not_picked":["Underhanded Strike","Endless Agony"],"picked":"Acrobatics","floor":4.0},{"not_picked":["Dagger Throw","Poisoned Stab"],"picked":"Deadly Poison","floor":5.0},{"not_picked":["Blur","Dagger Spray","Riddle With Holes"],"picked":"SKIP","floor":7.0},{"not_picked":["Slice","Die Die Die","Poisoned Stab"],"picked":"SKIP","floor":13.0},{"not_picked":["Tools of the Trade","Biased Cognition"],"picked":"Thinking Ahead","floor":16.0},{"not_picked":["Redo","Reckless Charge"],"picked":"Armaments","floor":18.0},{"not_picked":["Anger","Cold Snap","Acrobatics"],"picked":"SKIP","floor":20.0},{"not_picked":["Cloak And Dagger+1","Quick Slash"],"picked":"Defragment","floor":21.0},{"not_picked":["Noxious Fumes+1","Reflex+1"],"picked":"Barricade","floor":22.0},{"not_picked":["Warcry","Evolve"],"picked":"Blind","floor":28},{"not_picked":["Iron Wave","Inflame"],"picked":"Loop","floor":30},{"not_picked":["Rebound","Backflip"],"picked":"True Grit","floor":31}],"player_experience":4138307,"relics_obtained":[{"floor":9.0,"key":"Old Coin"},{"floor":13.0,"key":"WingedGreaves"}],"event_choices":[{"damage_healed":0.0,"max_hp_gain":5.0,"max_hp_loss":0.0,"gold_gain":0.0,"event_name":"Big Fish","player_choice":"Donut","floor":2.0,"gold_loss":0.0,"damage_taken":0.0},{"cards_removed":["Strike_G"],"damage_healed":0.0,"max_hp_gain":0.0,"max_hp_loss":0.0,"gold_gain":0.0,"event_name":"The Cleric","player_choice":"Card Removal","floor":3.0,"gold_loss":75.0,"damage_taken":0.0},{"cards_removed":["Strike_G"],"damage_healed":0.0,"max_hp_gain":0.0,"max_hp_loss":0.0,"gold_gain":0.0,"event_name":"Living Wall","player_choice":"Forget","floor":10.0,"gold_loss":0.0,"damage_taken":0.0},{"damage_healed":0.0,"max_hp_gain":0.0,"max_hp_loss":0.0,"gold_gain":0.0,"event_name":"Shining Light","player_choice":"Entered Light","floor":12.0,"gold_loss":0.0,"damage_taken":20.0,"cards_upgraded":["Defend_G","Strike_G"]},{"damage_healed":0.0,"max_hp_gain":0.0,"max_hp_loss":0.0,"gold_gain":0.0,"event_name":"Match and Keep!","player_choice":"0 cards matched","floor":19.0,"gold_loss":0.0,"damage_taken":0.0,"cards_obtained":[]},{"damage_healed":0,"gold_gain":0,"player_choice":"Paid Fearfully","damage_taken":0,"max_hp_gain":0,"max_hp_loss":0,"event_name":"Masked Bandits","floor":25,"gold_loss":17}],"is_beta":false,"boss_relics":[{"not_picked":["Fusion Hammer","Lizard Tail"],"picked":"Runic Pyramid"}],"items_purged_floors":[14,24],"is_endless":false,"potions_floor_spawned":[1,4,13,16,21,28,30,31],"killed_by":"Automaton","ascension_level":20}