{"gold_per_floor":[219,219,169,179,199,228,228,37,37,37,52,72,72,89,89,187,187,199,99,114,126,1,1,14,46,46,46,46,145,158,170,170,273,273,284,284,300,300,319,319,319,333,360,360,110,140,140,140,140,140],"floor_reached":51,"playtime":1484,"items_purged":["Strike_G","Strike_G","Strike_G","Defend_G"],"score":847,"play_id":"e32f0919-6c5a-4422-88b3-f22ac05629b5","local_time":"20181101171620","is_ascension_mode":false,"campfire_choices":[{"data":"Neutralize","floor":7.0,"key":"SMITH"},{"data":"Caltrops","floor":10.0,"key":"SMITH"},{"data":"Caltrops","floor":13.0,"key":"SMITH"},{"data":"Noxious Fumes","floor":15.0,"key":"SMITH"},{"data":"Malaise","floor":23.0,"key":"SMITH"},{"data":"Tools of the Trade","floor":27.0,"key":"SMITH"},{"data":"Grand Finale","floor":32.0,"key":"SMITH"},{"data":"Backflip","floor":40,"key":"SMITH"},{"data":"Defend_G","floor":44,"key":"SMITH"},{"floor":49,"key":"REST"}],"neow_cost":"NONE","seed_source_timestamp":26373961046611,"circlet_count":0,"master_deck":["Defend_G+1","Defend_G+1","Defend_G+1","Strike_G+1","Strike_G+1","Survivor+1","Neutralize+1","Terror+1","Caltrops+1","Backflip+1","Leg Sweep+1","Caltrops+1","Tools of the Trade+1","Malaise+1","Grand Finale+1"],"special_seed":0,"relics":["Ring of the Snake","Du-Vu Doll","Singing Bowl","Runic Pyramid","Ancient Tea Set","Orichalcum","Orrery","Juzu Bracelet","Shuriken","Mark of the Bloom"],"potions_floor_usage":[37,39,42,50,50,50],"damage_taken":[{"damage":5.0,"enemies":"Small Slimes","floor":1.0,"turns":5.0},{"damage":1.0,"enemies":"2 Louse","floor":4.0,"turns":2.0},{"damage":0.0,"enemies":"Cultist","floor":5.0,"turns":3.0},{"damage":26.0,"enemies":"3 Sentries","floor":6.0,"turns":10.0},{"damage":1.0,"enemies":"3 Louse","floor":11.0,"turns":3.0},{"damage":0.0,"enemies":"Large Slime","floor":12.0,"turns":7.0},{"damage":0.0,"enemies":"Blue Slaver","floor":14.0,"turns":4.0},{"damage":7.0,"enemies":"Hexaghost","floor":16.0,"turns":9.0},{"damage":0.0,"enemies":"3 Byrds","floor":18.0,"turns":2.0},{"damage":0.0,"enemies":"Chosen","floor":20.0,"turns":6.0},{"damage":0.0,"enemies":"Shelled Parasite and Fungi","floor":21.0,"turns":6.0},{"damage":0.0,"enemies":"Snake Plant","floor":24.0,"turns":7.0},{"damage":33.0,"enemies":"Slavers","floor":25.0,"turns":5.0},{"damage":0.0,"enemies":"Chosen and Byrds","floor":30.0,"turns":5.0},{"damage":0.0,"enemies":"Snecko","floor":31.0,"turns":4.0},{"damage":17.0,"enemies":"Collector","floor":33.0,"turns":5.0},{"damage":0.0,"enemies":"Orb Walker","floor":35.0,"turns":4.0},{"damage":0,"enemies":"3 Darklings","floor":37,"turns":2},{"damage":0,"enemies":"Transient","floor":39,"turns":5},{"damage":0,"enemies":"4 Shapes","floor":42,"turns":5},{"damage":0,"enemies":"Giant Head","floor":46,"turns":5},{"damage":0,"enemies":"Donu and Deca","floor":50,"turns":7}],"seed_played":"8996688801553772278","potions_obtained":[{"floor":4.0,"key":"Fire Potion"},{"floor":5.0,"key":"Ancient Potion"},{"floor":12.0,"key":"Fire Potion"},{"floor":21.0,"key":"SkillPotion"},{"floor":24.0,"key":"GamblersBrew"},{"floor":30.0,"key":"Fire Potion"},{"floor":31.0,"key":"FearPotion"},{"floor":37,"key":"Swift Potion"},{"floor":42,"key":"SkillPotion"}],"is_trial":false,"path_per_floor":["M","?","?","M","M","E","R","$","T","R","M","M","R","M","R","B",null,"M","$","M","M","$","R","M","E","T","R","$","?","M","M","R","B",null,"M","?","M","?","M","R","?","M","T","R","$","E","?","?","R","B"],"character_chosen":"THE_SILENT","items_purchased":["Leg Sweep","Caltrops","Swift Potion","Swift Potion"],"campfire_rested":1,"item_purchase_floors":[8,8,45,45],"current_hp_per_floor":[65,51,51,50,50,24,24,24,24,24,23,25,25,25,25,18,72,74,74,76,78,78,78,80,49,49,49,49,49,49,51,51,36,96,98,98,100,100,102,102,102,104,104,104,104,106,106,101,101,101],"gold":140,"neow_bonus":"HUNDRED_GOLD","is_prod":false,"is_daily":false,"chose_seed":false,"campfire_upgraded":9,"win_rate":0,"timestamp":1541063780,"path_taken":["M","?","?","M","M","E","R","$","T","R","M","?","R","M","R","BOSS","M","$","M","M","$","R","M","E","T","R","$","?","M","M","R","BOSS","M","?","?","?","M","R","?","M","T","R","$","E","?","?","R","BOSS"],"build_version":"2018-10-25v2","purchased_purges":4,"victory":true,"max_hp_per_floor":[70,70,70,70,70,70,70,70,70,70,70,72,72,72,72,72,72,74,74,76,78,78,78,80,82,82,82,82,82,82,84,84,86,96,98,98,100,100,102,102,102,104,104,104,104,106,106,101,101,101],"card_choices":[{"not_picked":["Prepared","Flechettes"],"picked":"Terror","floor":1.0},{"not_picked":["Underhanded Strike","Flying Knee","Slice"],"picked":"SKIP","floor":4.0},{"not_picked":["Slice","Deflect"],"picked":"Caltrops","floor":5.0},{"not_picked":["Blade Dance","Riddle With Holes"],"picked":"Backflip","floor":6.0},{"not_picked":["PiercingWail","Sucker Punch"],"picked":"Tools of the Trade","floor":11.0},{"not_picked":["Sucker Punch","Backflip","Masterful Stab"],"picked":"Singing Bowl","floor":12.0},{"not_picked":["Backflip","Blade Dance"],"picked":"Noxious Fumes","floor":14.0},{"not_picked":["Phantasmal Killer","Wraith Form v2"],"picked":"Malaise","floor":16.0},{"not_picked":["Deflect","Reflex+1","Bane"],"picked":"Singing Bowl","floor":18.0},{"not_picked":["Flechettes+1","Dodge and Roll+1","Endless Agony+1"],"picked":"Singing Bowl","floor":20.0},{"not_picked":["Deadly Poison","Accuracy","Dagger Throw+1"],"picked":"Singing Bowl","floor":21.0},{"not_picked":["Blade Dance+1","Crippling Poison","Cloak And Dagger"],"picked":"Singing Bowl","floor":24.0},{"not_picked":["Acrobatics","Dagger Throw","Flying Knee"],"picked":"Singing Bowl","floor":25.0},{"not_picked":["Distraction","Outmaneuver"],"picked":"Grand Finale","floor":30.0},{"not_picked":["Poisoned Stab","Quick Slash","Blur"],"picked":"Singing Bowl","floor":31.0},{"not_picked":["Envenom","After Image","Night Terror"],"picked":"Singing Bowl","floor":33.0},{"not_picked":["Underhanded Strike+1","Outmaneuver","Bane"],"picked":"Singing Bowl","floor":34.0},{"not_picked":["Setup","Underhanded Strike","Skewer"],"picked":"Singing Bowl","floor":34.0},{"not_picked":["Choke+1","Setup","Leg Sweep"],"picked":"Singing Bowl","floor":34.0},{"not_picked":["Dagger Spray","Catalyst","Dagger Throw"],"picked":"Singing Bowl","floor":34.0},{"not_picked":["Backflip","Blade Dance+1","Finisher+1"],"picked":"Singing Bowl","floor":34.0},{"not_picked":["Slice+1","Cloak And Dagger+1","Flying Knee"],"picked":"Singing Bowl","floor":35.0},{"not_picked":["Catalyst","PiercingWail+1","Doppelganger"],"picked":"Singing Bowl","floor":37},{"not_picked":["PiercingWail+1","Setup+1","Heel Hook"],"picked":"Singing Bowl","floor":39},{"not_picked":["Expertise+1","Backflip","Slice+1"],"picked":"Singing Bowl","floor":42},{"not_picked":["Envenom","Poisoned Stab+1","PiercingWail+1"],"picked":"Singing Bowl","floor":46}],"player_experience":813328,"relics_obtained":[{"floor":6.0,"key":"Du-Vu Doll"},{"floor":9.0,"key":"Singing Bowl"},{"floor":25.0,"key":"Ancient Tea Set"},{"floor":26.0,"key":"Orichalcum"},{"floor":43,"key":"Juzu Bracelet"},{"floor":46,"key":"Shuriken"}],"event_choices":[{"damage_healed":0.0,"max_hp_gain":0.0,"max_hp_loss":0.0,"gold_gain":0.0,"event_name":"Shining Light","player_choice":"Entered Light","floor":2.0,"gold_loss":0.0,"damage_taken":14.0,"cards_upgraded":["Survivor","Terror"]},{"cards_removed":["Defend_G"],"damage_healed":0.0,"max_hp_gain":0.0,"max_hp_loss":0.0,"gold_gain":0.0,"event_name":"The Cleric","player_choice":"Card Removal","floor":3.0,"gold_loss":50.0,"damage_taken":0.0},{"damage_healed":0.0,"max_hp_gain":0.0,"max_hp_loss":0.0,"gold_gain":99.0,"event_name":"Nest","player_choice":"Stole From Cult","floor":29.0,"gold_loss":0.0,"damage_taken":0.0},{"damage_healed":0,"gold_gain":0,"player_choice":"Ignored","damage_taken":0,"max_hp_gain":0,"max_hp_loss":0,"event_name":"Mysterious Sphere","floor":36,"gold_loss":0},{"damage_healed":0,"gold_gain":0,"player_choice":"Upgraded","damage_taken":0,"max_hp_gain":0,"max_hp_loss":0,"event_name":"Upgrade Shrine","floor":38,"gold_loss":0,"cards_upgraded":["Leg Sweep"]},{"cards_removed":["Noxious Fumes"],"damage_healed":0,"gold_gain":0,"player_choice":"Removed Power","damage_taken":0,"max_hp_gain":0,"max_hp_loss":0,"event_name":"Falling","floor":41,"gold_loss":0},{"damage_healed":0,"gold_gain":0,"player_choice":"Upgrade","damage_taken":0,"relics_obtained":["Mark of the Bloom"],"max_hp_gain":0,"max_hp_loss":0,"event_name":"MindBloom","floor":47,"gold_loss":0,"cards_upgraded":["Defend_G","Defend_G","Strike_G","Strike_G"]},{"damage_healed":0,"gold_gain":0,"player_choice":"Max HP","damage_taken":0,"max_hp_gain":0,"max_hp_loss":5,"event_name":"Winding Halls","floor":48,"gold_loss":0}],"is_beta":false,"boss_relics":[{"not_picked":["Philosopher\u0027s Stone","Lizard Tail"],"picked":"Runic Pyramid"},{"not_picked":["Tiny House","HoveringKite"],"picked":"Orrery"}],"items_purged_floors":[8,19,22,45],"is_endless":false,"potions_floor_spawned":[4,5,12,21,24,30,31,33,37,42],"ascension_level":0}