{"gold_per_floor":[119,139,157,176,42,42,72,82,82,28,28,28,43,86,86,86],"floor_reached":16,"playtime":471,"items_purged":["Strike_G"],"score":204,"play_id":"e56febf3-c9b8-4efb-987e-0cde3c99f47f","local_time":"20181125221537","is_ascension_mode":true,"campfire_choices":[{"data":"Deadly Poison","floor":6,"key":"SMITH"},{"data":"Blade Dance","floor":11,"key":"SMITH"},{"data":"Neutralize","floor":15,"key":"SMITH"}],"neow_cost":"NONE","seed_source_timestamp":13819602920296,"circlet_count":0,"master_deck":["AscendersBane","Defend_G","Defend_G","Defend_G","Defend_G","Defend_G","Strike_G","Strike_G","Strike_G","Strike_G","Survivor","Neutralize+1","Deadly Poison+1","Well Laid Plans","Backflip","Blade Dance+1"],"relics":["Ring of the Snake","NeowsBlessing","Odd Mushroom","Shuriken","Golden Idol","Molten Egg 2"],"potions_floor_usage":[7,13,14,14,14,16],"damage_taken":[{"damage":0,"enemies":"Small Slimes","floor":1,"turns":1},{"damage":0,"enemies":"2 Louse","floor":2,"turns":2},{"damage":0,"enemies":"Jaw Worm","floor":3,"turns":1},{"damage":1,"enemies":"2 Fungi Beasts","floor":4,"turns":4},{"damage":23,"enemies":"The Mushroom Lair","floor":7,"turns":6},{"damage":7,"enemies":"Gremlin Gang","floor":8,"turns":6},{"damage":6,"enemies":"Exordium Thugs","floor":13,"turns":5},{"damage":2,"enemies":"Lagavulin","floor":14,"turns":7},{"damage":23,"enemies":"Slime Boss","floor":16,"turns":7}],"seed_played":"5899688110736253976","potions_obtained":[{"floor":3,"key":"Block Potion"},{"floor":8,"key":"Poison Potion"},{"floor":13,"key":"EntropicBrew"},{"floor":14,"key":"FearPotion"}],"is_trial":false,"path_per_floor":["M","M","M","M","$","R","?","M","T","$","R","?","M","E","R","B"],"character_chosen":"THE_SILENT","items_purchased":["Backflip","Blade Dance"],"campfire_rested":0,"item_purchase_floors":[5,10],"current_hp_per_floor":[59,59,59,58,58,58,35,28,28,28,28,28,22,20,20,0],"gold":86,"neow_bonus":"THREE_ENEMY_KILL","is_prod":false,"is_daily":false,"chose_seed":false,"campfire_upgraded":3,"win_rate":0,"timestamp":1543155337,"path_taken":["M","M","M","M","$","R","?","M","T","$","R","?","M","E","R","BOSS"],"build_version":"2018-11-15","purchased_purges":1,"victory":false,"max_hp_per_floor":[66,66,66,66,66,66,66,66,66,66,66,60,60,60,60,60],"card_choices":[{"not_picked":["Sucker Punch","Deflect","Blade Dance"],"picked":"SKIP","floor":1},{"not_picked":["Flying Knee","Heel Hook"],"picked":"Deadly Poison","floor":2},{"not_picked":["Acrobatics","Blade Dance"],"picked":"Well Laid Plans","floor":3},{"not_picked":["Dagger Throw","Flying Knee","Dagger Spray"],"picked":"SKIP","floor":4},{"not_picked":["Reflex","Quick Slash","Setup"],"picked":"SKIP","floor":8},{"not_picked":["Blade Dance","Terror","Flying Knee"],"picked":"SKIP","floor":13},{"not_picked":["Tools of the Trade","Deadly Poison","Blade Dance"],"picked":"SKIP","floor":14}],"player_experience":1160523,"relics_obtained":[{"floor":7,"key":"Odd Mushroom"},{"floor":9,"key":"Shuriken"},{"floor":14,"key":"Molten Egg 2"}],"event_choices":[{"damage_healed":0,"gold_gain":0,"player_choice":"Fought Mushrooms","damage_taken":0,"max_hp_gain":0,"max_hp_loss":0,"event_name":"Mushrooms","floor":7,"gold_loss":0},{"damage_healed":0,"gold_gain":0,"player_choice":"Lose Max HP","damage_taken":0,"relics_obtained":["Golden Idol"],"max_hp_gain":0,"max_hp_loss":6,"event_name":"Golden Idol","floor":12,"gold_loss":0}],"is_beta":true,"boss_relics":[],"items_purged_floors":[5],"is_endless":false,"potions_floor_spawned":[3,8,13,14],"killed_by":"Slime Boss","ascension_level":20}