{"gold_per_floor":[113,113,73,88,107,107,126,126,126,126,126,139,164,183,183,281,281,295,295,314,327,109,109,139,139,139,39,39,49,49,49,49,148,148,163,38,52,16,36,36,47,47,47,57,73,73,89,89,89,89],"floor_reached":51,"playtime":2295,"items_purged":["Strike_G","Defend_G","Strike_G"],"score":696,"play_id":"e4fe5bc1-f272-40e2-b446-7a711a4aa28c","local_time":"20181022080106","is_ascension_mode":false,"campfire_choices":[{"data":"Noxious Fumes","floor":6.0,"key":"SMITH"},{"data":"Crippling Poison","floor":8.0,"key":"SMITH"},{"data":"Neutralize","floor":11.0,"key":"SMITH"},{"data":"Envenom","floor":15.0,"key":"SMITH"},{"data":"Wraith Form v2","floor":23.0,"key":"SMITH"},{"data":"Night Terror","floor":25.0,"key":"SMITH"},{"data":"Footwork","floor":28.0,"key":"SMITH"},{"data":"Corpse Explosion","floor":30.0,"key":"SMITH"},{"data":"Backflip","floor":32.0,"key":"SMITH"},{"data":"Night Terror","floor":40.0,"key":"SMITH"},{"data":"Footwork","floor":46.0,"key":"SMITH"},{"data":"Grand Finale","floor":49.0,"key":"SMITH"}],"neow_cost":"NONE","seed_source_timestamp":0,"circlet_count":0,"master_deck":["Defend_G","Defend_G","Strike_G","Survivor","Neutralize+1","Unload","Crippling Poison+1","Noxious Fumes+1","Backflip+1","Escape Plan","Envenom+1","Terror","Corpse Explosion+1","Footwork+1","Wraith Form v2+1","Night Terror+1","Night Terror+1","Well Laid Plans+1","Escape Plan+1","Envenom+1","Footwork+1","Venomology","Backflip+1","Grand Finale+1"],"special_seed":0,"relics":["Pen Nib","Letter Opener","Darkstone Periapt","Coffee Dripper","Nloth\u0027s Gift","Snake Skull","Singing Bowl","Centennial Puzzle","Astrolabe","Question Card"],"potions_floor_usage":[50,50,50,50,50,50,50,50,50,50,50,50,50,50,50],"damage_taken":[{"damage":0.0,"enemies":"2 Louse","floor":1.0,"turns":3.0},{"damage":0.0,"enemies":"Jaw Worm","floor":4.0,"turns":3.0},{"damage":0.0,"enemies":"Small Slimes","floor":5.0,"turns":3.0},{"damage":0.0,"enemies":"2 Fungi Beasts","floor":7.0,"turns":3.0},{"damage":0.0,"enemies":"Large Slime","floor":12.0,"turns":5.0},{"damage":14.0,"enemies":"3 Sentries","floor":13.0,"turns":7.0},{"damage":7.0,"enemies":"Looter","floor":14.0,"turns":3.0},{"damage":6.0,"enemies":"The Guardian","floor":16.0,"turns":7.0},{"damage":2.0,"enemies":"Chosen","floor":18.0,"turns":4.0},{"damage":2.0,"enemies":"3 Byrds","floor":20.0,"turns":3.0},{"damage":2.0,"enemies":"3 Cultists","floor":21.0,"turns":3.0},{"damage":29.0,"enemies":"Book of Stabbing","floor":24.0,"turns":6.0},{"damage":5.0,"enemies":"Sentry and Sphere","floor":29.0,"turns":6.0},{"damage":0.0,"enemies":"Chosen and Byrds","floor":31.0,"turns":1.0},{"damage":11.0,"enemies":"Champ","floor":33.0,"turns":12.0},{"damage":2.0,"enemies":"3 Darklings","floor":35.0,"turns":3.0},{"damage":0.0,"enemies":"3 Shapes","floor":37.0,"turns":3.0},{"damage":20.0,"enemies":"Jaw Worm Horde","floor":39.0,"turns":3.0},{"damage":11.0,"enemies":"Transient","floor":41.0,"turns":5.0},{"damage":3.0,"enemies":"Maw","floor":44.0,"turns":7.0},{"damage":4.0,"enemies":"Writhing Mass","floor":45.0,"turns":8.0},{"damage":2.0,"enemies":"Sphere and 2 Shapes","floor":47.0,"turns":4.0},{"damage":60,"enemies":"Time Eater","floor":50,"turns":14}],"seed_played":"4667052104231267809","potions_obtained":[{"floor":1.0,"key":"Weak Potion"},{"floor":4.0,"key":"Dexterity Potion"},{"floor":12.0,"key":"EntropicBrew"},{"floor":14.0,"key":"SmokeBomb"},{"floor":33.0,"key":"PowerPotion"},{"floor":39.0,"key":"GamblersBrew"},{"floor":41.0,"key":"Poison Potion"},{"floor":47.0,"key":"Poison Potion"}],"is_trial":false,"path_per_floor":["M","?","$","M","M","R","M","R","T","?","R","M","E","M","R","B",null,"M","?","M","M","$","R","E","R","T","$","R","M","R","M","R","B",null,"M","$","M","$","M","R","M","?","T","M","M","R","M","?","R","B"],"character_chosen":"THE_SILENT","items_purchased":["Noxious Fumes","Snake Skull","Footwork"],"campfire_rested":0,"item_purchase_floors":[3,22,38],"current_hp_per_floor":[70,70,70,70,70,70,70,70,70,67,67,67,53,46,46,40,70,68,68,66,64,64,64,35,35,35,35,35,32,32,32,32,21,72,72,72,74,74,54,54,43,45,45,44,42,42,40,72,72,12],"gold":89,"neow_bonus":"ONE_RANDOM_RARE_CARD","is_prod":false,"is_daily":false,"chose_seed":false,"campfire_upgraded":12,"win_rate":0,"timestamp":1540166466,"path_taken":["M","?","$","M","M","R","M","R","T","?","R","M","E","M","R","BOSS","M","?","M","M","$","R","E","R","T","$","R","M","R","M","R","BOSS","M","$","M","$","M","R","M","?","T","M","M","R","M","?","R","BOSS"],"build_version":"2018-10-18","purchased_purges":3,"victory":true,"max_hp_per_floor":[70,70,70,70,70,70,70,70,70,70,70,70,70,70,70,70,70,70,70,70,70,70,70,70,70,70,70,70,72,72,72,72,72,72,74,74,76,76,76,76,76,78,78,80,82,82,82,72,72,72],"card_choices":[{"not_picked":["Underhanded Strike","Bane","Deflect"],"picked":"SKIP","floor":1.0},{"not_picked":["Predator","Heel Hook"],"picked":"Backflip","floor":4.0},{"not_picked":["Outmaneuver","Prepared","Masterful Stab"],"picked":"SKIP","floor":5.0},{"not_picked":["Slice","Bane","Dodge and Roll"],"picked":"SKIP","floor":7.0},{"not_picked":["Blur","Finisher"],"picked":"Escape Plan","floor":12.0},{"not_picked":["Dash","Masterful Stab"],"picked":"Envenom","floor":13.0},{"not_picked":["Dash","Outmaneuver"],"picked":"Terror","floor":14.0},{"not_picked":["Tools of the Trade","Unload"],"picked":"Corpse Explosion","floor":16.0},{"not_picked":["All Out Attack","Dash"],"picked":"Footwork","floor":18.0},{"not_picked":["Quick Slash","Flying Knee+1","Dagger Throw+1"],"picked":"SKIP","floor":20.0},{"not_picked":["Skewer+1","Deflect+1"],"picked":"Wraith Form v2","floor":21.0},{"not_picked":["Unload","Quick Slash"],"picked":"Night Terror","floor":24.0},{"not_picked":["Cloak And Dagger","Quick Slash","Accuracy"],"picked":"Singing Bowl","floor":29.0},{"not_picked":["Grand Finale","Glass Knife"],"picked":"Night Terror","floor":33.0},{"not_picked":["Quick Slash","Expertise+1","Dagger Spray"],"picked":"Singing Bowl","floor":35.0},{"not_picked":["Dodge and Roll","Flying Knee","Dagger Spray+1"],"picked":"Singing Bowl","floor":37.0},{"not_picked":["Backflip+1","Heel Hook+1"],"picked":"Venomology","floor":39.0},{"not_picked":["Flying Knee+1","Bane+1"],"picked":"Backflip+1","floor":41.0},{"not_picked":["Deep Breath","Purity","HandOfGreed"],"picked":"Singing Bowl","floor":42.0},{"not_picked":["PiercingWail+1","Sucker Punch+1","Slice","Dodge and Roll"],"picked":"Singing Bowl","floor":44.0},{"not_picked":["Underhanded Strike","Cloak And Dagger","Dodge and Roll+1","Dagger Throw+1"],"picked":"Singing Bowl","floor":45.0},{"not_picked":["Underhanded Strike+1","Dagger Spray+1","Noxious Fumes"],"picked":"Grand Finale","floor":47.0}],"player_experience":485795,"relics_obtained":[{"floor":9.0,"key":"Pen Nib"},{"floor":13.0,"key":"Darkstone Periapt"},{"floor":24.0,"key":"Singing Bowl"},{"floor":26.0,"key":"Centennial Puzzle"},{"floor":43.0,"key":"Question Card"}],"event_choices":[{"damage_healed":0.0,"max_hp_gain":0.0,"max_hp_loss":0.0,"gold_gain":0.0,"cards_transformed":["Strike_G"],"event_name":"Living Wall","player_choice":"Change","floor":2.0,"gold_loss":0.0,"damage_taken":0.0,"cards_obtained":["Crippling Poison"]},{"damage_healed":0.0,"max_hp_gain":0.0,"max_hp_loss":0.0,"gold_gain":0.0,"event_name":"Scrap Ooze","player_choice":"Success","floor":10.0,"gold_loss":0.0,"damage_taken":3.0,"relics_obtained":["Letter Opener"]},{"damage_healed":0.0,"max_hp_gain":0.0,"max_hp_loss":0.0,"gold_gain":0.0,"event_name":"N\u0027loth","player_choice":"Traded Relic","floor":19.0,"relics_lost":["Ring of the Snake"],"gold_loss":0.0,"damage_taken":0.0,"relics_obtained":["Nloth\u0027s Gift"]},{"damage_healed":0.0,"max_hp_gain":0.0,"max_hp_loss":0.0,"gold_gain":0.0,"event_name":"SensoryStone","player_choice":"Memory 1","floor":42.0,"gold_loss":0.0,"damage_taken":0.0},{"damage_healed":72.0,"max_hp_gain":0.0,"max_hp_loss":10.0,"gold_gain":0.0,"event_name":"The Moai Head","player_choice":"Heal","floor":48.0,"gold_loss":0.0,"damage_taken":0.0}],"is_beta":false,"boss_relics":[{"not_picked":["Busted Crown","Pandora\u0027s Box"],"picked":"Coffee Dripper"},{"not_picked":["HoveringKite","Empty Cage"],"picked":"Astrolabe"}],"items_purged_floors":[22,27,36],"is_endless":false,"potions_floor_spawned":[1,4,12,14,18,21,29,33,39,41,44,47],"ascension_level":0}