{"gold_per_floor":[116,41,116,41,41,84,84,125,125,71,71,86,107,126,126,219,219,242,242,242],"floor_reached":20,"playtime":595,"items_purged":["Strike_G"],"score":460,"play_id":"9ddf3e34-ee48-4257-bec0-cba40bd7057b","local_time":"20190128203638","is_ascension_mode":true,"campfire_choices":[{"data":"Cloak And Dagger","floor":11,"key":"SMITH"},{"data":"Neutralize","floor":15,"key":"SMITH"}],"neow_cost":"NONE","seed_source_timestamp":40881650630176,"circlet_count":0,"master_deck":["AscendersBane","Defend_G","Defend_G","Defend_G","Defend_G","Defend_G","Strike_G","Strike_G","Strike_G","Survivor","Neutralize+1","Predator","Skewer","Cloak And Dagger+1","Footwork","Well Laid Plans","After Image","Accuracy"],"relics":["Ring of the Snake","NeowsBlessing","Golden Idol","Pantograph","Incense Burner","Shuriken","Busted Crown","Nilry\u0027s Codex"],"potions_floor_usage":[16,16],"damage_taken":[{"damage":0,"enemies":"Cultist","floor":1,"turns":1},{"damage":0,"enemies":"Lagavulin","floor":6,"turns":2},{"damage":0,"enemies":"Gremlin Nob","floor":8,"turns":1},{"damage":0,"enemies":"2 Louse","floor":12,"turns":2},{"damage":7,"enemies":"Small Slimes","floor":13,"turns":3},{"damage":0,"enemies":"2 Fungi Beasts","floor":14,"turns":4},{"damage":2,"enemies":"Hexaghost","floor":16,"turns":12},{"damage":4,"enemies":"3 Byrds","floor":18,"turns":7},{"damage":27,"enemies":"Masked Bandits","floor":20,"turns":3}],"seed_played":"-8884871758215868276","potions_obtained":[{"floor":8,"key":"SpeedPotion"},{"floor":12,"key":"Block Potion"}],"is_trial":false,"path_per_floor":["M","$","?","?","?","E","?","E","T","$","R","M","M","M","R","B",null,"M","?","?"],"character_chosen":"THE_SILENT","items_purchased":["Cloak And Dagger"],"campfire_rested":0,"item_purchase_floors":[10],"current_hp_per_floor":[59,59,48,48,48,48,13,13,13,13,13,13,6,6,6,29,52,48,27,0],"gold":242,"neow_bonus":"THREE_ENEMY_KILL","is_prod":false,"is_daily":false,"chose_seed":false,"campfire_upgraded":2,"win_rate":0,"timestamp":1548678998,"path_taken":["M","$","?","?","?","E","?","E","T","?","R","M","M","M","R","BOSS","M","?","?"],"build_version":"2019-01-23","purchased_purges":1,"victory":false,"max_hp_per_floor":[66,66,66,66,60,60,60,60,60,60,60,60,60,60,60,60,60,60,60,60],"card_choices":[{"not_picked":["Blade Dance","Poisoned Stab","Slice"],"picked":"SKIP","floor":1},{"not_picked":["Prepared","Wraith Form v2"],"picked":"Predator","floor":6},{"not_picked":["Dagger Throw","Expertise"],"picked":"Skewer","floor":8},{"not_picked":["Underhanded Strike","Deadly Poison"],"picked":"Footwork","floor":12},{"not_picked":["Riddle With Holes","Outmaneuver","Dagger Throw"],"picked":"SKIP","floor":13},{"not_picked":["Noxious Fumes","Cloak And Dagger"],"picked":"Well Laid Plans","floor":14},{"not_picked":["Unload","Burst"],"picked":"After Image","floor":16},{"not_picked":[],"picked":"Accuracy","floor":18}],"player_experience":1377199,"relics_obtained":[{"floor":6,"key":"Pantograph"},{"floor":8,"key":"Shuriken"},{"floor":19,"key":"Nilry\u0027s Codex"}],"event_choices":[{"damage_healed":0,"gold_gain":75,"player_choice":"Gather Gold","damage_taken":11,"max_hp_gain":0,"max_hp_loss":0,"event_name":"World of Goop","floor":3,"gold_loss":0},{"cards_removed":["Strike_G"],"damage_healed":0,"gold_gain":0,"player_choice":"Card Removal","damage_taken":0,"max_hp_gain":0,"max_hp_loss":0,"event_name":"The Cleric","floor":4,"gold_loss":75},{"damage_healed":0,"gold_gain":0,"player_choice":"Lose Max HP","damage_taken":0,"relics_obtained":["Golden Idol"],"max_hp_gain":0,"max_hp_loss":6,"event_name":"Golden Idol","floor":5,"gold_loss":0},{"damage_healed":0,"gold_gain":0,"player_choice":"Success","damage_taken":35,"relics_obtained":["Incense Burner"],"max_hp_gain":0,"max_hp_loss":0,"event_name":"Scrap Ooze","floor":7,"gold_loss":0},{"damage_healed":0,"gold_gain":0,"player_choice":"Obtained Book","damage_taken":21,"max_hp_gain":0,"max_hp_loss":0,"event_name":"Cursed Tome","floor":19,"gold_loss":0},{"damage_healed":0,"gold_gain":0,"player_choice":"Fought Bandits","damage_taken":0,"max_hp_gain":0,"max_hp_loss":0,"event_name":"Masked Bandits","floor":20,"gold_loss":0}],"is_beta":true,"boss_relics":[{"not_picked":["Cursed Key","Snecko Eye"],"picked":"Busted Crown"}],"items_purged_floors":[2],"is_endless":false,"potions_floor_spawned":[8,12,13],"killed_by":"Masked Bandits","ascension_level":20}