{"gold_per_floor":[360,373,53,66,81,109,109,127,127,127,202,233,247,247],"floor_reached":14,"playtime":437,"items_purged":[],"score":204,"play_id":"af673865-16f3-47a5-8ea1-a9c8ee889f07","local_time":"20190415121102","is_ascension_mode":true,"campfire_choices":[{"data":"Acrobatics","floor":7.0,"key":"SMITH"},{"data":"Cloak And Dagger","floor":10,"key":"SMITH"}],"neow_cost":"TEN_PERCENT_HP_LOSS","seed_source_timestamp":3097186216306,"circlet_count":0,"master_deck":["AscendersBane","Defend_G","Defend_G","Defend_G","Defend_G","Defend_G","Strike_G","Strike_G","Strike_G","Strike_G","Strike_G","Survivor","Neutralize","Concentrate","Acrobatics+1","Die Die Die","Cloak And Dagger+1","Blade Dance","Backflip","Well Laid Plans"],"special_seed":0,"relics":["Ring of the Snake","Shuriken","Letter Opener","The Courier","Molten Egg 2"],"potions_floor_usage":[12],"damage_taken":[{"damage":6.0,"enemies":"Cultist","floor":1.0,"turns":5.0},{"damage":3.0,"enemies":"2 Louse","floor":2.0,"turns":4.0},{"damage":1.0,"enemies":"Small Slimes","floor":4.0,"turns":4.0},{"damage":1.0,"enemies":"Blue Slaver","floor":5.0,"turns":2.0},{"damage":11.0,"enemies":"Gremlin Nob","floor":6.0,"turns":3.0},{"damage":7,"enemies":"Exordium Thugs","floor":8,"turns":4},{"damage":13,"enemies":"Lagavulin","floor":12,"turns":6},{"damage":2,"enemies":"3 Louse","floor":13,"turns":3},{"damage":3,"enemies":"Gremlin Nob","floor":14,"turns":3}],"seed_played":"5441629265739361911","potions_obtained":[{"floor":1.0,"key":"PowerPotion"},{"floor":5.0,"key":"SteroidPotion"}],"is_trial":false,"path_per_floor":["M","M","$","M","M","E","R","M","T","R","?","E","M","E"],"character_chosen":"THE_SILENT","items_purchased":["Shuriken","Acrobatics"],"campfire_rested":0,"item_purchase_floors":[3,3],"current_hp_per_floor":[53,50,50,49,48,37,37,30,30,30,19,6,4,1],"gold":247,"neow_bonus":"TWO_FIFTY_GOLD","is_prod":false,"is_daily":false,"chose_seed":false,"campfire_upgraded":2,"win_rate":0,"timestamp":1555301462,"path_taken":["M","M","$","M","?","E","R","M","T","R","?","E","M","E"],"build_version":"2019-01-23","purchased_purges":0,"victory":false,"max_hp_per_floor":[60,60,60,60,60,60,60,60,60,60,60,60,60,60],"card_choices":[{"not_picked":["Dagger Throw","Sucker Punch"],"picked":"Concentrate","floor":1.0},{"not_picked":["PiercingWail","Underhanded Strike","Dagger Spray"],"picked":"SKIP","floor":2.0},{"not_picked":["Flying Knee","Choke"],"picked":"Die Die Die","floor":4.0},{"not_picked":["Acrobatics","PiercingWail"],"picked":"Cloak And Dagger","floor":5.0},{"not_picked":["Setup","Escape Plan"],"picked":"Blade Dance","floor":6.0},{"not_picked":["Blade Dance","Flying Knee"],"picked":"Backflip","floor":8},{"not_picked":["A Thousand Cuts","Distraction"],"picked":"Well Laid Plans","floor":12},{"not_picked":["Backflip","Dodge and Roll","Deflect"],"picked":"SKIP","floor":13}],"player_experience":4293722,"relics_obtained":[{"floor":6.0,"key":"Letter Opener"},{"floor":9,"key":"The Courier"},{"floor":12,"key":"Molten Egg 2"}],"event_choices":[{"damage_healed":0,"gold_gain":75,"player_choice":"Gather Gold","damage_taken":11,"max_hp_gain":0,"max_hp_loss":0,"event_name":"World of Goop","floor":11,"gold_loss":0}],"is_beta":false,"boss_relics":[],"items_purged_floors":[],"is_endless":false,"potions_floor_spawned":[1,5],"killed_by":"Gremlin Nob","ascension_level":20}