{"gold_per_floor":[118,118,136,61,75,75,1,1,1,1,17,44,44,63,63,158,158,178,197,197,226,241,241,253,153,153,153],"floor_reached":27,"playtime":556,"items_purged":["Strike_B","Strike_B"],"score":341,"play_id":"b141cf6f-02ef-4743-a05a-e0b254da5fb9","local_time":"20181026140407","is_ascension_mode":true,"campfire_choices":[{"data":"Zap","floor":6,"key":"SMITH"},{"data":"Streamline","floor":10,"key":"SMITH"},{"data":"Hologram","floor":13,"key":"SMITH"},{"data":"Go for the Eyes","floor":15,"key":"SMITH"},{"data":"Beam Cell","floor":23,"key":"SMITH"}],"neow_cost":"NONE","seed_source_timestamp":81576096714093,"circlet_count":0,"master_deck":["Strike_B","Strike_B","Defend_B","Defend_B","Defend_B","Defend_B","Zap+1","Dualcast","AscendersBane","Barrage+1","Coolheaded","Streamline+1","Ball Lightning","Go for the Eyes+1","Hologram+1","Gash","Electrodynamics","Beam Cell+1","Ball Lightning"],"relics":["Cracked Core","NeowsBlessing","Question Card","Strawberry","Busted Crown","Red Mask","Cables"],"potions_floor_usage":[2,21,24],"damage_taken":[{"damage":0,"enemies":"2 Louse","floor":1,"turns":1},{"damage":0,"enemies":"Cultist","floor":3,"turns":1},{"damage":0,"enemies":"Small Slimes","floor":5,"turns":1},{"damage":2,"enemies":"Red Slaver","floor":11,"turns":3},{"damage":16,"enemies":"Gremlin Nob","floor":12,"turns":3},{"damage":3,"enemies":"Blue Slaver","floor":14,"turns":2},{"damage":11,"enemies":"Slime Boss","floor":16,"turns":6},{"damage":5,"enemies":"Chosen","floor":18,"turns":3},{"damage":17,"enemies":"Shell Parasite","floor":19,"turns":5},{"damage":9,"enemies":"Masked Bandits","floor":21,"turns":3},{"damage":18,"enemies":"Snecko","floor":22,"turns":4},{"damage":16,"enemies":"Centurion and Healer","floor":24,"turns":5},{"damage":28,"enemies":"Book of Stabbing","floor":27,"turns":3}],"seed_played":"2749527825986235566","potions_obtained":[{"floor":1,"key":"AttackPotion"},{"floor":2,"key":"FairyPotion"},{"floor":2,"key":"Fruit Juice"},{"floor":2,"key":"Fire Potion"},{"floor":21,"key":"Swift Potion"}],"is_trial":false,"path_per_floor":["M","?","M","$","M","R","$","?","T","R","M","E","R","M","R","B",null,"M","M","?","?","M","R","M","$","T"],"character_chosen":"DEFECT","items_purchased":["Ball Lightning","Go for the Eyes"],"campfire_rested":0,"item_purchase_floors":[7,7],"current_hp_per_floor":[68,73,73,73,73,73,73,73,73,73,71,62,62,59,59,48,77,72,55,55,46,28,28,12,12,12,0],"gold":153,"neow_bonus":"THREE_ENEMY_KILL","is_prod":false,"is_daily":false,"chose_seed":false,"campfire_upgraded":5,"win_rate":0,"timestamp":1540533847,"path_taken":["M","?","M","$","M","R","$","?","T","R","M","E","R","?","R","BOSS","M","M","?","?","?","R","?","$","T","E"],"build_version":"2018-10-25","purchased_purges":2,"victory":false,"max_hp_per_floor":[75,80,80,80,80,80,80,80,80,80,80,87,87,87,87,87,87,87,87,87,87,87,87,87,87,87,87],"card_choices":[{"not_picked":["Doom and Gloom","Sweeping Beam"],"picked":"Barrage","floor":1},{"not_picked":["Barrage","Redo"],"picked":"Coolheaded","floor":3},{"not_picked":["Rebound","Fission"],"picked":"Streamline","floor":5},{"not_picked":["Cold Snap","Turbo","Darkness"],"picked":"Hologram","floor":11},{"not_picked":["Compile Driver","Chaos","Force Field"],"picked":"Gash","floor":12},{"not_picked":["Recycle","Rebound","Sweeping Beam","Go for the Eyes"],"picked":"SKIP","floor":14},{"not_picked":["All For One","Seek","Multi-Cast"],"picked":"Electrodynamics","floor":16},{"not_picked":["Aggregate"],"picked":"Beam Cell","floor":18},{"not_picked":["Scrape","Cold Snap"],"picked":"SKIP","floor":19},{"not_picked":["Beam Cell","Reprogram"],"picked":"SKIP","floor":22},{"not_picked":["Redo"],"picked":"Ball Lightning","floor":24}],"player_experience":399517,"relics_obtained":[{"floor":9,"key":"Question Card"},{"floor":12,"key":"Strawberry"},{"floor":21,"key":"Red Mask"},{"floor":26,"key":"Cables"}],"event_choices":[{"damage_healed":0,"gold_gain":0,"player_choice":"Got Potions","damage_taken":0,"max_hp_gain":0,"max_hp_loss":0,"event_name":"The Lab","floor":2,"gold_loss":0},{"damage_healed":0,"gold_gain":0,"player_choice":"Upgraded","damage_taken":0,"max_hp_gain":0,"max_hp_loss":0,"event_name":"Upgrade Shrine","floor":8,"gold_loss":0,"cards_upgraded":["Barrage"]},{"damage_healed":0,"gold_gain":0,"player_choice":"Ignored","damage_taken":0,"max_hp_gain":0,"max_hp_loss":0,"event_name":"Cursed Tome","floor":20,"gold_loss":0},{"damage_healed":0,"gold_gain":0,"player_choice":"Fought Bandits","damage_taken":0,"max_hp_gain":0,"max_hp_loss":0,"event_name":"Masked Bandits","floor":21,"gold_loss":0}],"is_beta":false,"boss_relics":[{"not_picked":["FrozenCore","Philosopher\u0027s Stone"],"picked":"Busted Crown"}],"items_purged_floors":[4,25],"is_endless":false,"potions_floor_spawned":[1,3,21,22],"killed_by":"Book of Stabbing","ascension_level":12}