{"gold_per_floor":[115,115,135,135,152,152,187,187,187,187,61,61,61,61,61,156,156,170,41,62,112,132,132,151,151,151,192,211,211,211,211,211,282,282,295,295,309,184,199,199,199],"floor_reached":41,"playtime":2256,"items_purged":["Pain","Strike_G","Concentrate+1"],"score":814,"play_id":"4cbf3227-18f3-4237-9b2e-0a6cbbb3a5d5","local_time":"20190730160357","is_ascension_mode":true,"campfire_choices":[{"data":"Sucker Punch","floor":6.0,"key":"SMITH"},{"floor":10.0,"key":"REST"},{"data":"Die Die Die","floor":12.0,"key":"SMITH"},{"floor":15.0,"key":"REST"},{"floor":23.0,"key":"REST"},{"floor":29.0,"key":"RECALL"},{"floor":32.0,"key":"REST"},{"floor":40,"key":"REST"}],"neow_cost":"NONE","seed_source_timestamp":64752118194711,"circlet_count":0,"master_deck":["AscendersBane","Defend_G","Defend_G","Defend_G","Defend_G","Survivor","Neutralize","Sucker Punch+1","Die Die Die+1","Cloak And Dagger","Wraith Form v2","Deadly Poison","Acrobatics","Well Laid Plans","Noxious Fumes","Ghostly","Ghostly","Ghostly","Blur+1","Dodge and Roll","Grand Finale","Envenom+1","Eviscerate+1","Quick Slash+1","Acrobatics","Noxious Fumes"],"special_seed":0,"relics":["Sozu","Letter Opener","Ninja Scroll","WarpedTongs","Sundial","Bloody Idol","Fusion Hammer","Dodecahedron","Whetstone","Astrolabe"],"potions_floor_usage":[],"damage_taken":[{"damage":2.0,"enemies":"Jaw Worm","floor":1.0,"turns":7.0},{"damage":1.0,"enemies":"Cultist","floor":3.0,"turns":4.0},{"damage":0.0,"enemies":"2 Louse","floor":5.0,"turns":2.0},{"damage":47.0,"enemies":"Gremlin Nob","floor":7.0,"turns":5.0},{"damage":37.0,"enemies":"Slime Boss","floor":16.0,"turns":16.0},{"damage":2.0,"enemies":"Chosen","floor":18.0,"turns":5.0},{"damage":8.0,"enemies":"2 Thieves","floor":20.0,"turns":3.0},{"damage":2.0,"enemies":"Snake Plant","floor":22.0,"turns":4.0},{"damage":17.0,"enemies":"Shelled Parasite and Fungi","floor":24.0,"turns":5.0},{"damage":6.0,"enemies":"Slavers","floor":27.0,"turns":7.0},{"damage":1.0,"enemies":"Cultist and Chosen","floor":28.0,"turns":7.0},{"damage":17.0,"enemies":"Automaton","floor":33.0,"turns":12.0},{"damage":12.0,"enemies":"Orb Walker","floor":35.0,"turns":4.0},{"damage":6.0,"enemies":"3 Darklings","floor":37.0,"turns":5.0},{"damage":16,"enemies":"Spire Growth","floor":39,"turns":6},{"damage":49,"enemies":"Nemesis","floor":41,"turns":9}],"seed_played":"3890680436612673642","potions_obtained":[],"is_trial":false,"path_per_floor":["M","?","M","T","M","R","E","?","T","R","$","R","?","?","R","B",null,"M","$","M","?","M","R","M","?","T","E","M","R","?","?","R","B",null,"M","?","M","$","M","R","E"],"character_chosen":"THE_SILENT","items_purchased":["Cloak And Dagger","Acrobatics"],"campfire_rested":5,"item_purchase_floors":[11,19],"current_hp_per_floor":[57,57,56,56,56,56,9,9,9,28,28,28,21,21,39,2,46,44,44,36,36,34,52,35,30,30,24,23,23,23,23,30,18,27,20,20,19,19,8,17,0],"gold":199,"neow_bonus":"BOSS_RELIC","is_prod":false,"is_daily":false,"chose_seed":false,"campfire_upgraded":2,"win_rate":0,"timestamp":1564495437,"path_taken":["M","?","M","?","?","R","E","?","T","R","?","R","?","?","R","BOSS","M","$","M","?","M","R","M","?","T","E","M","R","?","?","R","BOSS","M","?","M","?","M","R","E"],"build_version":"2019-07-17","purchased_purges":3,"victory":false,"max_hp_per_floor":[66,66,66,66,66,66,66,66,66,66,66,66,66,60,60,60,60,60,60,60,60,60,60,60,30,30,30,30,30,30,30,30,30,30,30,30,30,30,30,30,30],"card_choices":[{"not_picked":["Underhanded Strike","Eviscerate"],"picked":"Riddle With Holes","floor":1.0},{"not_picked":["Accuracy","Flying Knee"],"picked":"Sucker Punch","floor":3.0},{"not_picked":["Deadly Poison","Cloak And Dagger"],"picked":"Die Die Die","floor":5.0},{"not_picked":["Accuracy","Outmaneuver","Distraction"],"picked":"SKIP","floor":7.0},{"not_picked":["Phantasmal Killer","A Thousand Cuts"],"picked":"Wraith Form v2","floor":16.0},{"not_picked":["Prepared","Flying Knee"],"picked":"Deadly Poison","floor":18.0},{"not_picked":["Underhanded Strike","Heel Hook+1"],"picked":"Well Laid Plans","floor":20.0},{"not_picked":["Dodge and Roll","Outmaneuver+1","Bane"],"picked":"SKIP","floor":22.0},{"not_picked":["Deadly Poison","Tactician"],"picked":"Noxious Fumes","floor":24.0},{"not_picked":["Sucker Punch","Poisoned Stab"],"picked":"Blur+1","floor":27.0},{"not_picked":["Tactician","Outmaneuver+1","Flying Knee"],"picked":"SKIP","floor":28.0},{"not_picked":["Venomology","Unload"],"picked":"Grand Finale","floor":33.0},{"not_picked":["Bane","Blur"],"picked":"Quick Slash+1","floor":35.0},{"not_picked":["Dagger Throw","Outmaneuver"],"picked":"Acrobatics","floor":37.0},{"not_picked":["Deflect+1","Caltrops"],"picked":"Noxious Fumes","floor":39}],"player_experience":796450,"relics_obtained":[{"floor":4.0,"key":"Letter Opener"},{"floor":7.0,"key":"Ninja Scroll"},{"floor":9.0,"key":"Sundial"},{"floor":26.0,"key":"Dodecahedron"},{"floor":27.0,"key":"Whetstone"}],"event_choices":[{"damage_healed":0.0,"max_hp_gain":0.0,"max_hp_loss":0.0,"gold_gain":0.0,"event_name":"Liars Game","player_choice":"Ignored","floor":2.0,"gold_loss":0.0,"damage_taken":0.0},{"damage_healed":0.0,"max_hp_gain":0.0,"max_hp_loss":0.0,"gold_gain":0.0,"event_name":"Accursed Blacksmith","player_choice":"Rummage","floor":8.0,"gold_loss":0.0,"damage_taken":0.0,"relics_obtained":["WarpedTongs"],"cards_obtained":["Pain"]},{"cards_removed":["Strike_G"],"damage_healed":0.0,"max_hp_gain":0.0,"max_hp_loss":0.0,"gold_gain":0.0,"event_name":"Golden Wing","player_choice":"Card Removal","floor":13.0,"gold_loss":0.0,"damage_taken":7.0},{"damage_healed":0.0,"max_hp_gain":0.0,"max_hp_loss":6.0,"gold_gain":0.0,"event_name":"Golden Idol","player_choice":"Lose Max HP","floor":14.0,"gold_loss":0.0,"damage_taken":0.0,"relics_obtained":["Golden Idol"]},{"damage_healed":0.0,"max_hp_gain":0.0,"max_hp_loss":0.0,"gold_gain":50.0,"event_name":"Nest","player_choice":"Stole From Cult","floor":21.0,"gold_loss":0.0,"damage_taken":0.0},{"damage_healed":0.0,"max_hp_gain":0.0,"max_hp_loss":30.0,"gold_gain":0.0,"event_name":"Ghosts","player_choice":"Became a Ghost","floor":25.0,"gold_loss":0.0,"damage_taken":0.0,"cards_obtained":["Ghostly","Ghostly","Ghostly"]},{"damage_healed":0.0,"max_hp_gain":0.0,"max_hp_loss":0.0,"gold_gain":0.0,"cards_transformed":["Strike_G","Defend_G"],"event_name":"Drug Dealer","player_choice":"Became Test Subject","floor":30.0,"gold_loss":0.0,"damage_taken":0.0,"cards_obtained":["Tactician","Dodge and Roll"]},{"damage_healed":0.0,"max_hp_gain":0.0,"max_hp_loss":0.0,"gold_gain":0.0,"event_name":"Forgotten Altar","player_choice":"Gave Idol","floor":31.0,"relics_lost":["Golden Idol"],"gold_loss":0.0,"damage_taken":0.0,"relics_obtained":["Bloody Idol"]},{"cards_removed":["Strike_G"],"damage_healed":0.0,"max_hp_gain":0.0,"max_hp_loss":0.0,"gold_gain":0.0,"event_name":"Purifier","player_choice":"Purged","floor":36.0,"gold_loss":0.0,"damage_taken":0.0}],"is_beta":false,"boss_relics":[{"not_picked":["Black Star","Cursed Key"],"picked":"Fusion Hammer"},{"not_picked":["Calling Bell","Lizard Tail"],"picked":"Astrolabe"}],"items_purged_floors":[11,19,38],"is_endless":false,"potions_floor_spawned":[1,5,7,16,18,22,24,37],"killed_by":"Nemesis","ascension_level":20}