{"gold_per_floor":[112,187,187,197,210,210,244,244,244,244,244,263,277,277],"floor_reached":14,"playtime":283,"items_purged":[],"score":180,"play_id":"a8de0766-e364-4c65-8634-b76da210a747","local_time":"20190413211925","is_ascension_mode":true,"campfire_choices":[{"data":"Inflame","floor":6.0,"key":"SMITH"},{"data":"Limit Break","floor":8.0,"key":"SMITH"},{"data":"Evolve","floor":10.0,"key":"SMITH"}],"neow_cost":"NONE","seed_source_timestamp":34278836649722,"circlet_count":0,"master_deck":["AscendersBane","Strike_R","Strike_R","Strike_R","Strike_R","Strike_R","Defend_R","Defend_R","Defend_R","Defend_R","Bash","Inflame+1","Evolve+1","Limit Break+1","True Grit","Wild Strike+1"],"special_seed":0,"relics":["Burning Blood","NeowsBlessing","Anchor","Bottled Lightning","Molten Egg 2","Art of War"],"potions_floor_usage":[14,14],"damage_taken":[{"damage":0.0,"enemies":"Small Slimes","floor":1.0,"turns":1.0},{"damage":0.0,"enemies":"Jaw Worm","floor":4.0,"turns":1.0},{"damage":0.0,"enemies":"Cultist","floor":5.0,"turns":1.0},{"damage":30.0,"enemies":"3 Sentries","floor":7.0,"turns":9.0},{"damage":0.0,"enemies":"Red Slaver","floor":12.0,"turns":4.0},{"damage":15.0,"enemies":"2 Fungi Beasts","floor":13.0,"turns":5.0},{"damage":14,"enemies":"Exordium Wildlife","floor":14,"turns":3}],"seed_played":"4055515422884224854","potions_obtained":[{"floor":1.0,"key":"Strength Potion"},{"floor":5.0,"key":"Ancient Potion"},{"floor":7.0,"key":"Strength Potion"},{"floor":12.0,"key":"Poison Potion"}],"is_trial":false,"path_per_floor":["M","?","?","M","M","R","E","R","T","R","?","M","M","M"],"character_chosen":"IRONCLAD","items_purchased":[],"campfire_rested":0,"item_purchase_floors":[],"current_hp_per_floor":[74,63,28,34,40,40,16,16,16,16,16,22,13,0],"gold":277,"neow_bonus":"THREE_ENEMY_KILL","is_prod":false,"is_daily":false,"chose_seed":false,"campfire_upgraded":3,"win_rate":0,"timestamp":1555161565,"path_taken":["M","?","?","M","M","R","E","R","T","R","?","M","M","M"],"build_version":"2019-01-23","purchased_purges":0,"victory":false,"max_hp_per_floor":[75,75,75,75,75,75,75,75,75,75,75,75,75,75],"card_choices":[{"not_picked":["Dual Wield","Perfected Strike","Heavy Blade"],"picked":"SKIP","floor":1.0},{"not_picked":["Headbutt","Pummel"],"picked":"Inflame","floor":4.0},{"not_picked":["Body Slam","Burning Pact"],"picked":"Evolve","floor":5.0},{"not_picked":["Headbutt","Bloodletting"],"picked":"Limit Break","floor":7.0},{"not_picked":["Flame Barrier","Havoc"],"picked":"True Grit","floor":12.0},{"not_picked":["Intimidate","True Grit"],"picked":"Wild Strike+1","floor":13.0}],"player_experience":4257826,"relics_obtained":[{"floor":7.0,"key":"Bottled Lightning"},{"floor":9.0,"key":"Molten Egg 2"}],"event_choices":[{"damage_healed":0.0,"max_hp_gain":0.0,"max_hp_loss":0.0,"gold_gain":75.0,"event_name":"World of Goop","player_choice":"Gather Gold","floor":2.0,"gold_loss":0.0,"damage_taken":11.0},{"damage_healed":0.0,"max_hp_gain":0.0,"max_hp_loss":0.0,"gold_gain":0.0,"event_name":"Scrap Ooze","player_choice":"Success","floor":3.0,"gold_loss":0.0,"damage_taken":35.0,"relics_obtained":["Anchor"]},{"damage_healed":0.0,"max_hp_gain":0.0,"max_hp_loss":0.0,"gold_gain":0.0,"event_name":"WeMeetAgain","player_choice":"Gave Potion","floor":11.0,"gold_loss":0.0,"damage_taken":0.0,"relics_obtained":["Art of War"]}],"is_beta":false,"boss_relics":[],"items_purged_floors":[],"is_endless":false,"potions_floor_spawned":[1,5,7,12],"killed_by":"Exordium Wildlife","ascension_level":20}