{"gold_per_floor":[210,210,220,35,72,72,119,119,142,142,67,67,92,134,134,234,234,277,177,283,5,68,68,119,119,119,119,174,174,212,263,263,337,337,380,380,421,457,495,495,554,597,597,649,649,710,748,761,761,811,836,836,836,84,167,192],"floor_reached":57,"playtime":3936,"items_purged":["Strike_G","Strike_G","Strike_G","Strike_G+1"],"score":3410,"play_id":"16f0c657-3070-4a2f-bcca-b9fca696c62d","local_time":"20190414174412","is_ascension_mode":true,"campfire_choices":[{"data":"A Thousand Cuts","floor":6.0,"key":"SMITH"},{"data":"Neutralize","floor":8.0,"key":"SMITH"},{"data":"HandOfGreed","floor":10.0,"key":"SMITH"},{"data":"Well Laid Plans","floor":15.0,"key":"SMITH"},{"data":"Tactician","floor":23.0,"key":"SMITH"},{"data":"Calculated Gamble","floor":25.0,"key":"SMITH"},{"data":"Calculated Gamble","floor":29,"key":"SMITH"},{"data":"Impatience","floor":32,"key":"SMITH"},{"data":"Tactician","floor":40,"key":"SMITH"},{"floor":49,"key":"RECALL"},{"data":"Acrobatics","floor":53,"key":"SMITH"}],"neow_cost":"NONE","seed_source_timestamp":103907601710165,"circlet_count":0,"master_deck":["AscendersBane","Defend_G","Defend_G+1","Defend_G","Defend_G","Defend_G","Survivor","Neutralize+1","Dash","A Thousand Cuts+1","Tactician+1","HandOfGreed+1","Adrenaline","Footwork","Well Laid Plans+1","Night Terror","Calculated Gamble+1","Impatience+1","Acrobatics+1","Calculated Gamble+1","Acrobatics+1","Tactician+1","Prepared+1","Backflip+1","Adrenaline","Master of Strategy","Impatience","Footwork"],"special_seed":0,"relics":["Ring of the Snake","Happy Flower","Bag of Preparation","Oddly Smooth Stone","Runic Pyramid","Red Mask","Ornamental Fan","Shuriken","Singing Bowl","Blood Vial","Lizard Tail","CultistMask","Pen Nib","Boot","Meat on the Bone","Sundial","Bag of Marbles"],"potions_floor_usage":[56],"damage_taken":[{"damage":0.0,"enemies":"2 Louse","floor":1.0,"turns":2.0},{"damage":0.0,"enemies":"Small Slimes","floor":3.0,"turns":4.0},{"damage":0.0,"enemies":"Cultist","floor":5.0,"turns":4.0},{"damage":16.0,"enemies":"Lagavulin","floor":7.0,"turns":10.0},{"damage":8.0,"enemies":"Gremlin Nob","floor":13.0,"turns":3.0},{"damage":1.0,"enemies":"Exordium Thugs","floor":14.0,"turns":3.0},{"damage":5.0,"enemies":"Hexaghost","floor":16.0,"turns":11.0},{"damage":0.0,"enemies":"Chosen","floor":18.0,"turns":5.0},{"damage":4.0,"enemies":"Masked Bandits","floor":20.0,"turns":6.0},{"damage":0.0,"enemies":"2 Thieves","floor":22.0,"turns":5.0},{"damage":6.0,"enemies":"Book of Stabbing","floor":24.0,"turns":7.0},{"damage":0,"enemies":"Gremlin Leader","floor":28,"turns":6},{"damage":0,"enemies":"Chosen and Byrds","floor":30,"turns":3},{"damage":0,"enemies":"Book of Stabbing","floor":31,"turns":3},{"damage":0,"enemies":"Collector","floor":33,"turns":5},{"damage":0,"enemies":"3 Darklings","floor":35,"turns":2},{"damage":0,"enemies":"Orb Walker","floor":37,"turns":1},{"damage":0,"enemies":"Writhing Mass","floor":38,"turns":3},{"damage":0,"enemies":"Spire Growth","floor":39,"turns":2},{"damage":0,"enemies":"Nemesis","floor":41,"turns":1},{"damage":0,"enemies":"3 Darklings","floor":42,"turns":2},{"damage":0,"enemies":"Reptomancer","floor":44,"turns":2},{"damage":0,"enemies":"4 Shapes","floor":46,"turns":2},{"damage":0,"enemies":"Maw","floor":47,"turns":2},{"damage":0,"enemies":"Spire Growth","floor":48,"turns":1},{"damage":0,"enemies":"Donu and Deca","floor":50,"turns":1},{"damage":7,"enemies":"Time Eater","floor":51,"turns":12},{"damage":0,"enemies":"Shield and Spear","floor":55,"turns":1},{"damage":0,"enemies":"The Heart","floor":56,"turns":5}],"seed_played":"1614005754417466501","potions_obtained":[{"floor":1.0,"key":"SteroidPotion"},{"floor":5.0,"key":"Explosive Potion"},{"floor":13.0,"key":"Energy Potion"},{"floor":18.0,"key":"GamblersBrew"},{"floor":42,"key":"Dexterity Potion"},{"floor":48,"key":"GhostInAJar"}],"is_trial":false,"path_per_floor":["M","?","M","$","M","R","E","R","T","R","$","?","E","M","R","B",null,"M","$","?","$","M","R","E","R","T","?","E","R","M","E","R","B",null,"M","?","M","M","M","R","E","M","T","E","T","M","M","M","R","B","B",null,"R","$","E","B",null],"character_chosen":"THE_SILENT","items_purchased":["HandOfGreed","Impatience","SteroidPotion","Sundial","Master of Strategy","Impatience","Footwork"],"campfire_rested":0,"item_purchase_floors":[4,21,21,54,54,54,54],"current_hp_per_floor":[59,59,59,59,59,59,43,43,43,43,43,23,15,14,14,9,52,52,52,48,48,48,48,42,42,42,42,42,42,44,46,46,50,67,69,69,71,74,76,76,78,80,80,82,82,82,84,84,84,84,77,82,82,82,86,86],"gold":192,"neow_bonus":"HUNDRED_GOLD","is_prod":false,"is_daily":false,"chose_seed":false,"campfire_upgraded":10,"win_rate":0,"timestamp":1555235052,"path_taken":["M","?","M","$","M","R","E","R","T","R","$","?","E","M","R","BOSS","M","$","?","$","M","R","E","R","T","?","E","R","M","E","R","BOSS","M","?","M","M","M","R","E","?","T","E","?","M","M","M","R","BOSS","BOSS","R","$","E","BOSS"],"build_version":"2019-01-23","purchased_purges":4,"victory":true,"max_hp_per_floor":[66,66,66,66,66,66,66,66,66,66,66,66,66,66,66,66,66,66,66,66,66,66,66,66,66,66,66,66,66,68,70,70,72,72,72,72,72,74,76,76,78,80,80,82,82,82,84,84,84,84,84,84,84,84,86,86],"card_choices":[{"not_picked":["Deflect","Cloak And Dagger"],"picked":"Dash","floor":1.0},{"not_picked":["Terror","Blade Dance"],"picked":"Tactician","floor":3.0},{"not_picked":["Setup","Underhanded Strike"],"picked":"Adrenaline","floor":5.0},{"not_picked":["Deflect","Underhanded Strike"],"picked":"Footwork","floor":7.0},{"not_picked":["Catalyst","Blade Dance"],"picked":"Well Laid Plans","floor":13.0},{"not_picked":["Underhanded Strike","Deadly Poison","Heel Hook"],"picked":"SKIP","floor":14.0},{"not_picked":["Unload","Doppelganger"],"picked":"Night Terror","floor":16.0},{"not_picked":["Dodge and Roll","Poisoned Stab"],"picked":"Calculated Gamble","floor":18.0},{"not_picked":["Deflect","PiercingWail"],"picked":"Acrobatics","floor":22.0},{"not_picked":["Bane","Prepared"],"picked":"Calculated Gamble","floor":24.0},{"not_picked":["Flying Knee","Unload"],"picked":"Acrobatics+1","floor":28},{"not_picked":["Sucker Punch","Dagger Throw","Outmaneuver"],"picked":"Singing Bowl","floor":30},{"not_picked":["Heel Hook","Blade Dance","Distraction"],"picked":"Singing Bowl","floor":31},{"not_picked":["Glass Knife","Venomology","Envenom"],"picked":"Singing Bowl","floor":33},{"not_picked":["Accuracy+1","Prepared"],"picked":"Tactician","floor":35},{"not_picked":["Blade Dance+1","Poisoned Stab+1"],"picked":"Prepared+1","floor":37},{"not_picked":["Poisoned Stab","Acrobatics","Finisher"],"picked":"Singing Bowl","floor":38},{"not_picked":["Flying Knee","Dagger Throw","Wraith Form v2"],"picked":"Singing Bowl","floor":39},{"not_picked":["Catalyst","Cloak And Dagger","Poisoned Stab"],"picked":"Singing Bowl","floor":41},{"not_picked":["Backflip","Outmaneuver+1","Dagger Spray"],"picked":"Singing Bowl","floor":42},{"not_picked":["Masterful Stab+1","Accuracy+1","Escape Plan"],"picked":"Singing Bowl","floor":44},{"not_picked":["Night Terror","Acrobatics"],"picked":"Backflip+1","floor":46},{"not_picked":["Dodge and Roll","Blur","Sucker Punch+1"],"picked":"Singing Bowl","floor":47},{"not_picked":["Terror","Dagger Throw+1"],"picked":"Adrenaline","floor":48},{"not_picked":["Blade Dance","Acrobatics","Footwork"],"picked":"Singing Bowl","floor":55}],"player_experience":4283335,"relics_obtained":[{"floor":7.0,"key":"Happy Flower"},{"floor":9.0,"key":"Bag of Preparation"},{"floor":13.0,"key":"Oddly Smooth Stone"},{"floor":20.0,"key":"Red Mask"},{"floor":24.0,"key":"Ornamental Fan"},{"floor":26.0,"key":"Shuriken"},{"floor":28,"key":"Singing Bowl"},{"floor":31,"key":"Blood Vial"},{"floor":41,"key":"Pen Nib"},{"floor":44,"key":"Boot"},{"floor":45,"key":"Meat on the Bone"},{"floor":55,"key":"Bag of Marbles"}],"event_choices":[{"damage_healed":0.0,"max_hp_gain":0.0,"max_hp_loss":0.0,"gold_gain":0.0,"cards_transformed":["Strike_G"],"event_name":"Living Wall","player_choice":"Change","floor":2.0,"gold_loss":0.0,"damage_taken":0.0,"cards_obtained":["A Thousand Cuts"]},{"damage_healed":0.0,"max_hp_gain":0.0,"max_hp_loss":0.0,"gold_gain":0.0,"event_name":"Shining Light","player_choice":"Entered Light","floor":12.0,"gold_loss":0.0,"damage_taken":20.0,"cards_upgraded":["Defend_G","Strike_G"]},{"damage_healed":0.0,"max_hp_gain":0.0,"max_hp_loss":0.0,"gold_gain":0.0,"event_name":"Masked Bandits","player_choice":"Fought Bandits","floor":20.0,"gold_loss":0.0,"damage_taken":0.0},{"damage_healed":0,"gold_gain":0,"player_choice":"Ignored","damage_taken":0,"max_hp_gain":0,"max_hp_loss":0,"event_name":"The Mausoleum","floor":27,"gold_loss":0},{"damage_healed":0,"gold_gain":0,"player_choice":"Trade","damage_taken":0,"relics_obtained":["CultistMask"],"max_hp_gain":0,"max_hp_loss":0,"event_name":"FaceTrader","floor":36,"gold_loss":0}],"is_beta":false,"boss_relics":[{"not_picked":["Orrery","Cursed Key"],"picked":"Runic Pyramid"},{"not_picked":["White Beast Statue","Snecko Eye"],"picked":"Lizard Tail"}],"items_purged_floors":[11,19,21,54],"is_endless":false,"potions_floor_spawned":[1,5,13,18,24,31,42,44,46,48],"ascension_level":20}