{"gold_per_floor":[110,126,126,146,165,165,189,189,189,189,207,231,10,48,48,147,147,165,65,65,90,111,150,150,186,186,61,94,94,132,155,155,251,251,270,120,138,153,171,212,212,252,305,346,411,442,462,478,478,478,478,478,478,202,237,237],"floor_reached":57,"playtime":1472,"items_purged":["Strike_G","Strike_G","Defend_G","Defend_G","Setup+1"],"score":3783,"play_id":"f2cd89f1-4f15-4d39-b756-cb76c82de2b1","local_time":"20190308165544","is_ascension_mode":true,"campfire_choices":[{"data":"Expertise","floor":6.0,"key":"SMITH"},{"data":"Grand Finale","floor":10.0,"key":"SMITH"},{"data":"Well Laid Plans","floor":15.0,"key":"SMITH"},{"data":"Defend_G","floor":29.0,"key":"PURGE"},{"data":"Defend_G","floor":32.0,"key":"PURGE"},{"data":"Defend_G","floor":41.0,"key":"PURGE"},{"floor":49,"key":"RECALL"},{"data":"Survivor","floor":53,"key":"PURGE"}],"neow_cost":"NONE","seed_source_timestamp":19608363652338,"circlet_count":0,"master_deck":["AscendersBane","Neutralize","Grand Finale+1","Expertise+1","Acrobatics+1","Backflip","Well Laid Plans+1","Adrenaline+1","Tools of the Trade+1","Grand Finale+1","Concentrate","Adrenaline","Grand Finale","Finesse"],"special_seed":0,"relics":["Ring of the Snake","Golden Idol","Omamori","Anchor","Astrolabe","Meat on the Bone","Peace Pipe","Orichalcum","Lantern","Runic Pyramid","Pantograph","Oddly Smooth Stone","Happy Flower","Pocketwatch","Art of War","Centennial Puzzle"],"potions_floor_usage":[56,56],"damage_taken":[{"damage":2.0,"enemies":"Small Slimes","floor":1.0,"turns":5.0},{"damage":0.0,"enemies":"Jaw Worm","floor":2.0,"turns":5.0},{"damage":1.0,"enemies":"Cultist","floor":4.0,"turns":4.0},{"damage":4.0,"enemies":"Exordium Thugs","floor":5.0,"turns":2.0},{"damage":0.0,"enemies":"2 Fungi Beasts","floor":7.0,"turns":2.0},{"damage":0.0,"enemies":"Exordium Wildlife","floor":11.0,"turns":3.0},{"damage":6.0,"enemies":"Red Slaver","floor":12.0,"turns":5.0},{"damage":2.0,"enemies":"Lagavulin","floor":14.0,"turns":3.0},{"damage":0.0,"enemies":"Slime Boss","floor":16.0,"turns":4.0},{"damage":0.0,"enemies":"Chosen","floor":18.0,"turns":2.0},{"damage":0.0,"enemies":"Spheric Guardian","floor":21.0,"turns":2.0},{"damage":0.0,"enemies":"3 Cultists","floor":22.0,"turns":3.0},{"damage":0.0,"enemies":"Slavers","floor":23.0,"turns":1.0},{"damage":0.0,"enemies":"Gremlin Leader","floor":25.0,"turns":3.0},{"damage":24.0,"enemies":"Slavers","floor":28.0,"turns":4.0},{"damage":0.0,"enemies":"Gremlin Leader","floor":30.0,"turns":1.0},{"damage":0.0,"enemies":"Snecko","floor":31.0,"turns":1.0},{"damage":0.0,"enemies":"Automaton","floor":33.0,"turns":1.0},{"damage":0.0,"enemies":"Orb Walker","floor":35.0,"turns":1.0},{"damage":0.0,"enemies":"3 Shapes","floor":37.0,"turns":1.0},{"damage":0.0,"enemies":"Jaw Worm Horde","floor":38.0,"turns":1.0},{"damage":0.0,"enemies":"Writhing Mass","floor":39.0,"turns":2.0},{"damage":0.0,"enemies":"Reptomancer","floor":40.0,"turns":2.0},{"damage":0.0,"enemies":"Giant Head","floor":42.0,"turns":1.0},{"damage":0.0,"enemies":"Nemesis","floor":44.0,"turns":1.0},{"damage":0,"enemies":"2 Orb Walkers","floor":45,"turns":1},{"damage":0,"enemies":"Reptomancer","floor":46,"turns":1},{"damage":0,"enemies":"Sphere and 2 Shapes","floor":47,"turns":1},{"damage":0,"enemies":"4 Shapes","floor":48,"turns":1},{"damage":0,"enemies":"Awakened One","floor":50,"turns":2},{"damage":0,"enemies":"Donu and Deca","floor":51,"turns":1},{"damage":0,"enemies":"Shield and Spear","floor":55,"turns":1},{"damage":53,"enemies":"The Heart","floor":56,"turns":5}],"seed_played":"3436840207451636434","potions_obtained":[{"floor":1.0,"key":"Poison Potion"},{"floor":4.0,"key":"Dexterity Potion"},{"floor":7.0,"key":"AttackPotion"},{"floor":11.0,"key":"SkillPotion"},{"floor":18.0,"key":"Strength Potion"},{"floor":28.0,"key":"Fire Potion"},{"floor":31.0,"key":"GhostInAJar"},{"floor":48,"key":"SpeedPotion"}],"is_trial":false,"path_per_floor":["M","M","?","M","M","R","M","?","T","R","M","M","$","E","R","B",null,"M","$","?","M","M","E","?","E","T","$","E","R","E","M","R","B",null,"M","$","M","M","M","E","R","E","T","E","?","E","M","M","R","B","B",null,"R","$","E","B",null],"character_chosen":"THE_SILENT","items_purchased":["Well Laid Plans","Fire Potion","Finesse"],"campfire_rested":0,"item_purchase_floors":[13,13,54],"current_hp_per_floor":[57,57,57,56,52,52,52,52,52,52,52,46,46,44,44,44,56,56,56,56,56,56,56,56,56,56,56,32,32,32,32,32,32,53,53,53,53,53,53,53,53,53,53,53,53,53,53,53,53,60,60,60,60,60,60,19],"gold":237,"neow_bonus":"ONE_RANDOM_RARE_CARD","is_prod":false,"is_daily":false,"chose_seed":false,"campfire_upgraded":3,"win_rate":0,"timestamp":1552035344,"path_taken":["M","M","?","M","M","R","M","?","T","R","M","M","$","E","R","BOSS","M","$","?","M","?","E","?","E","T","?","E","R","E","?","R","BOSS","M","$","M","M","M","E","R","E","T","E","?","E","M","M","R","BOSS","BOSS","R","$","E","BOSS"],"build_version":"2019-01-23","purchased_purges":5,"victory":true,"max_hp_per_floor":[66,66,60,60,60,60,60,60,60,60,60,60,60,60,60,60,60,60,60,60,60,60,60,60,60,60,60,60,60,60,60,60,60,60,60,60,60,60,60,60,60,60,60,60,60,60,60,60,60,60,60,60,60,60,60,60],"card_choices":[{"not_picked":["Accuracy","Terror","Cloak And Dagger"],"picked":"SKIP","floor":1.0},{"not_picked":["Footwork","Dagger Throw"],"picked":"Expertise","floor":2.0},{"not_picked":["Infinite Blades","Quick Slash","Flechettes"],"picked":"SKIP","floor":4.0},{"not_picked":["Flechettes","Finisher"],"picked":"Acrobatics","floor":5.0},{"not_picked":["PiercingWail","Choke","Underhanded Strike"],"picked":"SKIP","floor":7.0},{"not_picked":["Dagger Spray","PiercingWail"],"picked":"Backflip","floor":11.0},{"not_picked":["Deflect","Catalyst","Slice"],"picked":"SKIP","floor":12.0},{"not_picked":["Escape Plan","A Thousand Cuts","Setup"],"picked":"SKIP","floor":14.0},{"not_picked":["Tools of the Trade","Burst"],"picked":"Adrenaline","floor":16.0},{"not_picked":["Leg Sweep","Accuracy","Prepared"],"picked":"SKIP","floor":18.0},{"not_picked":["Catalyst","Blade Dance","Slice"],"picked":"SKIP","floor":21.0},{"not_picked":["Dagger Spray","Sucker Punch+1","Cloak And Dagger"],"picked":"SKIP","floor":22.0},{"not_picked":["Tools of the Trade","Prepared","Backstab"],"picked":"SKIP","floor":23.0},{"not_picked":["Sucker Punch","Underhanded Strike","Distraction"],"picked":"SKIP","floor":25.0},{"not_picked":["Crippling Poison","Underhanded Strike","Cloak And Dagger"],"picked":"SKIP","floor":28.0},{"not_picked":["Night Terror","Quick Slash","Skewer"],"picked":"SKIP","floor":30.0},{"not_picked":["Bane","Sucker Punch","Dodge and Roll"],"picked":"SKIP","floor":31.0},{"not_picked":["Flying Knee","Outmaneuver","Bouncing Flask"],"picked":"SKIP","floor":35.0},{"not_picked":["Caltrops+1","Infinite Blades"],"picked":"Concentrate","floor":37.0},{"not_picked":["Quick Slash+1","Backstab","Blur"],"picked":"SKIP","floor":38.0},{"not_picked":["Prepared","Quick Slash","Deflect"],"picked":"SKIP","floor":39.0},{"not_picked":["Bane","Dagger Spray"],"picked":"Adrenaline","floor":40.0},{"not_picked":["Distraction","Dagger Throw"],"picked":"Grand Finale","floor":42.0},{"not_picked":["Skewer","Well Laid Plans","Accuracy"],"picked":"SKIP","floor":44},{"not_picked":["Deadly Poison","Eviscerate","PiercingWail"],"picked":"SKIP","floor":46},{"not_picked":["Sucker Punch","Outmaneuver","Finisher"],"picked":"SKIP","floor":47},{"not_picked":["Sucker Punch+1","Riddle With Holes","Blur+1"],"picked":"SKIP","floor":48},{"not_picked":["Heel Hook+1","Distraction","Bane"],"picked":"SKIP","floor":55}],"player_experience":3406685,"relics_obtained":[{"floor":9.0,"key":"Omamori"},{"floor":14.0,"key":"Anchor"},{"floor":23.0,"key":"Meat on the Bone"},{"floor":25.0,"key":"Peace Pipe"},{"floor":28.0,"key":"Orichalcum"},{"floor":30.0,"key":"Lantern"},{"floor":40.0,"key":"Pantograph"},{"floor":42.0,"key":"Oddly Smooth Stone"},{"floor":43.0,"key":"Happy Flower"},{"floor":45,"key":"Pocketwatch"},{"floor":46,"key":"Art of War"},{"floor":55,"key":"Centennial Puzzle"}],"event_choices":[{"damage_healed":0.0,"max_hp_gain":0.0,"max_hp_loss":6.0,"gold_gain":0.0,"event_name":"Golden Idol","player_choice":"Lose Max HP","floor":3.0,"gold_loss":0.0,"damage_taken":0.0,"relics_obtained":["Golden Idol"]},{"damage_healed":0.0,"max_hp_gain":0.0,"max_hp_loss":0.0,"gold_gain":0.0,"event_name":"Upgrade Shrine","player_choice":"Upgraded","floor":8.0,"gold_loss":0.0,"damage_taken":0.0,"cards_upgraded":["Acrobatics"]},{"damage_healed":0.0,"max_hp_gain":0.0,"max_hp_loss":0.0,"gold_gain":0.0,"event_name":"Accursed Blacksmith","player_choice":"Forge","floor":20.0,"gold_loss":0.0,"damage_taken":0.0,"cards_upgraded":["Adrenaline"]},{"damage_healed":0.0,"max_hp_gain":0.0,"max_hp_loss":0.0,"gold_gain":0.0,"event_name":"The Mausoleum","player_choice":"Ignored","floor":24.0,"gold_loss":0.0,"damage_taken":0.0},{"damage_healed":0,"gold_gain":0,"player_choice":"Fight","damage_taken":0,"max_hp_gain":0,"max_hp_loss":0,"event_name":"Mysterious Sphere","floor":45,"gold_loss":0}],"is_beta":false,"boss_relics":[{"not_picked":["Sozu","Ectoplasm"],"picked":"Astrolabe"},{"not_picked":["Snecko Eye","Philosopher\u0027s Stone"],"picked":"Runic Pyramid"}],"items_purged_floors":[13,19,27,36,54],"is_endless":false,"potions_floor_spawned":[1,4,7,11,18,25,28,31,38,42,44,45,48],"ascension_level":20}