{"gold_per_floor":[118,128,128,148,148,148,148,164,164,164,9,9,27,27,27,100,100,114,114,134,234,154,179,179,189,214,55,84,84,103,103],"floor_reached":31,"playtime":1103,"items_purged":["Strike_G","Strike_G"],"score":529,"play_id":"b2b0e075-1be1-4b93-bfde-e67743509a24","local_time":"20181111182219","is_ascension_mode":true,"campfire_choices":[{"data":"Deadly Poison","floor":6,"key":"SMITH"},{"data":"Deadly Poison","floor":10,"key":"SMITH"},{"data":"Deadly Poison","floor":12,"key":"SMITH"},{"data":"Deep Breath","floor":15,"key":"SMITH"},{"data":"Ghostly","floor":24,"key":"SMITH"},{"data":"Ghostly","floor":29,"key":"SMITH"}],"neow_cost":"NONE","seed_source_timestamp":1009446001763,"circlet_count":0,"master_deck":["AscendersBane","Defend_G+1","Defend_G","Defend_G","Defend_G","Defend_G","Survivor","Neutralize+1","Deep Breath+1","Deadly Poison+1","Flying Knee+1","Deadly Poison+1","Deadly Poison+1","Blur","Corpse Explosion","Doppelganger+1","Deadly Poison+1","All Out Attack+1","Calculated Gamble","Ghostly+1","Ghostly+1","Ghostly","Escape Plan","Well Laid Plans","Backflip+1","Acrobatics+1"],"relics":["Ring of the Snake","Bottled Flame","The Courier","Astrolabe","Thread and Needle","Dodecahedron","Strawberry","Blood Vial","Membership Card","Bottled Tornado"],"potions_floor_usage":[],"damage_taken":[{"damage":1,"enemies":"Small Slimes","floor":1,"turns":6},{"damage":1,"enemies":"Jaw Worm","floor":2,"turns":4},{"damage":0,"enemies":"2 Louse","floor":4,"turns":3},{"damage":5,"enemies":"Exordium Wildlife","floor":8,"turns":4},{"damage":7,"enemies":"Gremlin Gang","floor":13,"turns":6},{"damage":23,"enemies":"The Guardian","floor":16,"turns":8},{"damage":19,"enemies":"2 Thieves","floor":18,"turns":2},{"damage":4,"enemies":"Chosen","floor":20,"turns":6},{"damage":3,"enemies":"Colosseum Slavers","floor":21,"turns":3},{"damage":2,"enemies":"Colosseum Nobs","floor":21,"turns":4},{"damage":18,"enemies":"Book of Stabbing","floor":23,"turns":6},{"damage":0,"enemies":"Centurion and Healer","floor":25,"turns":3},{"damage":6,"enemies":"Gremlin Leader","floor":28,"turns":5},{"damage":0,"enemies":"3 Cultists","floor":30,"turns":3},{"damage":16,"enemies":"Snecko","floor":31,"turns":4}],"seed_played":"-5975262871876645260","potions_obtained":[{"floor":8,"key":"EssenceOfSteel"},{"floor":13,"key":"Energy Potion"}],"is_trial":false,"path_per_floor":["M","M","?","M","?","R","T","M","T","R","$","R","M","?","R","B",null,"M","?","M","?","$","E","R","M","T","$","E","R","M","M"],"character_chosen":"THE_SILENT","items_purchased":["Deadly Poison","Blur","Membership Card"],"campfire_rested":0,"item_purchase_floors":[11,11,27],"current_hp_per_floor":[58,57,57,57,37,37,37,32,32,32,32,32,25,25,25,2,50,31,31,27,22,22,11,11,11,11,11,7,7,9,0],"gold":103,"neow_bonus":"RANDOM_COLORLESS","is_prod":false,"is_daily":false,"chose_seed":false,"campfire_upgraded":6,"win_rate":0,"timestamp":1541931739,"path_taken":["M","M","?","M","?","R","?","M","T","R","$","R","M","?","R","BOSS","M","?","M","?","$","E","R","M","T","?","E","R","M","M"],"build_version":"2018-11-08","purchased_purges":2,"victory":false,"max_hp_per_floor":[66,66,66,66,66,66,66,66,66,66,66,66,66,66,66,66,66,66,33,33,33,33,40,40,40,40,40,40,40,40,40],"card_choices":[{"not_picked":["Leg Sweep","Crippling Poison"],"picked":"Deadly Poison","floor":1},{"not_picked":["Bouncing Flask","Predator"],"picked":"Flying Knee","floor":2},{"not_picked":["Sucker Punch","Blade Dance","Bane"],"picked":"SKIP","floor":4},{"not_picked":["PiercingWail","Dodge and Roll"],"picked":"Deadly Poison","floor":8},{"not_picked":["Flying Knee","Dagger Throw","Underhanded Strike"],"picked":"SKIP","floor":13},{"not_picked":["Tools of the Trade","Storm of Steel"],"picked":"Corpse Explosion","floor":16},{"not_picked":["Cloak And Dagger","Blur"],"picked":"Calculated Gamble","floor":18},{"not_picked":["Endless Agony","Bane"],"picked":"Escape Plan","floor":20},{"not_picked":["Bane","Noxious Fumes"],"picked":"Well Laid Plans","floor":21},{"not_picked":["Cloak And Dagger","Blade Dance"],"picked":"Backflip+1","floor":23},{"not_picked":["Reflex","Bouncing Flask"],"picked":"Acrobatics+1","floor":25},{"not_picked":["Quick Slash","Leg Sweep","Outmaneuver"],"picked":"SKIP","floor":28},{"not_picked":["Caltrops+1","Dagger Throw","Cloak And Dagger"],"picked":"SKIP","floor":30}],"player_experience":1017853,"relics_obtained":[{"floor":7,"key":"Bottled Flame"},{"floor":9,"key":"The Courier"},{"floor":21,"key":"Thread and Needle"},{"floor":21,"key":"Dodecahedron"},{"floor":23,"key":"Strawberry"},{"floor":26,"key":"Blood Vial"},{"floor":28,"key":"Bottled Tornado"}],"event_choices":[{"damage_healed":0,"gold_gain":0,"player_choice":"Ignored","damage_taken":0,"max_hp_gain":0,"max_hp_loss":0,"event_name":"Liars Game","floor":3,"gold_loss":0},{"damage_healed":0,"gold_gain":0,"player_choice":"Entered Light","damage_taken":20,"max_hp_gain":0,"max_hp_loss":0,"event_name":"Shining Light","floor":5,"gold_loss":0,"cards_upgraded":["Defend_G","Flying Knee"]},{"damage_healed":0,"gold_gain":0,"player_choice":"Grow","damage_taken":0,"max_hp_gain":0,"max_hp_loss":0,"event_name":"Living Wall","floor":14,"gold_loss":0,"cards_upgraded":["Neutralize"]},{"damage_healed":0,"gold_gain":0,"player_choice":"Became a Ghost","damage_taken":0,"max_hp_gain":0,"max_hp_loss":33,"event_name":"Ghosts","floor":19,"gold_loss":0,"cards_obtained":["Ghostly","Ghostly","Ghostly"]},{"damage_healed":0,"gold_gain":0,"player_choice":"Fight","damage_taken":0,"max_hp_gain":0,"max_hp_loss":0,"event_name":"Colosseum","floor":21,"gold_loss":0},{"damage_healed":0,"gold_gain":0,"player_choice":"Fought Nobs","damage_taken":0,"max_hp_gain":0,"max_hp_loss":0,"event_name":"Colosseum","floor":21,"gold_loss":0}],"is_beta":true,"boss_relics":[{"not_picked":["Philosopher\u0027s Stone","Orrery"],"picked":"Astrolabe"}],"items_purged_floors":[11,22],"is_endless":false,"potions_floor_spawned":[8,13,16,20,23,28],"killed_by":"Snecko","ascension_level":15}