{"gold_per_floor":[117,33,33,33,48,48,76,76,76,103,103,103,28,103,103,180,180,193,222,200,20,70,70,70,93,168,183,203,203,22,22,22,99,99,111,67,67,67,47,47,47,47,47,47,269,294,394,394,394,394],"floor_reached":50,"playtime":2039,"items_purged":["Strike_G","Defend_G","Strike_G+1"],"score":1103,"play_id":"56aa94bc-1f0c-4eb7-90e7-5243e916f529","local_time":"20190212160302","is_ascension_mode":true,"campfire_choices":[{"data":"Finisher","floor":6.0,"key":"SMITH"},{"data":"Cloak And Dagger","floor":8.0,"key":"SMITH"},{"floor":12.0,"key":"REST"},{"floor":15.0,"key":"RECALL"},{"data":"Well Laid Plans","floor":23.0,"key":"SMITH"},{"floor":29.0,"key":"REST"},{"data":"Blade Dance","floor":32.0,"key":"SMITH"},{"data":"Burst","floor":40.0,"key":"SMITH"},{"data":"Concentrate","floor":42.0,"key":"SMITH"},{"data":"Footwork","floor":44.0,"key":"SMITH"},{"data":"Apotheosis","floor":49.0,"key":"SMITH"}],"neow_cost":"NONE","seed_source_timestamp":18875819815050,"circlet_count":0,"master_deck":["AscendersBane","Defend_G","Defend_G","Defend_G","Survivor","Neutralize+1","Finisher+1","Infinite Blades","Cloak And Dagger+1","Infinite Blades","Burst+1","Blade Dance+1","Well Laid Plans+1","Footwork+1","Adrenaline","Backflip","After Image","Blade Dance+1","Concentrate+1","Calculated Gamble","Apotheosis+1","Good Instincts","Master of Strategy"],"special_seed":0,"relics":["Ring of the Snake","NeowsBlessing","Kunai","Anchor","Regal Pillow","WingedGreaves","Empty Cage","Red Mask","Omamori","Tiny Chest","Juzu Bracelet","Runic Pyramid","PreservedInsect","Bird Faced Urn"],"potions_floor_usage":[50,50],"damage_taken":[{"damage":0.0,"enemies":"2 Louse","floor":1.0,"turns":1.0},{"damage":0.0,"enemies":"Jaw Worm","floor":5.0,"turns":1.0},{"damage":0.0,"enemies":"Gremlin Nob","floor":7.0,"turns":1.0},{"damage":2.0,"enemies":"Lagavulin","floor":10.0,"turns":8.0},{"damage":18.0,"enemies":"Slime Boss","floor":16.0,"turns":13.0},{"damage":5.0,"enemies":"Chosen","floor":18.0,"turns":6.0},{"damage":14.0,"enemies":"Masked Bandits","floor":19.0,"turns":7.0},{"damage":1.0,"enemies":"2 Thieves","floor":20.0,"turns":4.0},{"damage":9.0,"enemies":"Snecko","floor":27.0,"turns":11.0},{"damage":6.0,"enemies":"Cultist and Chosen","floor":28.0,"turns":6.0},{"damage":10.0,"enemies":"Collector","floor":33.0,"turns":13.0},{"damage":0.0,"enemies":"3 Shapes","floor":35.0,"turns":10.0},{"damage":0.0,"enemies":"Giant Head","floor":46.0,"turns":4.0},{"damage":0.0,"enemies":"Mind Bloom Boss Battle","floor":47.0,"turns":6.0},{"damage":68,"enemies":"Time Eater","floor":50,"turns":14}],"seed_played":"1428525194321065882","potions_obtained":[{"floor":1.0,"key":"SkillPotion"},{"floor":5.0,"key":"Poison Potion"},{"floor":16.0,"key":"GamblersBrew"},{"floor":19.0,"key":"Dexterity Potion"},{"floor":27.0,"key":"Ancient Potion"},{"floor":33.0,"key":"PowerPotion"},{"floor":39.0,"key":"FearPotion"}],"is_trial":false,"path_per_floor":["M","$","?","?","M","R","E","R","T","E","?","R","$","?","R","B",null,"M","?","M","$","?","R","?","T","T","M","M","R","$","?","R","B",null,"M","$","?","?","?","R","$","R","T","R","?","E","?","?","R","B"],"character_chosen":"THE_SILENT","items_purchased":["Infinite Blades","Well Laid Plans","Backflip","Concentrate"],"campfire_rested":2,"item_purchase_floors":[2,21,30,36],"current_hp_per_floor":[59,59,39,39,39,39,39,39,39,37,19,53,53,42,42,24,56,51,37,36,36,36,36,18,18,18,9,3,39,39,39,39,29,61,61,61,61,61,61,61,61,61,61,61,61,61,61,51,51,0],"gold":394,"neow_bonus":"THREE_ENEMY_KILL","is_prod":false,"is_daily":false,"chose_seed":false,"campfire_upgraded":8,"win_rate":0,"timestamp":1549958582,"path_taken":["M","$","?","?","?","R","E","R","T","E","?","R","$","?","R","BOSS","M","?","M","$","?","R","?","?","T","M","?","R","?","?","R","BOSS","M","$","?","?","?","R","?","R","T","R","?","E","?","?","R","BOSS"],"build_version":"2019-01-23","purchased_purges":3,"victory":false,"max_hp_per_floor":[66,66,66,66,66,66,66,66,66,66,66,66,66,66,66,66,66,66,66,66,66,66,66,71,71,71,71,71,71,71,71,71,71,71,71,71,71,67,67,67,67,67,67,67,67,67,67,67,67,67],"card_choices":[{"not_picked":["Terror","Flying Knee"],"picked":"Finisher","floor":1.0},{"not_picked":["All Out Attack","Slice","Sucker Punch"],"picked":"SKIP","floor":5.0},{"not_picked":["Riddle With Holes","Eviscerate"],"picked":"Cloak And Dagger","floor":7.0},{"not_picked":["Dagger Throw","Setup"],"picked":"Infinite Blades","floor":10.0},{"not_picked":["Bullet Time","Doppelganger"],"picked":"Burst","floor":16.0},{"not_picked":["Quick Slash","Dagger Spray+1","Bouncing Flask"],"picked":"SKIP","floor":18.0},{"not_picked":["Flechettes","Tactician"],"picked":"Blade Dance","floor":19.0},{"not_picked":["Prepared","Catalyst","Finisher"],"picked":"SKIP","floor":20.0},{"not_picked":["Deflect","Quick Slash"],"picked":"Footwork","floor":27.0},{"not_picked":["Noxious Fumes","Poisoned Stab"],"picked":"Adrenaline","floor":28.0},{"not_picked":["Glass Knife","Adrenaline"],"picked":"After Image","floor":33.0},{"not_picked":["Skewer","Quick Slash"],"picked":"Blade Dance+1","floor":35.0},{"not_picked":["Dodge and Roll","Dagger Throw","Outmaneuver"],"picked":"SKIP","floor":46.0},{"not_picked":["Endless Agony","Eviscerate"],"picked":"Calculated Gamble","floor":47.0},{"not_picked":["Dramatic Entrance","Transmutation"],"picked":"Apotheosis","floor":48.0},{"not_picked":["Secret Weapon","HandOfGreed"],"picked":"Good Instincts","floor":48.0},{"not_picked":["Dramatic Entrance","Swift Strike"],"picked":"Master of Strategy","floor":48.0}],"player_experience":2643562,"relics_obtained":[{"floor":7.0,"key":"Kunai"},{"floor":9.0,"key":"Anchor"},{"floor":10.0,"key":"Regal Pillow"},{"floor":19.0,"key":"Red Mask"},{"floor":25.0,"key":"Omamori"},{"floor":26.0,"key":"Tiny Chest"},{"floor":46.0,"key":"PreservedInsect"},{"floor":47.0,"key":"Bird Faced Urn"}],"event_choices":[{"damage_healed":0.0,"max_hp_gain":0.0,"max_hp_loss":0.0,"gold_gain":0.0,"event_name":"Shining Light","player_choice":"Entered Light","floor":3.0,"gold_loss":0.0,"damage_taken":20.0,"cards_upgraded":["Neutralize","Strike_G"]},{"cards_removed":["Strike_G"],"damage_healed":0.0,"max_hp_gain":0.0,"max_hp_loss":0.0,"gold_gain":0.0,"event_name":"Purifier","player_choice":"Purged","floor":4.0,"gold_loss":0.0,"damage_taken":0.0},{"damage_healed":0.0,"max_hp_gain":0.0,"max_hp_loss":0.0,"gold_gain":0.0,"event_name":"Scrap Ooze","player_choice":"Success","floor":11.0,"gold_loss":0.0,"damage_taken":18.0,"relics_obtained":["WingedGreaves"]},{"damage_healed":0.0,"max_hp_gain":0.0,"max_hp_loss":0.0,"gold_gain":75.0,"event_name":"World of Goop","player_choice":"Gather Gold","floor":14.0,"gold_loss":0.0,"damage_taken":11.0},{"damage_healed":0.0,"max_hp_gain":0.0,"max_hp_loss":0.0,"gold_gain":0.0,"event_name":"Masked Bandits","player_choice":"Fought Bandits","floor":19.0,"gold_loss":0.0,"damage_taken":0.0},{"damage_healed":0.0,"max_hp_gain":0.0,"max_hp_loss":0.0,"gold_gain":50.0,"event_name":"Nest","player_choice":"Stole From Cult","floor":22.0,"gold_loss":0.0,"damage_taken":0.0},{"damage_healed":0.0,"max_hp_gain":5.0,"max_hp_loss":0.0,"gold_gain":0.0,"event_name":"Forgotten Altar","player_choice":"Shed Blood","floor":24.0,"gold_loss":0.0,"damage_taken":23.0},{"damage_healed":0.0,"max_hp_gain":0.0,"max_hp_loss":0.0,"gold_gain":0.0,"event_name":"The Mausoleum","player_choice":"Opened","floor":31.0,"gold_loss":0.0,"damage_taken":0.0,"relics_obtained":["Juzu Bracelet"],"cards_obtained":["Writhe"]},{"cards_removed":["Defend_G"],"damage_healed":0.0,"max_hp_gain":0.0,"max_hp_loss":0.0,"gold_gain":0.0,"event_name":"Purifier","player_choice":"Purged","floor":37.0,"gold_loss":0.0,"damage_taken":0.0},{"damage_healed":0.0,"max_hp_gain":0.0,"max_hp_loss":4.0,"gold_gain":0.0,"event_name":"Winding Halls","player_choice":"Max HP","floor":38.0,"gold_loss":0.0,"damage_taken":0.0},{"damage_healed":0.0,"max_hp_gain":0.0,"max_hp_loss":0.0,"gold_gain":0.0,"event_name":"The Woman in Blue","player_choice":"Bought 1 Potion","floor":39.0,"gold_loss":0.0,"damage_taken":0.0},{"damage_healed":0.0,"max_hp_gain":0.0,"max_hp_loss":0.0,"gold_gain":222.0,"event_name":"Tomb of Lord Red Mask","player_choice":"Wore Mask","floor":45.0,"gold_loss":0.0,"damage_taken":0.0},{"damage_healed":0.0,"max_hp_gain":0.0,"max_hp_loss":0.0,"gold_gain":0.0,"event_name":"MindBloom","player_choice":"Fight","floor":47.0,"gold_loss":0.0,"damage_taken":0.0},{"damage_healed":0.0,"max_hp_gain":0.0,"max_hp_loss":0.0,"gold_gain":0.0,"event_name":"SensoryStone","player_choice":"Memory 3","floor":48.0,"gold_loss":0.0,"damage_taken":10.0}],"is_beta":false,"boss_relics":[{"not_picked":["Calling Bell","Snecko Eye"],"picked":"Empty Cage"},{"not_picked":["Orrery","Eternal Feather"],"picked":"Runic Pyramid"}],"items_purged_floors":[13,21,30],"is_endless":false,"potions_floor_spawned":[1,5,16,19,27,33],"killed_by":"Time Eater","ascension_level":20}