{"gold_per_floor":[118,137,151,167,179,179,211,223,259,271,283,312,338,335],"floor_reached":14,"playtime":339,"items_purged":[],"score":165,"play_id":"508f48c8-c85d-450c-a6c2-22f27d115c37","local_time":"20190303201410","is_ascension_mode":true,"campfire_choices":[{"floor":6,"key":"REST"},{"data":"Dualcast","floor":8,"key":"SMITH"},{"data":"Darkness","floor":11,"key":"SMITH"}],"neow_cost":"PERCENT_DAMAGE","seed_source_timestamp":32930484389627,"circlet_count":0,"master_deck":["AscendersBane","Strike_B","Strike_B","Strike_B","Defend_B","Defend_B","Defend_B","Zap","Dualcast+1","Beam Cell","Darkness+1","Ball Lightning","Coolheaded+1","White Noise","Hologram"],"relics":["Cracked Core","MawBank","Potion Belt"],"potions_floor_usage":[],"damage_taken":[{"damage":1,"enemies":"Cultist","floor":1,"turns":3},{"damage":10,"enemies":"Small Slimes","floor":2,"turns":2},{"damage":10,"enemies":"2 Louse","floor":3,"turns":3},{"damage":13,"enemies":"Exordium Thugs","floor":4,"turns":4},{"damage":7,"enemies":"Looter","floor":5,"turns":4},{"damage":16,"enemies":"Gremlin Nob","floor":7,"turns":3},{"damage":0,"enemies":"Large Slime","floor":12,"turns":3},{"damage":6,"enemies":"Blue Slaver","floor":13,"turns":3},{"damage":11,"enemies":"Looter","floor":14,"turns":1}],"seed_played":"-1078367139643448123","potions_obtained":[{"floor":1,"key":"SpeedPotion"},{"floor":2,"key":"Ancient Potion"}],"is_trial":false,"path_per_floor":["M","M","M","M","M","R","E","R","T","?","R","M","M","M"],"character_chosen":"DEFECT","items_purchased":[],"campfire_rested":1,"item_purchase_floors":[],"current_hp_per_floor":[45,35,25,12,5,26,10,10,10,10,10,10,4,0],"gold":335,"neow_bonus":"REMOVE_TWO","is_prod":false,"is_daily":false,"chose_seed":false,"campfire_upgraded":2,"win_rate":0,"timestamp":1551615250,"path_taken":["M","M","M","?","M","R","E","R","T","?","R","M","M","M"],"build_version":"2019-01-23","purchased_purges":0,"victory":false,"max_hp_per_floor":[71,71,71,71,71,71,71,71,71,71,71,71,71,71],"card_choices":[{"not_picked":["Aggregate","Compile Driver"],"picked":"Beam Cell","floor":1},{"not_picked":["Barrage","Beam Cell"],"picked":"Darkness","floor":2},{"not_picked":["Turbo","Static Discharge"],"picked":"Ball Lightning","floor":3},{"not_picked":["Stack","Sweeping Beam","Steam"],"picked":"SKIP","floor":4},{"not_picked":["Recycle","Gash"],"picked":"Coolheaded","floor":5},{"not_picked":["Thunder Strike","Doom and Gloom"],"picked":"White Noise","floor":7},{"not_picked":["FTL","Skim","Aggregate"],"picked":"SKIP","floor":12},{"not_picked":["Rebound","Ball Lightning"],"picked":"Hologram","floor":13}],"player_experience":3285432,"relics_obtained":[{"floor":7,"key":"MawBank"},{"floor":9,"key":"Potion Belt"}],"event_choices":[{"damage_healed":0,"gold_gain":0,"player_choice":"Upgraded","damage_taken":0,"max_hp_gain":0,"max_hp_loss":0,"event_name":"Upgrade Shrine","floor":10,"gold_loss":0,"cards_upgraded":["Coolheaded"]}],"is_beta":false,"boss_relics":[],"items_purged_floors":[],"is_endless":false,"potions_floor_spawned":[1,2,4],"killed_by":"Looter","ascension_level":15}