{"gold_per_floor":[111,111,111,126,51,83,83,96,96,15,25,25,25,42,42,117,117,129,129,129,29,43,43,71,90,117,117,117,117,117,136,136,210,210,221,232,243,118,130,130,230,230,230,264,264,264,264,283,283,283,283,283,283,133,166,166],"floor_reached":57,"playtime":9447,"items_purged":["Strike_G","Defend_G","Defend_G","Defend_G"],"score":3146,"play_id":"38422b0b-872d-45ac-9f78-3b342057cd20","local_time":"20190329205506","is_ascension_mode":true,"campfire_choices":[{"data":"Acrobatics","floor":7.0,"key":"SMITH"},{"data":"Noxious Fumes","floor":12.0,"key":"SMITH"},{"data":"Tactician","floor":15.0,"key":"SMITH"},{"data":"Venomology","floor":23.0,"key":"SMITH"},{"data":"Ghostly","floor":27.0,"key":"SMITH"},{"data":"Ghostly","floor":30.0,"key":"SMITH"},{"data":"Backflip","floor":32.0,"key":"SMITH"},{"floor":40.0,"key":"RECALL"},{"data":"Venomology","floor":42.0,"key":"SMITH"},{"data":"Ghostly","floor":46.0,"key":"SMITH"},{"data":"Concentrate","floor":49.0,"key":"SMITH"},{"data":"Survivor","floor":53.0,"key":"SMITH"}],"neow_cost":"NONE","seed_source_timestamp":111213233146016,"circlet_count":0,"master_deck":["AscendersBane","Survivor+1","Neutralize+1","Tactician+1","Acrobatics+1","Noxious Fumes+1","Deadly Poison+1","Venomology+1","Escape Plan+1","Infinite Blades+1","Venomology+1","Ghostly+1","Ghostly+1","Ghostly+1","Backflip+1","Concentrate+1","Prepared+1","Venomology+1","Reflex+1"],"special_seed":0,"relics":["Ring of the Snake","NeowsBlessing","Girya","Unceasing Top","Incense Burner","Astrolabe","Dodecahedron","Mercury Hourglass","Empty Cage","Turnip","Juzu Bracelet","Strawberry","Bronze Scales"],"potions_floor_usage":[55,55,55,56,56,56,56],"damage_taken":[{"damage":0.0,"enemies":"Small Slimes","floor":1.0,"turns":1.0},{"damage":0.0,"enemies":"2 Louse","floor":4.0,"turns":1.0},{"damage":0.0,"enemies":"Lagavulin","floor":6.0,"turns":1.0},{"damage":2.0,"enemies":"Jaw Worm","floor":8.0,"turns":7.0},{"damage":8.0,"enemies":"Large Slime","floor":11.0,"turns":8.0},{"damage":11.0,"enemies":"Gremlin Gang","floor":14.0,"turns":4.0},{"damage":0.0,"enemies":"The Guardian","floor":16.0,"turns":9.0},{"damage":0.0,"enemies":"Chosen","floor":18.0,"turns":5.0},{"damage":0.0,"enemies":"Shell Parasite","floor":22.0,"turns":6.0},{"damage":12.0,"enemies":"Book of Stabbing","floor":24.0,"turns":6.0},{"damage":3.0,"enemies":"Centurion and Healer","floor":25.0,"turns":6.0},{"damage":0.0,"enemies":"Snake Plant","floor":31.0,"turns":7.0},{"damage":0.0,"enemies":"Champ","floor":33.0,"turns":15.0},{"damage":9.0,"enemies":"3 Darklings","floor":35.0,"turns":5.0},{"damage":0.0,"enemies":"3 Shapes","floor":36.0,"turns":3.0},{"damage":0.0,"enemies":"Maw","floor":37.0,"turns":4.0},{"damage":0.0,"enemies":"Spire Growth","floor":39.0,"turns":3.0},{"damage":0.0,"enemies":"Mind Bloom Boss Battle","floor":41.0,"turns":3.0},{"damage":0.0,"enemies":"Reptomancer","floor":44.0,"turns":6.0},{"damage":0.0,"enemies":"Writhing Mass","floor":48.0,"turns":4.0},{"damage":0.0,"enemies":"Awakened One","floor":50.0,"turns":4.0},{"damage":0.0,"enemies":"Donu and Deca","floor":51.0,"turns":3.0},{"damage":0,"enemies":"Shield and Spear","floor":55,"turns":2},{"damage":1,"enemies":"The Heart","floor":56,"turns":6}],"seed_played":"402857396272664831","potions_obtained":[{"floor":1.0,"key":"GamblersBrew"},{"floor":31.0,"key":"Poison Potion"},{"floor":44.0,"key":"SpeedPotion"},{"floor":48.0,"key":"GhostInAJar"}],"is_trial":false,"path_per_floor":["M","?","?","M","$","E","R","M","T","$","M","R","?","M","R","B",null,"M","?","?","$","M","R","E","M","T","R","$","T","R","M","R","B",null,"M","M","M","$","M","R","?","R","T","E","?","R","?","M","R","B","B",null,"R","$","E","B",null],"character_chosen":"THE_SILENT","items_purchased":["Noxious Fumes"],"campfire_rested":0,"item_purchase_floors":[10],"current_hp_per_floor":[59,48,28,28,28,28,28,26,26,26,18,18,18,7,7,7,51,51,51,33,33,33,33,21,18,18,18,18,18,18,18,18,18,29,33,33,33,33,33,33,33,33,33,40,40,40,40,40,40,40,40,40,40,40,40,39],"gold":166,"neow_bonus":"THREE_ENEMY_KILL","is_prod":false,"is_daily":false,"chose_seed":false,"campfire_upgraded":11,"win_rate":0,"timestamp":1553864106,"path_taken":["M","?","?","M","$","E","R","M","T","?","M","R","?","?","R","BOSS","M","?","?","$","M","R","E","M","T","R","$","?","R","M","R","BOSS","M","?","M","$","M","R","?","R","T","E","?","R","?","M","R","BOSS","BOSS","R","$","E","BOSS"],"build_version":"2019-01-23","purchased_purges":4,"victory":true,"max_hp_per_floor":[66,66,66,66,66,66,66,66,66,66,66,66,66,66,66,66,66,66,66,33,33,33,33,33,33,33,33,33,33,33,33,33,33,33,33,33,33,33,33,33,33,33,33,40,40,40,40,40,40,40,40,40,40,40,40,40],"card_choices":[{"not_picked":["Slice","Dagger Spray","Flying Knee"],"picked":"SKIP","floor":1.0},{"not_picked":["Distraction","Flying Knee"],"picked":"Tactician","floor":4.0},{"not_picked":["Setup","Sucker Punch"],"picked":"Acrobatics","floor":6.0},{"not_picked":["Quick Slash","Dagger Spray","Sucker Punch"],"picked":"SKIP","floor":8.0},{"not_picked":["Endless Agony","Blade Dance"],"picked":"Deadly Poison","floor":11.0},{"not_picked":["Dash","Quick Slash","Outmaneuver"],"picked":"SKIP","floor":14.0},{"not_picked":["Phantasmal Killer","Die Die Die"],"picked":"Venomology","floor":16.0},{"not_picked":["Sucker Punch","Underhanded Strike+1","Heel Hook"],"picked":"SKIP","floor":18.0},{"not_picked":["Heel Hook","Dagger Spray"],"picked":"Backflip","floor":22.0},{"not_picked":["Tactician","Underhanded Strike+1","Sucker Punch+1"],"picked":"SKIP","floor":24.0},{"not_picked":["Infinite Blades","Leg Sweep"],"picked":"Concentrate","floor":25.0},{"not_picked":["PiercingWail","Dagger Throw"],"picked":"Prepared+1","floor":31.0},{"not_picked":["Bullet Time","Malaise"],"picked":"Venomology","floor":33.0},{"not_picked":["Heel Hook","Leg Sweep","Bane"],"picked":"SKIP","floor":35.0},{"not_picked":["Sucker Punch","Bane","Blade Dance"],"picked":"SKIP","floor":36.0},{"not_picked":["Dodge and Roll","Underhanded Strike","Sucker Punch"],"picked":"SKIP","floor":37.0},{"not_picked":["Flying Knee","Prepared","Caltrops"],"picked":"SKIP","floor":39.0},{"not_picked":["Phantasmal Killer","Glass Knife"],"picked":"Reflex+1","floor":44.0},{"not_picked":["Underhanded Strike","Slice","Escape Plan"],"picked":"SKIP","floor":48.0},{"not_picked":["Blade Dance","Bane","Acrobatics"],"picked":"SKIP","floor":55}],"player_experience":3948075,"relics_obtained":[{"floor":6.0,"key":"Unceasing Top"},{"floor":9.0,"key":"Incense Burner"},{"floor":24.0,"key":"Dodecahedron"},{"floor":29.0,"key":"Mercury Hourglass"},{"floor":41.0,"key":"Turnip"},{"floor":43.0,"key":"Juzu Bracelet"},{"floor":44.0,"key":"Strawberry"},{"floor":55,"key":"Bronze Scales"}],"event_choices":[{"damage_healed":0.0,"max_hp_gain":0.0,"max_hp_loss":0.0,"gold_gain":0.0,"event_name":"Scrap Ooze","player_choice":"Success","floor":2.0,"gold_loss":0.0,"damage_taken":11.0,"relics_obtained":["Girya"]},{"damage_healed":0.0,"max_hp_gain":0.0,"max_hp_loss":0.0,"gold_gain":0.0,"event_name":"Shining Light","player_choice":"Entered Light","floor":3.0,"gold_loss":0.0,"damage_taken":20.0,"cards_upgraded":["Strike_G","Neutralize"]},{"damage_healed":0.0,"max_hp_gain":0.0,"max_hp_loss":0.0,"gold_gain":0.0,"event_name":"Upgrade Shrine","player_choice":"Upgraded","floor":13.0,"gold_loss":0.0,"damage_taken":0.0,"cards_upgraded":["Deadly Poison"]},{"damage_healed":0.0,"max_hp_gain":0.0,"max_hp_loss":0.0,"gold_gain":0.0,"event_name":"The Mausoleum","player_choice":"Ignored","floor":19.0,"gold_loss":0.0,"damage_taken":0.0},{"damage_healed":0.0,"max_hp_gain":0.0,"max_hp_loss":33.0,"gold_gain":0.0,"event_name":"Ghosts","player_choice":"Became a Ghost","floor":20.0,"gold_loss":0.0,"damage_taken":0.0,"cards_obtained":["Ghostly","Ghostly","Ghostly"]},{"damage_healed":0.0,"max_hp_gain":0.0,"max_hp_loss":0.0,"gold_gain":0.0,"event_name":"MindBloom","player_choice":"Fight","floor":41.0,"gold_loss":0.0,"damage_taken":0.0},{"damage_healed":0.0,"max_hp_gain":0.0,"max_hp_loss":0.0,"gold_gain":0.0,"event_name":"Mysterious Sphere","player_choice":"Ignored","floor":45.0,"gold_loss":0.0,"damage_taken":0.0},{"cards_removed":["Defend_G"],"damage_healed":0.0,"max_hp_gain":0.0,"max_hp_loss":0.0,"gold_gain":0.0,"event_name":"Falling","player_choice":"Removed Skill","floor":47.0,"gold_loss":0.0,"damage_taken":0.0}],"is_beta":false,"boss_relics":[{"not_picked":["Black Star","WristBlade"],"picked":"Astrolabe"},{"not_picked":["Orrery","Philosopher\u0027s Stone"],"picked":"Empty Cage"}],"items_purged_floors":[5,21,38,54],"is_endless":false,"potions_floor_spawned":[1,25,31,36,44,48],"ascension_level":20}