{"gold_per_floor":[11,27,47,66,66,66,66,66,112,112,122,140,140,240,240,339,339,356,165,65,81,181,181,181,181,207,235,235,247,260,280,280,377,377,390,390,410,455,455,455,365,365,391,407,507,507,1,16,16,16],"floor_reached":51,"playtime":1605,"items_purged":["Strike_R","Strike_R","Defend_R"],"score":830,"play_id":"4e34d5cb-51b1-4d3c-9c47-3e90fd7fc5e3","local_time":"20190630155441","is_ascension_mode":false,"campfire_choices":[{"data":"Battle Trance","floor":6.0,"key":"SMITH"},{"data":"Fiend Fire","floor":8.0,"key":"SMITH"},{"data":"Power Through","floor":10.0,"key":"SMITH"},{"data":"Body Slam","floor":15.0,"key":"SMITH"},{"data":"Entrench","floor":23.0,"key":"SMITH"},{"data":"Exhume","floor":25,"key":"SMITH"},{"data":"1","floor":28,"key":"LIFT"},{"data":"2","floor":32,"key":"LIFT"},{"data":"3","floor":40,"key":"LIFT"},{"data":"Evolve","floor":42,"key":"SMITH"},{"data":"Defend_R","floor":46,"key":"SMITH"},{"data":"Defend_R","floor":49,"key":"SMITH"}],"neow_cost":"NO_GOLD","seed_source_timestamp":12729369642328,"circlet_count":0,"master_deck":["Defend_R+1","Defend_R+1","Defend_R+1","Fiend Fire+1","Uppercut+1","Power Through+1","Battle Trance+1","Body Slam+1","Evolve+1","Entrench+1","Ghostly+1","Ghostly+1","Ghostly+1","Ghostly+1","Ghostly+1","Burning Pact+1","Enlightenment+1"],"special_seed":0,"relics":["Burning Blood","Centennial Puzzle","Busted Crown","Girya","Toxic Egg 2","Dream Catcher","PreservedInsect","Empty Cage","Champion Belt","Pen Nib","Calipers","Membership Card","Ornamental Fan","Orichalcum"],"potions_floor_usage":[50,50,50,50,50,50],"damage_taken":[{"damage":1.0,"enemies":"Cultist","floor":1.0,"turns":3.0},{"damage":1.0,"enemies":"Jaw Worm","floor":2.0,"turns":3.0},{"damage":0.0,"enemies":"Small Slimes","floor":3.0,"turns":3.0},{"damage":7.0,"enemies":"Looter","floor":4.0,"turns":4.0},{"damage":8.0,"enemies":"Lots of Slimes","floor":11.0,"turns":5.0},{"damage":18.0,"enemies":"Exordium Wildlife","floor":12.0,"turns":2.0},{"damage":0.0,"enemies":"Slime Boss","floor":16.0,"turns":3.0},{"damage":5.0,"enemies":"3 Byrds","floor":18.0,"turns":4.0},{"damage":2.0,"enemies":"2 Thieves","floor":21.0,"turns":3.0},{"damage":0.0,"enemies":"Colosseum Slavers","floor":22.0,"turns":3.0},{"damage":19.0,"enemies":"Colosseum Nobs","floor":22.0,"turns":5.0},{"damage":6,"enemies":"Slavers","floor":27,"turns":8},{"damage":5,"enemies":"3 Cultists","floor":29,"turns":6},{"damage":4,"enemies":"Shelled Parasite and Fungi","floor":30,"turns":5},{"damage":8,"enemies":"Centurion and Healer","floor":31,"turns":6},{"damage":14,"enemies":"Champ","floor":33,"turns":10},{"damage":5,"enemies":"3 Darklings","floor":35,"turns":7},{"damage":1,"enemies":"Orb Walker","floor":37,"turns":3},{"damage":2,"enemies":"2 Orb Walkers","floor":38,"turns":5},{"damage":0,"enemies":"Jaw Worm Horde","floor":44,"turns":5},{"damage":1,"enemies":"Mind Bloom Boss Battle","floor":45,"turns":4},{"damage":0,"enemies":"4 Shapes","floor":48,"turns":5},{"damage":0,"enemies":"Awakened One","floor":50,"turns":5}],"seed_played":"7883055734100407624","potions_obtained":[{"floor":1.0,"key":"Regen Potion"},{"floor":4.0,"key":"PowerPotion"},{"floor":11.0,"key":"Ancient Potion"},{"floor":22.0,"key":"Weak Potion"},{"floor":27,"key":"SkillPotion"},{"floor":36,"key":"FearPotion"},{"floor":37,"key":"EntropicBrew"}],"is_trial":false,"path_per_floor":["M","M","M","M","?","R","$","R","T","R","M","M","?","?","R","B",null,"M","$","$","M","?","R","?","R","T","E","R","M","M","M","R","B",null,"M","?","M","?","?","R","?","R","T","M","?","R","$","M","R","B",null],"character_chosen":"IRONCLAD","items_purchased":["Evolve","Entrench","Membership Card","Enlightenment+1","Ornamental Fan","Orichalcum"],"campfire_rested":0,"item_purchase_floors":[19,19,47,47,47,47],"current_hp_per_floor":[80,80,80,79,79,79,79,79,79,79,77,68,68,68,68,74,80,80,80,80,80,67,67,40,40,40,40,40,40,40,38,38,30,40,40,40,40,40,40,40,40,40,40,40,40,40,40,40,40,40],"gold":16,"neow_bonus":"THREE_RARE_CARDS","is_prod":false,"is_daily":false,"chose_seed":false,"campfire_upgraded":9,"win_rate":0,"timestamp":1561881281,"path_taken":["M","?","M","M","?","R","?","R","T","R","M","?","?","?","R","BOSS","M","?","$","M","?","R","?","R","T","E","R","M","?","M","R","BOSS","M","?","?","?","?","R","?","R","T","?","?","R","$","M","R","BOSS"],"build_version":"2019-01-23","purchased_purges":3,"victory":true,"max_hp_per_floor":[80,80,80,80,80,80,80,80,80,80,80,80,80,80,80,80,80,80,80,80,80,80,80,40,40,40,40,40,40,40,40,40,40,40,40,40,40,40,40,40,40,40,40,40,40,40,40,40,40,40],"card_choices":[{"not_picked":["Dark Embrace","Barricade"],"picked":"Fiend Fire","floor":0.0},{"not_picked":["Clash","Body Slam"],"picked":"Uppercut","floor":1.0},{"not_picked":["Havoc","Headbutt"],"picked":"Power Through","floor":2.0},{"not_picked":["Cleave","Intimidate"],"picked":"Battle Trance","floor":3.0},{"not_picked":["Anger","Infernal Blade","Iron Wave"],"picked":"SKIP","floor":4.0},{"not_picked":["Rupture","Cleave"],"picked":"Body Slam","floor":11.0},{"not_picked":["Armaments","Havoc","Iron Wave"],"picked":"SKIP","floor":12.0},{"not_picked":["Feed","Brutality"],"picked":"Exhume","floor":16.0},{"not_picked":["Headbutt"],"picked":"SKIP","floor":18.0},{"not_picked":["Flex"],"picked":"SKIP","floor":21.0},{"not_picked":["Headbutt+1"],"picked":"SKIP","floor":27},{"not_picked":["Headbutt+1"],"picked":"SKIP","floor":27},{"not_picked":["Thunderclap+1"],"picked":"SKIP","floor":29},{"not_picked":["Cleave"],"picked":"SKIP","floor":30},{"not_picked":[],"picked":"Burning Pact+1","floor":31},{"not_picked":["Perfected Strike"],"picked":"SKIP","floor":35},{"not_picked":["Armaments+1"],"picked":"SKIP","floor":37},{"not_picked":["Body Slam"],"picked":"SKIP","floor":44},{"not_picked":["Pommel Strike"],"picked":"SKIP","floor":48}],"player_experience":5597491,"relics_obtained":[{"floor":9.0,"key":"Centennial Puzzle"},{"floor":22.0,"key":"Girya"},{"floor":22.0,"key":"Toxic Egg 2"},{"floor":26,"key":"Dream Catcher"},{"floor":27,"key":"PreservedInsect"},{"floor":38,"key":"Champion Belt"},{"floor":43,"key":"Pen Nib"},{"floor":45,"key":"Calipers"}],"event_choices":[{"damage_healed":0.0,"max_hp_gain":0.0,"max_hp_loss":0.0,"gold_gain":0.0,"event_name":"Upgrade Shrine","player_choice":"Upgraded","floor":5.0,"gold_loss":0.0,"damage_taken":0.0,"cards_upgraded":["Uppercut"]},{"cards_removed":["Bash"],"damage_healed":0.0,"max_hp_gain":0.0,"max_hp_loss":0.0,"gold_gain":0.0,"event_name":"Living Wall","player_choice":"Forget","floor":13.0,"gold_loss":0.0,"damage_taken":0.0},{"damage_healed":0.0,"max_hp_gain":0.0,"max_hp_loss":0.0,"gold_gain":100.0,"event_name":"Golden Shrine","player_choice":"Pray","floor":14.0,"gold_loss":0.0,"damage_taken":0.0},{"damage_healed":0.0,"max_hp_gain":0.0,"max_hp_loss":0.0,"gold_gain":0.0,"event_name":"Colosseum","player_choice":"Fight","floor":22.0,"gold_loss":0.0,"damage_taken":0.0},{"damage_healed":0.0,"max_hp_gain":0.0,"max_hp_loss":0.0,"gold_gain":0.0,"event_name":"Colosseum","player_choice":"Fought Nobs","floor":22.0,"gold_loss":0.0,"damage_taken":0.0},{"damage_healed":0,"gold_gain":0,"player_choice":"Became a Ghost","damage_taken":0,"max_hp_gain":0,"max_hp_loss":40,"event_name":"Ghosts","floor":24,"gold_loss":0,"cards_obtained":["Ghostly","Ghostly","Ghostly","Ghostly","Ghostly"]},{"damage_healed":0,"gold_gain":0,"player_choice":"Got Potions","damage_taken":0,"max_hp_gain":0,"max_hp_loss":0,"event_name":"Lab","floor":36,"gold_loss":0},{"damage_healed":0,"gold_gain":0,"player_choice":"Fight","damage_taken":0,"max_hp_gain":0,"max_hp_loss":0,"event_name":"Mysterious Sphere","floor":38,"gold_loss":0},{"cards_removed":["Exhume"],"damage_healed":0,"gold_gain":0,"player_choice":"Removed Skill","damage_taken":0,"max_hp_gain":0,"max_hp_loss":0,"event_name":"Falling","floor":39,"gold_loss":0},{"cards_removed":["Strike_R"],"damage_healed":0,"gold_gain":0,"player_choice":"Upgrade and Remove","damage_taken":0,"max_hp_gain":0,"max_hp_loss":0,"event_name":"Designer","floor":41,"gold_loss":90,"cards_upgraded":["Defend_R"]},{"damage_healed":0,"gold_gain":0,"player_choice":"Fight","damage_taken":0,"max_hp_gain":0,"max_hp_loss":0,"event_name":"MindBloom","floor":45,"gold_loss":0}],"is_beta":false,"boss_relics":[{"not_picked":["Black Star","Mark of Pain"],"picked":"Busted Crown"},{"not_picked":["Velvet Choker","Philosopher\u0027s Stone"],"picked":"Empty Cage"}],"items_purged_floors":[19,20,47],"is_endless":false,"potions_floor_spawned":[1,4,11,22,27,29,30,37,44],"ascension_level":0}