{"gold_per_floor":[111,186,196,37,37,65,65,65,65,6,19,32,32,32,32,32],"floor_reached":16,"playtime":329,"items_purged":["Strike_G"],"score":246,"play_id":"d9f9a027-ce3b-4060-bba6-0520f462cca0","local_time":"20190219185322","is_ascension_mode":true,"campfire_choices":[{"data":"Footwork","floor":8.0,"key":"SMITH"},{"floor":13.0,"key":"REST"},{"data":"Blade Dance","floor":15.0,"key":"SMITH"}],"neow_cost":"NONE","seed_source_timestamp":38319043049977,"circlet_count":0,"master_deck":["AscendersBane","Defend_G","Defend_G","Defend_G","Defend_G","Defend_G","Strike_G","Strike_G","Strike_G","Strike_G+1","Survivor","Neutralize+1","Backflip","Footwork+1","Pain","Blade Dance+1","Backflip","Leg Sweep"],"special_seed":0,"relics":["Ring of the Snake","NeowsBlessing","Vajra","WarpedTongs","Kunai"],"potions_floor_usage":[16],"damage_taken":[{"damage":0.0,"enemies":"2 Louse","floor":1.0,"turns":1.0},{"damage":0.0,"enemies":"Jaw Worm","floor":3.0,"turns":1.0},{"damage":0.0,"enemies":"Gremlin Nob","floor":6.0,"turns":1.0},{"damage":1.0,"enemies":"Cultist","floor":11.0,"turns":4.0},{"damage":2.0,"enemies":"Looter","floor":12.0,"turns":3.0},{"damage":36,"enemies":"Slime Boss","floor":16,"turns":9}],"seed_played":"-1461045146778617185","potions_obtained":[{"floor":11.0,"key":"SteroidPotion"}],"is_trial":false,"path_per_floor":["M","?","M","$","?","E","?","R","T","$","M","M","R","?","R","B"],"character_chosen":"THE_SILENT","items_purchased":["Footwork","Blade Dance"],"campfire_rested":1,"item_purchase_floors":[4,10],"current_hp_per_floor":[59,48,48,48,28,28,28,28,28,28,27,25,44,49,49,13],"gold":32,"neow_bonus":"THREE_ENEMY_KILL","is_prod":false,"is_daily":false,"chose_seed":false,"campfire_upgraded":2,"win_rate":0,"timestamp":1550573602,"path_taken":["M","?","M","$","?","E","?","R","T","$","M","?","R","?","R","BOSS"],"build_version":"2019-01-23","purchased_purges":1,"victory":false,"max_hp_per_floor":[66,66,66,66,66,66,66,66,66,66,66,66,66,71,71,71],"card_choices":[{"not_picked":["PiercingWail","Sucker Punch"],"picked":"Backflip","floor":1.0},{"not_picked":["Poisoned Stab","Dagger Throw","Sucker Punch"],"picked":"SKIP","floor":3.0},{"not_picked":["Choke","Slice","Sucker Punch"],"picked":"SKIP","floor":6.0},{"not_picked":["Flying Knee","Underhanded Strike"],"picked":"Backflip","floor":11.0},{"not_picked":["Blade Dance","Dodge and Roll"],"picked":"Leg Sweep","floor":12.0}],"player_experience":2964701,"relics_obtained":[{"floor":6.0,"key":"Vajra"},{"floor":9.0,"key":"Kunai"}],"event_choices":[{"damage_healed":0.0,"max_hp_gain":0.0,"max_hp_loss":0.0,"gold_gain":75.0,"event_name":"World of Goop","player_choice":"Gather Gold","floor":2.0,"gold_loss":0.0,"damage_taken":11.0},{"damage_healed":0.0,"max_hp_gain":0.0,"max_hp_loss":0.0,"gold_gain":0.0,"event_name":"Shining Light","player_choice":"Entered Light","floor":5.0,"gold_loss":0.0,"damage_taken":20.0,"cards_upgraded":["Neutralize","Strike_G"]},{"damage_healed":0.0,"max_hp_gain":0.0,"max_hp_loss":0.0,"gold_gain":0.0,"event_name":"Accursed Blacksmith","player_choice":"Rummage","floor":7.0,"gold_loss":0.0,"damage_taken":0.0,"relics_obtained":["WarpedTongs"],"cards_obtained":["Pain"]},{"damage_healed":0.0,"max_hp_gain":5.0,"max_hp_loss":0.0,"gold_gain":0.0,"event_name":"Big Fish","player_choice":"Donut","floor":14.0,"gold_loss":0.0,"damage_taken":0.0}],"is_beta":false,"boss_relics":[],"items_purged_floors":[4],"is_endless":false,"potions_floor_spawned":[11],"killed_by":"Slime Boss","ascension_level":20}