{"gold_per_floor":[219,107,117,192,211,211,211,211,211,221,34,46,32,32],"floor_reached":14,"playtime":301,"items_purged":["Strike_G","Strike_G"],"score":148,"play_id":"13ae362e-fe2f-4710-b7fc-c04d6db7cfa6","local_time":"20190201042259","is_ascension_mode":true,"campfire_choices":[{"data":"Neutralize","floor":6,"key":"SMITH"},{"data":"Masterful Stab","floor":8,"key":"SMITH"}],"neow_cost":"NONE","seed_source_timestamp":9292866960183,"circlet_count":0,"master_deck":["AscendersBane","Defend_G","Defend_G","Defend_G","Defend_G","Defend_G","Strike_G","Strike_G","Strike_G","Survivor","Neutralize+1","Masterful Stab+1","Infinite Blades","Dash","Accuracy","Accuracy"],"relics":["Ring of the Snake","Sundial"],"potions_floor_usage":[13,14],"damage_taken":[{"damage":2,"enemies":"Small Slimes","floor":1,"turns":6},{"damage":7,"enemies":"Jaw Worm","floor":3,"turns":4},{"damage":4,"enemies":"Cultist","floor":5,"turns":4},{"damage":12,"enemies":"Lots of Slimes","floor":10,"turns":5},{"damage":2,"enemies":"Gremlin Gang","floor":12,"turns":5},{"damage":17,"enemies":"Exordium Thugs","floor":13,"turns":4},{"damage":5,"enemies":"3 Sentries","floor":14,"turns":6}],"seed_played":"-7651293996269250616","potions_obtained":[{"floor":3,"key":"PowerPotion"},{"floor":7,"key":"PowerPotion"}],"is_trial":false,"path_per_floor":["M","$","M","?","M","R","?","R","T","M","$","M","M","E"],"character_chosen":"THE_SILENT","items_purchased":["Infinite Blades","Accuracy"],"campfire_rested":0,"item_purchase_floors":[2,11],"current_hp_per_floor":[57,57,50,39,35,35,35,35,35,23,23,21,4,0],"gold":32,"neow_bonus":"HUNDRED_GOLD","is_prod":false,"is_daily":false,"chose_seed":false,"campfire_upgraded":2,"win_rate":0,"timestamp":1548966179,"path_taken":["M","$","M","?","M","R","?","R","T","?","$","?","?","E"],"build_version":"2019-01-23","purchased_purges":2,"victory":false,"max_hp_per_floor":[66,66,66,66,66,66,66,66,66,66,66,66,66,66],"card_choices":[{"not_picked":["Blade Dance","Dagger Throw"],"picked":"Masterful Stab","floor":1},{"not_picked":["Quick Slash","Dodge and Roll","Acrobatics"],"picked":"SKIP","floor":3},{"not_picked":["Dagger Throw","Reflex","Deadly Poison"],"picked":"SKIP","floor":5},{"not_picked":["Slice","Poisoned Stab"],"picked":"Dash","floor":10},{"not_picked":["Flechettes","Deadly Poison"],"picked":"Accuracy","floor":12},{"not_picked":["Prepared","Deflect","Poisoned Stab"],"picked":"SKIP","floor":13}],"player_experience":2438974,"relics_obtained":[{"floor":9,"key":"Sundial"}],"event_choices":[{"damage_healed":0,"gold_gain":75,"player_choice":"Gather Gold","damage_taken":11,"max_hp_gain":0,"max_hp_loss":0,"event_name":"World of Goop","floor":4,"gold_loss":0},{"damage_healed":0,"gold_gain":0,"player_choice":"Got Potions","damage_taken":0,"max_hp_gain":0,"max_hp_loss":0,"event_name":"Lab","floor":7,"gold_loss":0}],"is_beta":false,"boss_relics":[],"items_purged_floors":[2,11],"is_endless":false,"potions_floor_spawned":[3,12],"killed_by":"3 Sentries","ascension_level":16}