{"gold_per_floor":[18,29,39,55,65,65,120,135,135,135,151,181,236,236,236,341,341,354,354,403,403,403,403,67,81,108,140,140,239,258,271,271,372,372,388,93,93,93,113,140,140,60,60,60,76,93,103,149,149,149],"floor_reached":51,"playtime":5125,"items_purged":["Defend_B","Strike_B"],"score":882,"play_id":"e084762d-9331-44dc-934d-84c0c1400ea8","local_time":"20180715183218","is_ascension_mode":false,"campfire_choices":[{"data":"Zap","floor":6.0,"key":"SMITH"},{"data":"Machine Learning","floor":10.0,"key":"SMITH"},{"data":"Chaos","floor":15.0,"key":"SMITH"},{"data":"Seek","floor":23.0,"key":"SMITH"},{"data":"Seek","floor":28.0,"key":"SMITH"},{"data":"Barrage","floor":32.0,"key":"SMITH"},{"data":"Buffer","floor":41,"key":"SMITH"},{"data":"Creative AI","floor":44,"key":"SMITH"},{"data":"Zap","floor":49,"key":"SMITH"}],"neow_cost":"NO_GOLD","seed_source_timestamp":5202304279301,"circlet_count":0,"master_deck":["Defend_B","Zap+1","Dualcast","Hologram","Core Surge","Hologram","Ball Lightning","White Noise","Barrage+1","Machine Learning+1","Beam Cell","Chaos+1","Seek+1","Capacitor+1","Chill+1","Go for the Eyes+1","Leap+1","Zap+1","Seek+1","Static Discharge+1","Coolheaded","Turbo","Doom and Gloom","Creative AI+1","Consume","Echo Form","Seek+1","Static Discharge+1","Buffer+1"],"special_seed":0,"relics":["Cracked Core","Tiny Chest","Pantograph","Juzu Bracelet","Blood Vial","Astrolabe","Happy Flower","Bottled Lightning","Dream Catcher","Sundial","Nuclear Battery","Vajra","Dead Branch","The Courier","Question Card","Regal Pillow"],"potions_floor_usage":[35,50,50,50],"damage_taken":[{"damage":0.0,"enemies":"Cultist","floor":1.0,"turns":3.0},{"damage":0.0,"enemies":"2 Louse","floor":2.0,"turns":3.0},{"damage":0.0,"enemies":"Small Slimes","floor":3.0,"turns":2.0},{"damage":6.0,"enemies":"Exordium Wildlife","floor":4.0,"turns":3.0},{"damage":9.0,"enemies":"2 Fungi Beasts","floor":5.0,"turns":3.0},{"damage":0.0,"enemies":"Lagavulin","floor":7.0,"turns":7.0},{"damage":0.0,"enemies":"Large Slime","floor":8.0,"turns":3.0},{"damage":6.0,"enemies":"3 Louse","floor":11.0,"turns":2.0},{"damage":14.0,"enemies":"3 Sentries","floor":12.0,"turns":6.0},{"damage":32.0,"enemies":"Hexaghost","floor":16.0,"turns":8.0},{"damage":10.0,"enemies":"3 Byrds","floor":18.0,"turns":5.0},{"damage":10.0,"enemies":"Shell Parasite","floor":25.0,"turns":3.0},{"damage":9.0,"enemies":"Gremlin Leader","floor":27.0,"turns":4.0},{"damage":14.0,"enemies":"Centurion and Healer","floor":30.0,"turns":4.0},{"damage":4.0,"enemies":"3 Cultists","floor":31.0,"turns":4.0},{"damage":47.0,"enemies":"Champ","floor":33.0,"turns":7.0},{"damage":3,"enemies":"Flame Bruiser 1 Orb","floor":35,"turns":5},{"damage":3,"floor":38,"turns":6},{"damage":11,"enemies":"3 Darklings","floor":39,"turns":5},{"damage":3,"enemies":"Nemesis","floor":40,"turns":5},{"damage":0,"enemies":"Maw","floor":45,"turns":6},{"damage":0,"enemies":"Transient","floor":46,"turns":5},{"damage":13,"enemies":"Flame Bruiser 2 Orb","floor":47,"turns":6},{"damage":79,"enemies":"Awakened One","floor":50,"turns":8}],"seed_played":"4035511353157600867","potions_obtained":[{"floor":5.0,"key":"Explosive Potion"},{"floor":7.0,"key":"Energy Potion"},{"floor":8.0,"key":"Fire Potion"},{"floor":12.0,"key":"Regen Potion"},{"floor":27.0,"key":"GamblersBrew"},{"floor":33.0,"key":"Regen Potion"},{"floor":39,"key":"Dexterity Potion"},{"floor":45,"key":"Fire Potion"}],"is_trial":false,"path_per_floor":["M","M","M","M","M","R","E","M","T","R","M","E","T","?","R","B",null,"M","?","T","?","?","R","$","M","T","E","R","?","M","M","R","B",null,"M","$","?","?","M","E","R","$","T","R","M","M","M","T","R","B"],"character_chosen":"DEFECT","items_purchased":["Bottled Lightning","Vajra","Echo Form"],"campfire_rested":0,"item_purchase_floors":[24,36,36],"current_hp_per_floor":[75,75,75,69,60,60,60,60,60,60,54,40,40,40,40,35,75,65,51,51,51,51,51,51,43,43,50,50,50,38,36,36,16,80,77,77,77,77,68,67,67,67,67,67,69,78,67,67,67,16],"gold":149,"neow_bonus":"TRANSFORM_TWO_CARDS","is_prod":false,"is_daily":false,"chose_seed":false,"campfire_upgraded":9,"win_rate":0,"timestamp":1531672338,"path_taken":["M","M","M","M","M","R","E","M","T","R","M","E","?","?","R","BOSS","M","?","?","?","?","R","$","M","T","E","R","?","M","M","R","BOSS","M","$","?","?","M","E","R","?","T","R","M","M","M","?","R","BOSS"],"build_version":"2018-07-12","purchased_purges":2,"victory":true,"max_hp_per_floor":[75,75,75,75,75,75,75,75,75,75,75,75,75,75,75,75,75,75,80,80,80,80,80,80,80,80,80,80,80,80,80,80,80,80,80,80,80,80,80,80,80,80,80,80,80,80,80,80,80,80],"card_choices":[{"not_picked":["Leap","Gash"],"picked":"Hologram","floor":1.0},{"not_picked":["Sweeping Beam","Go for the Eyes"],"picked":"Ball Lightning","floor":2.0},{"not_picked":["Compile Driver","Ball Lightning"],"picked":"White Noise","floor":3.0},{"not_picked":["Gash","Rebound"],"picked":"Barrage","floor":4.0},{"not_picked":["Stack","Sweeping Beam","Ball Lightning"],"picked":"SKIP","floor":5.0},{"not_picked":["Ball Lightning","Recycle","Hello World"],"picked":"SKIP","floor":7.0},{"not_picked":["Redo","Leap"],"picked":"Machine Learning","floor":8.0},{"not_picked":["FTL","Compile Driver"],"picked":"Beam Cell","floor":11.0},{"not_picked":["Go for the Eyes","Fission"],"picked":"Chaos","floor":12.0},{"not_picked":["Fission","Machine Learning"],"picked":"Seek","floor":16.0},{"not_picked":["Compile Driver","Fusion"],"picked":"Leap+1","floor":18.0},{"not_picked":["Ball Lightning","Sweeping Beam"],"picked":"Static Discharge+1","floor":25.0},{"not_picked":["Aggregate+1","Gash"],"picked":"Coolheaded","floor":27.0},{"not_picked":["Go for the Eyes","Heatsinks+1"],"picked":"Turbo","floor":30.0},{"not_picked":["Go for the Eyes","Steam"],"picked":"Doom and Gloom","floor":31.0},{"not_picked":["Biased Cognition","Seek"],"picked":"Creative AI","floor":33.0},{"not_picked":["Streamline+1","Auto Shields"],"picked":"Consume","floor":35},{"not_picked":["Scrape","Stack+1"],"picked":"Static Discharge+1","floor":38},{"not_picked":["Go for the Eyes","Coolheaded+1","Auto Shields+1"],"picked":"SKIP","floor":39},{"not_picked":["White Noise","Heatsinks"],"picked":"Buffer","floor":40},{"not_picked":["Coolheaded","Beam Cell+1","Rebound","Loop+1"],"picked":"SKIP","floor":45},{"not_picked":["Auto Shields+1","Genetic Algorithm","Cold Snap","Barrage+1"],"picked":"SKIP","floor":46},{"not_picked":["Lockon+1","Go for the Eyes","Blizzard+1","Leap"],"picked":"SKIP","floor":47}],"player_experience":316042,"relics_obtained":[{"floor":7.0,"key":"Tiny Chest"},{"floor":9.0,"key":"Pantograph"},{"floor":12.0,"key":"Juzu Bracelet"},{"floor":13.0,"key":"Blood Vial"},{"floor":20.0,"key":"Happy Flower"},{"floor":26.0,"key":"Dream Catcher"},{"floor":27.0,"key":"Sundial"},{"floor":38,"key":"Dead Branch"},{"floor":40,"key":"The Courier"},{"floor":43,"key":"Question Card"},{"floor":48,"key":"Regal Pillow"}],"event_choices":[{"event_name":"Liars Game","player_choice":"disagreed","floor":14.0,"damage_taken":0.0},{"event_name":"Forgotten Altar","player_choice":"Shed Blood","floor":19.0,"damage_taken":0.0},{"event_name":"Ghosts","player_choice":"Ignored","floor":21.0,"damage_taken":0.0},{"event_name":"Match and Keep!","player_choice":"2 cards matched","floor":22.0,"damage_taken":0.0},{"event_name":"Nest","player_choice":"Stole From Cult","floor":29.0,"damage_taken":0.0},{"event_name":"Duplicator","player_choice":"One dupe","floor":37,"damage_taken":0},{"event_name":"MindBloom","player_choice":"Fight","floor":38,"damage_taken":0}],"boss_relics":[{"not_picked":["Coffee Dripper","Runic Dome"],"picked":"Astrolabe"},{"not_picked":["Orrery","Runic Pyramid"],"picked":"Nuclear Battery"}],"items_purged_floors":[24,42],"is_endless":false,"potions_floor_spawned":[5,7,8,12,25,27,33,39,45,46],"ascension_level":0}