{"gold_per_floor":[118,129,54,68,84,84,96,96,164,190,190,190],"floor_reached":12,"playtime":391,"items_purged":["Strike_G"],"score":160,"play_id":"4ec8a983-e3d5-4893-b85e-4c9e04a13556","local_time":"20190128165521","is_ascension_mode":true,"campfire_choices":[{"data":"Blade Dance","floor":6,"key":"SMITH"}],"neow_cost":"NONE","seed_source_timestamp":27812018108306,"circlet_count":0,"master_deck":["AscendersBane","Defend_G","Defend_G","Defend_G","Defend_G","Defend_G","Strike_G","Strike_G","Strike_G","Survivor","Neutralize","Blade Dance+1","Masterful Stab","Infinite Blades","Acrobatics","Corpse Explosion"],"relics":["Ring of the Snake","Ancient Tea Set","Sundial","Tingsha"],"potions_floor_usage":[10,12],"damage_taken":[{"damage":9,"enemies":"Jaw Worm","floor":1,"turns":7},{"damage":4,"enemies":"2 Louse","floor":2,"turns":4},{"damage":0,"enemies":"Cultist","floor":4,"turns":5},{"damage":1,"enemies":"Red Slaver","floor":5,"turns":5},{"damage":0,"enemies":"Gremlin Gang","floor":7,"turns":5},{"damage":21,"enemies":"Gremlin Nob","floor":10,"turns":4},{"damage":27,"enemies":"Lagavulin","floor":12,"turns":6}],"seed_played":"6446437239832004273","potions_obtained":[{"floor":2,"key":"GamblersBrew"},{"floor":4,"key":"GhostInAJar"},{"floor":7,"key":"Swift Potion"}],"is_trial":false,"path_per_floor":["M","M","$","M","M","R","M","?","T","E","?","E"],"character_chosen":"THE_SILENT","items_purchased":[],"campfire_rested":0,"item_purchase_floors":[],"current_hp_per_floor":[50,46,46,46,45,45,45,38,38,17,17,0],"gold":190,"neow_bonus":"RANDOM_COMMON_RELIC","is_prod":false,"is_daily":false,"chose_seed":false,"campfire_upgraded":1,"win_rate":0,"timestamp":1548665721,"path_taken":["M","M","$","M","M","R","M","?","T","E","?","E"],"build_version":"2019-01-23","purchased_purges":1,"victory":false,"max_hp_per_floor":[66,66,66,66,66,66,66,66,66,66,66,66],"card_choices":[{"not_picked":["Deflect","Dodge and Roll"],"picked":"Blade Dance","floor":1},{"not_picked":["Riddle With Holes","Outmaneuver","Deadly Poison"],"picked":"SKIP","floor":2},{"not_picked":["Quick Slash","Acrobatics"],"picked":"Masterful Stab","floor":4},{"not_picked":["Outmaneuver","Underhanded Strike"],"picked":"Infinite Blades","floor":5},{"not_picked":["Quick Slash","Sucker Punch"],"picked":"Acrobatics","floor":7},{"not_picked":["Prepared","Choke"],"picked":"Corpse Explosion","floor":10}],"player_experience":1372360,"relics_obtained":[{"floor":9,"key":"Sundial"},{"floor":10,"key":"Tingsha"}],"event_choices":[{"cards_removed":["Strike_G"],"damage_healed":0,"gold_gain":0,"player_choice":"Card Removal","damage_taken":7,"max_hp_gain":0,"max_hp_loss":0,"event_name":"Golden Wing","floor":8,"gold_loss":0},{"damage_healed":0,"gold_gain":0,"player_choice":"Ignored","damage_taken":0,"max_hp_gain":0,"max_hp_loss":0,"event_name":"Liars Game","floor":11,"gold_loss":0}],"is_beta":true,"boss_relics":[],"items_purged_floors":[3],"is_endless":false,"potions_floor_spawned":[2,4,7],"killed_by":"Lagavulin","ascension_level":20}