{"gold_per_floor":[109,22,38,38,55,55,88,108,108,108,58,58,58,92,92,192,242,256,256,355,355,371,371,45,45,45,45,45,45,45,75,75,170,170,183,199,7,7,18,18,18,33,58,58,58,71,71,105,105,105],"floor_reached":51,"playtime":1535,"items_purged":["Strike_B","Defend_B"],"score":1165,"play_id":"499e515c-3325-41c6-9c7d-89b17325f88f","local_time":"20181026154259","is_ascension_mode":true,"campfire_choices":[{"data":"Zap","floor":6,"key":"SMITH"},{"data":"Hologram","floor":10,"key":"SMITH"},{"data":"White Noise","floor":15,"key":"SMITH"},{"data":"Streamline","floor":23,"key":"SMITH"},{"data":"Defragment","floor":25,"key":"SMITH"},{"data":"FTL","floor":28,"key":"SMITH"},{"data":"Go for the Eyes","floor":30,"key":"SMITH"},{"data":"Coolheaded","floor":32,"key":"SMITH"},{"data":"Reboot","floor":40,"key":"SMITH"},{"data":"Beam Cell","floor":44,"key":"SMITH"},{"data":"Thinking Ahead","floor":47,"key":"SMITH"},{"data":"Turbo","floor":49,"key":"SMITH"}],"neow_cost":"NONE","seed_source_timestamp":86521122156058,"circlet_count":0,"master_deck":["Strike_B+1","Defend_B","Defend_B","Zap+1","Dualcast+1","AscendersBane","Conserve Battery","FTL+1","Hologram+1","White Noise+1","All For One","Streamline+1","Steam","Go for the Eyes+1","Turbo+1","Reboot+1","Coolheaded+1","All For One","Flash of Steel","Thinking Ahead+1","Beam Cell+1","Hologram+1"],"relics":["Cracked Core","Art of War","Du-Vu Doll","Bird Faced Urn","StoneCalendar","Bag of Preparation","Tiny House","Oddly Smooth Stone","Lantern","Bronze Scales","Runic Dome","Vajra","DataDisk"],"potions_floor_usage":[7,14],"damage_taken":[{"damage":1,"enemies":"Cultist","floor":1,"turns":3},{"damage":0,"enemies":"Small Slimes","floor":3,"turns":3},{"damage":7,"enemies":"Jaw Worm","floor":5,"turns":3},{"damage":31,"enemies":"Gremlin Nob","floor":7,"turns":5},{"damage":8,"enemies":"3 Louse","floor":8,"turns":2},{"damage":8,"enemies":"3 Sentries","floor":14,"turns":7},{"damage":12,"enemies":"The Guardian","floor":16,"turns":12},{"damage":0,"enemies":"3 Byrds","floor":18,"turns":2},{"damage":7,"enemies":"Chosen","floor":22,"turns":4},{"damage":20,"enemies":"Gremlin Leader","floor":31,"turns":6},{"damage":57,"enemies":"Automaton","floor":33,"turns":8},{"damage":7,"enemies":"3 Shapes","floor":35,"turns":5},{"damage":0,"enemies":"Orb Walker","floor":36,"turns":3},{"damage":31,"enemies":"Writhing Mass","floor":39,"turns":5},{"damage":0,"enemies":"Jaw Worm Horde","floor":42,"turns":3},{"damage":0,"enemies":"3 Darklings","floor":46,"turns":2},{"damage":0,"enemies":"Giant Head","floor":48,"turns":6},{"damage":31,"enemies":"Donu and Deca","floor":50,"turns":5}],"seed_played":"-2463606434445748260","potions_obtained":[{"floor":5,"key":"Weak Potion"},{"floor":7,"key":"Dexterity Potion"},{"floor":14,"key":"GamblersBrew"},{"floor":16,"key":"FairyPotion"},{"floor":35,"key":"GamblersBrew"}],"is_trial":false,"path_per_floor":["M","?","M","$","M","R","E","M","T","R","?","$","?","E","R","B",null,"M","?","?","?","M","R","$","R","T","$","R","?","R","E","R","B",null,"M","M","$","?","M","R","?","M","T","R","?","M","R","E","R","B"],"character_chosen":"DEFECT","items_purchased":["Turbo","Defragment","Oddly Smooth Stone","Flash of Steel"],"campfire_rested":0,"item_purchase_floors":[24,24,24,37],"current_hp_per_floor":[67,67,67,67,60,60,29,21,21,21,21,21,21,22,22,21,67,69,69,69,54,58,58,58,58,58,58,58,58,58,51,51,15,68,74,85,85,85,54,54,54,58,58,58,58,60,60,62,62,33],"gold":105,"neow_bonus":"RANDOM_COMMON_RELIC","is_prod":false,"is_daily":false,"chose_seed":false,"campfire_upgraded":12,"win_rate":0,"timestamp":1540539779,"path_taken":["M","?","M","$","M","R","E","M","T","R","?","$","?","E","R","BOSS","M","?","?","?","M","R","$","R","T","$","R","?","R","E","R","BOSS","M","M","?","?","?","R","?","?","T","R","?","?","R","E","R","BOSS"],"build_version":"2018-10-25","purchased_purges":2,"victory":true,"max_hp_per_floor":[75,75,75,75,75,75,75,75,75,75,75,75,75,75,75,75,80,80,80,80,85,85,85,85,85,85,85,85,85,85,85,85,85,85,85,85,85,85,85,85,85,85,85,85,85,85,85,85,85,85],"card_choices":[{"not_picked":["Stack","Cold Snap"],"picked":"Conserve Battery","floor":1},{"not_picked":["Redo","Fusion"],"picked":"FTL","floor":3},{"not_picked":["Auto Shields","Leap"],"picked":"Hologram","floor":5},{"not_picked":["Fusion","Sunder","Blizzard"],"picked":"SKIP","floor":7},{"not_picked":["Capacitor","Beam Cell"],"picked":"Self Repair","floor":8},{"not_picked":["Consume","Streamline"],"picked":"White Noise","floor":14},{"not_picked":["Reboot","Biased Cognition"],"picked":"All For One","floor":16},{"not_picked":["Redo","Barrage"],"picked":"Streamline","floor":17},{"not_picked":["Chill","BootSequence"],"picked":"Steam","floor":18},{"not_picked":["Compile Driver","Coolheaded"],"picked":"Go for the Eyes","floor":22},{"not_picked":["Compile Driver","Stack","Biased Cognition"],"picked":"SKIP","floor":31},{"not_picked":["Amplify","Reboot"],"picked":"All For One","floor":33},{"not_picked":["Stack","Chill","Go for the Eyes"],"picked":"SKIP","floor":35},{"not_picked":["Hologram","Redo+1","Go for the Eyes"],"picked":"SKIP","floor":36},{"not_picked":["Go for the Eyes+1","Compile Driver","Redo"],"picked":"SKIP","floor":39},{"not_picked":["Panacea","Magnetism"],"picked":"Thinking Ahead","floor":41},{"not_picked":["Steam Power","Force Field+1"],"picked":"Beam Cell","floor":42},{"not_picked":["Streamline","Capacitor"],"picked":"Hologram+1","floor":46},{"not_picked":["Recycle","Leap","Genetic Algorithm"],"picked":"SKIP","floor":48}],"player_experience":404156,"relics_obtained":[{"floor":7,"key":"Bird Faced Urn"},{"floor":9,"key":"StoneCalendar"},{"floor":14,"key":"Bag of Preparation"},{"floor":26,"key":"Lantern"},{"floor":31,"key":"Bronze Scales"},{"floor":43,"key":"Vajra"},{"floor":48,"key":"DataDisk"}],"event_choices":[{"damage_healed":0,"gold_gain":0,"player_choice":"Paid Gold","damage_taken":0,"relics_obtained":["Du-Vu Doll"],"max_hp_gain":0,"max_hp_loss":0,"event_name":"WeMeetAgain","floor":2,"gold_loss":87},{"cards_removed":["Strike_B"],"damage_healed":0,"gold_gain":0,"player_choice":"Card Removal","damage_taken":0,"max_hp_gain":0,"max_hp_loss":0,"event_name":"The Cleric","floor":11,"gold_loss":50},{"damage_healed":0,"gold_gain":0,"player_choice":"Upgraded","damage_taken":0,"max_hp_gain":0,"max_hp_loss":0,"event_name":"Upgrade Shrine","floor":13,"gold_loss":0,"cards_upgraded":["Dualcast"]},{"damage_healed":0,"gold_gain":0,"player_choice":"Ignored","damage_taken":0,"max_hp_gain":0,"max_hp_loss":0,"event_name":"Cursed Tome","floor":19,"gold_loss":0},{"damage_healed":0,"gold_gain":99,"player_choice":"Stole From Cult","damage_taken":0,"max_hp_gain":0,"max_hp_loss":0,"event_name":"Nest","floor":20,"gold_loss":0},{"damage_healed":0,"gold_gain":0,"player_choice":"Shed Blood","damage_taken":20,"max_hp_gain":5,"max_hp_loss":0,"event_name":"Forgotten Altar","floor":21,"gold_loss":0},{"damage_healed":0,"gold_gain":0,"cards_transformed":["Strike_B","Defend_B"],"player_choice":"Became Test Subject","damage_taken":0,"max_hp_gain":0,"max_hp_loss":0,"event_name":"Drug Dealer","floor":29,"gold_loss":0,"cards_obtained":["Reboot","Coolheaded"]},{"cards_removed":["Self Repair"],"damage_healed":0,"gold_gain":0,"player_choice":"Offered Uncommon","damage_taken":0,"max_hp_gain":0,"max_hp_loss":0,"event_name":"Bonfire Elementals","floor":38,"gold_loss":0},{"damage_healed":0,"gold_gain":0,"player_choice":"Memory 1","damage_taken":0,"max_hp_gain":0,"max_hp_loss":0,"event_name":"SensoryStone","floor":41,"gold_loss":0},{"cards_removed":["Defragment"],"damage_healed":0,"gold_gain":0,"player_choice":"Removed Power","damage_taken":0,"max_hp_gain":0,"max_hp_loss":0,"event_name":"Falling","floor":45,"gold_loss":0}],"is_beta":false,"boss_relics":[{"not_picked":["Eternal Feather","Runic Pyramid"],"picked":"Tiny House"},{"not_picked":["Orrery","Lizard Tail"],"picked":"Runic Dome"}],"items_purged_floors":[24,37],"is_endless":false,"potions_floor_spawned":[5,7,14,16,18,35,42,48],"ascension_level":12}