{"gold_per_floor":[116,57,72,85,97,130,130,142,217,217,243,259,259,291,291,370,370,385,400,400,400,415,415,447,447,471,490,415,415,24,42,42,114,114,127,140,140,152,77,77,77,77,150,166,166,166,166,186,186,186,186,186,186,21,55,55],"floor_reached":56,"playtime":2797,"items_purged":["Dualcast"],"score":1949,"play_id":"2fbd7eb1-74eb-4b2a-b9b3-1ef4fc4e2412","local_time":"20190222172224","is_ascension_mode":true,"campfire_choices":[{"data":"Sunder","floor":7.0,"key":"SMITH"},{"data":"Beam Cell","floor":10.0,"key":"SMITH"},{"data":"Zap","floor":13.0,"key":"SMITH"},{"data":"Coolheaded","floor":15.0,"key":"SMITH"},{"data":"Fusion","floor":23.0,"key":"SMITH"},{"data":"Defragment","floor":25.0,"key":"SMITH"},{"floor":29.0,"key":"REST"},{"data":"Blizzard","floor":32.0,"key":"SMITH"},{"data":"Recycle","floor":40.0,"key":"SMITH"},{"data":"Hologram","floor":42.0,"key":"SMITH"},{"data":"Seek","floor":45.0,"key":"SMITH"},{"floor":47.0,"key":"RECALL"},{"floor":49.0,"key":"REST"},{"floor":53.0,"key":"REST"}],"neow_cost":"NONE","seed_source_timestamp":420166641589194,"circlet_count":0,"master_deck":["AscendersBane","Zap+1","Sunder+1","Turbo+1","Blizzard+1","Undo+1","Coolheaded+1","Beam Cell+1","Compile Driver+1","Cold Snap+1","Core Surge+1","Fusion+1","White Noise+1","Seek+1","Loop+1","Skim+1","Glacier+1","Turbo+1","Recycle+1","Hologram+1","Defragment+1","Buffer+1","Double Energy+1","Skim+1","Go for the Eyes+1","Echo Form"],"special_seed":0,"relics":["Cracked Core","Bag of Marbles","Pen Nib","Singing Bowl","Mango","Lantern","Pandora\u0027s Box","Bronze Scales","Regal Pillow","Runic Capacitor","DataDisk","Eternal Feather","Mark of the Bloom","Bird Faced Urn"],"potions_floor_usage":[56,56],"damage_taken":[{"damage":1.0,"enemies":"Cultist","floor":1.0,"turns":3.0},{"damage":2.0,"enemies":"Jaw Worm","floor":3.0,"turns":2.0},{"damage":2.0,"enemies":"2 Louse","floor":4.0,"turns":3.0},{"damage":2.0,"enemies":"2 Fungi Beasts","floor":5.0,"turns":3.0},{"damage":19.0,"enemies":"3 Sentries","floor":6.0,"turns":10.0},{"damage":1.0,"enemies":"Exordium Wildlife","floor":8.0,"turns":2.0},{"damage":18.0,"enemies":"Lagavulin","floor":11.0,"turns":5.0},{"damage":2.0,"enemies":"Lots of Slimes","floor":12.0,"turns":3.0},{"damage":12.0,"enemies":"3 Sentries","floor":14.0,"turns":5.0},{"damage":4.0,"enemies":"Slime Boss","floor":16.0,"turns":8.0},{"damage":0.0,"enemies":"Chosen","floor":18.0,"turns":2.0},{"damage":11.0,"enemies":"3 Byrds","floor":19.0,"turns":3.0},{"damage":0.0,"enemies":"Centurion and Healer","floor":22.0,"turns":3.0},{"damage":17.0,"enemies":"Book of Stabbing","floor":24.0,"turns":3.0},{"damage":16.0,"enemies":"Snecko","floor":27.0,"turns":7.0},{"damage":3.0,"enemies":"Sentry and Sphere","floor":31.0,"turns":3.0},{"damage":40.0,"enemies":"Champ","floor":33.0,"turns":9.0},{"damage":6.0,"enemies":"3 Darklings","floor":35.0,"turns":5.0},{"damage":11.0,"enemies":"3 Shapes","floor":36.0,"turns":4.0},{"damage":20.0,"enemies":"Transient","floor":38.0,"turns":6.0},{"damage":32.0,"enemies":"Writhing Mass","floor":44.0,"turns":7.0},{"damage":11.0,"enemies":"3 Darklings","floor":48.0,"turns":3.0},{"damage":0.0,"enemies":"Time Eater","floor":50.0,"turns":10.0},{"damage":13.0,"enemies":"Awakened One","floor":51.0,"turns":6.0},{"damage":21,"enemies":"Shield and Spear","floor":55,"turns":8},{"damage":6,"enemies":"The Heart","floor":56,"turns":2}],"seed_played":"1290004553085962730","potions_obtained":[{"floor":3.0,"key":"LiquidBronze"},{"floor":5.0,"key":"SteroidPotion"},{"floor":11.0,"key":"FearPotion"},{"floor":12.0,"key":"PowerPotion"},{"floor":18.0,"key":"SteroidPotion"},{"floor":27.0,"key":"Dexterity Potion"},{"floor":37.0,"key":"SkillPotion"},{"floor":44.0,"key":"GamblersBrew"},{"floor":48.0,"key":"LiquidBronze"}],"is_trial":false,"path_per_floor":["M","$","M","M","M","E","R","M","T","R","E","M","R","E","R","B",null,"M","M","?","?","M","R","E","R","T","M","?","R","$","M","R","B",null,"M","M","?","M","$","R","?","R","T","M","R","?","R","M","R","B","B",null,"R","$","E","B"],"character_chosen":"DEFECT","items_purchased":["Turbo","Runic Capacitor","DataDisk","Echo Form"],"campfire_rested":3,"item_purchase_floors":[2,30,30,54],"current_hp_per_floor":[63,63,61,59,57,38,38,37,37,37,35,33,33,21,21,17,70,70,59,34,52,54,54,37,37,37,23,23,66,66,65,65,25,80,74,65,65,47,47,59,59,71,71,39,51,51,51,40,40,40,27,27,27,27,6,0],"gold":55,"neow_bonus":"RANDOM_COMMON_RELIC","is_prod":false,"is_daily":false,"chose_seed":false,"campfire_upgraded":10,"win_rate":0,"timestamp":1550827344,"path_taken":["M","?","M","M","M","E","R","M","T","R","E","M","R","E","R","BOSS","M","M","?","?","M","R","E","R","T","M","?","R","$","M","R","BOSS","M","M","?","?","$","R","?","R","T","M","R","?","R","M","R","BOSS","BOSS","R","$","E","BOSS"],"build_version":"2019-01-23","purchased_purges":1,"victory":false,"max_hp_per_floor":[71,71,71,71,71,71,71,71,71,71,87,87,87,87,87,87,87,87,87,92,92,94,94,94,94,94,96,96,96,96,98,98,98,98,98,100,100,102,102,102,97,97,97,97,97,97,97,97,97,97,97,97,97,97,99,99],"card_choices":[{"not_picked":["Go for the Eyes","Consume"],"picked":"Sunder","floor":1.0},{"not_picked":["Compile Driver","Skim"],"picked":"Blizzard","floor":3.0},{"not_picked":["Redo","Rip and Tear"],"picked":"Undo","floor":4.0},{"not_picked":["Sunder","Steam Power"],"picked":"Coolheaded","floor":5.0},{"not_picked":["Leap","Stack"],"picked":"Beam Cell","floor":6.0},{"not_picked":["Fusion","Barrage","Sweeping Beam"],"picked":"SKIP","floor":8.0},{"not_picked":["Multi-Cast","Hyperbeam","Sweeping Beam"],"picked":"Singing Bowl","floor":11.0},{"not_picked":["Gash","Force Field"],"picked":"Compile Driver","floor":12.0},{"not_picked":["Ball Lightning","Steam"],"picked":"Cold Snap","floor":14.0},{"not_picked":["Hyperbeam","Biased Cognition"],"picked":"Core Surge","floor":16.0},{"not_picked":["Gash","Tempest+1"],"picked":"Recycle","floor":18.0},{"not_picked":["Streamline","Compile Driver+1"],"picked":"Hologram","floor":19.0},{"not_picked":["Stack","Redo","Barrage"],"picked":"Singing Bowl","floor":22.0},{"not_picked":["Sweeping Beam","Leap"],"picked":"Defragment","floor":24.0},{"not_picked":["Storm+1","Hologram","Cold Snap"],"picked":"Singing Bowl","floor":27.0},{"not_picked":["Steam Power","Leap","Static Discharge"],"picked":"Singing Bowl","floor":31.0},{"not_picked":["Amplify","Electrodynamics"],"picked":"Buffer","floor":33.0},{"not_picked":["Static Discharge+1","Loop+1"],"picked":"Double Energy+1","floor":35.0},{"not_picked":["Sweeping Beam","Barrage+1","Capacitor"],"picked":"Singing Bowl","floor":36.0},{"not_picked":["Barrage","Beam Cell","Rebound"],"picked":"Singing Bowl","floor":38.0},{"not_picked":["Turbo","Barrage+1"],"picked":"Skim","floor":44.0},{"not_picked":["Beam Cell","Steam"],"picked":"Go for the Eyes+1","floor":48.0},{"not_picked":["Darkness","Aggregate+1","Conserve Battery"],"picked":"Singing Bowl","floor":55}],"player_experience":905257,"relics_obtained":[{"floor":6.0,"key":"Pen Nib"},{"floor":9.0,"key":"Singing Bowl"},{"floor":11.0,"key":"Mango"},{"floor":14.0,"key":"Lantern"},{"floor":24.0,"key":"Bronze Scales"},{"floor":26.0,"key":"Regal Pillow"},{"floor":55,"key":"Bird Faced Urn"}],"event_choices":[{"damage_healed":0.0,"max_hp_gain":5.0,"max_hp_loss":0.0,"gold_gain":0.0,"event_name":"Forgotten Altar","player_choice":"Shed Blood","floor":20.0,"gold_loss":0.0,"damage_taken":30.0},{"damage_healed":18.0,"max_hp_gain":0.0,"max_hp_loss":0.0,"gold_gain":0.0,"event_name":"The Library","player_choice":"Heal","floor":21.0,"gold_loss":0.0,"damage_taken":0.0},{"cards_removed":["Melter"],"damage_healed":0.0,"max_hp_gain":0.0,"max_hp_loss":0.0,"gold_gain":0.0,"event_name":"Beggar","player_choice":"Gave Gold","floor":28.0,"gold_loss":75.0,"damage_taken":0.0},{"damage_healed":0.0,"max_hp_gain":0.0,"max_hp_loss":0.0,"gold_gain":0.0,"event_name":"Lab","player_choice":"Got Potions","floor":37.0,"gold_loss":0.0,"damage_taken":0.0},{"damage_healed":0.0,"max_hp_gain":0.0,"max_hp_loss":5.0,"gold_gain":0.0,"event_name":"Winding Halls","player_choice":"Max HP","floor":41.0,"gold_loss":0.0,"damage_taken":0.0},{"damage_healed":0.0,"max_hp_gain":0.0,"max_hp_loss":0.0,"gold_gain":0.0,"event_name":"MindBloom","player_choice":"Upgrade","floor":46.0,"gold_loss":0.0,"damage_taken":0.0,"cards_upgraded":["Turbo","Undo","Compile Driver","Cold Snap","Core Surge","White Noise","Loop","Skim","Glacier","Turbo","Buffer","Skim"],"relics_obtained":["Mark of the Bloom"]}],"is_beta":false,"boss_relics":[{"not_picked":["Astrolabe","Philosopher\u0027s Stone"],"picked":"Pandora\u0027s Box"},{"not_picked":["Cursed Key","Black Star"],"picked":"Eternal Feather"}],"items_purged_floors":[39],"is_endless":false,"potions_floor_spawned":[3,5,11,12,18,27,33,35,44,48],"killed_by":"The Heart","ascension_level":20}