{"gold_per_floor":[110,125,142,142,157,184,202,202,227,253,263,263,295,309,309,309],"floor_reached":16,"playtime":523,"items_purged":[],"score":248,"play_id":"a62899ca-770c-40d4-90bc-4b25a0d0dd20","local_time":"20181026002457","is_ascension_mode":true,"campfire_choices":[{"data":"Cloak And Dagger","floor":12,"key":"SMITH"},{"data":"Choke","floor":15,"key":"SMITH"}],"neow_cost":"NONE","seed_source_timestamp":32459135776454,"circlet_count":0,"master_deck":["Defend_G","Defend_G","Defend_G","Defend_G","Defend_G","Strike_G","Strike_G","Strike_G","Strike_G","Strike_G","Survivor","Neutralize+1","AscendersBane","Choke+1","Cloak And Dagger+1","Blade Dance","Infinite Blades","Dash+1","Slice","Leg Sweep"],"relics":["Coffee Dripper","Bag of Preparation","Ancient Tea Set","Centennial Puzzle","Art of War"],"potions_floor_usage":[6,6,10,13,16],"damage_taken":[{"damage":0,"enemies":"Jaw Worm","floor":1,"turns":5},{"damage":0,"enemies":"Cultist","floor":2,"turns":4},{"damage":0,"enemies":"2 Louse","floor":3,"turns":2},{"damage":0,"enemies":"Blue Slaver","floor":5,"turns":3},{"damage":8,"enemies":"Gremlin Nob","floor":6,"turns":3},{"damage":0,"enemies":"Gremlin Gang","floor":7,"turns":4},{"damage":6,"enemies":"3 Sentries","floor":10,"turns":7},{"damage":1,"enemies":"Large Slime","floor":11,"turns":3},{"damage":6,"enemies":"Gremlin Nob","floor":13,"turns":3},{"damage":8,"enemies":"Blue Slaver","floor":14,"turns":3},{"damage":19,"enemies":"Slime Boss","floor":16,"turns":5}],"seed_played":"-295974310501704600","potions_obtained":[{"floor":1,"key":"SkillPotion"},{"floor":3,"key":"Fire Potion"},{"floor":7,"key":"SkillPotion"},{"floor":11,"key":"SkillPotion"},{"floor":13,"key":"EssenceOfSteel"}],"is_trial":false,"path_per_floor":["M","M","M","?","M","E","M","?","T","E","M","R","E","M","R"],"character_chosen":"THE_SILENT","items_purchased":[],"campfire_rested":0,"item_purchase_floors":[],"current_hp_per_floor":[59,59,59,64,64,56,56,35,35,29,28,28,22,14,14,0],"gold":309,"neow_bonus":"BOSS_RELIC","is_prod":false,"is_daily":false,"chose_seed":false,"campfire_upgraded":2,"win_rate":0,"timestamp":1540484697,"path_taken":["M","M","M","?","M","E","M","?","T","E","M","R","E","M","R","BOSS"],"build_version":"2018-10-18","purchased_purges":0,"victory":false,"max_hp_per_floor":[66,66,66,71,71,71,71,71,71,71,71,71,71,71,71,71],"card_choices":[{"not_picked":["Deflect","Setup"],"picked":"Choke","floor":1},{"not_picked":["Bane","Blade Dance"],"picked":"Cloak And Dagger","floor":2},{"not_picked":["Outmaneuver","Finisher"],"picked":"Blade Dance","floor":3},{"not_picked":["Outmaneuver","Tools of the Trade"],"picked":"Infinite Blades","floor":5},{"not_picked":["Quick Slash","Deflect"],"picked":"Dash","floor":6},{"not_picked":["Flying Knee","Dagger Throw"],"picked":"Slice","floor":7},{"not_picked":["Bouncing Flask","Poisoned Stab","Grand Finale"],"picked":"SKIP","floor":10},{"not_picked":["Caltrops","Sucker Punch"],"picked":"Leg Sweep","floor":11},{"not_picked":["Noxious Fumes","Masterful Stab","Doppelganger"],"picked":"SKIP","floor":13},{"not_picked":["Underhanded Strike","Dagger Throw","Blade Dance"],"picked":"SKIP","floor":14}],"player_experience":388955,"relics_obtained":[{"floor":6,"key":"Bag of Preparation"},{"floor":9,"key":"Ancient Tea Set"},{"floor":10,"key":"Centennial Puzzle"},{"floor":13,"key":"Art of War"}],"event_choices":[{"damage_healed":0,"gold_gain":0,"player_choice":"Donut","damage_taken":0,"max_hp_gain":5,"max_hp_loss":0,"event_name":"Big Fish","floor":4,"gold_loss":0},{"damage_healed":0,"gold_gain":0,"player_choice":"Entered Light","damage_taken":21,"max_hp_gain":0,"max_hp_loss":0,"event_name":"Shining Light","floor":8,"gold_loss":0,"cards_upgraded":["Dash","Neutralize"]}],"is_beta":false,"boss_relics":[],"items_purged_floors":[],"is_endless":false,"potions_floor_spawned":[1,3,7,11,13],"killed_by":"Slime Boss","ascension_level":20}