{"gold_per_floor":[109,125,125,125,47,47,86,86,113,34,84,84,97,122,122,122],"floor_reached":16,"playtime":734,"items_purged":[],"score":196,"play_id":"41d9983b-014c-4550-8e1e-7beaf014000a","local_time":"20190309214747","is_ascension_mode":true,"campfire_choices":[{"data":"Zap","floor":6.0,"key":"SMITH"},{"data":"Dualcast","floor":8.0,"key":"SMITH"},{"data":"Hologram","floor":12.0,"key":"SMITH"},{"data":"Turbo","floor":15.0,"key":"SMITH"}],"neow_cost":"PERCENT_DAMAGE","seed_source_timestamp":34331617438108,"circlet_count":0,"master_deck":["AscendersBane","Strike_B","Strike_B","Defend_B","Defend_B","Defend_B","Defend_B","Zap+1","Dualcast+1","Steam Power","Undo","Cold Snap","Turbo+1","Core Surge","Compile Driver","Hologram+1","Skim","Genetic Algorithm"],"special_seed":0,"relics":["Cracked Core","Golden Idol","Happy Flower","Anchor","Centennial Puzzle"],"potions_floor_usage":[16],"damage_taken":[{"damage":2.0,"enemies":"Jaw Worm","floor":1.0,"turns":5.0},{"damage":0.0,"enemies":"Small Slimes","floor":2.0,"turns":3.0},{"damage":35.0,"enemies":"Gremlin Nob","floor":7.0,"turns":6.0},{"damage":0.0,"enemies":"Cultist","floor":13.0,"turns":2.0},{"damage":0.0,"enemies":"Large Slime","floor":14.0,"turns":4.0},{"damage":28,"enemies":"Slime Boss","floor":16,"turns":10}],"seed_played":"-4152986066576077166","potions_obtained":[{"floor":1.0,"key":"Regen Potion"},{"floor":2.0,"key":"EssenceOfSteel"}],"is_trial":false,"path_per_floor":["M","M","?","?","$","R","E","R","T","$","T","R","M","M","R","B"],"character_chosen":"DEFECT","items_purchased":["Core Surge","Compile Driver","Hologram"],"campfire_rested":0,"item_purchase_floors":[5,10,10],"current_hp_per_floor":[44,44,44,49,49,49,29,29,29,29,29,29,29,29,29,1],"gold":122,"neow_bonus":"TRANSFORM_TWO_CARDS","is_prod":false,"is_daily":false,"chose_seed":false,"campfire_upgraded":4,"win_rate":0,"timestamp":1552139267,"path_taken":["M","M","?","?","$","R","E","R","T","$","?","R","?","M","R","BOSS"],"build_version":"2019-01-23","purchased_purges":0,"victory":false,"max_hp_per_floor":[71,71,64,69,69,69,69,69,69,69,69,69,69,69,69,69],"card_choices":[{"not_picked":["Lockon","Scrape"],"picked":"Cold Snap","floor":1.0},{"not_picked":["Barrage","Hologram"],"picked":"Turbo","floor":2.0},{"not_picked":["Melter","Lockon","Go for the Eyes"],"picked":"SKIP","floor":7.0},{"not_picked":["Hologram","Scrape"],"picked":"Skim","floor":13.0},{"not_picked":["Static Discharge","Compile Driver"],"picked":"Genetic Algorithm","floor":14.0}],"player_experience":3447859,"relics_obtained":[{"floor":7.0,"key":"Happy Flower"},{"floor":9.0,"key":"Anchor"},{"floor":11.0,"key":"Centennial Puzzle"}],"event_choices":[{"damage_healed":0.0,"max_hp_gain":0.0,"max_hp_loss":7.0,"gold_gain":0.0,"event_name":"Golden Idol","player_choice":"Lose Max HP","floor":3.0,"gold_loss":0.0,"damage_taken":0.0,"relics_obtained":["Golden Idol"]},{"damage_healed":0.0,"max_hp_gain":5.0,"max_hp_loss":0.0,"gold_gain":0.0,"event_name":"Big Fish","player_choice":"Donut","floor":4.0,"gold_loss":0.0,"damage_taken":0.0}],"is_beta":false,"boss_relics":[],"items_purged_floors":[],"is_endless":false,"potions_floor_spawned":[1,2],"killed_by":"Slime Boss","ascension_level":20}