{"gold_per_floor":[109,13,29,42,42,42,75,75,125,136,155,155,174,187,187,263,263,279,279,62,77,101,101,136,136,162,176,57,57,67,67,67,138,138,158,178,1177,1195,441,441,441,468,522,554,554,572,221,221,221,221,221,221,221,3,38,38],"floor_reached":57,"playtime":2657,"items_purged":["Strike_B","Strike_B","Parasite"],"score":3285,"play_id":"0d1ff53b-f462-4cd2-a538-9021ac97d467","local_time":"20190328203036","is_ascension_mode":true,"campfire_choices":[{"data":"Darkness","floor":6.0,"key":"SMITH"},{"data":"Redo","floor":8.0,"key":"SMITH"},{"data":"Dualcast","floor":12.0,"key":"SMITH"},{"data":"Coolheaded","floor":15.0,"key":"SMITH"},{"data":"Biased Cognition","floor":23.0,"key":"SMITH"},{"data":"Capacitor","floor":25.0,"key":"SMITH"},{"data":"Defragment","floor":29.0,"key":"SMITH"},{"data":"Biased Cognition","floor":32.0,"key":"SMITH"},{"data":"Recycle","floor":40.0,"key":"SMITH"},{"floor":45.0,"key":"RECALL"},{"data":"Creative AI","floor":49.0,"key":"SMITH"},{"data":"Zap","floor":53.0,"key":"SMITH"}],"neow_cost":"NONE","seed_source_timestamp":30268765743022,"circlet_count":0,"master_deck":["AscendersBane","Strike_B","Strike_B","Defend_B","Defend_B","Defend_B","Zap+1","Dualcast+1","Panacea","Darkness+1","Redo+1","Capacitor+1","Coolheaded+1","Genetic Algorithm","Turbo","Biased Cognition+1","Ghostly","Ghostly","Ghostly","Recycle+1","Turbo+1","Defragment+1","Biased Cognition+1","Creative AI+1","Self Repair","Glacier","Glacier","Echo Form+1","Undo","Buffer+1"],"special_seed":0,"relics":["FrozenCore","NeowsBlessing","Bag of Preparation","Art of War","OrangePellets","Omamori","Oddly Smooth Stone","Inserter","Happy Flower","Sundial","Toolbox","Dream Catcher","DataDisk","Frozen Egg 2","Strange Spoon","Medical Kit","Nunchaku"],"potions_floor_usage":[56,56],"damage_taken":[{"damage":0.0,"enemies":"Cultist","floor":1.0,"turns":1.0},{"damage":0.0,"enemies":"2 Louse","floor":3.0,"turns":1.0},{"damage":0.0,"enemies":"Jaw Worm","floor":4.0,"turns":1.0},{"damage":16.0,"enemies":"Lagavulin","floor":7.0,"turns":7.0},{"damage":17.0,"enemies":"Exordium Wildlife","floor":10.0,"turns":4.0},{"damage":4.0,"enemies":"Exordium Thugs","floor":11.0,"turns":3.0},{"damage":6.0,"enemies":"Blue Slaver","floor":13.0,"turns":4.0},{"damage":4.0,"enemies":"Red Slaver","floor":14.0,"turns":3.0},{"damage":13.0,"enemies":"Hexaghost","floor":16.0,"turns":9.0},{"damage":1.0,"enemies":"Spheric Guardian","floor":18.0,"turns":5.0},{"damage":0.0,"enemies":"Shell Parasite","floor":21.0,"turns":6.0},{"damage":0.0,"enemies":"Book of Stabbing","floor":24.0,"turns":7.0},{"damage":0.0,"enemies":"Snecko","floor":27.0,"turns":8.0},{"damage":0.0,"enemies":"Sentry and Sphere","floor":30.0,"turns":10.0},{"damage":0.0,"enemies":"Automaton","floor":33.0,"turns":11.0},{"damage":0.0,"enemies":"Orb Walker","floor":35.0,"turns":5.0},{"damage":0.0,"enemies":"3 Shapes","floor":36.0,"turns":8.0},{"damage":37.0,"enemies":"Transient","floor":38.0,"turns":6.0},{"damage":0.0,"enemies":"Giant Head","floor":42.0,"turns":12.0},{"damage":0.0,"enemies":"Nemesis","floor":44.0,"turns":7.0},{"damage":0.0,"enemies":"Writhing Mass","floor":46.0,"turns":7.0},{"damage":0.0,"enemies":"Time Eater","floor":50.0,"turns":8.0},{"damage":0.0,"enemies":"Donu and Deca","floor":51.0,"turns":11.0},{"damage":0.0,"enemies":"Shield and Spear","floor":55.0,"turns":13.0},{"damage":20,"enemies":"The Heart","floor":56,"turns":9}],"seed_played":"-5282254550088493254","potions_obtained":[{"floor":1.0,"key":"SpeedPotion"},{"floor":4.0,"key":"Swift Potion"},{"floor":10.0,"key":"PowerPotion"},{"floor":16.0,"key":"Regen Potion"},{"floor":18.0,"key":"Weak Potion"},{"floor":24.0,"key":"Poison Potion"},{"floor":33.0,"key":"SteroidPotion"},{"floor":35.0,"key":"SpeedPotion"},{"floor":38.0,"key":"Swift Potion"},{"floor":46.0,"key":"SpeedPotion"}],"is_trial":false,"path_per_floor":["M","$","M","M","$","R","E","R","T","M","M","R","M","M","R","B",null,"M","?","$","M","T","R","E","R","T","M","$","R","M","?","R","B",null,"M","M","?","M","$","R","?","E","T","E","R","M","$","?","R","B","B",null,"R","$","E","B",null],"character_chosen":"DEFECT","items_purchased":["Panacea","OrangePellets","Defragment","Happy Flower","Sundial","Toolbox","Strange Spoon","Medical Kit"],"campfire_rested":0,"item_purchase_floors":[2,20,28,39,39,39,47,54],"current_hp_per_floor":[64,64,64,64,64,64,48,48,48,31,27,27,21,17,17,4,54,67,35,35,35,35,35,35,35,35,35,35,35,35,28,28,28,37,37,40,40,3,3,3,3,10,10,17,17,31,31,31,31,37,37,37,37,37,37,31],"gold":38,"neow_bonus":"THREE_ENEMY_KILL","is_prod":false,"is_daily":false,"chose_seed":false,"campfire_upgraded":11,"win_rate":0,"timestamp":1553776236,"path_taken":["M","$","M","M","?","R","E","R","T","M","M","R","M","M","R","BOSS","M","?","$","M","?","R","E","R","T","M","?","R","?","?","R","BOSS","M","M","?","M","$","R","?","E","T","E","R","?","$","?","R","BOSS","BOSS","R","$","E","BOSS"],"build_version":"2019-01-23","purchased_purges":3,"victory":true,"max_hp_per_floor":[71,71,71,71,71,71,71,71,71,71,71,71,71,71,71,71,71,71,35,35,35,35,35,35,35,35,35,35,35,35,40,40,40,40,40,40,40,40,40,40,40,40,40,40,40,40,37,37,37,37,37,37,37,37,37,37],"card_choices":[{"not_picked":["Fusion","Stack","Conserve Battery"],"picked":"SKIP","floor":1.0},{"not_picked":["Static Discharge","Aggregate"],"picked":"Cold Snap","floor":3.0},{"not_picked":["Gash","Barrage"],"picked":"Darkness","floor":4.0},{"not_picked":["Heatsinks","Gash"],"picked":"Redo","floor":7.0},{"not_picked":["Hologram","Ball Lightning"],"picked":"Capacitor","floor":10.0},{"not_picked":["Blizzard","Leap"],"picked":"Coolheaded","floor":11.0},{"not_picked":["Cold Snap","Sweeping Beam"],"picked":"Genetic Algorithm","floor":13.0},{"not_picked":["Stack","Coolheaded"],"picked":"Turbo","floor":14.0},{"not_picked":["Rainbow","Creative AI"],"picked":"Biased Cognition","floor":16.0},{"not_picked":["Turbo","Doom and Gloom","Force Field"],"picked":"SKIP","floor":18.0},{"not_picked":["Go for the Eyes","FTL","Force Field"],"picked":"SKIP","floor":21.0},{"not_picked":["Lockon","Reprogram"],"picked":"Recycle","floor":24.0},{"not_picked":["Conserve Battery","Hologram"],"picked":"Turbo+1","floor":27.0},{"not_picked":["Redo+1","Gash"],"picked":"Biased Cognition","floor":30.0},{"not_picked":["Meteor Strike","All For One"],"picked":"Creative AI","floor":33.0},{"not_picked":["Lockon+1","Stack"],"picked":"Self Repair","floor":35.0},{"not_picked":["Rebound","Beam Cell"],"picked":"Glacier","floor":36.0},{"not_picked":["Darkness","Conserve Battery","Ball Lightning"],"picked":"SKIP","floor":38.0},{"not_picked":["Storm","Gash","Rebound"],"picked":"SKIP","floor":42.0},{"not_picked":["Leap","Tempest"],"picked":"Echo Form","floor":44.0},{"not_picked":["Go for the Eyes","Barrage"],"picked":"Undo","floor":46.0},{"not_picked":["Gash","Skim"],"picked":"Buffer+1","floor":55.0}],"player_experience":3926212,"relics_obtained":[{"floor":7.0,"key":"Bag of Preparation"},{"floor":9.0,"key":"Art of War"},{"floor":22.0,"key":"Omamori"},{"floor":24.0,"key":"Oddly Smooth Stone"},{"floor":42.0,"key":"Dream Catcher"},{"floor":43.0,"key":"DataDisk"},{"floor":44.0,"key":"Frozen Egg 2"},{"floor":55.0,"key":"Nunchaku"}],"event_choices":[{"damage_healed":0.0,"max_hp_gain":0.0,"max_hp_loss":36.0,"gold_gain":0.0,"event_name":"Ghosts","player_choice":"Became a Ghost","floor":19.0,"gold_loss":0.0,"damage_taken":0.0,"cards_obtained":["Ghostly","Ghostly","Ghostly"]},{"damage_healed":0.0,"max_hp_gain":5.0,"max_hp_loss":0.0,"gold_gain":0.0,"event_name":"Forgotten Altar","player_choice":"Shed Blood","floor":31.0,"gold_loss":0.0,"damage_taken":12.0},{"damage_healed":0.0,"max_hp_gain":0.0,"max_hp_loss":0.0,"gold_gain":999.0,"event_name":"MindBloom","player_choice":"Gold","floor":37.0,"gold_loss":0.0,"damage_taken":0.0,"cards_obtained":["Normality","Normality"]},{"damage_healed":0.0,"max_hp_gain":0.0,"max_hp_loss":0.0,"gold_gain":0.0,"cards_transformed":["Defend_B"],"event_name":"Transmorgrifier","player_choice":"Transformed","floor":41.0,"gold_loss":0.0,"damage_taken":0.0,"cards_obtained":["Glacier"]},{"cards_removed":["Cold Snap"],"damage_healed":0.0,"max_hp_gain":0.0,"max_hp_loss":0.0,"gold_gain":0.0,"event_name":"Falling","player_choice":"Removed Attack","floor":48.0,"gold_loss":0.0,"damage_taken":0.0}],"is_beta":false,"boss_relics":[{"not_picked":["Lizard Tail","Sozu"],"picked":"FrozenCore"},{"not_picked":["Orrery","Snecko Eye"],"picked":"Inserter"}],"items_purged_floors":[28,39,47],"is_endless":false,"potions_floor_spawned":[1,4,10,11,16,18,24,27,33,35,38,46],"ascension_level":20}