{"gold_per_floor":[113,113,123,123,147,147,171,171,198,212,212,212,255,275,275,373,373,396,446,405,405,405,430,430,355,429,429,329,329,204,243,243,339,339,360,360,132,152,175,216,216,549,549,549,549,549,578,592,592,592,592,592,592,93,120,120],"floor_reached":57,"playtime":1614,"items_purged":["Strike_R","Strike_R","Bash","Defend_R","Strike_R+1"],"score":3227,"play_id":"d47cabb9-4ad8-4b55-9068-60a9f6893b48","local_time":"20190531103033","is_ascension_mode":true,"campfire_choices":[{"data":"Searing Blow","floor":6.0,"key":"SMITH"},{"data":"Searing Blow+1","floor":8.0,"key":"SMITH"},{"data":"Searing Blow+2","floor":12.0,"key":"SMITH"},{"data":"Searing Blow+3","floor":15.0,"key":"SMITH"},{"data":"Searing Blow+4","floor":24.0,"key":"SMITH"},{"data":"Searing Blow+5","floor":27.0,"key":"SMITH"},{"data":"Searing Blow+6","floor":29.0,"key":"SMITH"},{"data":"Searing Blow+7","floor":32.0,"key":"SMITH"},{"data":"Searing Blow+9","floor":41.0,"key":"SMITH"},{"floor":44.0,"key":"RECALL"},{"data":"Armaments","floor":49,"key":"SMITH"},{"data":"Searing Blow+10","floor":53,"key":"SMITH"}],"neow_cost":"PERCENT_DAMAGE","seed_source_timestamp":84217449510197,"circlet_count":0,"master_deck":["AscendersBane","Defend_R","Defend_R","Defend_R+1","Searing Blow+11","Armaments+1","Shockwave+1","Ghostly","Ghostly","Ghostly","Exhume","Evolve","Master of Strategy","Disarm"],"special_seed":0,"relics":["Burning Blood","Omamori","Runic Pyramid","Letter Opener","Paper Frog","Coffee Dripper","Whetstone","Strawberry","Dodecahedron","Bag of Marbles","Mummified Hand","Centennial Puzzle"],"potions_floor_usage":[],"damage_taken":[{"damage":8.0,"enemies":"Small Slimes","floor":1.0,"turns":5.0},{"damage":4.0,"enemies":"Jaw Worm","floor":3.0,"turns":4.0},{"damage":4.0,"enemies":"2 Louse","floor":5.0,"turns":4.0},{"damage":22.0,"enemies":"Large Slime","floor":7.0,"turns":9.0},{"damage":6.0,"enemies":"Blue Slaver","floor":10.0,"turns":7.0},{"damage":22.0,"enemies":"Lagavulin","floor":13.0,"turns":7.0},{"damage":1.0,"enemies":"3 Louse","floor":14.0,"turns":4.0},{"damage":8.0,"enemies":"The Guardian","floor":16.0,"turns":12.0},{"damage":27.0,"enemies":"Chosen","floor":18.0,"turns":5.0},{"damage":23.0,"enemies":"2 Thieves","floor":20.0,"turns":5.0},{"damage":0.0,"enemies":"Centurion and Healer","floor":23.0,"turns":5.0},{"damage":5.0,"enemies":"Slavers","floor":31.0,"turns":5.0},{"damage":0.0,"enemies":"Champ","floor":33.0,"turns":7.0},{"damage":0.0,"enemies":"Orb Walker","floor":35.0,"turns":3.0},{"damage":0.0,"enemies":"3 Darklings","floor":38.0,"turns":5.0},{"damage":3.0,"enemies":"Sphere and 2 Shapes","floor":39.0,"turns":4.0},{"damage":0.0,"enemies":"Giant Head","floor":40.0,"turns":6.0},{"damage":0,"enemies":"Nemesis","floor":47,"turns":3},{"damage":0,"enemies":"Transient","floor":48,"turns":5},{"damage":0,"enemies":"Awakened One","floor":50,"turns":8},{"damage":0,"enemies":"Donu and Deca","floor":51,"turns":6},{"damage":0,"enemies":"Shield and Spear","floor":55,"turns":4},{"damage":20,"enemies":"The Heart","floor":56,"turns":6}],"seed_played":"1660965799326319188","potions_obtained":[{"floor":5.0,"key":"AttackPotion"},{"floor":7.0,"key":"Regen Potion"},{"floor":13.0,"key":"EssenceOfSteel"},{"floor":23.0,"key":"Strength Potion"},{"floor":39.0,"key":"SpeedPotion"}],"is_trial":false,"path_per_floor":["M","?","M","?","M","R","M","R","T","M","?","R","E","M","R","B",null,"M","?","M","?","?","M","R","$","T","R","$","R","$","E","R","B",null,"M","?","$","M","M","E","R","?","T","R","T","?","E","M","R","B","B",null,"R","$","E","B",null],"character_chosen":"IRONCLAD","items_purchased":["Evolve","Mummified Hand","Disarm"],"campfire_rested":0,"item_purchase_floors":[37,54,54],"current_hp_per_floor":[48,48,50,50,52,52,36,36,36,36,16,16,15,20,20,18,56,35,35,18,18,18,24,24,24,24,24,24,24,24,25,25,31,33,34,32,32,32,32,32,32,32,39,39,39,39,39,39,39,39,39,39,39,39,39,25],"gold":120,"neow_bonus":"REMOVE_TWO","is_prod":false,"is_daily":false,"chose_seed":false,"campfire_upgraded":11,"win_rate":0,"timestamp":1559269833,"path_taken":["M","?","M","?","M","R","?","R","T","M","?","R","E","M","R","BOSS","M","?","M","?","?","M","R","?","T","R","$","R","$","E","R","BOSS","M","?","$","M","M","E","R","?","T","R","?","?","E","M","R","BOSS","BOSS","R","$","E","BOSS"],"build_version":"2019-01-23","purchased_purges":5,"victory":true,"max_hp_per_floor":[75,75,75,68,68,68,68,68,68,68,68,68,68,68,68,68,68,68,68,68,34,34,34,34,34,34,34,34,34,34,34,34,34,34,34,32,32,32,32,32,32,32,39,39,39,39,39,39,39,39,39,39,39,39,39,39],"card_choices":[{"not_picked":["Warcry","Evolve"],"picked":"Searing Blow","floor":1.0},{"not_picked":["Blood for Blood","Heavy Blade","True Grit"],"picked":"SKIP","floor":3.0},{"not_picked":["Wild Strike","Flex","Headbutt"],"picked":"SKIP","floor":5.0},{"not_picked":["Flame Barrier","Perfected Strike"],"picked":"Armaments","floor":7.0},{"not_picked":["Iron Wave","Corruption","Thunderclap"],"picked":"SKIP","floor":10.0},{"not_picked":["Disarm","Combust","Perfected Strike"],"picked":"SKIP","floor":13.0},{"not_picked":["Clothesline","Seeing Red","Perfected Strike"],"picked":"SKIP","floor":14.0},{"not_picked":["Armaments","Sentinel","Headbutt"],"picked":"SKIP","floor":18.0},{"not_picked":["Sword Boomerang","Seeing Red"],"picked":"Shockwave+1","floor":20.0},{"not_picked":["Twin Strike","Carnage","Pommel Strike"],"picked":"SKIP","floor":23.0},{"not_picked":["Metallicize","Fire Breathing","Dark Embrace"],"picked":"SKIP","floor":31.0},{"not_picked":["Berserk","Limit Break"],"picked":"Exhume","floor":33.0},{"not_picked":["Twin Strike","Flex","True Grit+1"],"picked":"SKIP","floor":35.0},{"not_picked":["Power Through","Spot Weakness","True Grit"],"picked":"SKIP","floor":38.0},{"not_picked":["Pummel","Clash","Twin Strike"],"picked":"SKIP","floor":39.0},{"not_picked":["Iron Wave","Limit Break","Clothesline+1"],"picked":"SKIP","floor":40.0},{"not_picked":["Enlightenment","Trip"],"picked":"Master of Strategy","floor":46},{"not_picked":["Perfected Strike","Blood for Blood+1","Hemokinesis"],"picked":"SKIP","floor":47},{"not_picked":["Wild Strike","Havoc","Heavy Blade"],"picked":"SKIP","floor":48},{"not_picked":["Wild Strike","Second Wind","Sentinel+1"],"picked":"SKIP","floor":55}],"player_experience":4936929,"relics_obtained":[{"floor":13.0,"key":"Omamori"},{"floor":26.0,"key":"Letter Opener"},{"floor":31.0,"key":"Paper Frog"},{"floor":40.0,"key":"Whetstone"},{"floor":43.0,"key":"Strawberry"},{"floor":45.0,"key":"Dodecahedron"},{"floor":47,"key":"Bag of Marbles"},{"floor":55,"key":"Centennial Puzzle"}],"event_choices":[{"damage_healed":0.0,"max_hp_gain":0.0,"max_hp_loss":0.0,"gold_gain":0.0,"event_name":"Liars Game","player_choice":"Ignored","floor":2.0,"gold_loss":0.0,"damage_taken":0.0},{"damage_healed":0.0,"max_hp_gain":0.0,"max_hp_loss":7.0,"gold_gain":0.0,"event_name":"Golden Idol","player_choice":"Lose Max HP","floor":4.0,"gold_loss":0.0,"damage_taken":0.0,"relics_obtained":["Golden Idol"]},{"damage_healed":0.0,"max_hp_gain":0.0,"max_hp_loss":0.0,"gold_gain":0.0,"event_name":"Shining Light","player_choice":"Entered Light","floor":11.0,"gold_loss":0.0,"damage_taken":20.0,"cards_upgraded":["Defend_R","Strike_R"]},{"damage_healed":0.0,"max_hp_gain":0.0,"max_hp_loss":0.0,"gold_gain":50.0,"event_name":"Nest","player_choice":"Stole From Cult","floor":19.0,"gold_loss":0.0,"damage_taken":0.0},{"damage_healed":0.0,"max_hp_gain":0.0,"max_hp_loss":34.0,"gold_gain":0.0,"event_name":"Ghosts","player_choice":"Became a Ghost","floor":21.0,"gold_loss":0.0,"damage_taken":0.0,"cards_obtained":["Ghostly","Ghostly","Ghostly"]},{"damage_healed":0.0,"max_hp_gain":0.0,"max_hp_loss":0.0,"gold_gain":0.0,"event_name":"The Mausoleum","player_choice":"Ignored","floor":22.0,"gold_loss":0.0,"damage_taken":0.0},{"damage_healed":0.0,"max_hp_gain":0.0,"max_hp_loss":2.0,"gold_gain":0.0,"event_name":"Winding Halls","player_choice":"Max HP","floor":36.0,"gold_loss":0.0,"damage_taken":0.0},{"damage_healed":0.0,"max_hp_gain":0.0,"max_hp_loss":0.0,"gold_gain":333.0,"event_name":"The Moai Head","player_choice":"Gave Idol","floor":42.0,"relics_lost":["Golden Idol"],"gold_loss":0.0,"damage_taken":0.0},{"damage_healed":0,"gold_gain":0,"player_choice":"Memory 1","damage_taken":0,"max_hp_gain":0,"max_hp_loss":0,"event_name":"SensoryStone","floor":46,"gold_loss":0}],"is_beta":false,"boss_relics":[{"not_picked":["Tiny House","Velvet Choker"],"picked":"Runic Pyramid"},{"not_picked":["Astrolabe","Black Blood"],"picked":"Coffee Dripper"}],"items_purged_floors":[25,28,30,37,54],"is_endless":false,"potions_floor_spawned":[5,7,13,23,39,40,47,48],"ascension_level":20}