{"gold_per_floor":[118,118,118,137,287,320,245,278,278,10,10,10,43,63,63,140,140,140],"floor_reached":18,"playtime":398,"items_purged":["Doubt","Strike_G"],"score":502,"play_id":"120418c6-ab4b-4fac-abea-806b27ae5292","local_time":"20190315165530","is_ascension_mode":true,"campfire_choices":[{"data":"Glass Knife","floor":11.0,"key":"SMITH"},{"data":"Cloak And Dagger","floor":15.0,"key":"SMITH"}],"neow_cost":"NONE","seed_source_timestamp":15851245981474,"circlet_count":0,"master_deck":["AscendersBane","Defend_G","Defend_G","Defend_G","Defend_G","Defend_G","Strike_G","Strike_G","Strike_G","Survivor","Neutralize","Bouncing Flask+1","Backflip","Glass Knife+1","Escape Plan","Cloak And Dagger+1","Tools of the Trade"],"special_seed":0,"relics":["Ring of the Snake","NeowsBlessing","Shuriken","Omamori","Membership Card","WarpedTongs","Mummified Hand","Runic Dome"],"potions_floor_usage":[],"damage_taken":[{"damage":0.0,"enemies":"Jaw Worm","floor":1.0,"turns":1.0},{"damage":0.0,"enemies":"2 Louse","floor":4.0,"turns":1.0},{"damage":0.0,"enemies":"Gremlin Nob","floor":6.0,"turns":1.0},{"damage":14.0,"enemies":"Lagavulin","floor":8.0,"turns":6.0},{"damage":19.0,"enemies":"Gremlin Nob","floor":13.0,"turns":4.0},{"damage":0.0,"enemies":"Cultist","floor":14.0,"turns":2.0},{"damage":0,"enemies":"Hexaghost","floor":16,"turns":8},{"damage":3,"enemies":"Spheric Guardian","floor":18,"turns":3}],"seed_played":"2523447360142061026","potions_obtained":[{"floor":1.0,"key":"LiquidBronze"},{"floor":4.0,"key":"AttackPotion"},{"floor":16,"key":"GamblersBrew"}],"is_trial":false,"path_per_floor":["M","?","?","M","?","E","$","E","T","$","R","?","E","M","R","B",null,"M"],"character_chosen":"THE_SILENT","items_purchased":["Membership Card"],"campfire_rested":0,"item_purchase_floors":[10],"current_hp_per_floor":[59,59,59,59,59,59,59,45,45,45,45,45,26,26,26,26,56,53],"gold":140,"neow_bonus":"THREE_ENEMY_KILL","is_prod":false,"is_daily":false,"chose_seed":false,"campfire_upgraded":2,"win_rate":0,"timestamp":1552640130,"path_taken":["M","?","?","?","?","E","$","E","T","$","R","?","E","M","R","BOSS","M"],"build_version":"2019-01-23","purchased_purges":2,"victory":false,"max_hp_per_floor":[66,66,66,66,66,66,66,66,66,66,66,66,66,66,66,66,66,66],"card_choices":[{"not_picked":["Endless Agony","Underhanded Strike"],"picked":"Bouncing Flask","floor":1.0},{"not_picked":["Eviscerate","Crippling Poison","Reflex"],"picked":"SKIP","floor":4.0},{"not_picked":["Quick Slash","Poisoned Stab"],"picked":"Backflip","floor":6.0},{"not_picked":["Terror","Deadly Poison"],"picked":"Glass Knife","floor":8.0},{"not_picked":["Masterful Stab","Sucker Punch"],"picked":"Escape Plan","floor":13.0},{"not_picked":["Slice","Dagger Throw"],"picked":"Cloak And Dagger","floor":14.0},{"not_picked":["Night Terror","Doppelganger"],"picked":"Tools of the Trade","floor":16}],"player_experience":3613035,"relics_obtained":[{"floor":8.0,"key":"Shuriken"},{"floor":9.0,"key":"Omamori"},{"floor":13.0,"key":"Mummified Hand"}],"event_choices":[{"cards_removed":["Strike_G"],"damage_healed":0.0,"max_hp_gain":0.0,"max_hp_loss":0.0,"gold_gain":0.0,"event_name":"Living Wall","player_choice":"Forget","floor":2.0,"gold_loss":0.0,"damage_taken":0.0},{"damage_healed":0.0,"max_hp_gain":0.0,"max_hp_loss":0.0,"gold_gain":0.0,"event_name":"Upgrade Shrine","player_choice":"Upgraded","floor":3.0,"gold_loss":0.0,"damage_taken":0.0,"cards_upgraded":["Bouncing Flask"]},{"damage_healed":0.0,"max_hp_gain":0.0,"max_hp_loss":0.0,"gold_gain":150.0,"event_name":"Liars Game","player_choice":"AGREE","floor":5.0,"gold_loss":0.0,"damage_taken":0.0,"cards_obtained":["Doubt"]},{"damage_healed":0.0,"max_hp_gain":0.0,"max_hp_loss":0.0,"gold_gain":0.0,"event_name":"Accursed Blacksmith","player_choice":"Rummage","floor":12.0,"gold_loss":0.0,"damage_taken":0.0,"relics_obtained":["WarpedTongs"],"cards_obtained":["Pain"]}],"is_beta":false,"boss_relics":[{"not_picked":["HoveringKite","Sozu"],"picked":"Runic Dome"}],"items_purged_floors":[7,10],"is_endless":false,"potions_floor_spawned":[1,4,16],"killed_by":"Spheric Guardian","ascension_level":20}