{"gold_per_floor":[114,114,134,134,134,160,179,204,231,243,274,293,218,143,143,143],"floor_reached":16,"playtime":316,"items_purged":["Strike_R"],"score":270,"play_id":"4cb319a4-d5e6-4b4b-8593-1167d9bc053f","local_time":"20190311151743","is_ascension_mode":true,"campfire_choices":[{"data":"Demon Form","floor":15,"key":"SMITH"}],"neow_cost":"NONE","seed_source_timestamp":14970648030658,"circlet_count":0,"master_deck":["AscendersBane","Strike_R","Defend_R","Defend_R","Defend_R","Defend_R","Bash","Sword Boomerang","Double Tap","Demon Form+1","Armaments","Bludgeon"],"special_seed":0,"relics":["Burning Blood","NeowsBlessing","Pen Nib","Torii","Odd Mushroom","Bronze Scales","Self Forming Clay"],"potions_floor_usage":[],"damage_taken":[{"damage":0.0,"enemies":"Jaw Worm","floor":1.0,"turns":1.0},{"damage":0,"enemies":"Cultist","floor":3,"turns":1},{"damage":0,"enemies":"Gremlin Nob","floor":6,"turns":1},{"damage":2,"enemies":"Small Slimes","floor":7,"turns":4},{"damage":19,"enemies":"The Mushroom Lair","floor":8,"turns":5},{"damage":19,"enemies":"Exordium Wildlife","floor":10,"turns":5},{"damage":33,"enemies":"3 Sentries","floor":11,"turns":7},{"damage":0,"enemies":"2 Fungi Beasts","floor":12,"turns":3},{"damage":31,"enemies":"The Guardian","floor":16,"turns":2}],"seed_played":"3133065600705210335","potions_obtained":[{"floor":3,"key":"EssenceOfSteel"},{"floor":7,"key":"Dexterity Potion"}],"is_trial":false,"path_per_floor":["M","?","M","?","?","E","M","?","T","M","E","M","?","$","R","B"],"character_chosen":"IRONCLAD","items_purchased":[],"campfire_rested":0,"item_purchase_floors":[],"current_hp_per_floor":[74,74,75,64,57,63,67,54,54,41,14,20,20,20,20,0],"gold":143,"neow_bonus":"THREE_ENEMY_KILL","is_prod":false,"is_daily":false,"chose_seed":false,"campfire_upgraded":1,"win_rate":0,"timestamp":1552288663,"path_taken":["M","?","?","?","?","E","M","?","T","?","E","M","?","$","R","BOSS"],"build_version":"2019-01-23","purchased_purges":1,"victory":false,"max_hp_per_floor":[75,75,75,75,75,75,75,75,75,75,75,75,75,75,75,75],"card_choices":[{"not_picked":["Cleave","Havoc","Sword Boomerang"],"picked":"SKIP","floor":1.0},{"not_picked":["Cleave","Havoc"],"picked":"Sword Boomerang","floor":1.0},{"not_picked":["Infernal Blade","Havoc","Iron Wave"],"picked":"SKIP","floor":3},{"not_picked":["Intimidate","Metallicize"],"picked":"Demon Form","floor":6},{"not_picked":["Body Slam","Perfected Strike"],"picked":"Armaments","floor":7},{"not_picked":["Clothesline","Cleave","Dual Wield"],"picked":"SKIP","floor":10},{"not_picked":["Burning Pact","Ghostly Armor"],"picked":"Bludgeon","floor":11},{"not_picked":["Body Slam","Headbutt","Feel No Pain"],"picked":"SKIP","floor":12}],"player_experience":3482588,"relics_obtained":[{"floor":6,"key":"Torii"},{"floor":8,"key":"Odd Mushroom"},{"floor":9,"key":"Bronze Scales"},{"floor":11,"key":"Self Forming Clay"}],"event_choices":[{"damage_healed":0,"gold_gain":0,"cards_transformed":["Strike_R"],"player_choice":"Transformed","damage_taken":0,"max_hp_gain":0,"max_hp_loss":0,"event_name":"Transmorgrifier","floor":2,"gold_loss":0,"cards_obtained":["Double Tap"]},{"damage_healed":0,"gold_gain":0,"player_choice":"Success","damage_taken":11,"relics_obtained":["Pen Nib"],"max_hp_gain":0,"max_hp_loss":0,"event_name":"Scrap Ooze","floor":4,"gold_loss":0},{"cards_removed":["Strike_R"],"damage_healed":0,"gold_gain":0,"player_choice":"Card Removal","damage_taken":7,"max_hp_gain":0,"max_hp_loss":0,"event_name":"Golden Wing","floor":5,"gold_loss":0},{"damage_healed":0,"gold_gain":0,"player_choice":"Fought Mushrooms","damage_taken":0,"max_hp_gain":0,"max_hp_loss":0,"event_name":"Mushrooms","floor":8,"gold_loss":0},{"cards_removed":["Strike_R"],"damage_healed":0,"gold_gain":0,"player_choice":"Card Removal","damage_taken":0,"max_hp_gain":0,"max_hp_loss":0,"event_name":"The Cleric","floor":13,"gold_loss":75}],"is_beta":false,"boss_relics":[],"items_purged_floors":[14],"is_endless":false,"potions_floor_spawned":[3,7,11,12],"killed_by":"The Guardian","ascension_level":20}