{"gold_per_floor":[111,14,14,31,48,48,83,83,163,177,177,190,207,224,224,324,324,340,340,340,115,129,129,160,160,215,94,94,94,106,123,123,221,221,235,252,252,272,292,292,292],"floor_reached":41,"playtime":1360,"items_purged":["Decay","Strike_R"],"score":627,"play_id":"28e840e6-1119-43d9-8d7b-548ec2db69ce","local_time":"20181009223524","is_ascension_mode":true,"campfire_choices":[{"data":"Perfected Strike","floor":6,"key":"SMITH"},{"data":"Spot Weakness","floor":8,"key":"SMITH"},{"data":"Fiend Fire","floor":11,"key":"SMITH"},{"data":"Sword Boomerang","floor":15,"key":"SMITH"},{"data":"Perfected Strike","floor":23,"key":"SMITH"},{"data":"Shockwave","floor":25,"key":"SMITH"},{"data":"Ghostly","floor":29,"key":"SMITH"},{"data":"Ghostly","floor":32,"key":"SMITH"},{"data":"Inflame","floor":40,"key":"SMITH"}],"neow_cost":"NONE","seed_source_timestamp":42050059830564,"circlet_count":0,"master_deck":["Strike_R","Strike_R","Strike_R+1","Strike_R+1","Defend_R","Defend_R","Defend_R","Bash","Clothesline","Perfected Strike+1","Deep Breath","Dual Wield","Spot Weakness+1","Fiend Fire+1","Sword Boomerang+1","Headbutt","Reaper","Shockwave+1","Perfected Strike+1","Flame Barrier+1","Ghostly+1","Ghostly+1","Ghostly","Ghostly","Ghostly","Exhume","Inflame+1","Shrug It Off+1","Offering","Thunderclap+1"],"relics":["Burning Blood","Boot","The Courier","Coffee Dripper","Whetstone","Letter Opener","Pen Nib","Orrery"],"potions_floor_usage":[16,16,24,24,30,36],"damage_taken":[{"damage":7,"enemies":"Jaw Worm","floor":1,"turns":4},{"damage":0,"enemies":"Cultist","floor":4,"turns":2},{"damage":7,"enemies":"Small Slimes","floor":5,"turns":3},{"damage":50,"enemies":"3 Sentries","floor":7,"turns":7},{"damage":7,"enemies":"3 Louse","floor":10,"turns":3},{"damage":4,"enemies":"Blue Slaver","floor":12,"turns":2},{"damage":4,"enemies":"2 Fungi Beasts","floor":13,"turns":2},{"damage":18,"enemies":"Large Slime","floor":14,"turns":2},{"damage":22,"enemies":"Slime Boss","floor":16,"turns":8},{"damage":7,"enemies":"3 Byrds","floor":18,"turns":4},{"damage":42,"enemies":"2 Thieves","floor":22,"turns":4},{"damage":35,"enemies":"Slavers","floor":24,"turns":5},{"damage":2,"enemies":"Cultist and Chosen","floor":30,"turns":6},{"damage":15,"enemies":"Shelled Parasite and Fungi","floor":31,"turns":5},{"damage":30,"enemies":"Automaton","floor":33,"turns":10},{"damage":5,"enemies":"3 Shapes","floor":35,"turns":6},{"damage":40,"enemies":"3 Darklings","floor":36,"turns":7},{"damage":3,"enemies":"Spire Growth","floor":38,"turns":5},{"damage":2,"enemies":"Transient","floor":39,"turns":5},{"damage":58,"enemies":"Giant Head","floor":41,"turns":8}],"seed_played":"6974851434864801411","potions_obtained":[{"floor":1,"key":"Weak Potion"},{"floor":10,"key":"LiquidBronze"},{"floor":12,"key":"Explosive Potion"},{"floor":16,"key":"Strength Potion"},{"floor":22,"key":"SpeedPotion"},{"floor":30,"key":"Regen Potion"},{"floor":31,"key":"SpeedPotion"},{"floor":39,"key":"Weak Potion"}],"is_trial":false,"path_per_floor":["M","$","?","M","M","R","E","R","T","M","R","M","M","M","R","B",null,"M","?","?","$","M","R","E","R","T","$","?","R","M","M","R","B",null,"M","M","$","M","M","R"],"character_chosen":"IRONCLAD","items_purchased":["Deep Breath","Perfected Strike","Whetstone","SkillPotion"],"campfire_rested":0,"item_purchase_floors":[2,21,21,27],"current_hp_per_floor":[71,71,71,77,76,76,32,32,32,31,31,33,35,23,23,7,62,67,67,67,67,39,39,22,22,22,22,22,22,34,37,37,13,33,34,29,29,40,40,40,0],"gold":292,"neow_bonus":"TRANSFORM_CARD","is_prod":false,"is_daily":false,"chose_seed":false,"campfire_upgraded":9,"win_rate":0,"timestamp":1539095724,"path_taken":["M","$","?","?","M","R","E","R","T","?","R","M","M","M","R","BOSS","M","?","?","$","M","R","E","R","T","$","?","R","?","M","R","BOSS","M","M","$","M","?","R","E"],"build_version":"2018-10-04v2","purchased_purges":2,"victory":false,"max_hp_per_floor":[80,80,80,80,80,80,80,80,80,80,80,80,80,80,80,80,80,80,80,80,80,80,80,80,80,80,80,40,40,40,40,40,40,40,40,40,40,40,40,40,40],"card_choices":[{"not_picked":["Sever Soul","Warcry"],"picked":"Perfected Strike","floor":1},{"not_picked":["Dual Wield","Headbutt","Cleave"],"picked":"SKIP","floor":4},{"not_picked":["Headbutt","Cleave"],"picked":"Dual Wield","floor":4},{"not_picked":["Cleave","Shrug It Off"],"picked":"Spot Weakness","floor":5},{"not_picked":["Shrug It Off","Bloodletting","Infernal Blade"],"picked":"SKIP","floor":7},{"not_picked":["Evolve","Body Slam"],"picked":"Fiend Fire","floor":10},{"not_picked":["Ghostly Armor","Sword Boomerang","Warcry"],"picked":"SKIP","floor":12},{"not_picked":["Ghostly Armor","Warcry"],"picked":"Sword Boomerang","floor":12},{"not_picked":["Hemokinesis","Headbutt","Anger"],"picked":"SKIP","floor":13},{"not_picked":["Hemokinesis","Anger"],"picked":"Headbutt","floor":13},{"not_picked":["Sentinel","Dual Wield","Twin Strike"],"picked":"SKIP","floor":14},{"not_picked":["Bludgeon","Dark Embrace"],"picked":"Reaper","floor":16},{"not_picked":["Evolve","Blood for Blood+1"],"picked":"Shockwave","floor":18},{"not_picked":["True Grit","Entrench+1"],"picked":"Flame Barrier+1","floor":22},{"not_picked":["Sword Boomerang","Anger","Armaments+1"],"picked":"SKIP","floor":24},{"not_picked":["Havoc","Anger","Rupture"],"picked":"SKIP","floor":30},{"not_picked":["Evolve","Infernal Blade","Seeing Red"],"picked":"SKIP","floor":31},{"not_picked":["Dark Embrace","Impervious"],"picked":"Exhume","floor":33},{"not_picked":["Flame Barrier","Havoc+1"],"picked":"Inflame","floor":34},{"not_picked":["Havoc","Entrench+1"],"picked":"Shrug It Off+1","floor":35},{"not_picked":["Iron Wave+1","Heavy Blade+1"],"picked":"Offering","floor":36},{"not_picked":["Anger","Disarm"],"picked":"Thunderclap+1","floor":38},{"not_picked":["Dual Wield","Rage+1","Havoc+1"],"picked":"SKIP","floor":39}],"player_experience":63533,"relics_obtained":[{"floor":7,"key":"Boot"},{"floor":9,"key":"The Courier"},{"floor":24,"key":"Letter Opener"},{"floor":26,"key":"Pen Nib"}],"event_choices":[{"event_name":"Liars Game","player_choice":"disagreed","floor":3,"damage_taken":0},{"event_name":"The Mausoleum","player_choice":"No","floor":19,"damage_taken":0},{"event_name":"Forgotten Altar","player_choice":"Smashed Altar","floor":20,"damage_taken":0},{"event_name":"Ghosts","player_choice":"Became a Ghost","floor":28,"damage_taken":0}],"is_beta":false,"boss_relics":[{"not_picked":["Lizard Tail","Snecko Eye"],"picked":"Coffee Dripper"},{"not_picked":["Calling Bell","Fusion Hammer"],"picked":"Orrery"}],"items_purged_floors":[21,27],"is_endless":false,"potions_floor_spawned":[1,10,12,16,22,30,31,35,39],"killed_by":"Giant Head","ascension_level":9}