{"gold_per_floor":[112,142,29,54,133,133,165,184,184,184,30,30,42,52,52,151,151,164,209,219,144,144,69,69,84,111,128,128,201,201,232,232,335,335,353,398,416,416,18,18,18,31,31,31,31,45,45,45,45,45],"floor_reached":51,"playtime":1466,"items_purged":["Strike_B","Defend_B+1"],"score":759,"play_id":"d0f94872-ae3d-4bdd-8da8-31b4d17efb9a","local_time":"20190615193044","is_ascension_mode":false,"campfire_choices":[{"data":"Darkness","floor":6.0,"key":"SMITH"},{"data":"Dualcast","floor":10.0,"key":"SMITH"},{"data":"Loop","floor":15.0,"key":"SMITH"},{"data":"Glacier","floor":24.0,"key":"SMITH"},{"data":"Defend_B","floor":28.0,"key":"SMITH"},{"data":"Zap","floor":30.0,"key":"SMITH"},{"data":"Defend_B","floor":32.0,"key":"PURGE"},{"data":"Defend_B+1","floor":40,"key":"PURGE"},{"data":"Defend_B+1","floor":44,"key":"PURGE"},{"data":"FTL+1","floor":49,"key":"PURGE"}],"neow_cost":"PERCENT_DAMAGE","seed_source_timestamp":1782905217474,"circlet_count":0,"master_deck":["Zap+1","Dualcast+1","Darkness+1","Glacier+1","Coolheaded+1","Coolheaded+1","Multi-Cast+1","Loop+1","Redo+1","Fusion+1","Turbo+1","Seek+1"],"special_seed":0,"relics":["Cracked Core","Tiny Chest","War Paint","Toxic Egg 2","Pear","Turnip","Astrolabe","Art of War","Blood Vial","Darkstone Periapt","Peace Pipe","Velvet Choker","Lantern","Emotion Chip","Happy Flower","Kunai"],"potions_floor_usage":[35,42,50],"damage_taken":[{"damage":0.0,"enemies":"2 Louse","floor":1.0,"turns":1.0},{"damage":16.0,"enemies":"3 Sentries","floor":7.0,"turns":5.0},{"damage":3.0,"enemies":"Jaw Worm","floor":8.0,"turns":3.0},{"damage":0.0,"enemies":"Cultist","floor":13.0,"turns":4.0},{"damage":2.0,"enemies":"2 Fungi Beasts","floor":14.0,"turns":4.0},{"damage":19.0,"enemies":"The Guardian","floor":16.0,"turns":5.0},{"damage":2.0,"enemies":"Shell Parasite","floor":18.0,"turns":3.0},{"damage":1.0,"enemies":"Chosen","floor":20.0,"turns":6.0},{"damage":0.0,"enemies":"Snake Plant","floor":25.0,"turns":2.0},{"damage":0.0,"enemies":"Snecko","floor":27.0,"turns":3.0},{"damage":4.0,"enemies":"Gremlin Leader","floor":31.0,"turns":6.0},{"damage":0.0,"enemies":"Collector","floor":33.0,"turns":5.0},{"damage":0,"enemies":"Orb Walker","floor":35,"turns":2},{"damage":0,"enemies":"3 Shapes","floor":37,"turns":4},{"damage":17,"enemies":"Jaw Worm Horde","floor":42,"turns":3},{"damage":17,"enemies":"Sphere and 2 Shapes","floor":46,"turns":3},{"damage":68,"enemies":"Donu and Deca","floor":50,"turns":5}],"seed_played":"4677920633807213927","potions_obtained":[{"floor":14.0,"key":"Poison Potion"},{"floor":27.0,"key":"Poison Potion"},{"floor":31.0,"key":"SneckoOil"},{"floor":35,"key":"Weak Potion"},{"floor":41,"key":"PowerPotion"},{"floor":41,"key":"Fire Potion"},{"floor":42,"key":"AttackPotion"}],"is_trial":false,"path_per_floor":["M","?","$","T","T","R","E","M","T","R","$","?","M","M","R","B",null,"M","T","M","$","?","?","R","M","T","M","R","T","R","E","R","B",null,"M","T","M","?","$","R","?","M","T","R","$","M","T","$","R","B",null],"character_chosen":"DEFECT","items_purchased":["Darkness","Glacier","Multi-Cast+1","Loop","Emotion Chip"],"campfire_rested":0,"item_purchase_floors":[3,3,11,11,39],"current_hp_per_floor":[68,56,56,56,56,56,50,47,47,47,47,47,47,45,45,26,99,97,97,96,96,76,76,76,76,76,78,78,78,78,76,76,78,104,104,104,104,104,104,104,104,87,87,87,87,72,72,72,72,6],"gold":45,"neow_bonus":"TWENTY_PERCENT_HP_BONUS","is_prod":false,"is_daily":false,"chose_seed":false,"campfire_upgraded":6,"win_rate":0,"timestamp":1560598244,"path_taken":["M","?","$","?","?","R","E","M","T","R","$","?","M","M","R","BOSS","M","?","M","$","?","?","R","M","T","M","R","?","R","E","R","BOSS","M","?","?","?","$","R","?","M","T","R","$","?","?","$","R","BOSS"],"build_version":"2019-01-23","purchased_purges":2,"victory":true,"max_hp_per_floor":[89,89,89,89,89,89,99,99,99,99,99,99,99,99,99,99,99,99,99,99,99,104,104,104,104,104,104,104,104,104,104,104,104,104,104,104,104,104,104,104,104,104,104,104,104,104,104,104,104,104],"card_choices":[{"not_picked":["Barrage","Cold Snap"],"picked":"Doom and Gloom","floor":1.0},{"not_picked":["Stack+1","Scrape"],"picked":"Coolheaded+1","floor":7.0},{"not_picked":["Leap+1","Conserve Battery+1"],"picked":"Coolheaded+1","floor":8.0},{"not_picked":["Chaos+1","Go for the Eyes","Coolheaded+1"],"picked":"SKIP","floor":13.0},{"not_picked":["Force Field+1","Cold Snap","Streamline"],"picked":"SKIP","floor":14.0},{"not_picked":["Redo+1","Heatsinks","Static Discharge+1"],"picked":"SKIP","floor":18.0},{"not_picked":["Reprogram+1","Stack+1"],"picked":"Turbo+1","floor":20.0},{"not_picked":["Barrage+1","Redo+1","Compile Driver"],"picked":"SKIP","floor":25.0},{"not_picked":["Ball Lightning+1","Turbo+1","Meteor Strike"],"picked":"SKIP","floor":27.0},{"not_picked":["Steam+1","Leap+1","Streamline+1"],"picked":"SKIP","floor":31.0},{"not_picked":["Core Surge","All For One"],"picked":"Seek+1","floor":33.0},{"not_picked":["Tempest+1","Go for the Eyes","Coolheaded+1"],"picked":"SKIP","floor":35},{"not_picked":["Compile Driver","Stack+1","Ball Lightning+1"],"picked":"SKIP","floor":37},{"not_picked":["Sweeping Beam+1","Cold Snap","Consume+1"],"picked":"SKIP","floor":42},{"not_picked":["Hologram+1","Coolheaded+1","Hello World+1"],"picked":"SKIP","floor":46}],"player_experience":5256843,"relics_obtained":[{"floor":4.0,"key":"War Paint"},{"floor":5.0,"key":"Toxic Egg 2"},{"floor":7.0,"key":"Pear"},{"floor":9.0,"key":"Turnip"},{"floor":19.0,"key":"Art of War"},{"floor":26.0,"key":"Blood Vial"},{"floor":29.0,"key":"Darkstone Periapt"},{"floor":31.0,"key":"Peace Pipe"},{"floor":36,"key":"Lantern"},{"floor":43,"key":"Happy Flower"},{"floor":47,"key":"Kunai"}],"event_choices":[{"damage_healed":0.0,"max_hp_gain":0.0,"max_hp_loss":0.0,"gold_gain":0.0,"event_name":"Scrap Ooze","player_choice":"Success","floor":2.0,"gold_loss":0.0,"damage_taken":12.0,"relics_obtained":["Tiny Chest"]},{"damage_healed":0.0,"max_hp_gain":0.0,"max_hp_loss":0.0,"gold_gain":0.0,"event_name":"NoteForYourself","player_choice":"Ignored","floor":12.0,"gold_loss":0.0,"damage_taken":0.0},{"damage_healed":0.0,"max_hp_gain":5.0,"max_hp_loss":0.0,"gold_gain":0.0,"event_name":"Forgotten Altar","player_choice":"Shed Blood","floor":22.0,"gold_loss":0.0,"damage_taken":25.0},{"cards_removed":["Doom and Gloom"],"damage_healed":0.0,"max_hp_gain":0.0,"max_hp_loss":0.0,"gold_gain":0.0,"event_name":"Beggar","player_choice":"Gave Gold","floor":23.0,"gold_loss":75.0,"damage_taken":0.0},{"damage_healed":0,"gold_gain":0,"player_choice":"Ignored","damage_taken":0,"max_hp_gain":0,"max_hp_loss":0,"event_name":"Tomb of Lord Red Mask","floor":38,"gold_loss":0},{"damage_healed":0,"gold_gain":0,"player_choice":"Got Potions","damage_taken":0,"max_hp_gain":0,"max_hp_loss":0,"event_name":"Lab","floor":41,"gold_loss":0}],"is_beta":false,"boss_relics":[{"not_picked":["Runic Dome","Eternal Feather"],"picked":"Astrolabe"},{"not_picked":["Calling Bell","Cursed Key"],"picked":"Velvet Choker"}],"items_purged_floors":[21,39],"is_endless":false,"potions_floor_spawned":[14,27,31,33,35,42],"ascension_level":0}