{"gold_per_floor":[117,132,52,71,90,90,108,108,108,108,168,233,244,244,244,318,318,330,330,342,322,342,342,355,372,372,390,403,403,403,428,428,507,507,527,546,546,561,225,225,250,250,250,250,284,299,325,344,344,344,344,344,344,11,39,39],"floor_reached":57,"playtime":3628,"items_purged":["Zap"],"score":2962,"play_id":"87be6bb6-17b9-4170-96d5-e55b424d6a8b","local_time":"20190221001209","is_ascension_mode":true,"campfire_choices":[{"data":"Loop","floor":6.0,"key":"SMITH"},{"data":"Doom and Gloom","floor":8.0,"key":"SMITH"},{"data":"Turbo","floor":15.0,"key":"SMITH"},{"data":"Seek","floor":23.0,"key":"SMITH"},{"floor":29.0,"key":"REST"},{"data":"Recycle","floor":32.0,"key":"SMITH"},{"data":"Blizzard","floor":40.0,"key":"SMITH"},{"data":"Defragment","floor":42.0,"key":"SMITH"},{"data":"Coolheaded","floor":44.0,"key":"SMITH"},{"floor":49,"key":"RECALL"},{"data":"Dualcast","floor":53,"key":"SMITH"}],"neow_cost":"TEN_PERCENT_HP_LOSS","seed_source_timestamp":270858064729089,"circlet_count":0,"master_deck":["AscendersBane","Dualcast+1","Loop+1","Turbo+1","FTL","Doom and Gloom+1","Compile Driver","Reinforced Body","Hologram+1","Glacier","Seek+1","Defragment+1","Echo Form+1","Double Energy+1","Recycle+1","Coolheaded+1","Reinforced Body","Chill+1","Tempest+1","Hologram+1","Fission+1","BootSequence+1","Leap+1","Cold Snap+1","Blizzard+1","Fission+1","Defragment+1","Redo+1","Coolheaded+1","Coolheaded+1","Echo Form"],"special_seed":0,"relics":["Cracked Core","Pocketwatch","Kunai","Darkstone Periapt","Oddly Smooth Stone","Astrolabe","Toxic Egg 2","Unceasing Top","Empty Cage","Sundial","Torii","The Courier","ClockworkSouvenir","Blood Vial"],"potions_floor_usage":[55,56,56,56],"damage_taken":[{"damage":1.0,"enemies":"Cultist","floor":1.0,"turns":4.0},{"damage":12.0,"enemies":"Jaw Worm","floor":2.0,"turns":3.0},{"damage":0.0,"enemies":"2 Louse","floor":4.0,"turns":2.0},{"damage":0.0,"enemies":"Large Slime","floor":5.0,"turns":4.0},{"damage":6.0,"enemies":"2 Fungi Beasts","floor":7.0,"turns":2.0},{"damage":18.0,"enemies":"Lagavulin Event","floor":11.0,"turns":5.0},{"damage":3.0,"enemies":"Gremlin Gang","floor":13.0,"turns":3.0},{"damage":0.0,"enemies":"Hexaghost","floor":16.0,"turns":8.0},{"damage":0.0,"enemies":"Chosen","floor":18.0,"turns":5.0},{"damage":10.0,"enemies":"Colosseum Slavers","floor":19.0,"turns":5.0},{"damage":3.0,"enemies":"Shell Parasite","floor":20.0,"turns":6.0},{"damage":2.0,"enemies":"Centurion and Healer","floor":22.0,"turns":7.0},{"damage":2.0,"enemies":"Snake Plant","floor":24.0,"turns":4.0},{"damage":22.0,"enemies":"Cultist and Chosen","floor":25.0,"turns":8.0},{"damage":0.0,"enemies":"Centurion and Healer","floor":27.0,"turns":6.0},{"damage":1.0,"enemies":"Snecko","floor":28.0,"turns":7.0},{"damage":8.0,"enemies":"Slavers","floor":31.0,"turns":6.0},{"damage":5.0,"enemies":"Automaton","floor":33.0,"turns":13.0},{"damage":3.0,"enemies":"3 Shapes","floor":35.0,"turns":6.0},{"damage":6.0,"enemies":"Orb Walker","floor":36.0,"turns":3.0},{"damage":0.0,"enemies":"Jaw Worm Horde","floor":38.0,"turns":3.0},{"damage":13.0,"enemies":"Nemesis","floor":41.0,"turns":7.0},{"damage":1.0,"enemies":"Reptomancer","floor":45.0,"turns":4.0},{"damage":0.0,"enemies":"Spire Growth","floor":46.0,"turns":5.0},{"damage":0.0,"enemies":"Giant Head","floor":47.0,"turns":7.0},{"damage":0.0,"enemies":"Maw","floor":48.0,"turns":6.0},{"damage":0,"enemies":"Awakened One","floor":50,"turns":13},{"damage":15,"enemies":"Time Eater","floor":51,"turns":13},{"damage":1,"enemies":"Shield and Spear","floor":55,"turns":8},{"damage":23,"enemies":"The Heart","floor":56,"turns":12}],"seed_played":"30442660916283420","potions_obtained":[{"floor":1.0,"key":"SteroidPotion"},{"floor":2.0,"key":"Block Potion"},{"floor":13.0,"key":"FocusPotion"},{"floor":21.0,"key":"FairyPotion"}],"is_trial":false,"path_per_floor":["M","M","$","M","M","R","M","R","T","?","?","?","M","?","R","B",null,"M","?","M","?","M","R","M","M","T","M","M","R","?","E","R","B",null,"M","M","?","M","$","R","E","R","T","R","E","M","E","M","R","B","B",null,"R","$","E","B",null],"character_chosen":"DEFECT","items_purchased":["FTL","Blizzard","Fission+1","Defragment","Swift Potion","ClockworkSouvenir","EntropicBrew"],"campfire_rested":1,"item_purchase_floors":[3,39,39,39,39,54,54],"current_hp_per_floor":[63,51,51,51,51,51,45,45,45,34,16,16,13,13,13,13,51,51,41,38,38,36,36,34,12,12,12,11,30,30,22,22,17,52,49,43,43,43,43,43,30,30,30,30,29,29,29,29,29,29,14,52,52,52,51,30],"gold":39,"neow_bonus":"ONE_RARE_RELIC","is_prod":false,"is_daily":false,"chose_seed":false,"campfire_upgraded":9,"win_rate":0,"timestamp":1550679129,"path_taken":["M","?","$","M","M","R","M","R","T","?","?","?","M","?","R","BOSS","M","?","M","?","M","R","M","?","T","M","M","R","?","E","R","BOSS","M","M","?","M","?","R","E","R","T","R","E","M","E","M","R","BOSS","BOSS","R","$","E","BOSS"],"build_version":"2019-01-23","purchased_purges":1,"victory":true,"max_hp_per_floor":[64,64,64,64,64,64,64,64,64,64,64,64,64,64,64,64,64,64,64,64,64,64,64,64,64,64,64,64,64,64,64,64,64,64,64,64,64,64,64,64,64,64,64,64,64,64,64,64,64,64,64,64,64,64,64,64],"card_choices":[{"not_picked":["Hologram","Hello World"],"picked":"Loop","floor":1.0},{"not_picked":["Lockon","Ball Lightning"],"picked":"Turbo","floor":2.0},{"not_picked":["Barrage","Leap"],"picked":"Doom and Gloom","floor":4.0},{"not_picked":["Steam","Multi-Cast"],"picked":"Compile Driver","floor":5.0},{"not_picked":["Barrage","Steam Power"],"picked":"Reinforced Body","floor":7.0},{"not_picked":["Genetic Algorithm","Stack"],"picked":"Hologram","floor":11.0},{"not_picked":["Sweeping Beam","Heatsinks"],"picked":"Glacier","floor":13.0},{"not_picked":["Core Surge","All For One"],"picked":"Seek","floor":16.0},{"not_picked":["Darkness+1","Rebound+1","Conserve Battery"],"picked":"SKIP","floor":18.0},{"not_picked":["Ball Lightning","Beam Cell","Sweeping Beam"],"picked":"SKIP","floor":20.0},{"not_picked":["Stack","Turbo"],"picked":"Recycle","floor":22.0},{"not_picked":["Recycle","Seek"],"picked":"Coolheaded","floor":24.0},{"not_picked":["Go for the Eyes","Rebound+1"],"picked":"Reinforced Body","floor":25.0},{"not_picked":["Barrage","Compile Driver","Leap+1"],"picked":"SKIP","floor":27.0},{"not_picked":["Chill+1","Sunder","Hello World"],"picked":"SKIP","floor":28.0},{"not_picked":["Compile Driver","Chill+1"],"picked":"Hologram+1","floor":31.0},{"not_picked":["Rainbow+1","Echo Form"],"picked":"Fission+1","floor":33.0},{"not_picked":["Conserve Battery+1","Gash+1","Turbo+1"],"picked":"SKIP","floor":35.0},{"not_picked":["Streamline","Go for the Eyes+1"],"picked":"BootSequence+1","floor":36.0},{"not_picked":["Lockon+1","Chill+1"],"picked":"Cold Snap+1","floor":38.0},{"not_picked":["Thunder Strike","Beam Cell"],"picked":"Redo+1","floor":41.0},{"not_picked":["Electrodynamics","Auto Shields+1"],"picked":"Coolheaded+1","floor":45.0},{"not_picked":["Double Energy+1","Reinforced Body+1","Streamline+1"],"picked":"SKIP","floor":46.0},{"not_picked":["Tempest+1","Aggregate+1","Turbo+1"],"picked":"SKIP","floor":47.0},{"not_picked":["Leap+1","BootSequence+1"],"picked":"Coolheaded+1","floor":48.0},{"not_picked":["Auto Shields+1","Turbo+1"],"picked":"Echo Form","floor":55}],"player_experience":873352,"relics_obtained":[{"floor":9.0,"key":"Kunai"},{"floor":11.0,"key":"Oddly Smooth Stone"},{"floor":26.0,"key":"Toxic Egg 2"},{"floor":31.0,"key":"Unceasing Top"},{"floor":41.0,"key":"Sundial"},{"floor":45.0,"key":"Torii"},{"floor":47.0,"key":"The Courier"},{"floor":55,"key":"Blood Vial"}],"event_choices":[{"damage_healed":0.0,"max_hp_gain":0.0,"max_hp_loss":0.0,"gold_gain":0.0,"event_name":"Scrap Ooze","player_choice":"Success","floor":10.0,"gold_loss":0.0,"damage_taken":11.0,"relics_obtained":["Darkstone Periapt"]},{"damage_healed":0.0,"max_hp_gain":0.0,"max_hp_loss":0.0,"gold_gain":0.0,"event_name":"Dead Adventurer","player_choice":"Searched \u00271\u0027 times","floor":11.0,"gold_loss":0.0,"damage_taken":0.0},{"damage_healed":0.0,"max_hp_gain":0.0,"max_hp_loss":0.0,"gold_gain":65.0,"event_name":"Golden Wing","player_choice":"Gained Gold","floor":12.0,"gold_loss":0.0,"damage_taken":0.0},{"damage_healed":0.0,"max_hp_gain":0.0,"max_hp_loss":0.0,"gold_gain":0.0,"event_name":"Living Wall","player_choice":"Grow","floor":14.0,"gold_loss":0.0,"damage_taken":0.0,"cards_upgraded":["Hologram"]},{"damage_healed":0.0,"max_hp_gain":0.0,"max_hp_loss":0.0,"gold_gain":0.0,"event_name":"Colosseum","player_choice":"Fight","floor":19.0,"gold_loss":0.0,"damage_taken":0.0},{"damage_healed":0.0,"max_hp_gain":0.0,"max_hp_loss":0.0,"gold_gain":0.0,"event_name":"Colosseum","player_choice":"Fled From Nobs","floor":19.0,"gold_loss":0.0,"damage_taken":0.0},{"damage_healed":0.0,"max_hp_gain":0.0,"max_hp_loss":0.0,"gold_gain":0.0,"event_name":"The Woman in Blue","player_choice":"Bought 1 Potion","floor":21.0,"gold_loss":0.0,"damage_taken":0.0},{"damage_healed":0.0,"max_hp_gain":0.0,"max_hp_loss":0.0,"gold_gain":0.0,"cards_transformed":["Defend_B","Strike_B"],"event_name":"Drug Dealer","player_choice":"Became Test Subject","floor":30.0,"gold_loss":0.0,"damage_taken":0.0,"cards_obtained":["Chill","Tempest"]},{"damage_healed":0.0,"max_hp_gain":0.0,"max_hp_loss":0.0,"gold_gain":0.0,"cards_transformed":["Defend_B"],"event_name":"Transmorgrifier","player_choice":"Transformed","floor":37.0,"gold_loss":0.0,"damage_taken":0.0,"cards_obtained":["Leap"]}],"is_beta":false,"boss_relics":[{"not_picked":["Nuclear Battery","FrozenCore"],"picked":"Astrolabe"},{"not_picked":["Runic Dome","White Beast Statue"],"picked":"Empty Cage"}],"items_purged_floors":[54],"is_endless":false,"potions_floor_spawned":[1,2,13,19,22,24,31,33,35,45,46],"ascension_level":20}