{"gold_per_floor":[119,119,14,89,107,107,137,167,215,225,248,278,293,311,311,407,407,420,519,249,249,269,301,301,301,301,329,329,349,374,374,374,475,475,488,388,402,416,96,96],"floor_reached":40,"playtime":2109,"items_purged":["Strike_G","Deflect","Sucker Punch"],"score":502,"play_id":"c2bae51d-1646-4c5b-980f-a77bec28bbdc","local_time":"20190615214213","is_ascension_mode":false,"campfire_choices":[{"data":"Footwork","floor":6.0,"key":"SMITH"},{"floor":15.0,"key":"REST"},{"floor":24,"key":"REST"},{"data":"Catalyst","floor":28,"key":"SMITH"},{"floor":32,"key":"REST"}],"neow_cost":"NONE","seed_source_timestamp":0,"circlet_count":0,"master_deck":["Survivor","Neutralize+1","Poisoned Stab","Footwork+1","Flying Knee","Well Laid Plans","Crippling Poison","Adrenaline","PiercingWail","Catalyst+1","Heel Hook","Tools of the Trade","Crippling Poison+1","Underhanded Strike","Tactician","Flechettes","PiercingWail","Predator+1","Night Terror","Noxious Fumes","Envenom","Terror","Predator","Quick Slash","Night Terror","Unload","Flechettes","Blur+1"],"special_seed":0,"relics":["Ring of the Snake","NeowsBlessing","Odd Mushroom","Mummified Hand","Omamori","Bag of Preparation","Paper Crane","Snecko Eye","Oddly Smooth Stone","Happy Flower","Lantern","Orichalcum","Shuriken","Pandora\u0027s Box","OrangePellets"],"potions_floor_usage":[22,27,30],"damage_taken":[{"damage":0.0,"enemies":"2 Louse","floor":1.0,"turns":1.0},{"damage":0.0,"enemies":"Cultist","floor":5.0,"turns":1.0},{"damage":0.0,"enemies":"The Mushroom Lair","floor":7.0,"turns":1.0},{"damage":19.0,"enemies":"Gremlin Nob","floor":8.0,"turns":4.0},{"damage":0.0,"enemies":"Small Slimes","floor":10.0,"turns":3.0},{"damage":18.0,"enemies":"3 Sentries","floor":12.0,"turns":7.0},{"damage":0.0,"enemies":"Exordium Wildlife","floor":13.0,"turns":3.0},{"damage":0.0,"enemies":"2 Fungi Beasts","floor":14.0,"turns":2.0},{"damage":0.0,"enemies":"The Guardian","floor":16.0,"turns":10.0},{"damage":0,"enemies":"Shell Parasite","floor":18,"turns":5},{"damage":8,"enemies":"Spheric Guardian","floor":22,"turns":10},{"damage":22,"enemies":"Slavers","floor":23,"turns":8},{"damage":3,"enemies":"Book of Stabbing","floor":27,"turns":4},{"damage":3,"enemies":"Shelled Parasite and Fungi","floor":29,"turns":4},{"damage":2,"enemies":"Slavers","floor":30,"turns":4},{"damage":12,"enemies":"Champ","floor":33,"turns":8},{"damage":0,"enemies":"3 Shapes","floor":35,"turns":3},{"damage":0,"enemies":"Orb Walker","floor":37,"turns":2},{"damage":7,"enemies":"Jaw Worm Horde","floor":38,"turns":3},{"damage":0,"enemies":"Reptomancer","floor":40,"turns":1}],"seed_played":"6438623885525913755","potions_obtained":[{"floor":1.0,"key":"Explosive Potion"},{"floor":13.0,"key":"GhostInAJar"},{"floor":14.0,"key":"SkillPotion"},{"floor":16.0,"key":"SneckoOil"},{"floor":22,"key":"FearPotion"},{"floor":27,"key":"Strength Potion"},{"floor":35,"key":"Block Potion"}],"is_trial":false,"path_per_floor":["M","?","$","?","M","R","?","E","T","M","T","E","M","M","R","B",null,"M","?","$","?","M","E","R","?","T","E","R","M","E","?","R","B",null,"M","$","M","M","$","E"],"character_chosen":"THE_SILENT","items_purchased":["Footwork","Flying Knee","Oddly Smooth Stone","Underhanded Strike","OrangePellets"],"campfire_rested":3,"item_purchase_floors":[3,3,20,20,39],"current_hp_per_floor":[70,70,70,59,59,59,59,40,40,40,40,22,22,22,43,43,70,70,70,70,57,49,27,49,49,49,46,46,43,41,41,63,51,75,75,75,75,68,68,68],"gold":96,"neow_bonus":"THREE_ENEMY_KILL","is_prod":false,"is_daily":false,"chose_seed":false,"campfire_upgraded":2,"win_rate":0,"timestamp":1560627733,"path_taken":["M","?","?","?","?","R","?","E","T","M","?","E","M","M","R","BOSS","M","?","$","?","M","E","R","?","T","E","R","?","E","?","R","BOSS","M","$","M","M","$","E"],"build_version":"2019-01-23","purchased_purges":3,"victory":false,"max_hp_per_floor":[70,70,70,70,70,70,70,70,70,70,70,70,70,70,70,70,70,70,70,70,75,75,75,75,75,75,75,75,75,75,75,75,75,75,75,75,75,75,75,75],"card_choices":[{"not_picked":["Distraction","Terror"],"picked":"Poisoned Stab","floor":1.0},{"not_picked":["Slice","Riddle With Holes"],"picked":"Well Laid Plans","floor":5.0},{"not_picked":["Quick Slash","Dodge and Roll"],"picked":"Crippling Poison","floor":7.0},{"not_picked":["Deflect","Flying Knee"],"picked":"Adrenaline","floor":8.0},{"not_picked":["Deadly Poison","Endless Agony"],"picked":"PiercingWail","floor":10.0},{"not_picked":["Blade Dance","Quick Slash"],"picked":"Catalyst","floor":12.0},{"not_picked":["Slice","Infinite Blades","Acrobatics"],"picked":"SKIP","floor":13.0},{"not_picked":["Underhanded Strike","Prepared"],"picked":"Heel Hook","floor":14.0},{"not_picked":["Grand Finale","Burst"],"picked":"Tools of the Trade","floor":16.0},{"not_picked":["Well Laid Plans+1","Choke+1"],"picked":"Crippling Poison+1","floor":18},{"not_picked":["Bane","Escape Plan","Dagger Spray"],"picked":"SKIP","floor":22},{"not_picked":["Prepared","Grand Finale"],"picked":"Tactician","floor":23},{"not_picked":["Quick Slash+1","Outmaneuver"],"picked":"PiercingWail","floor":27},{"not_picked":["PiercingWail+1","Slice"],"picked":"Predator+1","floor":29},{"not_picked":["Bouncing Flask+1","Dagger Throw"],"picked":"Night Terror","floor":30},{"not_picked":["Glass Knife","Adrenaline"],"picked":"Envenom","floor":33},{"not_picked":["Slice+1","Reflex","Predator+1"],"picked":"SKIP","floor":35},{"not_picked":["Slice+1","Reflex","Predator+1"],"picked":"SKIP","floor":35},{"not_picked":["Poisoned Stab","Underhanded Strike+1","Accuracy"],"picked":"SKIP","floor":37},{"not_picked":["Dash","Eviscerate"],"picked":"Blur+1","floor":38}],"player_experience":631751,"relics_obtained":[{"floor":7.0,"key":"Odd Mushroom"},{"floor":8.0,"key":"Mummified Hand"},{"floor":9.0,"key":"Omamori"},{"floor":11.0,"key":"Bag of Preparation"},{"floor":12.0,"key":"Paper Crane"},{"floor":23,"key":"Happy Flower"},{"floor":26,"key":"Lantern"},{"floor":27,"key":"Orichalcum"},{"floor":30,"key":"Shuriken"}],"event_choices":[{"damage_healed":0.0,"max_hp_gain":0.0,"max_hp_loss":0.0,"gold_gain":0.0,"event_name":"Upgrade Shrine","player_choice":"Upgraded","floor":2.0,"gold_loss":0.0,"damage_taken":0.0,"cards_upgraded":["Neutralize"]},{"damage_healed":0.0,"max_hp_gain":0.0,"max_hp_loss":0.0,"gold_gain":75.0,"event_name":"World of Goop","player_choice":"Gather Gold","floor":4.0,"gold_loss":0.0,"damage_taken":11.0},{"damage_healed":0.0,"max_hp_gain":0.0,"max_hp_loss":0.0,"gold_gain":0.0,"event_name":"Mushrooms","player_choice":"Fought Mushrooms","floor":7.0,"gold_loss":0.0,"damage_taken":0.0},{"damage_healed":0,"gold_gain":99,"player_choice":"Stole From Cult","damage_taken":0,"max_hp_gain":0,"max_hp_loss":0,"event_name":"Nest","floor":19,"gold_loss":0},{"damage_healed":0,"gold_gain":0,"player_choice":"Shed Blood","damage_taken":18,"max_hp_gain":5,"max_hp_loss":0,"event_name":"Forgotten Altar","floor":21,"gold_loss":0},{"damage_healed":0,"gold_gain":0,"cards_transformed":["Strike_G"],"player_choice":"Transformed","damage_taken":0,"max_hp_gain":0,"max_hp_loss":0,"event_name":"Transmorgrifier","floor":25,"gold_loss":0,"cards_obtained":["Flechettes"]},{"damage_healed":0,"gold_gain":0,"player_choice":"Read","damage_taken":0,"max_hp_gain":0,"max_hp_loss":0,"event_name":"The Library","floor":31,"gold_loss":0,"cards_obtained":["Noxious Fumes"]}],"is_beta":false,"boss_relics":[{"not_picked":["Philosopher\u0027s Stone","Black Star"],"picked":"Snecko Eye"},{"not_picked":["Cursed Key","Eternal Feather"],"picked":"Pandora\u0027s Box"}],"items_purged_floors":[20,36,39],"is_endless":false,"potions_floor_spawned":[1,13,14,16,22,27,29,35],"killed_by":"Reptomancer","ascension_level":0}