{"gold_per_floor":[113,113,127,143,161,189,189,219,244,244,264,295,295,310,310,388,438,455,18,18,18,18,48,48,80,106,106,137,153,153,165,165,243,243,261,261,278,102,102,102,136,11,11,11,11,39,55,80,80,80,80,80,80,80,113,113],"floor_reached":57,"playtime":2193,"items_purged":["Strike_B","Melter","Aggregate+1"],"score":3478,"play_id":"179ad528-ad3d-43f9-9925-537567d43b01","local_time":"20190423025339","is_ascension_mode":true,"campfire_choices":[{"data":"Biased Cognition","floor":7.0,"key":"SMITH"},{"data":"Dualcast","floor":10.0,"key":"SMITH"},{"data":"Zap","floor":13.0,"key":"SMITH"},{"data":"Turbo","floor":15.0,"key":"SMITH"},{"data":"Capacitor","floor":24.0,"key":"SMITH"},{"data":"Heatsinks","floor":30.0,"key":"SMITH"},{"data":"Capacitor","floor":32.0,"key":"SMITH"},{"floor":40.0,"key":"RECALL"},{"floor":44.0,"key":"REST"},{"data":"Thinking Ahead","floor":49.0,"key":"SMITH"},{"data":"All For One","floor":53.0,"key":"SMITH"}],"neow_cost":"NONE","seed_source_timestamp":36211537436089,"circlet_count":0,"master_deck":["AscendersBane","Zap+1","Dualcast+1","Chill+1","Reboot+1","Ball Lightning+1","Turbo+1","Biased Cognition+1","Undo+1","Cold Snap+1","Core Surge+1","Genetic Algorithm+1","Capacitor+1","Heatsinks+1","Core Surge+1","Self Repair+1","BootSequence+1","Capacitor+1","Reinforced Body+1","Core Surge+1","Consume+1","Undo+1","Defragment+1","Biased Cognition+1","Skim+1","Skim+1","Skim+1","Double Energy+1","Thinking Ahead+1","Coolheaded+1","All For One+1"],"special_seed":0,"relics":["Cracked Core","NeowsBlessing","Pocketwatch","Bronze Scales","Centennial Puzzle","Happy Flower","Tiny House","Cables","Gambling Chip","Symbiotic Virus","PreservedInsect","Mercury Hourglass","Pandora\u0027s Box","Mark of the Bloom","Mummified Hand","Sundial","Shuriken","Boot"],"potions_floor_usage":[56,56],"damage_taken":[{"damage":0.0,"enemies":"Jaw Worm","floor":1.0,"turns":1.0},{"damage":0.0,"enemies":"Cultist","floor":3.0,"turns":1.0},{"damage":0.0,"enemies":"2 Louse","floor":4.0,"turns":1.0},{"damage":2.0,"enemies":"2 Fungi Beasts","floor":5.0,"turns":3.0},{"damage":5.0,"enemies":"3 Sentries","floor":6.0,"turns":6.0},{"damage":6.0,"enemies":"Lagavulin","floor":8.0,"turns":5.0},{"damage":0.0,"enemies":"Looter","floor":11.0,"turns":2.0},{"damage":8.0,"enemies":"Gremlin Nob","floor":12.0,"turns":3.0},{"damage":3.0,"enemies":"Blue Slaver","floor":14.0,"turns":3.0},{"damage":0.0,"enemies":"Hexaghost","floor":16.0,"turns":8.0},{"damage":0.0,"enemies":"Chosen","floor":18.0,"turns":3.0},{"damage":10.0,"enemies":"Book of Stabbing","floor":23.0,"turns":4.0},{"damage":23.0,"enemies":"Gremlin Leader","floor":25.0,"turns":6.0},{"damage":4.0,"enemies":"Book of Stabbing","floor":28.0,"turns":4.0},{"damage":0.0,"enemies":"Spheric Guardian","floor":29.0,"turns":2.0},{"damage":0.0,"enemies":"Centurion and Healer","floor":31.0,"turns":4.0},{"damage":4.0,"enemies":"Collector","floor":33.0,"turns":10.0},{"damage":1.0,"enemies":"3 Shapes","floor":35.0,"turns":3.0},{"damage":8.0,"enemies":"Orb Walker","floor":37.0,"turns":3.0},{"damage":0.0,"enemies":"Reptomancer","floor":41.0,"turns":6.0},{"damage":0.0,"enemies":"Nemesis","floor":46.0,"turns":4.0},{"damage":0.0,"enemies":"4 Shapes","floor":47.0,"turns":4.0},{"damage":0.0,"enemies":"Reptomancer","floor":48.0,"turns":4.0},{"damage":1.0,"enemies":"Time Eater","floor":50.0,"turns":7.0},{"damage":0.0,"enemies":"Donu and Deca","floor":51.0,"turns":6.0},{"damage":0.0,"enemies":"Shield and Spear","floor":55.0,"turns":2.0},{"damage":0,"enemies":"The Heart","floor":56,"turns":8}],"seed_played":"-6141124606319635557","potions_obtained":[{"floor":3.0,"key":"Dexterity Potion"},{"floor":4.0,"key":"SneckoOil"},{"floor":14.0,"key":"Fire Potion"},{"floor":16.0,"key":"SpeedPotion"},{"floor":17.0,"key":"AttackPotion"},{"floor":18.0,"key":"EssenceOfSteel"},{"floor":25.0,"key":"Dexterity Potion"},{"floor":33.0,"key":"AttackPotion"},{"floor":37.0,"key":"Ancient Potion"},{"floor":41.0,"key":"PowerPotion"}],"is_trial":false,"path_per_floor":["M","?","M","M","M","E","R","E","T","R","M","E","R","M","R","B",null,"M","$","?","$","?","E","R","E","T","?","E","M","R","M","R","B",null,"M","?","M","$","?","R","E","$","T","R","?","E","M","E","R","B","B",null,"R","$","E","B",null],"character_chosen":"DEFECT","items_purchased":["Cables","Heatsinks","Skim"],"campfire_rested":1,"item_purchase_floors":[19,19,38],"current_hp_per_floor":[64,64,64,64,62,57,57,51,51,51,51,43,43,40,40,40,68,68,68,68,68,68,58,58,35,35,35,41,51,51,61,61,67,74,76,76,76,76,76,76,76,76,76,76,76,76,76,76,76,75,75,75,75,75,75,75],"gold":113,"neow_bonus":"THREE_ENEMY_KILL","is_prod":false,"is_daily":false,"chose_seed":false,"campfire_upgraded":9,"win_rate":0,"timestamp":1555959219,"path_taken":["M","?","M","M","M","E","R","E","T","R","M","E","R","?","R","BOSS","M","?","?","$","?","E","R","E","T","?","E","M","R","M","R","BOSS","M","?","M","$","?","R","E","$","T","R","?","E","M","E","R","BOSS","BOSS","R","$","E","BOSS"],"build_version":"2019-01-23","purchased_purges":3,"victory":true,"max_hp_per_floor":[71,71,71,71,71,71,71,71,71,71,71,71,71,71,71,71,76,76,76,76,76,76,76,76,76,76,76,76,76,76,76,76,76,76,76,76,76,76,76,76,76,76,76,76,76,76,76,76,76,76,76,76,76,76,76,76],"card_choices":[{"not_picked":["Leap","Force Field"],"picked":"Chill","floor":1.0},{"not_picked":["Sweeping Beam","Scrape"],"picked":"Ball Lightning","floor":3.0},{"not_picked":["Steam","Compile Driver"],"picked":"Turbo","floor":4.0},{"not_picked":["Defragment","Turbo"],"picked":"Biased Cognition","floor":5.0},{"not_picked":["Hologram","Chill"],"picked":"Undo","floor":6.0},{"not_picked":["Go for the Eyes","Conserve Battery","Doom and Gloom"],"picked":"SKIP","floor":8.0},{"not_picked":["Leap","FTL","Lockon"],"picked":"SKIP","floor":11.0},{"not_picked":["Double Energy","Leap"],"picked":"Cold Snap","floor":12.0},{"not_picked":["Beam Cell","Go for the Eyes","Streamline"],"picked":"SKIP","floor":14.0},{"not_picked":["Hyperbeam","Fission"],"picked":"Core Surge","floor":16.0},{"not_picked":["Go for the Eyes","Static Discharge"],"picked":"Genetic Algorithm","floor":17.0},{"not_picked":["Coolheaded","Redo"],"picked":"Capacitor","floor":18.0},{"not_picked":["Stack","Go for the Eyes"],"picked":"Core Surge","floor":23.0},{"not_picked":["Glacier","Loop"],"picked":"Self Repair+1","floor":25.0},{"not_picked":["Force Field","Rip and Tear"],"picked":"Capacitor","floor":28.0},{"not_picked":["Conserve Battery+1","Steam","Rebound"],"picked":"SKIP","floor":29.0},{"not_picked":["Rip and Tear","Ball Lightning"],"picked":"Reinforced Body+1","floor":31.0},{"not_picked":["Seek","Meteor Strike"],"picked":"Core Surge","floor":33.0},{"not_picked":["Streamline+1","Hologram+1"],"picked":"Skim","floor":35.0},{"not_picked":["Undo+1","Storm"],"picked":"Skim","floor":37.0},{"not_picked":["Force Field+1","Rebound"],"picked":"Double Energy+1","floor":41.0},{"not_picked":["PanicButton","Mayhem"],"picked":"Thinking Ahead","floor":45.0},{"not_picked":["Sweeping Beam","Beam Cell+1","Compile Driver"],"picked":"SKIP","floor":46.0},{"not_picked":["Barrage+1","Hello World"],"picked":"Coolheaded+1","floor":47.0},{"not_picked":["Go for the Eyes","Reprogram+1"],"picked":"All For One","floor":48.0},{"not_picked":["Sweeping Beam","Sunder","Hologram"],"picked":"SKIP","floor":55.0}],"player_experience":4444373,"relics_obtained":[{"floor":6.0,"key":"Pocketwatch"},{"floor":8.0,"key":"Bronze Scales"},{"floor":9.0,"key":"Centennial Puzzle"},{"floor":12.0,"key":"Happy Flower"},{"floor":23.0,"key":"Gambling Chip"},{"floor":25.0,"key":"Symbiotic Virus"},{"floor":26.0,"key":"PreservedInsect"},{"floor":28.0,"key":"Mercury Hourglass"},{"floor":41.0,"key":"Mummified Hand"},{"floor":46.0,"key":"Sundial"},{"floor":48.0,"key":"Shuriken"},{"floor":55.0,"key":"Boot"}],"event_choices":[{"damage_healed":0.0,"max_hp_gain":0.0,"max_hp_loss":0.0,"gold_gain":0.0,"event_name":"Match and Keep!","player_choice":"1 cards matched","floor":2.0,"gold_loss":0.0,"damage_taken":0.0,"cards_obtained":["Reboot"]},{"damage_healed":0.0,"max_hp_gain":0.0,"max_hp_loss":0.0,"gold_gain":0.0,"event_name":"Beggar","player_choice":"Ignored","floor":20.0,"gold_loss":0.0,"damage_taken":0.0},{"damage_healed":0.0,"max_hp_gain":0.0,"max_hp_loss":0.0,"gold_gain":0.0,"event_name":"Vampires","player_choice":"Ignored","floor":22.0,"gold_loss":0.0,"damage_taken":0.0},{"damage_healed":0.0,"max_hp_gain":0.0,"max_hp_loss":0.0,"gold_gain":0.0,"cards_transformed":["Strike_B","Strike_B"],"event_name":"Drug Dealer","player_choice":"Became Test Subject","floor":27.0,"gold_loss":0.0,"damage_taken":0.0,"cards_obtained":["BootSequence","Aggregate"]},{"damage_healed":0.0,"max_hp_gain":0.0,"max_hp_loss":0.0,"gold_gain":0.0,"event_name":"Tomb of Lord Red Mask","player_choice":"Ignored","floor":36.0,"gold_loss":0.0,"damage_taken":0.0},{"damage_healed":0.0,"max_hp_gain":0.0,"max_hp_loss":0.0,"gold_gain":0.0,"event_name":"MindBloom","player_choice":"Upgrade","floor":39.0,"gold_loss":0.0,"damage_taken":0.0,"cards_upgraded":["Chill","Ball Lightning","Undo","Cold Snap","Core Surge","Genetic Algorithm","Core Surge","BootSequence","Aggregate","Core Surge","Consume","Undo","Defragment","Biased Cognition","Skim","Skim","Skim"],"relics_obtained":["Mark of the Bloom"]},{"damage_healed":0.0,"max_hp_gain":0.0,"max_hp_loss":0.0,"gold_gain":0.0,"event_name":"SensoryStone","player_choice":"Memory 1","floor":45.0,"gold_loss":0.0,"damage_taken":0.0}],"is_beta":false,"boss_relics":[{"not_picked":["Snecko Eye","Ectoplasm"],"picked":"Tiny House"},{"not_picked":["Calling Bell","Inserter"],"picked":"Pandora\u0027s Box"}],"items_purged_floors":[19,38,42],"is_endless":false,"potions_floor_spawned":[3,4,14,16,18,25,29,33,37,41,46,47,55],"ascension_level":20}