{"gold_per_floor":[19,19,30,40,40,40,50,50,50,85,85,85,53,64,64,137,137,147,147,35,46,46,46,46,73,73,73,106,121,138,78,78,154,154,171,171,182,14,14,14,28,56,80,0,26,26,39,50,50,50,50,50,50,19,54,54],"floor_reached":57,"playtime":4393,"items_purged":["Strike_B","Defend_B+1"],"score":3246,"play_id":"04b1c2ea-a00d-4b67-a5ed-76f0afd5d5fa","local_time":"20190318183309","is_ascension_mode":true,"campfire_choices":[{"data":"Darkness","floor":6.0,"key":"SMITH"},{"data":"Fission","floor":8.0,"key":"SMITH"},{"data":"Chaos","floor":12.0,"key":"SMITH"},{"data":"Defragment","floor":15.0,"key":"SMITH"},{"data":"Defragment","floor":23.0,"key":"SMITH"},{"data":"Buffer","floor":27.0,"key":"SMITH"},{"data":"Coolheaded","floor":32.0,"key":"SMITH"},{"floor":40.0,"key":"RECALL"},{"data":"Panacea","floor":49.0,"key":"SMITH"},{"data":"Meteor Strike","floor":53.0,"key":"SMITH"}],"neow_cost":"NO_GOLD","seed_source_timestamp":22659153395823,"circlet_count":0,"master_deck":["AscendersBane","Defend_B+1","Defend_B+1","Zap+1","Dualcast+1","Defragment+1","Fission+1","Cold Snap+1","Capacitor+1","Ball Lightning+1","Darkness+1","Capacitor+1","Chaos+1","Defragment+1","Buffer+1","Turbo+1","Coolheaded+1","Defragment+1","Coolheaded+1","Ghostly+1","Ghostly+1","White Noise+1","White Noise+1","Creative AI+1","Hologram+1","Electrodynamics+1","Sunder+1","Discovery+1","Defragment+1","Impatience+1","Bandage Up+1","Glacier+1","Panacea+1","Meteor Strike+1","Defragment+1","Inflame+1"],"special_seed":0,"relics":["Cracked Core","The Courier","Mango","Nuclear Battery","Pen Nib","Bottled Tornado","Kunai","Astrolabe","PrismaticShard","Mark of the Bloom","Frozen Egg 2","DataDisk","Happy Flower","Centennial Puzzle"],"potions_floor_usage":[56],"damage_taken":[{"damage":4.0,"enemies":"Jaw Worm","floor":1.0,"turns":5.0},{"damage":9.0,"enemies":"Cultist","floor":3.0,"turns":5.0},{"damage":8.0,"enemies":"Small Slimes","floor":4.0,"turns":3.0},{"damage":0.0,"enemies":"Blue Slaver","floor":7.0,"turns":5.0},{"damage":0.0,"enemies":"Gremlin Nob","floor":10.0,"turns":2.0},{"damage":4.0,"enemies":"2 Fungi Beasts","floor":14.0,"turns":3.0},{"damage":0.0,"enemies":"The Guardian","floor":16.0,"turns":7.0},{"damage":26.0,"enemies":"2 Thieves","floor":18.0,"turns":5.0},{"damage":5.0,"enemies":"Colosseum Slavers","floor":19.0,"turns":3.0},{"damage":0.0,"enemies":"Spheric Guardian","floor":21.0,"turns":3.0},{"damage":9.0,"enemies":"Book of Stabbing","floor":25.0,"turns":7.0},{"damage":13.0,"enemies":"Slavers","floor":28.0,"turns":9.0},{"damage":1.0,"enemies":"Cultist and Chosen","floor":29.0,"turns":5.0},{"damage":0.0,"enemies":"Shelled Parasite and Fungi","floor":30.0,"turns":7.0},{"damage":0.0,"enemies":"Champ","floor":33.0,"turns":10.0},{"damage":0.0,"enemies":"3 Darklings","floor":35.0,"turns":4.0},{"damage":0.0,"enemies":"3 Shapes","floor":37.0,"turns":5.0},{"damage":0.0,"enemies":"Writhing Mass","floor":41.0,"turns":4.0},{"damage":0.0,"enemies":"Giant Head","floor":42.0,"turns":11.0},{"damage":0.0,"enemies":"Nemesis","floor":45.0,"turns":7.0},{"damage":0.0,"enemies":"Maw","floor":47.0,"turns":6.0},{"damage":0.0,"enemies":"Transient","floor":48.0,"turns":6.0},{"damage":0.0,"enemies":"Awakened One","floor":50.0,"turns":7.0},{"damage":3.0,"enemies":"Time Eater","floor":51.0,"turns":8.0},{"damage":14.0,"enemies":"Shield and Spear","floor":55.0,"turns":8.0},{"damage":9,"enemies":"The Heart","floor":56,"turns":12}],"seed_played":"7126371476726026992","potions_obtained":[{"floor":10.0,"key":"EssenceOfSteel"},{"floor":14.0,"key":"Regen Potion"},{"floor":16.0,"key":"Swift Potion"},{"floor":28.0,"key":"Block Potion"},{"floor":30.0,"key":"Explosive Potion"},{"floor":33.0,"key":"Energy Potion"},{"floor":41.0,"key":"Regen Potion"},{"floor":42.0,"key":"FocusPotion"}],"is_trial":false,"path_per_floor":["M","?","M","M","?","R","M","R","T","E","T","R","$","M","R","B",null,"M","?","$","M","?","R","?","E","T","R","E","M","M","$","R","B",null,"M","?","M","$","?","R","M","E","T","$","E","?","M","M","R","B","B",null,"R","$","E","B",null],"character_chosen":"DEFECT","items_purchased":["Defragment","Coolheaded","Defragment","PrismaticShard","Defragment+1"],"campfire_rested":0,"item_purchase_floors":[13,20,20,38,54],"current_hp_per_floor":[60,60,51,43,22,22,22,22,22,36,36,36,36,32,32,47,76,50,45,45,45,42,42,42,33,33,33,20,19,19,19,19,19,36,36,31,35,35,35,35,35,35,35,35,35,35,35,35,35,35,32,32,32,32,18,9],"gold":54,"neow_bonus":"TRANSFORM_TWO_CARDS","is_prod":false,"is_daily":false,"chose_seed":false,"campfire_upgraded":9,"win_rate":0,"timestamp":1552905189,"path_taken":["M","?","?","M","?","R","M","R","T","E","?","R","?","M","R","BOSS","M","?","$","M","?","R","?","E","T","R","E","M","M","$","R","BOSS","M","?","M","$","?","R","?","E","T","$","E","?","M","M","R","BOSS","BOSS","R","$","E","BOSS"],"build_version":"2019-01-23","purchased_purges":2,"victory":true,"max_hp_per_floor":[71,71,71,71,71,71,71,71,71,85,85,85,85,85,85,85,85,85,85,85,85,42,42,42,42,42,42,42,42,42,42,42,42,42,42,42,42,42,42,42,42,42,42,42,42,42,42,42,42,42,42,42,42,42,42,42],"card_choices":[{"not_picked":["Gash","Loop"],"picked":"Cold Snap","floor":1.0},{"not_picked":["Gash","Skim"],"picked":"Ball Lightning","floor":3.0},{"not_picked":["Steam","Machine Learning"],"picked":"Darkness","floor":4.0},{"not_picked":["Coolheaded","Aggregate"],"picked":"Capacitor","floor":7.0},{"not_picked":["Auto Shields","Aggregate"],"picked":"Chaos","floor":10.0},{"not_picked":["Barrage","Reinforced Body"],"picked":"Coolheaded","floor":14.0},{"not_picked":["Meteor Strike","Hyperbeam"],"picked":"Buffer","floor":16.0},{"not_picked":["Rebound","Coolheaded"],"picked":"Turbo+1","floor":18.0},{"not_picked":["Leap","Turbo"],"picked":"Coolheaded","floor":21.0},{"not_picked":["Leap","Gash"],"picked":"White Noise","floor":25.0},{"not_picked":["Rebound","Darkness"],"picked":"White Noise","floor":28.0},{"not_picked":["Compile Driver","Leap"],"picked":"Creative AI","floor":29.0},{"not_picked":["Gash","Streamline"],"picked":"Hologram","floor":30.0},{"not_picked":["Thunder Strike","All For One"],"picked":"Electrodynamics","floor":33.0},{"not_picked":["Ball Lightning","Fusion","Rebound"],"picked":"SKIP","floor":35.0},{"not_picked":["Ball Lightning","Fusion","Rebound"],"picked":"SKIP","floor":35.0},{"not_picked":["Thinking Ahead","Mind Blast"],"picked":"Impatience","floor":36.0},{"not_picked":["Forethought","Jack Of All Trades"],"picked":"Bandage Up","floor":36.0},{"not_picked":["Hologram","Redo"],"picked":"Glacier+1","floor":37.0},{"not_picked":["Dagger Spray","Deflect","Leap"],"picked":"SKIP","floor":41.0},{"not_picked":["Flame Barrier+1","Doom and Gloom","Bludgeon"],"picked":"SKIP","floor":42.0},{"not_picked":["Immolate","Deadly Poison"],"picked":"Panacea","floor":45.0},{"not_picked":["Flame Barrier+1","Pommel Strike","Good Instincts"],"picked":"SKIP","floor":47.0},{"not_picked":["Havoc","Headbutt","Gash"],"picked":"SKIP","floor":48.0},{"not_picked":["Good Instincts+1","Anger"],"picked":"Inflame+1","floor":55.0}],"player_experience":3687596,"relics_obtained":[{"floor":9.0,"key":"The Courier"},{"floor":10.0,"key":"Mango"},{"floor":25.0,"key":"Pen Nib"},{"floor":26.0,"key":"Bottled Tornado"},{"floor":28.0,"key":"Kunai"},{"floor":42.0,"key":"Frozen Egg 2"},{"floor":43.0,"key":"DataDisk"},{"floor":45.0,"key":"Happy Flower"},{"floor":55.0,"key":"Centennial Puzzle"}],"event_choices":[{"damage_healed":0.0,"max_hp_gain":0.0,"max_hp_loss":0.0,"gold_gain":0.0,"event_name":"Match and Keep!","player_choice":"1 cards matched","floor":2.0,"gold_loss":0.0,"damage_taken":0.0,"cards_obtained":["Capacitor"]},{"damage_healed":0.0,"max_hp_gain":0.0,"max_hp_loss":0.0,"gold_gain":0.0,"event_name":"Shining Light","player_choice":"Entered Light","floor":5.0,"gold_loss":0.0,"damage_taken":21.0,"cards_upgraded":["Cold Snap","Defragment"]},{"damage_healed":0.0,"max_hp_gain":0.0,"max_hp_loss":0.0,"gold_gain":0.0,"event_name":"Colosseum","player_choice":"Fight","floor":19.0,"gold_loss":0.0,"damage_taken":0.0},{"damage_healed":0.0,"max_hp_gain":0.0,"max_hp_loss":0.0,"gold_gain":0.0,"event_name":"Colosseum","player_choice":"Fled From Nobs","floor":19.0,"gold_loss":0.0,"damage_taken":0.0},{"damage_healed":0.0,"max_hp_gain":0.0,"max_hp_loss":43.0,"gold_gain":0.0,"event_name":"Ghosts","player_choice":"Became a Ghost","floor":22.0,"gold_loss":0.0,"damage_taken":0.0,"cards_obtained":["Ghostly","Ghostly","Ghostly"]},{"cards_removed":["Strike_B"],"damage_healed":0.0,"max_hp_gain":0.0,"max_hp_loss":0.0,"gold_gain":0.0,"event_name":"Purifier","player_choice":"Purged","floor":24.0,"gold_loss":0.0,"damage_taken":0.0},{"damage_healed":0.0,"max_hp_gain":0.0,"max_hp_loss":0.0,"gold_gain":0.0,"event_name":"SensoryStone","player_choice":"Memory 2","floor":36.0,"gold_loss":0.0,"damage_taken":5.0},{"damage_healed":0.0,"max_hp_gain":0.0,"max_hp_loss":0.0,"gold_gain":0.0,"event_name":"MindBloom","player_choice":"Upgrade","floor":39.0,"gold_loss":0.0,"damage_taken":0.0,"cards_upgraded":["Defend_B","Defend_B","Defend_B","Zap","Dualcast","Capacitor","Ball Lightning","Capacitor","Coolheaded","Ghostly","Ghostly","White Noise","White Noise","Creative AI","Hologram","Electrodynamics","Impatience","Bandage Up"],"relics_obtained":["Mark of the Bloom"]},{"damage_healed":0.0,"max_hp_gain":0.0,"max_hp_loss":0.0,"gold_gain":0.0,"event_name":"Match and Keep!","player_choice":"1 cards matched","floor":46.0,"gold_loss":0.0,"damage_taken":0.0,"cards_obtained":["Meteor Strike"]}],"is_beta":false,"boss_relics":[{"not_picked":["Fusion Hammer","Busted Crown"],"picked":"Nuclear Battery"},{"not_picked":["Eternal Feather","Velvet Choker"],"picked":"Astrolabe"}],"items_purged_floors":[31,44],"is_endless":false,"potions_floor_spawned":[10,14,16,19,28,30,33,41,42,47,48],"ascension_level":20}