{"gold_per_floor":[113,131,51,51,51,86,86,121,198,68,68,343,13,26,26,104,104,115,115,129,147,90,90,90],"floor_reached":24,"playtime":581,"items_purged":["Strike_B","Regret"],"score":454,"play_id":"31a52c59-b77e-42fc-8368-1104b67fe899","local_time":"20190225140921","is_ascension_mode":true,"campfire_choices":[{"data":"Recycle","floor":7.0,"key":"SMITH"},{"data":"Coolheaded","floor":11.0,"key":"SMITH"},{"data":"Sunder","floor":15.0,"key":"SMITH"},{"data":"Double Energy","floor":23,"key":"SMITH"}],"neow_cost":"NONE","seed_source_timestamp":670164319601554,"circlet_count":0,"master_deck":["AscendersBane","Strike_B+1","Strike_B","Strike_B","Defend_B","Defend_B","Defend_B","Defend_B","Zap","Dualcast","Skim","Recycle+1","Doom and Gloom+1","Hologram","Self Repair","Coolheaded+1","Secret Technique","Heatsinks+1","Sunder+1","All For One","Gash","Steam","Turbo","Core Surge","Double Energy+1","Compile Driver+1","BootSequence","Hologram","Conserve Battery"],"special_seed":0,"relics":["Cracked Core","NeowsBlessing","Potion Belt","Question Card","Frozen Egg 2","Orrery"],"potions_floor_usage":[21],"damage_taken":[{"damage":0.0,"enemies":"Jaw Worm","floor":1.0,"turns":1.0},{"damage":0.0,"enemies":"2 Louse","floor":2.0,"turns":1.0},{"damage":0.0,"enemies":"Gremlin Nob","floor":6.0,"turns":1.0},{"damage":25.0,"enemies":"Lagavulin","floor":8.0,"turns":7.0},{"damage":6.0,"enemies":"Cultist","floor":14.0,"turns":4.0},{"damage":21.0,"enemies":"Slime Boss","floor":16.0,"turns":7.0},{"damage":35,"enemies":"Shell Parasite","floor":18,"turns":5},{"damage":17,"enemies":"Chosen","floor":20,"turns":5},{"damage":0,"enemies":"3 Cultists","floor":21,"turns":4},{"damage":19,"enemies":"Snake Plant","floor":24,"turns":5}],"seed_played":"-223557067735068702","potions_obtained":[{"floor":1.0,"key":"Dexterity Potion"},{"floor":8.0,"key":"Dexterity Potion"},{"floor":14.0,"key":"Poison Potion"},{"floor":18,"key":"SkillPotion"}],"is_trial":false,"path_per_floor":["M","M","$","?","?","E","R","E","T","$","R","?","$","M","R","B",null,"M","?","M","M","$","R","M"],"character_chosen":"DEFECT","items_purchased":["Doom and Gloom","Coolheaded","Secret Technique","Heatsinks+1","Conserve Battery"],"campfire_rested":0,"item_purchase_floors":[3,10,13,13,22],"current_hp_per_floor":[64,64,64,43,48,48,48,23,23,23,23,23,23,24,24,10,60,32,32,22,29,29,29,10],"gold":90,"neow_bonus":"THREE_ENEMY_KILL","is_prod":false,"is_daily":false,"chose_seed":false,"campfire_upgraded":4,"win_rate":0,"timestamp":1551074961,"path_taken":["M","M","$","?","?","E","R","E","T","?","R","?","$","?","R","BOSS","M","?","M","M","$","R","M"],"build_version":"2019-01-23","purchased_purges":2,"victory":false,"max_hp_per_floor":[71,71,71,71,76,76,76,76,76,76,76,76,76,76,76,76,76,76,76,76,76,76,76,76],"card_choices":[{"not_picked":["Compile Driver","Ball Lightning"],"picked":"Skim","floor":1.0},{"not_picked":["Turbo","Stack"],"picked":"Recycle","floor":2.0},{"not_picked":["Recycle","Skim"],"picked":"Hologram","floor":6.0},{"not_picked":["Hologram","Stack"],"picked":"Self Repair","floor":8.0},{"not_picked":["Rebound","Self Repair+1","Sweeping Beam"],"picked":"Sunder","floor":14.0},{"not_picked":["Rainbow","Machine Learning+1","Fission"],"picked":"All For One","floor":16.0},{"not_picked":["Compile Driver","Double Energy","Steam"],"picked":"Gash","floor":17},{"not_picked":["Barrage","Auto Shields","Hologram"],"picked":"Steam","floor":17},{"not_picked":["Steam","Coolheaded","Go for the Eyes"],"picked":"Turbo","floor":17},{"not_picked":["Stack","Gash","Leap"],"picked":"Core Surge","floor":17},{"not_picked":["Ball Lightning","Scrape","Streamline"],"picked":"Double Energy","floor":17},{"not_picked":["Turbo","Beam Cell","Blizzard"],"picked":"Compile Driver+1","floor":18},{"not_picked":["Sunder","Streamline","Chaos"],"picked":"BootSequence","floor":20},{"not_picked":["Machine Learning+1","Doom and Gloom","Tempest"],"picked":"Hologram","floor":21}],"player_experience":992412,"relics_obtained":[{"floor":6.0,"key":"Potion Belt"},{"floor":8.0,"key":"Question Card"},{"floor":9.0,"key":"Frozen Egg 2"}],"event_choices":[{"damage_healed":0.0,"max_hp_gain":0.0,"max_hp_loss":0.0,"gold_gain":0.0,"event_name":"Shining Light","player_choice":"Entered Light","floor":4.0,"gold_loss":0.0,"damage_taken":21.0,"cards_upgraded":["Strike_B","Doom and Gloom"]},{"damage_healed":0.0,"max_hp_gain":5.0,"max_hp_loss":0.0,"gold_gain":0.0,"event_name":"Big Fish","player_choice":"Donut","floor":5.0,"gold_loss":0.0,"damage_taken":0.0},{"damage_healed":0.0,"max_hp_gain":0.0,"max_hp_loss":0.0,"gold_gain":275.0,"event_name":"Golden Shrine","player_choice":"Desecrate","floor":12.0,"gold_loss":0.0,"damage_taken":0.0,"cards_obtained":["Regret"]},{"damage_healed":0,"gold_gain":0,"player_choice":"Ignored","damage_taken":0,"max_hp_gain":0,"max_hp_loss":0,"event_name":"The Mausoleum","floor":19,"gold_loss":0}],"is_beta":false,"boss_relics":[{"not_picked":["Black Star","Tiny House"],"picked":"Orrery"}],"items_purged_floors":[10,13],"is_endless":false,"potions_floor_spawned":[1,8,14,18],"killed_by":"Snake Plant","ascension_level":20}