{"gold_per_floor":[109,184,259,270,283,283,301,311,360,360,205,205,205,215,215,319,319,339,349,172,185,185,185,201,218,218,218,233,248,54,65,65,161,161,181,22,32,46,9,9,23,23,23,23,23,40,54,65,65,65],"floor_reached":51,"playtime":1179,"items_purged":["Strike_B","Decay","Strike_B"],"score":722,"play_id":"a2cb6f4a-fc1c-44f2-b6fe-533ab61f7a84","local_time":"20190618031720","is_ascension_mode":false,"campfire_choices":[{"data":"Loop","floor":6.0,"key":"SMITH"},{"data":"Biased Cognition","floor":10.0,"key":"SMITH"},{"data":"Storm","floor":13.0,"key":"SMITH"},{"data":"Skim","floor":15.0,"key":"SMITH"},{"data":"Turbo","floor":23.0,"key":"SMITH"},{"data":"Storm","floor":27.0,"key":"SMITH"},{"floor":32.0,"key":"REST"},{"floor":40.0,"key":"REST"},{"data":"Storm","floor":42.0,"key":"SMITH"},{"floor":44.0,"key":"REST"},{"floor":49.0,"key":"REST"}],"neow_cost":"NONE","seed_source_timestamp":53377175795572,"circlet_count":0,"master_deck":["Strike_B","Strike_B","Defend_B","Defend_B","Defend_B","Defend_B","Zap","Dualcast","Biased Cognition+1","Loop+1","Skim+1","Turbo+1","Buffer","Storm+1","Hologram","Thunder Strike","Coolheaded","Heatsinks","Loop","Storm+1","Storm+1","Storm+1","Defragment","Creative AI","Hello World+1","Electrodynamics","Self Repair+1","Force Field","Loop","Chill"],"special_seed":0,"relics":["Cracked Core","Vajra","Cursed Key","Membership Card","Runic Pyramid"],"potions_floor_usage":[50,50],"damage_taken":[{"damage":2.0,"enemies":"Small Slimes","floor":1.0,"turns":4.0},{"damage":1.0,"enemies":"2 Louse","floor":4.0,"turns":2.0},{"damage":1.0,"enemies":"Cultist","floor":5.0,"turns":3.0},{"damage":8.0,"enemies":"Red Slaver","floor":7.0,"turns":3.0},{"damage":1.0,"enemies":"3 Louse","floor":8.0,"turns":4.0},{"damage":8.0,"enemies":"Gremlin Gang","floor":14.0,"turns":3.0},{"damage":0.0,"enemies":"Slime Boss","floor":16.0,"turns":6.0},{"damage":18.0,"enemies":"Shell Parasite","floor":18.0,"turns":4.0},{"damage":0.0,"enemies":"Spheric Guardian","floor":19.0,"turns":3.0},{"damage":6.0,"enemies":"3 Cultists","floor":21.0,"turns":4.0},{"damage":8.0,"enemies":"Centurion and Healer","floor":24.0,"turns":4.0},{"damage":10.0,"enemies":"Cultist and Chosen","floor":25.0,"turns":3.0},{"damage":5.0,"enemies":"Shelled Parasite and Fungi","floor":28.0,"turns":2.0},{"damage":0.0,"enemies":"Snecko","floor":29.0,"turns":2.0},{"damage":15.0,"enemies":"Centurion and Healer","floor":31.0,"turns":2.0},{"damage":18.0,"enemies":"Collector","floor":33.0,"turns":3.0},{"damage":28.0,"enemies":"3 Darklings","floor":35.0,"turns":2.0},{"damage":10.0,"enemies":"Orb Walker","floor":37.0,"turns":2.0},{"damage":14.0,"enemies":"Jaw Worm Horde","floor":38.0,"turns":2.0},{"damage":19.0,"enemies":"Maw","floor":41.0,"turns":3.0},{"damage":23.0,"enemies":"Writhing Mass","floor":46.0,"turns":4.0},{"damage":14.0,"enemies":"Jaw Worm Horde","floor":47.0,"turns":2.0},{"damage":0.0,"enemies":"Maw","floor":48.0,"turns":3.0},{"damage":60,"enemies":"Awakened One","floor":50,"turns":5}],"seed_played":"9172218981470814380","potions_obtained":[{"floor":4.0,"key":"SteroidPotion"},{"floor":7.0,"key":"Regen Potion"},{"floor":16.0,"key":"EssenceOfSteel"},{"floor":24.0,"key":"Fire Potion"},{"floor":29.0,"key":"FocusPotion"},{"floor":33.0,"key":"EssenceOfSteel"},{"floor":47.0,"key":"Ancient Potion"}],"is_trial":false,"path_per_floor":["M","?","?","M","M","R","M","M","T","R","$","?","R","M","R","B",null,"M","M","$","M","?","R","M","M","T","R","M","M","$","M","R","B",null,"M","$","M","M","$","R","M","R","T","R","?","M","M","M","R","B",null],"character_chosen":"DEFECT","items_purchased":["Storm","Loop","Membership Card","Electrodynamics","Swift Potion","Loop"],"campfire_rested":4,"item_purchase_floors":[11,20,30,36,36,39],"current_hp_per_floor":[73,62,55,54,53,53,45,44,44,44,44,44,44,36,36,36,75,57,62,62,56,56,56,48,38,38,38,33,33,33,18,40,22,75,47,47,37,23,23,45,36,36,36,58,58,45,31,41,63,3],"gold":65,"neow_bonus":"ONE_RANDOM_RARE_CARD","is_prod":false,"is_daily":false,"chose_seed":false,"campfire_upgraded":7,"win_rate":0,"timestamp":1560799040,"path_taken":["M","?","?","M","?","R","M","M","T","R","?","?","R","?","R","BOSS","M","M","$","?","?","R","M","M","T","R","M","M","$","?","R","BOSS","M","$","M","?","?","R","M","R","T","R","?","M","M","M","R","BOSS"],"build_version":"2019-01-23","purchased_purges":3,"victory":true,"max_hp_per_floor":[75,75,75,75,75,75,75,75,75,75,75,75,75,75,75,75,75,75,75,75,75,75,75,75,75,75,75,75,75,75,75,75,75,75,75,75,75,75,75,75,75,75,75,75,75,75,75,75,75,75],"card_choices":[{"not_picked":["Compile Driver","Leap"],"picked":"Loop","floor":1.0},{"not_picked":["Coolheaded","Leap"],"picked":"Skim","floor":4.0},{"not_picked":["Reprogram","Gash"],"picked":"Turbo","floor":5.0},{"not_picked":["Static Discharge","Genetic Algorithm"],"picked":"Buffer","floor":7.0},{"not_picked":["Gash","Redo","Stack"],"picked":"SKIP","floor":8.0},{"not_picked":["Steam","Hologram","Rebound"],"picked":"SKIP","floor":14.0},{"not_picked":["Steam","Rebound"],"picked":"Hologram","floor":14.0},{"not_picked":["Meteor Strike","Rainbow"],"picked":"Thunder Strike","floor":16.0},{"not_picked":["Hologram+1","Gash"],"picked":"Coolheaded","floor":18.0},{"not_picked":["Sweeping Beam+1","Cold Snap"],"picked":"Heatsinks","floor":19.0},{"not_picked":["Hologram","Doom and Gloom+1","Steam Power"],"picked":"SKIP","floor":21.0},{"not_picked":["Steam Power","Stack","Go for the Eyes"],"picked":"SKIP","floor":24.0},{"not_picked":["Gash","Compile Driver+1"],"picked":"Storm","floor":25.0},{"not_picked":["Heatsinks","Barrage"],"picked":"Storm","floor":28.0},{"not_picked":["Scrape","Turbo"],"picked":"Defragment","floor":29.0},{"not_picked":["FTL","Stack","Multi-Cast"],"picked":"SKIP","floor":31.0},{"not_picked":["Reboot","Amplify"],"picked":"Creative AI","floor":33.0},{"not_picked":["Scrape","Leap+1"],"picked":"Hello World+1","floor":35.0},{"not_picked":["Cold Snap","Compile Driver+1"],"picked":"Self Repair+1","floor":37.0},{"not_picked":["Sweeping Beam","Force Field","Hologram"],"picked":"SKIP","floor":38.0},{"not_picked":["Sweeping Beam","Hologram"],"picked":"Force Field","floor":38.0},{"not_picked":["Melter","Rebound+1","Stack+1"],"picked":"SKIP","floor":41.0},{"not_picked":["Ball Lightning+1","Multi-Cast"],"picked":"Chill","floor":46.0},{"not_picked":["Scrape","Cold Snap+1","Leap+1"],"picked":"SKIP","floor":47.0},{"not_picked":["FTL+1","Barrage","Beam Cell"],"picked":"SKIP","floor":48.0}],"player_experience":5380173,"relics_obtained":[{"floor":9.0,"key":"Vajra"}],"event_choices":[{"damage_healed":0.0,"max_hp_gain":0.0,"max_hp_loss":0.0,"gold_gain":75.0,"event_name":"World of Goop","player_choice":"Gather Gold","floor":2.0,"gold_loss":0.0,"damage_taken":11.0},{"damage_healed":0.0,"max_hp_gain":0.0,"max_hp_loss":0.0,"gold_gain":75.0,"event_name":"FaceTrader","player_choice":"Touch","floor":3.0,"gold_loss":0.0,"damage_taken":7.0},{"damage_healed":0.0,"max_hp_gain":0.0,"max_hp_loss":0.0,"gold_gain":0.0,"event_name":"Wheel of Change","player_choice":"Cursed","floor":12.0,"gold_loss":0.0,"damage_taken":0.0,"cards_obtained":["Decay"]},{"damage_healed":0.0,"max_hp_gain":0.0,"max_hp_loss":0.0,"gold_gain":0.0,"event_name":"Duplicator","player_choice":"Copied","floor":22.0,"gold_loss":0.0,"damage_taken":0.0,"cards_obtained":["Storm"]},{"damage_healed":0.0,"max_hp_gain":0.0,"max_hp_loss":0.0,"gold_gain":0.0,"event_name":"Mysterious Sphere","player_choice":"Ignored","floor":45.0,"gold_loss":0.0,"damage_taken":0.0}],"is_beta":false,"boss_relics":[{"not_picked":["Ectoplasm","White Beast Statue"],"picked":"Cursed Key"},{"not_picked":["Sozu","Empty Cage"],"picked":"Runic Pyramid"}],"items_purged_floors":[11,20,36],"is_endless":false,"potions_floor_spawned":[4,7,16,24,29,33,37,46,47],"ascension_level":0}