{"gold_per_floor":[112,112,262,281,281,281,310,310,310,323,51,66,66,66,66,140,140,158,171,171,187,187,187,203,218,263,275,275,289,289,321,321,398,398,408,425,49,60,60,60,10,10,33,33,61,61,75,86,86,86,86,86,86,36,62,62],"floor_reached":56,"playtime":5468,"items_purged":["Strike_G","Strike_G","Strike_G"],"score":1904,"play_id":"d0494b0e-2394-4f2b-a8e8-ac27fe186dbb","local_time":"20190101190224","is_ascension_mode":true,"campfire_choices":[{"data":"Neutralize","floor":6,"key":"SMITH"},{"data":"Bouncing Flask","floor":8,"key":"SMITH"},{"data":"Well Laid Plans","floor":13,"key":"SMITH"},{"data":"Blur","floor":15,"key":"SMITH"},{"data":"Footwork","floor":23,"key":"SMITH"},{"data":"Wraith Form v2","floor":28,"key":"SMITH"},{"data":"Survivor","floor":30,"key":"SMITH"},{"data":"Defend_G","floor":32,"key":"SMITH"},{"floor":40,"key":"RECALL"},{"data":"Defend_G","floor":42,"key":"SMITH"},{"data":"Defend_G","floor":46,"key":"SMITH"},{"data":"Defend_G","floor":49,"key":"SMITH"},{"data":"Strike_G","floor":53,"key":"SMITH"}],"neow_cost":"NONE","seed_source_timestamp":21128979613303,"circlet_count":0,"master_deck":["AscendersBane","Defend_G+1","Defend_G+1","Defend_G+1","Defend_G+1","Defend_G+1","Strike_G+1","Strike_G","Survivor+1","Neutralize+1","Blur+1","Doubt","Infinite Blades","Decay","Bouncing Flask+1","Corpse Explosion+1","Well Laid Plans+1","Wraith Form v2+1","Footwork+1","Backflip+1","Shame","Backflip+1","Backflip+1","Deadly Poison+1","Doppelganger+1","Leg Sweep+1","Outmaneuver+1","Dodge and Roll+1","PiercingWail+1","Dodge and Roll+1"],"relics":["Ring of the Snake","NeowsBlessing","PreservedInsect","Meat on the Bone","Blue Candle","War Paint","Coffee Dripper","Toxic Egg 2","Potion Belt","Smiling Mask","Runic Pyramid","Gambling Chip","Oddly Smooth Stone","Kunai"],"potions_floor_usage":[21,21,45,56,56,56],"damage_taken":[{"damage":0,"enemies":"Small Slimes","floor":1,"turns":1},{"damage":0,"enemies":"2 Louse","floor":4,"turns":1},{"damage":0,"enemies":"3 Sentries","floor":7,"turns":2},{"damage":0,"enemies":"Cultist","floor":10,"turns":4},{"damage":7,"enemies":"Looter","floor":12,"turns":3},{"damage":33,"enemies":"The Guardian","floor":16,"turns":9},{"damage":14,"enemies":"Shell Parasite","floor":18,"turns":6},{"damage":14,"enemies":"Spheric Guardian","floor":19,"turns":5},{"damage":42,"enemies":"Cultist and Chosen","floor":21,"turns":7},{"damage":6,"enemies":"Shelled Parasite and Fungi","floor":24,"turns":9},{"damage":3,"enemies":"Snecko","floor":25,"turns":8},{"damage":18,"enemies":"Sentry and Sphere","floor":27,"turns":8},{"damage":18,"enemies":"3 Cultists","floor":29,"turns":4},{"damage":11,"enemies":"Gremlin Leader","floor":31,"turns":6},{"damage":7,"enemies":"Automaton","floor":33,"turns":16},{"damage":3,"enemies":"3 Darklings","floor":35,"turns":5},{"damage":21,"enemies":"Orb Walker","floor":36,"turns":4},{"damage":12,"enemies":"Spire Growth","floor":38,"turns":7},{"damage":15,"enemies":"Reptomancer","floor":45,"turns":7},{"damage":2,"enemies":"Jaw Worm Horde","floor":47,"turns":4},{"damage":3,"enemies":"Maw","floor":48,"turns":10},{"damage":7,"enemies":"Awakened One","floor":50,"turns":29},{"damage":15,"enemies":"Time Eater","floor":51,"turns":20},{"damage":44,"enemies":"Shield and Spear","floor":55,"turns":11},{"damage":32,"enemies":"The Heart","floor":56,"turns":18}],"seed_played":"-4231007964658083447","potions_obtained":[{"floor":1,"key":"Poison Potion"},{"floor":10,"key":"AttackPotion"},{"floor":21,"key":"Strength Potion"},{"floor":33,"key":"PowerPotion"},{"floor":36,"key":"Poison Potion"},{"floor":45,"key":"Weak Potion"},{"floor":47,"key":"GamblersBrew"},{"floor":48,"key":"Fire Potion"}],"is_trial":false,"path_per_floor":["M","?","?","M","?","R","E","R","T","M","$","M","R","?","R","B",null,"M","M","?","M","?","R","M","M","T","M","R","M","R","E","R","B",null,"M","M","$","M","?","R","$","R","T","$","E","R","M","M","R","B","B",null,"R","$","E","B"],"character_chosen":"THE_SILENT","items_purchased":["Blue Candle","Gambling Chip"],"campfire_rested":0,"item_purchase_floors":[11,37],"current_hp_per_floor":[59,64,64,64,64,64,64,64,64,64,64,57,57,46,46,25,60,46,44,44,14,14,14,20,29,29,23,23,17,17,18,18,23,59,56,47,47,47,43,43,43,43,43,43,40,40,38,47,47,40,37,63,63,63,31,0],"gold":62,"neow_bonus":"THREE_ENEMY_KILL","is_prod":false,"is_daily":false,"chose_seed":false,"campfire_upgraded":12,"win_rate":0,"timestamp":1546340544,"path_taken":["M","?","?","M","?","R","E","R","T","?","$","M","R","?","R","BOSS","M","M","?","M","?","R","M","M","T","M","R","M","R","E","R","BOSS","M","M","$","M","?","R","?","R","T","$","E","R","?","M","R","BOSS","BOSS","R","$","E","BOSS"],"build_version":"2018-12-20","purchased_purges":3,"victory":false,"max_hp_per_floor":[66,71,71,71,71,71,71,71,71,71,71,71,71,71,71,71,71,71,71,71,71,71,71,71,71,71,71,71,71,71,71,71,71,71,71,71,71,71,71,71,71,71,71,71,71,71,71,71,71,71,71,71,71,71,71,71],"card_choices":[{"not_picked":["All Out Attack","Blade Dance"],"picked":"Blur","floor":1},{"not_picked":["Prepared","PiercingWail"],"picked":"Infinite Blades","floor":4},{"not_picked":["Outmaneuver","Dodge and Roll"],"picked":"Bouncing Flask","floor":7},{"not_picked":["Dagger Spray","Leg Sweep"],"picked":"Corpse Explosion","floor":10},{"not_picked":["Setup","Outmaneuver"],"picked":"Well Laid Plans","floor":12},{"not_picked":["Die Die Die","Bullet Time"],"picked":"Wraith Form v2","floor":16},{"not_picked":["Distraction","Choke"],"picked":"Footwork","floor":18},{"not_picked":["Flechettes","Dagger Spray","Endless Agony"],"picked":"SKIP","floor":19},{"not_picked":["Bouncing Flask","Dagger Throw"],"picked":"Backflip+1","floor":21},{"not_picked":["Dash","PiercingWail+1"],"picked":"Backflip+1","floor":24},{"not_picked":["Outmaneuver+1","Cloak And Dagger+1"],"picked":"Backflip+1","floor":25},{"not_picked":["Storm of Steel+1","Acrobatics+1"],"picked":"Deadly Poison+1","floor":27},{"not_picked":["Dash+1","Flechettes","Quick Slash"],"picked":"SKIP","floor":29},{"not_picked":["Sucker Punch","Poisoned Stab+1","Flechettes+1"],"picked":"SKIP","floor":31},{"not_picked":["A Thousand Cuts","Corpse Explosion+1"],"picked":"Doppelganger+1","floor":33},{"not_picked":["Acrobatics+1","Predator+1"],"picked":"Leg Sweep+1","floor":35},{"not_picked":["Blur+1","Distraction+1"],"picked":"Outmaneuver+1","floor":36},{"not_picked":["Blade Dance+1","Predator"],"picked":"Dodge and Roll+1","floor":38},{"not_picked":["All Out Attack","Deadly Poison+1"],"picked":"PiercingWail+1","floor":45},{"not_picked":["Quick Slash+1","Flying Knee+1","A Thousand Cuts"],"picked":"SKIP","floor":47},{"not_picked":["Slice","Cloak And Dagger+1"],"picked":"Dodge and Roll+1","floor":48},{"not_picked":["Quick Slash","Dodge and Roll+1","Dagger Throw"],"picked":"SKIP","floor":55}],"player_experience":1648094,"relics_obtained":[{"floor":7,"key":"PreservedInsect"},{"floor":9,"key":"Meat on the Bone"},{"floor":26,"key":"Potion Belt"},{"floor":31,"key":"Smiling Mask"},{"floor":45,"key":"Oddly Smooth Stone"},{"floor":55,"key":"Kunai"}],"event_choices":[{"damage_healed":0,"gold_gain":0,"player_choice":"Donut","damage_taken":0,"max_hp_gain":5,"max_hp_loss":0,"event_name":"Big Fish","floor":2,"gold_loss":0},{"damage_healed":0,"gold_gain":150,"player_choice":"AGREE","damage_taken":0,"max_hp_gain":0,"max_hp_loss":0,"event_name":"Liars Game","floor":3,"gold_loss":0,"cards_obtained":["Doubt"]},{"damage_healed":0,"gold_gain":0,"player_choice":"Cursed","damage_taken":0,"max_hp_gain":0,"max_hp_loss":0,"event_name":"Wheel of Change","floor":5,"gold_loss":0,"cards_obtained":["Decay"]},{"damage_healed":0,"gold_gain":0,"player_choice":"Success","damage_taken":11,"relics_obtained":["War Paint"],"max_hp_gain":0,"max_hp_loss":0,"event_name":"Scrap Ooze","floor":14,"gold_loss":0},{"damage_healed":0,"gold_gain":0,"player_choice":"Ignored","damage_taken":0,"max_hp_gain":0,"max_hp_loss":0,"event_name":"Vampires","floor":20,"gold_loss":0},{"damage_healed":0,"gold_gain":0,"player_choice":"Stole Relic","damage_taken":0,"relics_obtained":["Toxic Egg 2"],"max_hp_gain":0,"max_hp_loss":0,"event_name":"Addict","floor":22,"gold_loss":0,"cards_obtained":["Shame"]},{"damage_healed":0,"gold_gain":0,"player_choice":"Bought 0 Potions","damage_taken":0,"max_hp_gain":0,"max_hp_loss":0,"event_name":"The Woman in Blue","floor":39,"gold_loss":0}],"is_beta":false,"boss_relics":[{"not_picked":["Black Star","Cursed Key"],"picked":"Coffee Dripper"},{"not_picked":["Philosopher\u0027s Stone","White Beast Statue"],"picked":"Runic Pyramid"}],"items_purged_floors":[37,41,54],"is_endless":false,"potions_floor_spawned":[1,10,16,18,21,33,36,45,47,48],"killed_by":"The Heart","ascension_level":20}