{"gold_per_floor":[115,13,88,103,114,114,125,125,125,125,153,168,195,165,165,239,239,250,267,192,92,109,136,136,171,171,205,255,255,255,268,268,347,347,357,23,34,34,54,54,54,54,54,54,54,54,64,82,82,82,82,82,82,27,55,55],"floor_reached":56,"playtime":3078,"items_purged":["Strike_B","Strike_B"],"score":2376,"play_id":"8f578608-54d7-4bdc-8c97-15fa250c2f82","local_time":"20190222110121","is_ascension_mode":true,"campfire_choices":[{"data":"Consume","floor":6.0,"key":"SMITH"},{"data":"Loop","floor":8.0,"key":"SMITH"},{"data":"Discovery","floor":10.0,"key":"SMITH"},{"data":"Darkness","floor":15.0,"key":"SMITH"},{"data":"Capacitor","floor":30.0,"key":"SMITH"},{"data":"Loop","floor":32.0,"key":"SMITH"},{"data":"Reinforced Body","floor":40.0,"key":"SMITH"},{"data":"Rainbow","floor":44.0,"key":"SMITH"},{"floor":46.0,"key":"RECALL"},{"data":"Dualcast","floor":49.0,"key":"SMITH"},{"data":"Amplify","floor":53.0,"key":"SMITH"}],"neow_cost":"NONE","seed_source_timestamp":0,"circlet_count":0,"master_deck":["AscendersBane","Strike_B","Defend_B","Defend_B","Defend_B","Defend_B","Zap","Dualcast+1","Rainbow+1","Reinforced Body+1","Discovery+1","Consume+1","Loop+1","White Noise","Reboot","Darkness+1","Undo","Electrodynamics","Glacier","Consume+1","Ghostly","Ghostly","Ghostly","Capacitor+1","Loop+1","Amplify+1","Undo+1","Hologram+1","Tempest+1","Finesse","Redo+1"],"special_seed":0,"relics":["Cracked Core","Prayer Wheel","Thread and Needle","Pantograph","Runic Dome","Omamori","Kunai","Dodecahedron","StoneCalendar","Cursed Key","FossilizedHelix","Boot"],"potions_floor_usage":[55,56],"damage_taken":[{"damage":0.0,"enemies":"Cultist","floor":1.0,"turns":4.0},{"damage":0.0,"enemies":"Small Slimes","floor":4.0,"turns":3.0},{"damage":0.0,"enemies":"2 Louse","floor":5.0,"turns":2.0},{"damage":0.0,"enemies":"Large Slime","floor":7.0,"turns":5.0},{"damage":33.0,"enemies":"Gremlin Nob","floor":11.0,"turns":6.0},{"damage":11.0,"enemies":"Lots of Slimes","floor":12.0,"turns":4.0},{"damage":0.0,"enemies":"Lagavulin","floor":13.0,"turns":7.0},{"damage":27.0,"enemies":"Slime Boss","floor":16.0,"turns":7.0},{"damage":0.0,"enemies":"Spheric Guardian","floor":18.0,"turns":3.0},{"damage":4.0,"enemies":"Shell Parasite","floor":19.0,"turns":4.0},{"damage":1.0,"enemies":"Snake Plant","floor":22.0,"turns":4.0},{"damage":18.0,"enemies":"Gremlin Leader","floor":23.0,"turns":6.0},{"damage":0.0,"enemies":"Slavers","floor":25.0,"turns":4.0},{"damage":0.0,"enemies":"Book of Stabbing","floor":27.0,"turns":7.0},{"damage":16.0,"enemies":"3 Cultists","floor":31.0,"turns":5.0},{"damage":0.0,"enemies":"Collector","floor":33.0,"turns":7.0},{"damage":0.0,"enemies":"Orb Walker","floor":35.0,"turns":3.0},{"damage":0.0,"enemies":"3 Shapes","floor":37.0,"turns":4.0},{"damage":0.0,"enemies":"Spire Growth","floor":39.0,"turns":5.0},{"damage":0.0,"enemies":"Transient","floor":47.0,"turns":6.0},{"damage":0.0,"enemies":"Jaw Worm Horde","floor":48.0,"turns":5.0},{"damage":0.0,"enemies":"Awakened One","floor":50.0,"turns":12.0},{"damage":0.0,"enemies":"Time Eater","floor":51.0,"turns":10.0},{"damage":16,"enemies":"Shield and Spear","floor":55,"turns":10},{"damage":51,"enemies":"The Heart","floor":56,"turns":3}],"seed_played":"2407104981442662434","potions_obtained":[{"floor":1.0,"key":"Swift Potion"},{"floor":4.0,"key":"Strength Potion"},{"floor":11.0,"key":"PowerPotion"},{"floor":14.0,"key":"Block Potion"},{"floor":14.0,"key":"Energy Potion"},{"floor":25.0,"key":"Explosive Potion"},{"floor":37.0,"key":"PowerPotion"},{"floor":48.0,"key":"Fire Potion"}],"is_trial":false,"path_per_floor":["M","$","?","M","M","R","M","R","T","R","E","M","E","?","R","B",null,"M","M","$","$","M","E","?","E","T","E","?","?","R","M","R","B",null,"M","$","M","?","M","R","?","$","T","R","?","R","M","M","R","B","B",null,"R","$","E","B"],"character_chosen":"DEFECT","items_purchased":["Discovery","FossilizedHelix","Weak Potion"],"campfire_rested":0,"item_purchase_floors":[2,36,54],"current_hp_per_floor":[64,64,53,53,53,53,53,53,53,53,20,9,9,9,9,7,55,55,51,51,51,50,32,32,32,32,32,32,32,32,16,16,35,35,35,35,35,35,35,35,35,35,35,35,35,35,35,35,35,35,35,35,35,35,19,0],"gold":55,"neow_bonus":"ONE_RANDOM_RARE_CARD","is_prod":false,"is_daily":false,"chose_seed":false,"campfire_upgraded":10,"win_rate":0,"timestamp":1550804481,"path_taken":["M","$","?","M","M","R","M","R","T","R","E","M","E","?","R","BOSS","M","M","$","?","M","E","?","E","T","E","?","?","R","M","R","BOSS","M","$","?","?","?","R","?","$","T","R","?","R","M","M","R","BOSS","BOSS","R","$","E","BOSS"],"build_version":"2019-01-23","purchased_purges":2,"victory":false,"max_hp_per_floor":[71,71,71,71,71,71,71,71,71,71,71,71,71,71,71,71,71,71,71,71,71,71,71,35,35,35,35,35,35,35,35,35,35,35,35,35,35,35,35,35,35,35,35,35,35,35,35,35,35,35,35,35,35,35,35,35],"card_choices":[{"not_picked":["Barrage","Conserve Battery"],"picked":"Reinforced Body","floor":1.0},{"not_picked":["Reinforced Body","Rebound"],"picked":"Consume","floor":4.0},{"not_picked":["Steam","Leap"],"picked":"Loop","floor":5.0},{"not_picked":["BootSequence","Melter"],"picked":"White Noise","floor":7.0},{"not_picked":["Conserve Battery","Lockon"],"picked":"Reboot","floor":11.0},{"not_picked":["Ball Lightning","Hologram"],"picked":"Darkness","floor":12.0},{"not_picked":["Conserve Battery","Hello World","Stack"],"picked":"SKIP","floor":12.0},{"not_picked":["Heatsinks","Skim"],"picked":"Undo","floor":13.0},{"not_picked":["Hyperbeam","Seek"],"picked":"Electrodynamics","floor":16.0},{"not_picked":["Reinforced Body","Force Field+1"],"picked":"Glacier","floor":18.0},{"not_picked":["Ball Lightning","Coolheaded","Conserve Battery"],"picked":"SKIP","floor":18.0},{"not_picked":["Lockon","Leap","Stack"],"picked":"SKIP","floor":19.0},{"not_picked":["Sunder+1","Sweeping Beam","Reprogram"],"picked":"SKIP","floor":19.0},{"not_picked":["Genetic Algorithm","Rip and Tear","Conserve Battery"],"picked":"SKIP","floor":22.0},{"not_picked":["Beam Cell","Turbo","Leap"],"picked":"SKIP","floor":22.0},{"not_picked":["Thunder Strike","FTL"],"picked":"Consume+1","floor":23.0},{"not_picked":["Tempest","Hologram","Stack"],"picked":"SKIP","floor":25.0},{"not_picked":["Beam Cell","Cold Snap"],"picked":"Capacitor","floor":27.0},{"not_picked":["Steam","Compile Driver"],"picked":"Loop","floor":31.0},{"not_picked":["Beam Cell","Doom and Gloom","Steam Power"],"picked":"SKIP","floor":31.0},{"not_picked":["Core Surge","Rainbow"],"picked":"Amplify","floor":33.0},{"not_picked":["Streamline","Gash"],"picked":"Undo+1","floor":35.0},{"not_picked":["Redo","Beam Cell+1","Barrage+1"],"picked":"SKIP","floor":35.0},{"not_picked":["Stack","Undo"],"picked":"Hologram+1","floor":37.0},{"not_picked":["Rebound+1","Consume","Darkness+1"],"picked":"SKIP","floor":37.0},{"not_picked":["Chaos","Sweeping Beam"],"picked":"Tempest+1","floor":39.0},{"not_picked":["Conserve Battery","Rebound","Beam Cell"],"picked":"SKIP","floor":39.0},{"not_picked":["Deep Breath","Bandage Up"],"picked":"Finesse","floor":41.0},{"not_picked":["Aggregate","Sweeping Beam","Reprogram"],"picked":"SKIP","floor":47.0},{"not_picked":["Hologram+1","Ball Lightning+1","Cold Snap"],"picked":"SKIP","floor":47.0},{"not_picked":["Beam Cell","Conserve Battery","Hyperbeam"],"picked":"SKIP","floor":48.0},{"not_picked":["Coolheaded","Conserve Battery+1","Turbo"],"picked":"SKIP","floor":48.0},{"not_picked":["Coolheaded","Glacier"],"picked":"Redo+1","floor":55}],"player_experience":3025143,"relics_obtained":[{"floor":9.0,"key":"Prayer Wheel"},{"floor":11.0,"key":"Thread and Needle"},{"floor":13.0,"key":"Pantograph"},{"floor":23.0,"key":"Omamori"},{"floor":25.0,"key":"Kunai"},{"floor":26.0,"key":"Dodecahedron"},{"floor":27.0,"key":"StoneCalendar"},{"floor":55,"key":"Boot"}],"event_choices":[{"damage_healed":0.0,"max_hp_gain":0.0,"max_hp_loss":0.0,"gold_gain":75.0,"event_name":"World of Goop","player_choice":"Gather Gold","floor":3.0,"gold_loss":0.0,"damage_taken":11.0},{"damage_healed":0.0,"max_hp_gain":0.0,"max_hp_loss":0.0,"gold_gain":0.0,"event_name":"The Woman in Blue","player_choice":"Bought 2 Potions","floor":14.0,"gold_loss":0.0,"damage_taken":0.0},{"damage_healed":0.0,"max_hp_gain":0.0,"max_hp_loss":36.0,"gold_gain":0.0,"event_name":"Ghosts","player_choice":"Became a Ghost","floor":24.0,"gold_loss":0.0,"damage_taken":0.0,"cards_obtained":["Ghostly","Ghostly","Ghostly"]},{"damage_healed":0.0,"max_hp_gain":0.0,"max_hp_loss":0.0,"gold_gain":50.0,"event_name":"Nest","player_choice":"Stole From Cult","floor":28.0,"gold_loss":0.0,"damage_taken":0.0},{"damage_healed":0.0,"max_hp_gain":0.0,"max_hp_loss":0.0,"gold_gain":0.0,"event_name":"Match and Keep!","player_choice":"0 cards matched","floor":29.0,"gold_loss":0.0,"damage_taken":0.0,"cards_obtained":[]},{"cards_removed":["Strike_B"],"damage_healed":0.0,"max_hp_gain":0.0,"max_hp_loss":0.0,"gold_gain":0.0,"event_name":"Purifier","player_choice":"Purged","floor":38.0,"gold_loss":0.0,"damage_taken":0.0},{"damage_healed":0.0,"max_hp_gain":0.0,"max_hp_loss":0.0,"gold_gain":0.0,"event_name":"SensoryStone","player_choice":"Memory 1","floor":41.0,"gold_loss":0.0,"damage_taken":0.0},{"damage_healed":0.0,"max_hp_gain":0.0,"max_hp_loss":0.0,"gold_gain":0.0,"event_name":"Mysterious Sphere","player_choice":"Ignored","floor":45.0,"gold_loss":0.0,"damage_taken":0.0}],"is_beta":false,"boss_relics":[{"not_picked":["Ectoplasm","Pandora\u0027s Box"],"picked":"Runic Dome"},{"not_picked":["Philosopher\u0027s Stone","FrozenCore"],"picked":"Cursed Key"}],"items_purged_floors":[20,21],"is_endless":false,"potions_floor_spawned":[1,4,11,19,25,37,48],"killed_by":"The Heart","ascension_level":20}