{"gold_per_floor":[116,116,131,131,143,143,143,143,143,143],"floor_reached":10,"playtime":222,"items_purged":[],"score":112,"play_id":"0a556af2-8788-4be1-a8bd-7bf182983e39","local_time":"20190213210552","is_ascension_mode":true,"campfire_choices":[{"data":"Neutralize","floor":6,"key":"SMITH"},{"data":"Tactician","floor":8,"key":"SMITH"}],"neow_cost":"CURSE","seed_source_timestamp":47095981765925,"circlet_count":0,"master_deck":["AscendersBane","Defend_G+1","Defend_G","Defend_G","Defend_G+1","Defend_G","Strike_G","Strike_G","Strike_G","Strike_G","Survivor","Neutralize+1","Clumsy","Burst","Tactician+1"],"relics":["Ring of the Snake","Shuriken"],"potions_floor_usage":[],"damage_taken":[{"damage":0,"enemies":"2 Louse","floor":1,"turns":4},{"damage":14,"enemies":"Jaw Worm","floor":3,"turns":8},{"damage":6,"enemies":"Small Slimes","floor":5,"turns":5},{"damage":15,"enemies":"The Mushroom Lair","floor":10,"turns":3}],"seed_played":"-1244939455339320952","potions_obtained":[],"is_trial":false,"path_per_floor":["M","?","M","?","M","R","?","R","T","?"],"character_chosen":"THE_SILENT","items_purchased":[],"campfire_rested":0,"item_purchase_floors":[],"current_hp_per_floor":[59,59,45,38,32,32,12,12,12,0],"gold":143,"neow_bonus":"THREE_RARE_CARDS","is_prod":false,"is_daily":false,"chose_seed":false,"campfire_upgraded":2,"win_rate":0,"timestamp":1550063152,"path_taken":["M","?","M","?","M","R","?","R","T","?"],"build_version":"2019-01-23","purchased_purges":0,"victory":false,"max_hp_per_floor":[66,66,66,66,66,66,66,66,66,66],"card_choices":[{"not_picked":["Envenom","Unload"],"picked":"Burst","floor":0},{"not_picked":["Underhanded Strike","Setup","Riddle With Holes"],"picked":"SKIP","floor":1},{"not_picked":["Quick Slash","Setup"],"picked":"Tactician","floor":3},{"not_picked":["Deflect","All Out Attack","Heel Hook"],"picked":"SKIP","floor":5}],"player_experience":2698929,"relics_obtained":[{"floor":9,"key":"Shuriken"}],"event_choices":[{"damage_healed":0,"gold_gain":0,"player_choice":"Ignored","damage_taken":0,"max_hp_gain":0,"max_hp_loss":0,"event_name":"Liars Game","floor":2,"gold_loss":0},{"cards_removed":["Strike_G"],"damage_healed":0,"gold_gain":0,"player_choice":"Card Removal","damage_taken":7,"max_hp_gain":0,"max_hp_loss":0,"event_name":"Golden Wing","floor":4,"gold_loss":0},{"damage_healed":0,"gold_gain":0,"player_choice":"Entered Light","damage_taken":20,"max_hp_gain":0,"max_hp_loss":0,"event_name":"Shining Light","floor":7,"gold_loss":0,"cards_upgraded":["Defend_G","Defend_G"]},{"damage_healed":0,"gold_gain":0,"player_choice":"Fought Mushrooms","damage_taken":0,"max_hp_gain":0,"max_hp_loss":0,"event_name":"Mushrooms","floor":10,"gold_loss":0}],"is_beta":false,"boss_relics":[],"items_purged_floors":[],"is_endless":false,"potions_floor_spawned":[],"killed_by":"The Mushroom Lair","ascension_level":20}