{"gold_per_floor":[359,76,90,40,58,58,71,71,97,97,97,112,137,156,156,280,280,299,236,151,151,166,166,291,175,175,175,194,215,127,52,52,181,181,195,95,111,130,130,130,463,463,463,350,260,135,147,160,160,160],"floor_reached":51,"playtime":1165,"items_purged":["Strike_B","Strike_B","Strike_B","Defend_B","Defend_B","Cold Snap","Cold Snap","Zap+1"],"score":687,"play_id":"f83436cf-5a6f-431c-8380-4f128fc86158","local_time":"20190612144548","is_ascension_mode":false,"campfire_choices":[{"data":"Blizzard","floor":6.0,"key":"SMITH"},{"data":"Dualcast","floor":8.0,"key":"SMITH"},{"data":"Zap","floor":10.0,"key":"SMITH"},{"data":"Darkness","floor":15.0,"key":"SMITH"},{"data":"Consume","floor":23.0,"key":"SMITH"},{"data":"Capacitor","floor":27.0,"key":"SMITH"},{"data":"Loop","floor":32.0,"key":"SMITH"},{"data":"Redo","floor":40,"key":"SMITH"},{"data":"Multi-Cast","floor":49,"key":"SMITH"}],"neow_cost":"PERCENT_DAMAGE","seed_source_timestamp":14825796597375,"circlet_count":0,"master_deck":["Dualcast+1","Chill","Hologram+1","Hologram","Darkness+1","Loop+1","Electrodynamics","Turbo","Consume+1","Glacier+1","Capacitor+1","Redo+1","Multi-Cast+1"],"special_seed":0,"relics":["Cracked Core","Membership Card","Potion Belt","Runic Pyramid","Happy Flower","WingedGreaves","Pantograph","Darkstone Periapt","Velvet Choker","Bird Faced Urn","Omamori"],"potions_floor_usage":[50,50,50],"damage_taken":[{"damage":1.0,"enemies":"Cultist","floor":1.0,"turns":3.0},{"damage":2.0,"enemies":"2 Louse","floor":3.0,"turns":2.0},{"damage":0.0,"enemies":"Small Slimes","floor":5.0,"turns":3.0},{"damage":0.0,"enemies":"Blue Slaver","floor":7.0,"turns":4.0},{"damage":0.0,"enemies":"Looter","floor":12.0,"turns":3.0},{"damage":0.0,"enemies":"3 Louse","floor":13.0,"turns":2.0},{"damage":0.0,"enemies":"2 Fungi Beasts","floor":14.0,"turns":3.0},{"damage":23.0,"enemies":"Slime Boss","floor":16.0,"turns":6.0},{"damage":2.0,"enemies":"Shell Parasite","floor":18.0,"turns":7.0},{"damage":0.0,"enemies":"Spheric Guardian","floor":22.0,"turns":3.0},{"damage":22.0,"enemies":"Colosseum Slavers","floor":24.0,"turns":3.0},{"damage":26.0,"enemies":"Colosseum Nobs","floor":24.0,"turns":3.0},{"damage":0.0,"enemies":"Snake Plant","floor":28.0,"turns":2.0},{"damage":5.0,"enemies":"3 Cultists","floor":29.0,"turns":5.0},{"damage":11.0,"enemies":"Automaton","floor":33.0,"turns":6.0},{"damage":0.0,"enemies":"Orb Walker","floor":35.0,"turns":2.0},{"damage":0,"enemies":"3 Shapes","floor":37,"turns":2},{"damage":1,"enemies":"Writhing Mass","floor":38,"turns":5},{"damage":0,"enemies":"Sphere and 2 Shapes","floor":47,"turns":6},{"damage":0,"enemies":"Maw","floor":48,"turns":4},{"damage":44,"enemies":"Awakened One","floor":50,"turns":7}],"seed_played":"2655521169911877711","potions_obtained":[{"floor":5.0,"key":"SteroidPotion"},{"floor":13.0,"key":"Fire Potion"},{"floor":14.0,"key":"Regen Potion"},{"floor":16.0,"key":"SkillPotion"},{"floor":18.0,"key":"EssenceOfSteel"},{"floor":24.0,"key":"SpeedPotion"},{"floor":29.0,"key":"PowerPotion"},{"floor":33.0,"key":"Ancient Potion"},{"floor":35.0,"key":"Energy Potion"},{"floor":37,"key":"Energy Potion"}],"is_trial":false,"path_per_floor":["M","$","M","$","M","R","M","R","T","R","?","M","M","M","R","B",null,"M","$","?","?","M","R","?","$","T","R","M","M","$","?","R","B",null,"M","$","M","M","?","R","?","T","T","$","?","$","M","M","R","B",null],"character_chosen":"DEFECT","items_purchased":["Membership Card","Blizzard","Capacitor"],"campfire_rested":0,"item_purchase_floors":[2,2,25],"current_hp_per_floor":[53,53,51,51,51,51,51,51,51,51,33,33,33,33,33,10,75,73,73,73,73,73,73,34,34,34,34,34,29,29,29,29,43,75,75,75,75,74,74,74,74,74,74,74,74,74,75,75,75,35],"gold":160,"neow_bonus":"TWO_FIFTY_GOLD","is_prod":false,"is_daily":false,"chose_seed":false,"campfire_upgraded":9,"win_rate":0,"timestamp":1560321948,"path_taken":["M","$","M","$","M","R","?","R","T","R","?","M","M","M","R","BOSS","M","$","?","?","M","R","?","$","T","R","M","M","?","?","R","BOSS","M","$","M","M","?","R","?","?","T","$","?","$","?","M","R","BOSS"],"build_version":"2019-01-23","purchased_purges":8,"victory":true,"max_hp_per_floor":[75,75,75,75,75,75,75,75,75,75,75,75,75,75,75,75,75,75,75,75,75,75,75,75,75,75,75,75,75,75,75,75,75,75,75,75,75,75,75,75,75,75,75,75,75,75,75,75,75,75],"card_choices":[{"not_picked":["Streamline","Static Discharge"],"picked":"Cold Snap","floor":1.0},{"not_picked":["Beam Cell","Undo"],"picked":"Chill","floor":3.0},{"not_picked":["Redo","Steam"],"picked":"Hologram","floor":5.0},{"not_picked":["Sweeping Beam","Compile Driver"],"picked":"Hologram","floor":7.0},{"not_picked":["Turbo","Chill"],"picked":"Darkness","floor":12.0},{"not_picked":["Reinforced Body","Aggregate"],"picked":"Loop","floor":13.0},{"not_picked":["Steam Power","Gash"],"picked":"Cold Snap","floor":14.0},{"not_picked":["Creative AI","Thunder Strike"],"picked":"Electrodynamics","floor":16.0},{"not_picked":["Steam","Rebound","Stack+1"],"picked":"SKIP","floor":18.0},{"not_picked":["Go for the Eyes","Beam Cell"],"picked":"Consume","floor":22.0},{"not_picked":["Gash+1","Streamline"],"picked":"Glacier+1","floor":24.0},{"not_picked":["Melter","Static Discharge"],"picked":"Redo","floor":28.0},{"not_picked":["Compile Driver","Beam Cell","Fusion"],"picked":"SKIP","floor":29.0},{"not_picked":["Amplify","Rainbow"],"picked":"Multi-Cast","floor":33.0},{"not_picked":["Compile Driver","Doom and Gloom","Redo"],"picked":"SKIP","floor":35.0},{"not_picked":["Static Discharge+1","Go for the Eyes","Steam"],"picked":"SKIP","floor":37},{"not_picked":["Go for the Eyes+1","Conserve Battery","FTL+1"],"picked":"SKIP","floor":38},{"not_picked":["Recycle+1","Ball Lightning","Streamline+1"],"picked":"SKIP","floor":47},{"not_picked":["Rebound+1","Storm+1","Compile Driver+1"],"picked":"SKIP","floor":48}],"player_experience":5100631,"relics_obtained":[{"floor":9.0,"key":"Potion Belt"},{"floor":24.0,"key":"WingedGreaves"},{"floor":24.0,"key":"Pantograph"},{"floor":26.0,"key":"Darkstone Periapt"},{"floor":42,"key":"Bird Faced Urn"},{"floor":43,"key":"Omamori"}],"event_choices":[{"damage_healed":0.0,"max_hp_gain":0.0,"max_hp_loss":0.0,"gold_gain":0.0,"event_name":"Golden Idol","player_choice":"Take Damage","floor":11.0,"gold_loss":0.0,"damage_taken":18.0,"relics_obtained":["Golden Idol"]},{"damage_healed":0.0,"max_hp_gain":0.0,"max_hp_loss":0.0,"gold_gain":0.0,"event_name":"Addict","player_choice":"Obtained Relic","floor":20.0,"gold_loss":85.0,"damage_taken":0.0,"relics_obtained":["Happy Flower"]},{"damage_healed":0.0,"max_hp_gain":0.0,"max_hp_loss":0.0,"gold_gain":0.0,"cards_transformed":["Strike_B","Defend_B"],"event_name":"Drug Dealer","player_choice":"Became Test Subject","floor":21.0,"gold_loss":0.0,"damage_taken":0.0,"cards_obtained":["Cold Snap","Turbo"]},{"damage_healed":0.0,"max_hp_gain":0.0,"max_hp_loss":0.0,"gold_gain":0.0,"event_name":"Colosseum","player_choice":"Fight","floor":24.0,"gold_loss":0.0,"damage_taken":0.0},{"damage_healed":0.0,"max_hp_gain":0.0,"max_hp_loss":0.0,"gold_gain":0.0,"event_name":"Colosseum","player_choice":"Fought Nobs","floor":24.0,"gold_loss":0.0,"damage_taken":0.0},{"cards_removed":["Defend_B"],"damage_healed":0.0,"max_hp_gain":0.0,"max_hp_loss":0.0,"gold_gain":0.0,"event_name":"Beggar","player_choice":"Gave Gold","floor":31.0,"gold_loss":75.0,"damage_taken":0.0},{"cards_removed":["Cold Snap"],"damage_healed":0,"gold_gain":0,"player_choice":"Removed Attack","damage_taken":0,"max_hp_gain":0,"max_hp_loss":0,"event_name":"Falling","floor":39,"gold_loss":0},{"damage_healed":0,"gold_gain":333,"player_choice":"Gave Idol","damage_taken":0,"max_hp_gain":0,"max_hp_loss":0,"event_name":"The Moai Head","floor":41,"relics_lost":["Golden Idol"],"gold_loss":0},{"cards_removed":["Blizzard"],"damage_healed":0,"gold_gain":0,"player_choice":"Upgrade and Remove","damage_taken":0,"max_hp_gain":0,"max_hp_loss":0,"event_name":"Designer","floor":45,"gold_loss":90,"cards_upgraded":["Hologram"]}],"is_beta":false,"boss_relics":[{"not_picked":["Sozu","Orrery"],"picked":"Runic Pyramid"},{"not_picked":["Lizard Tail","Empty Cage"],"picked":"Velvet Choker"}],"items_purged_floors":[2,4,19,25,30,36,44,46],"is_endless":false,"potions_floor_spawned":[5,13,14,16,18,24,29,33,35,37,38,47],"ascension_level":0}