{"gold_per_floor":[109,34,34,34,51,51,80,108,108,108,126,126,141,72,72,150,150,161,10,10,38,38,38,67,67,67,67,85,85,85,95,95,168,168,183,183,83,103,119,119,136,136,136,11,36,36,36,70,70,70,70,70,70,70,96,96],"floor_reached":57,"playtime":2042,"items_purged":["Flechettes","Distraction","Writhe"],"score":2869,"play_id":"731e02b3-064a-4965-9553-71b3561061b1","local_time":"20190107215359","is_ascension_mode":true,"campfire_choices":[{"data":"Neutralize","floor":6.0,"key":"SMITH"},{"data":"Catalyst","floor":10.0,"key":"SMITH"},{"data":"Deadly Poison","floor":15.0,"key":"SMITH"},{"data":"Catalyst","floor":23.0,"key":"SMITH"},{"data":"Burst","floor":25.0,"key":"SMITH"},{"data":"Corpse Explosion","floor":32.0,"key":"SMITH"},{"data":"Burst","floor":40.0,"key":"SMITH"},{"data":"Venomology","floor":42.0,"key":"SMITH"},{"data":"Caltrops","floor":47.0,"key":"SMITH"},{"floor":49.0,"key":"RECALL"},{"data":"Crippling Poison","floor":53.0,"key":"SMITH"}],"neow_cost":"NONE","seed_source_timestamp":33669948451341,"circlet_count":0,"master_deck":["AscendersBane","Survivor","Neutralize+1","Catalyst+1","Deadly Poison+1","Burst+1","Venomology+1","Caltrops+1","Die Die Die","Corpse Explosion+1","After Image","Venomology+1","Catalyst+1","Leg Sweep","Crippling Poison+1","Burst+1","Backflip","Backflip","Night Terror"],"special_seed":0,"relics":["Ring of the Snake","NeowsBlessing","Blood Vial","Anchor","Odd Mushroom","Pandora\u0027s Box","Red Mask","Art of War","Sundial","Cursed Key","Paper Crane","Question Card","Tough Bandages"],"potions_floor_usage":[55,55,56,56,56],"damage_taken":[{"damage":0.0,"enemies":"Jaw Worm","floor":1.0,"turns":1.0},{"damage":0.0,"enemies":"2 Louse","floor":5.0,"turns":1.0},{"damage":0.0,"enemies":"Gremlin Nob","floor":7.0,"turns":1.0},{"damage":60.0,"enemies":"The Mushroom Lair","floor":8.0,"turns":9.0},{"damage":2.0,"enemies":"Cultist","floor":11.0,"turns":5.0},{"damage":0.0,"enemies":"Blue Slaver","floor":13.0,"turns":3.0},{"damage":5.0,"enemies":"The Guardian","floor":16.0,"turns":6.0},{"damage":5.0,"enemies":"Shell Parasite","floor":18.0,"turns":2.0},{"damage":0.0,"enemies":"Masked Bandits","floor":21.0,"turns":2.0},{"damage":29.0,"enemies":"Book of Stabbing","floor":24.0,"turns":4.0},{"damage":0.0,"enemies":"Chosen","floor":28.0,"turns":1.0},{"damage":2.0,"enemies":"3 Cultists","floor":31.0,"turns":5.0},{"damage":18.0,"enemies":"Collector","floor":33.0,"turns":4.0},{"damage":6.0,"enemies":"3 Darklings","floor":35.0,"turns":2.0},{"damage":0.0,"enemies":"3 Shapes","floor":38.0,"turns":1.0},{"damage":0.0,"enemies":"Transient","floor":39.0,"turns":6.0},{"damage":0.0,"enemies":"Jaw Worm Horde","floor":41.0,"turns":1.0},{"damage":0.0,"enemies":"Reptomancer","floor":45.0,"turns":2.0},{"damage":0.0,"enemies":"Nemesis","floor":48.0,"turns":3.0},{"damage":26.0,"enemies":"Donu and Deca","floor":50.0,"turns":7.0},{"damage":2.0,"enemies":"Time Eater","floor":51.0,"turns":3.0},{"damage":0,"enemies":"Shield and Spear","floor":55,"turns":1},{"damage":62,"enemies":"The Heart","floor":56,"turns":6}],"seed_played":"-3631748649486775462","potions_obtained":[{"floor":5.0,"key":"FearPotion"},{"floor":8.0,"key":"SteroidPotion"},{"floor":16.0,"key":"Energy Potion"},{"floor":18.0,"key":"SkillPotion"},{"floor":24.0,"key":"Ancient Potion"},{"floor":45.0,"key":"Poison Potion"},{"floor":55,"key":"Swift Potion"}],"is_trial":false,"path_per_floor":["M","?","$","?","M","R","E","?","T","R","M","?","M","?","R","B",null,"M","$","?","?","$","R","E","R","T","?","M","?","?","M","R","B",null,"M","?","$","M","M","R","M","R","T","$","E","?","R","E","R","B","B",null,"R","$","E","B",null],"character_chosen":"THE_SILENT","items_purchased":["Catalyst"],"campfire_rested":0,"item_purchase_floors":[19],"current_hp_per_floor":[59,59,59,59,61,61,63,5,5,5,5,5,7,7,7,4,51,48,48,61,63,63,63,36,36,36,27,29,29,29,29,29,27,56,52,52,52,54,56,56,58,58,58,58,60,60,60,62,62,38,38,59,59,59,61,1],"gold":96,"neow_bonus":"THREE_ENEMY_KILL","is_prod":false,"is_daily":false,"chose_seed":false,"campfire_upgraded":10,"win_rate":0,"timestamp":1546869239,"path_taken":["M","?","$","?","?","R","E","?","T","R","M","?","M","?","R","BOSS","M","$","?","?","?","R","E","R","T","?","?","?","?","M","R","BOSS","M","?","$","?","M","R","M","R","T","$","E","?","R","E","R","BOSS","BOSS","R","$","E","BOSS"],"build_version":"2019-01-03v4","purchased_purges":3,"victory":true,"max_hp_per_floor":[66,66,66,66,66,66,66,66,66,66,66,66,66,66,66,66,66,66,66,66,66,66,66,66,66,66,66,66,66,66,66,66,66,66,66,66,66,66,66,66,66,66,66,66,66,66,66,66,66,66,66,66,66,66,66,66],"card_choices":[{"not_picked":["Predator","Dodge and Roll"],"picked":"Backflip","floor":1.0},{"not_picked":["Deflect","Setup","Poisoned Stab"],"picked":"SKIP","floor":5.0},{"not_picked":["Backflip","Dagger Spray","PiercingWail"],"picked":"SKIP","floor":7.0},{"not_picked":["Slice","Acrobatics"],"picked":"Catalyst","floor":8.0},{"not_picked":["Dagger Throw","Dodge and Roll"],"picked":"Deadly Poison","floor":11.0},{"not_picked":["Distraction","Expertise"],"picked":"Burst","floor":13.0},{"not_picked":["Unload","Tools of the Trade"],"picked":"Venomology","floor":16.0},{"not_picked":["Acrobatics","Bane","Flying Knee"],"picked":"SKIP","floor":18.0},{"not_picked":["Deflect","Underhanded Strike"],"picked":"Leg Sweep","floor":21.0},{"not_picked":["Dash","Skewer","Finisher"],"picked":"SKIP","floor":24.0},{"not_picked":["Sucker Punch","Choke+1","Dagger Spray"],"picked":"SKIP","floor":28.0},{"not_picked":["Blade Dance","Tactician","Quick Slash+1"],"picked":"SKIP","floor":31.0},{"not_picked":["Unload","Doppelganger"],"picked":"Burst","floor":33.0},{"not_picked":["Poisoned Stab+1","Calculated Gamble"],"picked":"Backflip","floor":35.0},{"not_picked":["Deflect+1","Dodge and Roll"],"picked":"Backflip","floor":38.0},{"not_picked":["Cloak And Dagger","Prepared","Backflip"],"picked":"SKIP","floor":39.0},{"not_picked":["Die Die Die","Flying Knee+1","Backflip"],"picked":"SKIP","floor":41.0},{"not_picked":["Blade Dance","Choke","Deflect"],"picked":"SKIP","floor":45.0},{"not_picked":["Slice","Acrobatics","Dash","Blade Dance+1"],"picked":"SKIP","floor":48.0},{"not_picked":["Sucker Punch","Finisher+1","Grand Finale"],"picked":"Night Terror","floor":55}],"player_experience":1832406,"relics_obtained":[{"floor":7.0,"key":"Anchor"},{"floor":8.0,"key":"Odd Mushroom"},{"floor":21.0,"key":"Red Mask"},{"floor":24.0,"key":"Art of War"},{"floor":26.0,"key":"Sundial"},{"floor":43.0,"key":"Paper Crane"},{"floor":45.0,"key":"Question Card"},{"floor":55,"key":"Tough Bandages"}],"event_choices":[{"cards_removed":["Strike_G"],"damage_healed":0.0,"max_hp_gain":0.0,"max_hp_loss":0.0,"gold_gain":0.0,"event_name":"The Cleric","player_choice":"Card Removal","floor":2.0,"gold_loss":75.0,"damage_taken":0.0},{"cards_removed":["Backflip"],"damage_healed":0.0,"max_hp_gain":0.0,"max_hp_loss":0.0,"gold_gain":0.0,"event_name":"WeMeetAgain","player_choice":"Gave Card","floor":4.0,"gold_loss":0.0,"damage_taken":0.0,"relics_obtained":["Blood Vial"]},{"damage_healed":0.0,"max_hp_gain":0.0,"max_hp_loss":0.0,"gold_gain":0.0,"event_name":"Mushrooms","player_choice":"Fought Mushrooms","floor":8.0,"gold_loss":0.0,"damage_taken":0.0},{"damage_healed":0.0,"max_hp_gain":0.0,"max_hp_loss":0.0,"gold_gain":0.0,"event_name":"Shining Light","player_choice":"Ignored","floor":12.0,"gold_loss":0.0,"damage_taken":0.0},{"damage_healed":0.0,"max_hp_gain":0.0,"max_hp_loss":0.0,"gold_gain":0.0,"event_name":"World of Goop","player_choice":"Left Gold","floor":14.0,"gold_loss":69.0,"damage_taken":0.0},{"damage_healed":13.0,"max_hp_gain":0.0,"max_hp_loss":0.0,"gold_gain":0.0,"event_name":"The Library","player_choice":"Heal","floor":20.0,"gold_loss":0.0,"damage_taken":0.0},{"damage_healed":0.0,"max_hp_gain":0.0,"max_hp_loss":0.0,"gold_gain":0.0,"event_name":"Masked Bandits","player_choice":"Fought Bandits","floor":21.0,"gold_loss":0.0,"damage_taken":0.0},{"damage_healed":0.0,"max_hp_gain":0.0,"max_hp_loss":0.0,"gold_gain":0.0,"event_name":"Wheel of Change","player_choice":"Damaged","floor":27.0,"gold_loss":0.0,"damage_taken":9.0},{"damage_healed":0.0,"max_hp_gain":0.0,"max_hp_loss":0.0,"gold_gain":0.0,"cards_transformed":["Blade Dance","Prepared"],"event_name":"Drug Dealer","player_choice":"Became Test Subject","floor":29.0,"gold_loss":0.0,"damage_taken":0.0,"cards_obtained":["Finisher","Crippling Poison"]},{"damage_healed":0.0,"max_hp_gain":0.0,"max_hp_loss":0.0,"gold_gain":0.0,"event_name":"Cursed Tome","player_choice":"Ignored","floor":30.0,"gold_loss":0.0,"damage_taken":0.0},{"cards_removed":["Finisher"],"damage_healed":0.0,"max_hp_gain":0.0,"max_hp_loss":0.0,"gold_gain":0.0,"event_name":"Purifier","player_choice":"Purged","floor":36.0,"gold_loss":0.0,"damage_taken":0.0},{"damage_healed":0.0,"max_hp_gain":0.0,"max_hp_loss":0.0,"gold_gain":0.0,"event_name":"Upgrade Shrine","player_choice":"Upgraded","floor":46.0,"gold_loss":0.0,"damage_taken":0.0,"cards_upgraded":["Venomology"]}],"is_beta":false,"boss_relics":[{"not_picked":["White Beast Statue","Calling Bell"],"picked":"Pandora\u0027s Box"},{"not_picked":["Astrolabe","Philosopher\u0027s Stone"],"picked":"Cursed Key"}],"items_purged_floors":[19,37,44],"is_endless":false,"potions_floor_spawned":[5,8,16,18,24,41,45,55],"ascension_level":20}