{"gold_per_floor":[112,387,403,216,226,226,76,76,76,95,105,105,117,117,117,190,190,202,202,213,88,99,99,124,144,144,163,163,13,28,28,28,102,102,119,119,137,156,71,71,82,82,82,82,96,96],"floor_reached":46,"playtime":2031,"items_purged":["Regret","Strike_G","Strike_G","Poisoned Stab"],"score":968,"play_id":"db01fefd-fc1c-44b0-846b-b777d6608c83","local_time":"20190225231923","is_ascension_mode":true,"campfire_choices":[{"data":"Well Laid Plans","floor":6.0,"key":"SMITH"},{"data":"Deadly Poison","floor":8.0,"key":"SMITH"},{"data":"Neutralize","floor":12.0,"key":"SMITH"},{"data":"Bouncing Flask","floor":15.0,"key":"SMITH"},{"floor":23.0,"key":"REST"},{"floor":28.0,"key":"REST"},{"floor":32.0,"key":"RECALL"},{"floor":40,"key":"REST"},{"floor":44,"key":"REST"}],"neow_cost":"NONE","seed_source_timestamp":37885882883297,"circlet_count":0,"master_deck":["AscendersBane","Defend_G","Defend_G","Survivor","Neutralize+1","Endless Agony","Footwork","Masterful Stab","Well Laid Plans+1","Deadly Poison+1","Escape Plan","Bouncing Flask+1","Expertise+1","Escape Plan","Venomology","Leg Sweep+1","Malaise","Tactician","Setup+1"],"special_seed":0,"relics":["Ring of the Snake","Fusion Hammer","Gambling Chip","Bottled Flame","Empty Cage","Juzu Bracelet"],"potions_floor_usage":[37,37,41,41,45,46,46,46,46],"damage_taken":[{"damage":2.0,"enemies":"Small Slimes","floor":1.0,"turns":6.0},{"damage":3.0,"enemies":"Cultist","floor":3.0,"turns":5.0},{"damage":0.0,"enemies":"Jaw Worm","floor":5.0,"turns":4.0},{"damage":8.0,"enemies":"3 Louse","floor":10.0,"turns":4.0},{"damage":5.0,"enemies":"Red Slaver","floor":11.0,"turns":2.0},{"damage":0.0,"enemies":"2 Fungi Beasts","floor":13.0,"turns":3.0},{"damage":0.0,"enemies":"Hexaghost","floor":16.0,"turns":8.0},{"damage":22.0,"enemies":"2 Thieves","floor":18.0,"turns":5.0},{"damage":0.0,"enemies":"Spheric Guardian","floor":20.0,"turns":2.0},{"damage":0.0,"enemies":"Centurion and Healer","floor":22.0,"turns":7.0},{"damage":30.0,"enemies":"Slavers","floor":24.0,"turns":6.0},{"damage":0.0,"enemies":"Cultist and Chosen","floor":25.0,"turns":5.0},{"damage":0.0,"enemies":"Chosen and Byrds","floor":27.0,"turns":6.0},{"damage":3.0,"enemies":"Snecko","floor":30.0,"turns":5.0},{"damage":29.0,"enemies":"Automaton","floor":33.0,"turns":14.0},{"damage":0,"enemies":"Orb Walker","floor":35,"turns":4},{"damage":5,"enemies":"3 Shapes","floor":37,"turns":4},{"damage":0,"enemies":"Writhing Mass","floor":38,"turns":7},{"damage":1,"enemies":"Spire Growth","floor":41,"turns":8},{"damage":0,"enemies":"3 Darklings","floor":45,"turns":8},{"damage":19,"enemies":"Reptomancer","floor":46,"turns":5}],"seed_played":"-2127620589465853743","potions_obtained":[{"floor":5.0,"key":"GamblersBrew"},{"floor":10.0,"key":"GamblersBrew"},{"floor":11.0,"key":"GhostInAJar"},{"floor":20.0,"key":"PowerPotion"},{"floor":24.0,"key":"Poison Potion"}],"is_trial":false,"path_per_floor":["M","?","M","$","M","R","$","R","T","M","M","R","M","?","R","B",null,"M","?","M","$","M","R","E","M","T","M","R","$","M","?","R","B",null,"M","?","M","M","$","R","M","?","T","R","M","E"],"character_chosen":"THE_SILENT","items_purchased":["Footwork","Masterful Stab","Deadly Poison","Tactician"],"campfire_rested":4,"item_purchase_floors":[4,4,7,39],"current_hp_per_floor":[57,57,54,54,54,54,54,54,54,46,41,41,41,41,41,41,60,38,38,38,38,38,57,27,27,27,27,46,46,43,43,43,14,53,53,53,48,48,48,66,65,65,65,66,66,47],"gold":96,"neow_bonus":"REMOVE_CARD","is_prod":false,"is_daily":false,"chose_seed":false,"campfire_upgraded":4,"win_rate":0,"timestamp":1551107963,"path_taken":["M","?","M","$","M","R","$","R","T","M","?","R","M","?","R","BOSS","M","?","?","?","M","R","E","M","T","M","R","$","M","?","R","BOSS","M","?","M","M","$","R","M","?","T","R","M","E"],"build_version":"2019-01-23","purchased_purges":4,"victory":false,"max_hp_per_floor":[66,66,66,66,66,66,66,66,66,66,66,66,66,66,66,66,66,66,66,66,66,66,66,66,66,66,66,66,66,66,66,66,66,66,66,66,66,66,66,66,66,66,66,66,66,66],"card_choices":[{"not_picked":["Prepared","Acrobatics"],"picked":"Poisoned Stab","floor":1.0},{"not_picked":["Quick Slash","Acrobatics"],"picked":"Endless Agony","floor":3.0},{"not_picked":["Flying Knee","Deflect"],"picked":"Well Laid Plans","floor":5.0},{"not_picked":["Sucker Punch","Blade Dance"],"picked":"Escape Plan","floor":10.0},{"not_picked":["Crippling Poison","Infinite Blades","Dagger Throw"],"picked":"SKIP","floor":11.0},{"not_picked":["Dagger Spray","Prepared"],"picked":"Bouncing Flask","floor":13.0},{"not_picked":["Flying Knee","Sucker Punch","Bouncing Flask"],"picked":"SKIP","floor":18.0},{"not_picked":["Prepared","Dodge and Roll","Bouncing Flask"],"picked":"SKIP","floor":20.0},{"not_picked":["Leg Sweep","Slice"],"picked":"Expertise+1","floor":22.0},{"not_picked":["Expertise","Riddle With Holes"],"picked":"Escape Plan","floor":24.0},{"not_picked":["Acrobatics","Dagger Throw","Cloak And Dagger"],"picked":"SKIP","floor":25.0},{"not_picked":["Outmaneuver","Slice"],"picked":"Venomology","floor":27.0},{"not_picked":["Masterful Stab+1","Prepared"],"picked":"Leg Sweep+1","floor":30.0},{"not_picked":["Die Die Die","Night Terror"],"picked":"Malaise","floor":33.0},{"not_picked":["Outmaneuver+1","Sucker Punch","Deadly Poison"],"picked":"SKIP","floor":35},{"not_picked":["Deflect","Dodge and Roll","Prepared"],"picked":"SKIP","floor":37},{"not_picked":["Bouncing Flask","Slice+1","Infinite Blades"],"picked":"SKIP","floor":38},{"not_picked":["Footwork","Flying Knee","Dagger Throw"],"picked":"SKIP","floor":41},{"not_picked":["Quick Slash","Heel Hook"],"picked":"Setup+1","floor":45}],"player_experience":3143397,"relics_obtained":[{"floor":24.0,"key":"Gambling Chip"},{"floor":26.0,"key":"Bottled Flame"},{"floor":43,"key":"Juzu Bracelet"}],"event_choices":[{"damage_healed":0.0,"max_hp_gain":0.0,"max_hp_loss":0.0,"gold_gain":275.0,"event_name":"Golden Shrine","player_choice":"Desecrate","floor":2.0,"gold_loss":0.0,"damage_taken":0.0,"cards_obtained":["Regret"]},{"cards_removed":["Strike_G"],"damage_healed":0.0,"max_hp_gain":0.0,"max_hp_loss":0.0,"gold_gain":0.0,"event_name":"Living Wall","player_choice":"Forget","floor":14.0,"gold_loss":0.0,"damage_taken":0.0},{"cards_removed":["Strike_G"],"damage_healed":0.0,"max_hp_gain":0.0,"max_hp_loss":0.0,"gold_gain":0.0,"event_name":"Bonfire Elementals","player_choice":"Offered Basic","floor":19.0,"gold_loss":0.0,"damage_taken":0.0},{"damage_healed":0,"gold_gain":0,"player_choice":"Ignored","damage_taken":0,"max_hp_gain":0,"max_hp_loss":0,"event_name":"Tomb of Lord Red Mask","floor":36,"gold_loss":0},{"cards_removed":["Defend_G"],"damage_healed":0,"gold_gain":0,"player_choice":"Purged","damage_taken":0,"max_hp_gain":0,"max_hp_loss":0,"event_name":"Purifier","floor":42,"gold_loss":0}],"is_beta":false,"boss_relics":[{"not_picked":["White Beast Statue","Snecko Eye"],"picked":"Fusion Hammer"},{"not_picked":["HoveringKite","Orrery"],"picked":"Empty Cage"}],"items_purged_floors":[4,7,21,29],"is_endless":false,"potions_floor_spawned":[5,10,11,20,22,24,38],"killed_by":"Reptomancer","ascension_level":20}