{"gold_per_floor":[110,123,48,48,123,123,48,48,72,72,87,99,5,25,25,102,102,102,102,102,52,52,52,84,84,110,110,129,129,141,141,141,218,218,233,233],"floor_reached":36,"playtime":1072,"items_purged":["Strike_G","Defend_G","Strike_G"],"score":886,"play_id":"1b292066-6bc4-4151-a799-339a259a8af8","local_time":"20190212185220","is_ascension_mode":true,"campfire_choices":[{"data":"Neutralize","floor":6,"key":"SMITH"},{"data":"Footwork","floor":8,"key":"SMITH"},{"data":"Catalyst","floor":10,"key":"SMITH"},{"data":"Crippling Poison","floor":15,"key":"SMITH"},{"data":"Deadly Poison","floor":23,"key":"SMITH"},{"data":"Wraith Form v2","floor":25,"key":"SMITH"},{"data":"Ghostly","floor":27,"key":"SMITH"},{"data":"Catalyst","floor":29,"key":"SMITH"},{"data":"Ghostly","floor":32,"key":"SMITH"}],"neow_cost":"NONE","seed_source_timestamp":32089955295103,"circlet_count":0,"master_deck":["AscendersBane","Defend_G","Defend_G","Defend_G","Defend_G","Strike_G","Survivor","Neutralize+1","Footwork+1","Catalyst+1","Leg Sweep","Crippling Poison+1","Wraith Form v2+1","Deadly Poison+1","Ghostly+1","Ghostly+1","Ghostly","Calculated Gamble","Catalyst+1","Adrenaline"],"special_seed":0,"relics":["Runic Pyramid","Smiling Mask","Runic Dome","StoneCalendar","Oddly Smooth Stone","Snecko Eye"],"potions_floor_usage":[16,24],"damage_taken":[{"damage":7.0,"enemies":"Jaw Worm","floor":1.0,"turns":4.0},{"damage":0.0,"enemies":"2 Louse","floor":2.0,"turns":4.0},{"damage":0,"enemies":"Cultist","floor":11,"turns":5},{"damage":0,"enemies":"Blue Slaver","floor":12,"turns":7},{"damage":4,"enemies":"2 Fungi Beasts","floor":14,"turns":5},{"damage":21,"enemies":"Hexaghost","floor":16,"turns":14},{"damage":0,"enemies":"Chosen","floor":18,"turns":6},{"damage":0,"enemies":"Slavers","floor":24,"turns":6},{"damage":0,"enemies":"3 Byrds","floor":28,"turns":5},{"damage":0,"enemies":"3 Cultists","floor":30,"turns":5},{"damage":0,"enemies":"Collector","floor":33,"turns":6},{"damage":0,"enemies":"3 Shapes","floor":35,"turns":4},{"damage":43,"enemies":"3 Darklings","floor":36,"turns":5}],"seed_played":"8632934333711304913","potions_obtained":[{"floor":1.0,"key":"SteroidPotion"},{"floor":16,"key":"PowerPotion"},{"floor":28,"key":"Weak Potion"},{"floor":30,"key":"SpeedPotion"}],"is_trial":false,"path_per_floor":["M","M","$","?","?","R","?","R","T","R","M","M","$","M","R","B",null,"M","?","?","$","?","R","E","R","T","R","M","R","M","T","R","B",null,"M","M"],"character_chosen":"THE_SILENT","items_purchased":["Crippling Poison"],"campfire_rested":0,"item_purchase_floors":[13],"current_hp_per_floor":[52,52,52,52,41,41,41,41,41,41,41,41,41,37,37,16,54,54,54,54,54,33,33,33,33,33,33,33,33,33,33,33,33,33,33,0],"gold":233,"neow_bonus":"BOSS_RELIC","is_prod":false,"is_daily":false,"chose_seed":false,"campfire_upgraded":9,"win_rate":0,"timestamp":1549968740,"path_taken":["M","M","$","?","?","R","?","R","T","R","M","M","?","?","R","BOSS","M","?","?","$","?","R","E","R","T","R","M","R","M","?","R","BOSS","M","M"],"build_version":"2019-01-23","purchased_purges":3,"victory":false,"max_hp_per_floor":[66,66,66,66,66,66,66,66,66,66,66,66,66,66,66,66,66,66,66,66,66,33,33,33,33,33,33,33,33,33,33,33,33,33,33,33],"card_choices":[{"not_picked":["Finisher","Backflip"],"picked":"Footwork","floor":1.0},{"not_picked":["Deflect","Endless Agony"],"picked":"Catalyst","floor":2.0},{"not_picked":["Well Laid Plans","Dodge and Roll"],"picked":"Leg Sweep","floor":11},{"not_picked":["Dagger Throw","Cloak And Dagger","Prepared"],"picked":"SKIP","floor":12},{"not_picked":["Well Laid Plans","Dagger Throw","Prepared"],"picked":"SKIP","floor":14},{"not_picked":["Glass Knife","Unload"],"picked":"Wraith Form v2","floor":16},{"not_picked":["Cloak And Dagger","Heel Hook"],"picked":"Deadly Poison","floor":18},{"not_picked":["Flying Knee","Well Laid Plans"],"picked":"Calculated Gamble","floor":24},{"not_picked":["Prepared","Noxious Fumes"],"picked":"Catalyst","floor":28},{"not_picked":["Cloak And Dagger","Dagger Throw","Acrobatics"],"picked":"SKIP","floor":30},{"not_picked":["Malaise","Glass Knife"],"picked":"Adrenaline","floor":33},{"not_picked":["Caltrops+1","Underhanded Strike+1","Dodge and Roll+1"],"picked":"SKIP","floor":35},{"not_picked":["Caltrops+1","Underhanded Strike+1","Dodge and Roll+1"],"picked":"SKIP","floor":35}],"player_experience":2654056,"relics_obtained":[{"floor":9,"key":"Smiling Mask"},{"floor":24,"key":"StoneCalendar"},{"floor":26,"key":"Oddly Smooth Stone"}],"event_choices":[{"cards_removed":["Strike_G"],"damage_healed":0,"gold_gain":0,"player_choice":"Forget","damage_taken":0,"max_hp_gain":0,"max_hp_loss":0,"event_name":"Living Wall","floor":4,"gold_loss":0},{"damage_healed":0,"gold_gain":75,"player_choice":"Gather Gold","damage_taken":11,"max_hp_gain":0,"max_hp_loss":0,"event_name":"World of Goop","floor":5,"gold_loss":0},{"cards_removed":["Strike_G"],"damage_healed":0,"gold_gain":0,"player_choice":"Card Removal","damage_taken":0,"max_hp_gain":0,"max_hp_loss":0,"event_name":"The Cleric","floor":7,"gold_loss":75},{"damage_healed":0,"gold_gain":0,"player_choice":"Ignored","damage_taken":0,"max_hp_gain":0,"max_hp_loss":0,"event_name":"The Mausoleum","floor":19,"gold_loss":0},{"damage_healed":0,"gold_gain":0,"player_choice":"Ignored","damage_taken":0,"max_hp_gain":0,"max_hp_loss":0,"event_name":"Vampires","floor":20,"gold_loss":0},{"damage_healed":0,"gold_gain":0,"player_choice":"Became a Ghost","damage_taken":0,"max_hp_gain":0,"max_hp_loss":33,"event_name":"Ghosts","floor":22,"gold_loss":0,"cards_obtained":["Ghostly","Ghostly","Ghostly"]}],"is_beta":false,"boss_relics":[{"not_picked":["Philosopher\u0027s Stone","Eternal Feather"],"picked":"Runic Dome"},{"not_picked":["Sozu","Lizard Tail"],"picked":"Snecko Eye"}],"items_purged_floors":[3,13,21],"is_endless":false,"potions_floor_spawned":[1,16,28,30,33],"killed_by":"3 Darklings","ascension_level":20}