{"gold_per_floor":[113,38,52,72,88,88,114,125,125,135,152,152,162,178,178,274,274,294,294,308,164,177,177,212,137,160,160,178,178,193,193,193,290,290,307,321,321,341,353,353,303,303,303,335,285,335,335,346,346,346,346,346,178,209,209],"floor_reached":56,"playtime":3506,"items_purged":["Pain","Strike_G","Defend_G","Defend_G","Defend_G"],"score":1258,"play_id":"ad3ac802-a660-4d99-b524-27f04ba29498","local_time":"20181210190244","is_ascension_mode":false,"campfire_choices":[{"data":"Catalyst","floor":6,"key":"SMITH"},{"data":"Bouncing Flask","floor":12,"key":"SMITH"},{"data":"Deadly Poison","floor":15,"key":"SMITH"},{"data":"Tools of the Trade","floor":23,"key":"SMITH"},{"data":"Night Terror","floor":27,"key":"SMITH"},{"data":"Purity","floor":29,"key":"SMITH"},{"data":"Tactician","floor":32,"key":"SMITH"},{"data":"Wraith Form v2","floor":40,"key":"SMITH"},{"floor":47,"key":"RECALL"},{"data":"Neutralize","floor":49,"key":"SMITH"},{"data":"Leg Sweep","floor":52,"key":"SMITH"}],"neow_cost":"CURSE","seed_source_timestamp":574386268619,"circlet_count":0,"master_deck":["Defend_G","Defend_G","Survivor","Neutralize+1","Tools of the Trade+1","Bouncing Flask+1","Catalyst+1","Tactician+1","Deadly Poison+1","Leg Sweep+1","Footwork","Backflip","Footwork","Night Terror+1","Escape Plan","Outmaneuver+1","Purity+1","Wraith Form v2+1","Footwork","Concentrate"],"relics":["Ring of the Snake","Smiling Mask","Runic Pyramid","Lantern","Bronze Scales","Busted Crown","Darkstone Periapt","Letter Opener","Unceasing Top","Sundial"],"potions_floor_usage":[7,20,22,24,28,38,55,55,55,55,55,55],"damage_taken":[{"damage":5,"enemies":"Cultist","floor":1,"turns":4},{"damage":0,"enemies":"Jaw Worm","floor":3,"turns":3},{"damage":5,"enemies":"Small Slimes","floor":4,"turns":4},{"damage":7,"enemies":"Looter","floor":5,"turns":3},{"damage":21,"enemies":"3 Sentries","floor":7,"turns":11},{"damage":1,"enemies":"Red Slaver","floor":8,"turns":4},{"damage":2,"enemies":"Large Slime","floor":10,"turns":7},{"damage":5,"enemies":"Looter","floor":11,"turns":4},{"damage":1,"enemies":"2 Fungi Beasts","floor":13,"turns":4},{"damage":16,"enemies":"Blue Slaver","floor":14,"turns":3},{"damage":0,"enemies":"Hexaghost","floor":16,"turns":8},{"damage":0,"enemies":"Chosen","floor":18,"turns":5},{"damage":12,"enemies":"Colosseum Slavers","floor":19,"turns":11},{"damage":1,"enemies":"3 Byrds","floor":20,"turns":6},{"damage":0,"enemies":"Snecko","floor":22,"turns":6},{"damage":20,"enemies":"Gremlin Leader","floor":24,"turns":8},{"damage":4,"enemies":"Shelled Parasite and Fungi","floor":28,"turns":5},{"damage":9,"enemies":"Snake Plant","floor":30,"turns":3},{"damage":6,"enemies":"Champ","floor":33,"turns":5},{"damage":0,"enemies":"3 Darklings","floor":35,"turns":5},{"damage":0,"enemies":"3 Shapes","floor":36,"turns":9},{"damage":3,"enemies":"3 Darklings","floor":38,"turns":7},{"damage":0,"enemies":"Writhing Mass","floor":39,"turns":5},{"damage":1,"enemies":"Reptomancer","floor":44,"turns":4},{"damage":0,"enemies":"2 Orb Walkers","floor":46,"turns":5},{"damage":0,"enemies":"Sphere and 2 Shapes","floor":48,"turns":5},{"damage":38,"enemies":"Awakened One","floor":50,"turns":9},{"damage":6,"enemies":"Shield and Spear","floor":54,"turns":5},{"damage":25,"enemies":"The Heart","floor":55,"turns":7}],"seed_played":"-2793371339323698058","potions_obtained":[{"floor":1,"key":"Regen Potion"},{"floor":3,"key":"FearPotion"},{"floor":8,"key":"Ancient Potion"},{"floor":11,"key":"Energy Potion"},{"floor":13,"key":"GhostInAJar"},{"floor":20,"key":"Swift Potion"},{"floor":28,"key":"Block Potion"},{"floor":33,"key":"EntropicBrew"},{"floor":35,"key":"Weak Potion"},{"floor":44,"key":"FearPotion"},{"floor":54,"key":"GhostInAJar"}],"is_trial":false,"path_per_floor":["M","$","M","M","M","R","E","M","T","M","M","R","M","M","R","B",null,"M","?","M","$","M","R","E","?","T","R","M","R","M","?","R","B",null,"M","M","?","M","M","R","$","?","T","E","$","?","R","M","R","B",null,"R","$","E","B",null],"character_chosen":"THE_SILENT","items_purchased":["Purity","Footwork","Concentrate"],"campfire_rested":0,"item_purchase_floors":[21,53,53],"current_hp_per_floor":[65,65,65,60,53,53,47,46,46,44,39,39,38,22,22,22,70,70,58,57,57,57,57,37,37,37,37,33,33,24,24,24,18,70,70,70,70,67,67,67,67,67,67,66,66,66,66,66,66,28,70,70,70,64,39],"gold":209,"neow_bonus":"THREE_RARE_CARDS","is_prod":false,"is_daily":false,"chose_seed":false,"campfire_upgraded":10,"win_rate":0,"timestamp":1544439764,"path_taken":["M","$","M","M","M","R","E","?","T","M","M","R","M","M","R","BOSS","M","?","M","$","M","R","E","?","T","R","M","R","M","?","R","BOSS","M","M","?","M","?","R","$","?","T","E","$","?","R","M","R","BOSS","R","$","E","BOSS"],"build_version":"2018-12-06","purchased_purges":5,"victory":true,"max_hp_per_floor":[70,70,70,70,70,70,70,70,70,70,70,70,70,70,70,70,70,70,70,70,70,70,70,70,70,70,70,70,70,70,70,70,70,70,70,70,70,70,70,70,70,70,70,70,70,70,70,70,70,70,70,70,70,70,70],"card_choices":[{"not_picked":["Storm of Steel","Phantasmal Killer"],"picked":"Tools of the Trade","floor":0},{"not_picked":["Deadly Poison","Sucker Punch"],"picked":"Bouncing Flask","floor":1},{"not_picked":["Acrobatics","Leg Sweep"],"picked":"Catalyst","floor":3},{"not_picked":["Sucker Punch","Masterful Stab"],"picked":"Tactician","floor":4},{"not_picked":["Bane","Acrobatics"],"picked":"Deadly Poison","floor":5},{"not_picked":["Phantasmal Killer","Dagger Throw"],"picked":"Leg Sweep","floor":7},{"not_picked":["Poisoned Stab","Outmaneuver"],"picked":"Footwork","floor":8},{"not_picked":["Blur","Deflect","Dagger Throw"],"picked":"SKIP","floor":10},{"not_picked":["Dodge and Roll","Poisoned Stab"],"picked":"Backflip","floor":11},{"not_picked":["Backflip","Doppelganger"],"picked":"Footwork","floor":13},{"not_picked":["Acrobatics","Dodge and Roll","Slice"],"picked":"SKIP","floor":14},{"not_picked":["Die Die Die","Storm of Steel"],"picked":"Night Terror","floor":16},{"not_picked":["Flechettes+1","Deflect"],"picked":"Escape Plan","floor":18},{"not_picked":["Outmaneuver+1","Poisoned Stab","Bane"],"picked":"SKIP","floor":20},{"not_picked":["Poisoned Stab","Bane"],"picked":"Outmaneuver+1","floor":20},{"not_picked":["Infinite Blades+1","Backstab+1","Poisoned Stab"],"picked":"SKIP","floor":22},{"not_picked":["Underhanded Strike","Backflip","Leg Sweep"],"picked":"SKIP","floor":24},{"not_picked":["Outmaneuver","Leg Sweep","Dagger Throw+1"],"picked":"SKIP","floor":28},{"not_picked":["Deadly Poison","Underhanded Strike","Quick Slash+1"],"picked":"SKIP","floor":30},{"not_picked":["Malaise","A Thousand Cuts"],"picked":"Wraith Form v2","floor":33},{"not_picked":["Dagger Spray+1"],"picked":"SKIP","floor":35},{"not_picked":["Reflex"],"picked":"SKIP","floor":36},{"not_picked":["Bane+1"],"picked":"SKIP","floor":38},{"not_picked":["Bane+1"],"picked":"SKIP","floor":39},{"not_picked":["Blade Dance"],"picked":"SKIP","floor":44},{"not_picked":["Flying Knee"],"picked":"SKIP","floor":48},{"not_picked":["Poisoned Stab"],"picked":"SKIP","floor":54}],"player_experience":1193737,"relics_obtained":[{"floor":7,"key":"Smiling Mask"},{"floor":24,"key":"Lantern"},{"floor":26,"key":"Bronze Scales"},{"floor":43,"key":"Darkstone Periapt"},{"floor":44,"key":"Letter Opener"},{"floor":46,"key":"Unceasing Top"},{"floor":54,"key":"Sundial"}],"event_choices":[{"damage_healed":0,"gold_gain":0,"player_choice":"Fight","damage_taken":0,"max_hp_gain":0,"max_hp_loss":0,"event_name":"Colosseum","floor":19,"gold_loss":0},{"damage_healed":0,"gold_gain":0,"player_choice":"Fled From Nobs","damage_taken":0,"max_hp_gain":0,"max_hp_loss":0,"event_name":"Colosseum","floor":19,"gold_loss":0},{"cards_removed":["Strike_G"],"damage_healed":0,"gold_gain":0,"player_choice":"Gave Gold","damage_taken":0,"max_hp_gain":0,"max_hp_loss":0,"event_name":"Beggar","floor":25,"gold_loss":75},{"cards_removed":["Strike_G"],"damage_healed":0,"gold_gain":0,"player_choice":"Elegance","damage_taken":0,"max_hp_gain":0,"max_hp_loss":0,"event_name":"Back to Basics","floor":31,"gold_loss":0},{"cards_removed":["Strike_G"],"damage_healed":0,"gold_gain":0,"player_choice":"Offered Basic","damage_taken":0,"max_hp_gain":0,"max_hp_loss":0,"event_name":"Bonfire Elementals","floor":37,"gold_loss":0},{"cards_removed":["Strike_G"],"damage_healed":0,"gold_gain":0,"player_choice":"Removed Attack","damage_taken":0,"max_hp_gain":0,"max_hp_loss":0,"event_name":"Falling","floor":42,"gold_loss":0},{"damage_healed":0,"gold_gain":0,"player_choice":"Fight","damage_taken":0,"max_hp_gain":0,"max_hp_loss":0,"event_name":"Mysterious Sphere","floor":46,"gold_loss":0}],"is_beta":false,"boss_relics":[{"not_picked":["Velvet Choker","Philosopher\u0027s Stone"],"picked":"Runic Pyramid"},{"not_picked":["Tiny House","Black Star"],"picked":"Busted Crown"}],"items_purged_floors":[2,21,41,45,53],"is_endless":false,"potions_floor_spawned":[1,3,8,11,13,14,18,20,28,33,35,44,46,48,54],"ascension_level":0}