{"gold_per_floor":[15,30,30,30,44,71,71,101,101,113,113,113],"floor_reached":12,"playtime":359,"items_purged":[],"score":176,"play_id":"eadf1f95-a461-40c5-84bb-599975b5c151","local_time":"20190125181425","is_ascension_mode":true,"campfire_choices":[{"data":"Caltrops","floor":7,"key":"SMITH"},{"data":"Calculated Gamble","floor":11,"key":"SMITH"}],"neow_cost":"NO_GOLD","seed_source_timestamp":21868821562719,"circlet_count":0,"master_deck":["AscendersBane","Defend_G","Defend_G","Defend_G","Defend_G","Strike_G","Strike_G","Strike_G","Survivor","Neutralize","Caltrops+1","Venomology","Escape Plan","Calculated Gamble+1","Venomology","Masterful Stab","Escape Plan","Tactician"],"special_seed":0,"relics":["Ring of the Snake","Boot","Incense Burner","Molten Egg 2"],"potions_floor_usage":[5,5,5,6,6,6,8,8],"damage_taken":[{"damage":1.0,"enemies":"Cultist","floor":1.0,"turns":5.0},{"damage":4.0,"enemies":"Small Slimes","floor":2.0,"turns":3.0},{"damage":0,"enemies":"Jaw Worm","floor":5,"turns":3},{"damage":7,"enemies":"Lagavulin","floor":6,"turns":10},{"damage":27,"enemies":"3 Sentries","floor":8,"turns":8},{"damage":0,"enemies":"Blue Slaver","floor":10,"turns":4},{"damage":0,"enemies":"Large Slime","floor":12,"turns":1}],"seed_played":"-1511553541204422113","potions_obtained":[{"floor":1.0,"key":"AttackPotion"},{"floor":2.0,"key":"Explosive Potion"}],"is_trial":false,"path_per_floor":["M","M","?","$","M","E","R","E","T","M","R","M"],"character_chosen":"THE_SILENT","items_purchased":[],"campfire_rested":0,"item_purchase_floors":[],"current_hp_per_floor":[58,54,54,54,54,47,47,20,20,20,20,20],"gold":113,"neow_bonus":"TRANSFORM_TWO_CARDS","is_prod":false,"is_daily":false,"chose_seed":false,"campfire_upgraded":2,"win_rate":0,"timestamp":1548411265,"path_taken":["M","?","?","?","M","E","R","E","T","M","R","M"],"build_version":"2019-01-23","purchased_purges":0,"victory":false,"max_hp_per_floor":[66,66,66,66,66,66,66,66,66,66,66,66],"card_choices":[{"not_picked":["Quick Slash","Setup"],"picked":"Escape Plan","floor":1.0},{"not_picked":["Reflex","Blade Dance"],"picked":"Calculated Gamble","floor":2.0},{"not_picked":["Sucker Punch","Dagger Spray","Prepared"],"picked":"SKIP","floor":5},{"not_picked":["Flying Knee","Blade Dance"],"picked":"Masterful Stab","floor":6},{"not_picked":["Setup","Distraction"],"picked":"Escape Plan","floor":8},{"not_picked":["All Out Attack+1","Bouncing Flask"],"picked":"Tactician","floor":10}],"player_experience":2240537,"relics_obtained":[{"floor":6,"key":"Boot"},{"floor":8,"key":"Incense Burner"},{"floor":9,"key":"Molten Egg 2"}],"event_choices":[{"damage_healed":0,"gold_gain":0,"cards_transformed":["Strike_G"],"player_choice":"Transformed","damage_taken":0,"max_hp_gain":0,"max_hp_loss":0,"event_name":"Transmorgrifier","floor":3,"gold_loss":0,"cards_obtained":["Venomology"]}],"is_beta":false,"boss_relics":[],"items_purged_floors":[],"is_endless":false,"potions_floor_spawned":[1,2,10],"killed_by":"Large Slime","ascension_level":20}