{"path_per_floor":["M","?","M","?","$","R","M","M","T","M","R","$","E","?","R"],"character_chosen":"THE_SILENT","items_purchased":[],"gold_per_floor":[117,117,131,131,56,56,76,89,89,59,59,59,99,178,178,178],"floor_reached":16,"campfire_rested":1,"playtime":563,"item_purchase_floors":[],"current_hp_per_floor":[57,57,52,52,52,52,52,50,50,50,50,50,13,10,29,0],"items_purged":["Injury"],"gold":178,"score":167,"play_id":"ba4efa66-c433-496b-a8a7-3feec7520f80","local_time":"20180616214527","is_prod":false,"is_daily":false,"chose_seed":false,"is_ascension_mode":true,"campfire_upgraded":2,"win_rate":0,"timestamp":1529156727,"campfire_choices":[{"data":"Neutralize","floor":6,"key":"SMITH"},{"data":"Sucker Punch","floor":11,"key":"SMITH"},{"floor":15,"key":"REST"}],"path_taken":["M","?","?","?","$","R","M","M","T","?","R","?","E","?","R","BOSS"],"build_version":"2018-06-14v2","seed_source_timestamp":42325735045003,"purchased_purges":1,"victory":false,"master_deck":["Defend_G","Defend_G","Defend_G","Defend_G","Defend_G","Strike_G","Strike_G","Strike_G","Strike_G","Strike_G","Survivor","Neutralize+1","AscendersBane","Sucker Punch+1","Underhanded Strike","Dagger Spray","Caltrops"],"max_hp_per_floor":[66,66,66,66,66,66,66,66,66,66,66,66,66,66,66,66],"relics":["Ring of the Snake","Golden Idol","Boot","Letter Opener","Turnip"],"card_choices":[{"not_picked":["Prepared","Bane","Expertise"],"picked":"SKIP","floor":1},{"not_picked":["Blade Dance","Acrobatics","Setup"],"picked":"SKIP","floor":3},{"not_picked":["Slice","Flying Knee"],"picked":"Sucker Punch","floor":7},{"not_picked":["Dodge and Roll","Quick Slash"],"picked":"Underhanded Strike","floor":8},{"not_picked":["Eviscerate","Catalyst","Riddle With Holes"],"picked":"SKIP","floor":10},{"not_picked":["Crippling Poison","Outmaneuver"],"picked":"Dagger Spray","floor":13},{"not_picked":["Venomology","Dagger Spray"],"picked":"Caltrops","floor":14}],"player_experience":626857,"potions_floor_usage":[7,14,14,16],"damage_taken":[{"damage":2,"enemies":"Small Slimes","floor":1,"turns":6},{"damage":5,"enemies":"Cultist","floor":3,"turns":7},{"damage":0,"enemies":"Jaw Worm","floor":7,"turns":3},{"damage":2,"enemies":"Blue Slaver","floor":8,"turns":5},{"damage":0,"enemies":"Looter","floor":10,"turns":4},{"damage":37,"enemies":"Lagavulin","floor":13,"turns":9},{"damage":3,"enemies":"Lagavulin Event","floor":14,"turns":8},{"damage":31,"enemies":"Hexaghost","floor":16,"turns":11}],"relics_obtained":[{"floor":9,"key":"Boot"},{"floor":13,"key":"Letter Opener"},{"floor":14,"key":"Turnip"}],"event_choices":[{"event_name":"The Lab","player_choice":"Got Potions","floor":2,"damage_taken":0},{"event_name":"Golden Idol","player_choice":"Take Wound","floor":4,"damage_taken":0},{"event_name":"Dead Adventurer","player_choice":"Searched \u00271\u0027 times","floor":14,"damage_taken":0}],"boss_relics":[],"items_purged_floors":[5],"is_endless":false,"potions_floor_spawned":[3,8,14],"seed_played":"1631866602108072308","killed_by":"Hexaghost","ascension_level":14,"potions_obtained":[{"floor":2,"key":"EssenceOfSteel"},{"floor":2,"key":"FearPotion"},{"floor":8,"key":"EssenceOfSteel"},{"floor":14,"key":"GamblersBrew"}],"is_trial":false}