{"gold_per_floor":[113,127,142,154,154,154,173,198,198,33,33,52,52],"floor_reached":13,"playtime":335,"items_purged":[],"score":224,"play_id":"6c3eaa85-dc15-4a84-a690-4ef3d4beeb52","local_time":"20190719113843","is_ascension_mode":true,"campfire_choices":[{"data":"Bouncing Flask","floor":6.0,"key":"SMITH"}],"neow_cost":"TEN_PERCENT_HP_LOSS","seed_source_timestamp":1045782737346164,"circlet_count":0,"master_deck":["AscendersBane","Strike_G","Strike_G","Strike_G","Defend_G","Defend_G","Defend_G","Defend_G","Survivor","Neutralize","Bouncing Flask+1"],"special_seed":0,"relics":["Ring of the Snake","Boot","Singing Bowl","Snake Skull"],"potions_floor_usage":[12],"damage_taken":[{"damage":0.0,"enemies":"Cultist","floor":1.0,"turns":4.0},{"damage":1.0,"enemies":"2 Louse","floor":2.0,"turns":4.0},{"damage":0.0,"enemies":"Jaw Worm","floor":3.0,"turns":4.0},{"damage":25.0,"enemies":"Lots of Slimes","floor":4.0,"turns":5.0},{"damage":6.0,"enemies":"Looter","floor":7.0,"turns":3.0},{"damage":0.0,"enemies":"Gremlin Nob","floor":8.0,"turns":3.0},{"damage":12,"enemies":"Exordium Thugs","floor":12,"turns":4},{"damage":30,"enemies":"Gremlin Gang","floor":13,"turns":3}],"seed_played":"7296265114997313780","potions_obtained":[{"floor":3.0,"key":"EssenceOfSteel"},{"floor":7.0,"key":"SkillPotion"},{"floor":8.0,"key":"PowerPotion"}],"is_trial":false,"path_per_floor":["M","M","M","M","?","R","M","E","T","$","?","M","M"],"character_chosen":"THE_SILENT","items_purchased":["Snake Skull"],"campfire_rested":0,"item_purchase_floors":[10],"current_hp_per_floor":[59,58,58,33,26,26,20,20,20,20,20,10,0],"gold":52,"neow_bonus":"REMOVE_TWO","is_prod":false,"is_daily":false,"chose_seed":false,"campfire_upgraded":1,"win_rate":0,"timestamp":1563507523,"path_taken":["M","M","?","M","?","R","M","E","T","$","?","?","M"],"build_version":"2019-07-17","purchased_purges":0,"victory":false,"max_hp_per_floor":[60,60,60,60,60,60,60,60,60,60,60,62,62],"card_choices":[{"not_picked":["Underhanded Strike","Blade Dance"],"picked":"Bouncing Flask","floor":1.0},{"not_picked":["Deadly Poison","Bouncing Flask","Cloak And Dagger"],"picked":"SKIP","floor":2.0},{"not_picked":["Underhanded Strike","Quick Slash","Flying Knee"],"picked":"SKIP","floor":3.0},{"not_picked":["Deadly Poison","Footwork","Reflex"],"picked":"SKIP","floor":4.0},{"not_picked":["Cloak And Dagger","Quick Slash","Prepared"],"picked":"SKIP","floor":7.0},{"not_picked":["Unload","Dodge and Roll","Skewer"],"picked":"SKIP","floor":8.0},{"not_picked":["PiercingWail","Slice","Quick Slash"],"picked":"Singing Bowl","floor":12}],"player_experience":1627069,"relics_obtained":[{"floor":8.0,"key":"Boot"},{"floor":9.0,"key":"Singing Bowl"}],"event_choices":[{"cards_removed":["Strike_G"],"damage_healed":0.0,"max_hp_gain":0.0,"max_hp_loss":0.0,"gold_gain":0.0,"event_name":"Golden Wing","player_choice":"Card Removal","floor":5.0,"gold_loss":0.0,"damage_taken":7.0},{"damage_healed":0.0,"max_hp_gain":0.0,"max_hp_loss":0.0,"gold_gain":0.0,"event_name":"Lab","player_choice":"Got Potions","floor":11.0,"gold_loss":0.0,"damage_taken":0.0}],"is_beta":false,"boss_relics":[],"items_purged_floors":[],"is_endless":false,"potions_floor_spawned":[3,7,8],"killed_by":"Gremlin Gang","ascension_level":20}