{"gold_per_floor":[111,121,134,134,12,12,26,26,108,108,142,67,86,99,99,171,171,183,58,82,94,110,110,139,139,163,180,180,197,197,197,197,197],"floor_reached":33,"playtime":1526,"items_purged":["Strike_R"],"score":534,"play_id":"027a8960-ae81-4c9a-9dea-49153fa35f06","local_time":"20181220111625","is_ascension_mode":true,"campfire_choices":[{"data":"True Grit","floor":6.0,"key":"SMITH"},{"data":"True Grit","floor":8.0,"key":"SMITH"},{"data":"Bash","floor":10.0,"key":"SMITH"},{"data":"Fiend Fire","floor":15.0,"key":"SMITH"},{"floor":23.0,"key":"REST"},{"floor":25.0,"key":"REST"},{"data":"Barricade","floor":28.0,"key":"SMITH"},{"floor":32.0,"key":"REST"}],"neow_cost":"NONE","seed_source_timestamp":2124406307285,"circlet_count":0,"master_deck":["AscendersBane","Strike_R","Strike_R","Defend_R","Defend_R","Defend_R","Defend_R","Bash+1","Fiend Fire+1","Spot Weakness","Rage","Corruption","Finesse","True Grit+1","True Grit+1","Offering","Shrug It Off","Shrug It Off","Barricade+1","Dropkick","Entrench","Dual Wield","Burning Pact","Dropkick","Heavy Blade","Demon Form"],"special_seed":0,"relics":["Black Blood","Happy Flower","Turnip","Smiling Mask","Question Card","Juzu Bracelet"],"potions_floor_usage":[33],"damage_taken":[{"damage":1.0,"enemies":"Cultist","floor":1.0,"turns":3.0},{"damage":2.0,"enemies":"Jaw Worm","floor":2.0,"turns":3.0},{"damage":5.0,"enemies":"2 Louse","floor":3.0,"turns":4.0},{"damage":0.0,"enemies":"Blue Slaver","floor":7.0,"turns":5.0},{"damage":26.0,"enemies":"Gremlin Nob","floor":11.0,"turns":4.0},{"damage":0.0,"enemies":"2 Fungi Beasts","floor":13.0,"turns":4.0},{"damage":6.0,"enemies":"Looter","floor":14.0,"turns":2.0},{"damage":38.0,"enemies":"Slime Boss","floor":16.0,"turns":8.0},{"damage":15.0,"enemies":"Spheric Guardian","floor":18.0,"turns":8.0},{"damage":55.0,"enemies":"Chosen","floor":21.0,"turns":7.0},{"damage":6.0,"enemies":"Centurion and Healer","floor":22.0,"turns":6.0},{"damage":23.0,"enemies":"Slavers","floor":24.0,"turns":6.0},{"damage":14.0,"enemies":"Snake Plant","floor":27.0,"turns":4.0},{"damage":9.0,"enemies":"Sentry and Sphere","floor":29.0,"turns":18.0},{"damage":34.0,"enemies":"Colosseum Slavers","floor":30.0,"turns":5.0},{"damage":56,"enemies":"Automaton","floor":33,"turns":6}],"seed_played":"4363672636032505700","potions_obtained":[{"floor":1.0,"key":"SkillPotion"},{"floor":7.0,"key":"FearPotion"},{"floor":11.0,"key":"Fire Potion"},{"floor":21.0,"key":"SkillPotion"},{"floor":27.0,"key":"PowerPotion"}],"is_trial":false,"path_per_floor":["M","M","M","?","$","R","M","R","T","R","E","$","M","M","R","B",null,"M","$","T","M","M","R","E","R","T","M","R","M","?","?","R","B"],"character_chosen":"IRONCLAD","items_purchased":["Finesse","True Grit","Dropkick","Entrench"],"campfire_rested":3,"item_purchase_floors":[5,5,19,19],"current_hp_per_floor":[73,75,75,75,75,75,75,75,75,75,55,55,61,61,61,29,64,59,59,59,14,18,40,27,49,49,45,45,46,22,22,44,0],"gold":197,"neow_bonus":"ONE_RANDOM_RARE_CARD","is_prod":false,"is_daily":false,"chose_seed":false,"campfire_upgraded":5,"win_rate":0,"timestamp":1545275785,"path_taken":["M","?","M","?","$","R","M","R","T","R","E","$","M","M","R","BOSS","M","$","?","M","?","R","E","R","T","M","R","M","?","?","R","BOSS"],"build_version":"2018-12-13","purchased_purges":1,"victory":false,"max_hp_per_floor":[75,75,75,75,75,75,75,75,75,75,75,75,75,75,75,75,75,75,75,75,75,75,75,75,75,75,75,75,75,75,75,75,75],"card_choices":[{"not_picked":["Thunderclap","Heavy Blade"],"picked":"Spot Weakness","floor":1.0},{"not_picked":["Flame Barrier","Thunderclap"],"picked":"Rage","floor":2.0},{"not_picked":["Body Slam","Shockwave"],"picked":"Corruption","floor":3.0},{"not_picked":["Uppercut","Entrench"],"picked":"True Grit","floor":7.0},{"not_picked":["Battle Trance","Clothesline"],"picked":"Offering","floor":11.0},{"not_picked":["Flex","Anger"],"picked":"Shrug It Off","floor":13.0},{"not_picked":["Twin Strike","Spot Weakness"],"picked":"Shrug It Off","floor":14.0},{"not_picked":["Reaper","Fiend Fire"],"picked":"Barricade","floor":16.0},{"not_picked":["Warcry","Headbutt","Flex"],"picked":"SKIP","floor":18.0},{"not_picked":["Body Slam","Armaments","Anger"],"picked":"SKIP","floor":21.0},{"not_picked":["Thunderclap","True Grit"],"picked":"Dual Wield","floor":22.0},{"not_picked":["Anger","Power Through","Heavy Blade"],"picked":"SKIP","floor":24.0},{"not_picked":["Cleave","Blood for Blood","Whirlwind"],"picked":"Burning Pact","floor":27.0},{"not_picked":["Rage","Twin Strike","Wild Strike"],"picked":"Dropkick","floor":29.0}],"player_experience":1396354,"relics_obtained":[{"floor":4.0,"key":"Happy Flower"},{"floor":11.0,"key":"Turnip"},{"floor":20.0,"key":"Smiling Mask"},{"floor":24.0,"key":"Question Card"},{"floor":26.0,"key":"Juzu Bracelet"}],"event_choices":[{"damage_healed":0.0,"max_hp_gain":0.0,"max_hp_loss":0.0,"gold_gain":0.0,"event_name":"Wheel of Change","player_choice":"Relic","floor":4.0,"gold_loss":0.0,"damage_taken":0.0},{"damage_healed":0.0,"max_hp_gain":0.0,"max_hp_loss":0.0,"gold_gain":0.0,"event_name":"Colosseum","player_choice":"Fight","floor":30.0,"gold_loss":0.0,"damage_taken":0.0},{"damage_healed":0.0,"max_hp_gain":0.0,"max_hp_loss":0.0,"gold_gain":0.0,"event_name":"Colosseum","player_choice":"Fled From Nobs","floor":30.0,"gold_loss":0.0,"damage_taken":0.0},{"damage_healed":0.0,"max_hp_gain":0.0,"max_hp_loss":0.0,"gold_gain":0.0,"cards_transformed":["Strike_R","Strike_R"],"event_name":"Drug Dealer","player_choice":"Became Test Subject","floor":31.0,"gold_loss":0.0,"damage_taken":0.0,"cards_obtained":["Heavy Blade","Demon Form"]}],"is_beta":false,"boss_relics":[{"not_picked":["Velvet Choker","Runic Cube"],"picked":"Black Blood"}],"items_purged_floors":[12],"is_endless":false,"potions_floor_spawned":[1,7,11,14,21,27],"killed_by":"Automaton","ascension_level":20}