{"path_per_floor":["M","M","M","?","?","$","M","R","T","R","M","M","?","M","R","B",null,"M","?","$","M","?","R","M","R","T","$","M","?","R","E","R","B",null,"M","$","M","M","M","E","M","?","T","M","R","M"],"character_chosen":"DEFECT","items_purchased":["Coolheaded","Runic Capacitor","Bottled Tornado"],"gold_per_floor":[118,132,152,152,152,29,53,53,53,53,76,99,49,73,73,192,192,216,141,141,161,161,161,181,181,257,67,92,92,92,130,130,261,261,280,39,63,78,92,131,152,152,197,215,215,231,231],"floor_reached":47,"campfire_rested":4,"playtime":2813,"current_hp_per_floor":[68,62,62,45,45,45,22,22,22,42,32,29,29,17,37,23,68,55,55,55,49,33,53,53,53,53,53,41,41,41,16,16,5,68,58,58,46,43,41,43,18,32,32,28,54,29,0],"items_purged":["Strike_B"],"gold":231,"score":471,"play_id":"11c14281-3ee4-4821-8e78-8fb5ddf21b73","local_time":"20180501182747","is_prod":false,"is_daily":false,"chose_seed":false,"is_ascension_mode":false,"campfire_upgraded":4,"timestamp":1525192067,"path_taken":["M","?","M","?","?","$","M","R","T","R","M","?","?","M","R","BOSS","M","?","$","M","?","R","M","R","T","?","?","?","R","E","R","BOSS","M","$","M","M","M","E","M","?","T","?","R","M","E"],"build_version":"2018-04-30","seed_source_timestamp":0,"purchased_purges":1,"victory":false,"master_deck":["Strike_B","Defend_B","Zap","Dualcast","Static Discharge+1","Capacitor+1","Beam Cell","Coolheaded","Darkness","Ball Lightning","Lockon","Glacier","Meteor Strike","Recycle+1","Storm","Barrage+1","Barrage+1","Static Discharge+1","Multi-Cast","Undo+1","Skim+1","FTL","Flux Capacitor","Normality","Streamline+1"],"max_hp_per_floor":[68,68,68,68,68,68,68,68,68,68,68,68,68,68,68,68,68,68,68,68,68,68,68,68,68,68,68,68,68,68,68,68,68,68,68,68,68,68,68,75,75,89,89,89,89,89,89],"relics":["Cracked Core","Golden Idol","Bottled Flame","Nuclear Battery","Enchiridion","Pantograph","Runic Capacitor","Mercury Hourglass","Velvet Choker","Bottled Tornado","Strawberry","Mango","Lantern"],"card_choices":[{"not_picked":["Flux Capacitor","Barrage"],"picked":"Static Discharge","floor":1.0},{"not_picked":["Skim","Melter"],"picked":"Capacitor","floor":2.0},{"not_picked":["Stack","Scrape"],"picked":"Beam Cell","floor":3.0},{"not_picked":["Sweeping Beam","Cold Snap"],"picked":"Darkness","floor":7.0},{"not_picked":["Leap","Beam Cell"],"picked":"Ball Lightning","floor":11.0},{"not_picked":["Glacier","Impulse"],"picked":"Lockon","floor":12.0},{"not_picked":["Axe Kick","Barrage"],"picked":"Glacier","floor":14.0},{"not_picked":["Machine Learning","Biased Cognition"],"picked":"Meteor Strike","floor":16.0},{"not_picked":["Impulse","Capacitor"],"picked":"Recycle","floor":18.0},{"not_picked":["Glacier","Reprogram"],"picked":"Storm","floor":21.0},{"not_picked":["Rebound","Stack"],"picked":"Barrage","floor":24.0},{"not_picked":["Sweeping Beam","Hologram"],"picked":"Barrage","floor":28.0},{"not_picked":["Reboot","Biased Cognition"],"picked":"Multi-Cast","floor":33.0},{"not_picked":["Beam Cell","Impulse"],"picked":"Undo","floor":37.0},{"not_picked":["Rebound","Capacitor"],"picked":"Skim","floor":38.0},{"not_picked":["Turbo","Aggregate"],"picked":"FTL","floor":39},{"not_picked":["Machine Learning","Cold Snap"],"picked":"Flux Capacitor","floor":40},{"not_picked":["Hologram","Chill"],"picked":"Streamline","floor":46}],"player_experience":36358,"potions_floor_usage":[44,47,47,47],"damage_taken":[{"damage":0.0,"enemies":"Cultist","floor":1.0,"turns":3.0},{"damage":6.0,"enemies":"Jaw Worm","floor":2.0,"turns":3.0},{"damage":0.0,"enemies":"2 Louse","floor":3.0,"turns":3.0},{"damage":23.0,"enemies":"Exordium Wildlife","floor":7.0,"turns":4.0},{"damage":10.0,"enemies":"Looter","floor":11.0,"turns":2.0},{"damage":3.0,"enemies":"Large Slime","floor":12.0,"turns":5.0},{"damage":12.0,"enemies":"Exordium Thugs","floor":14.0,"turns":3.0},{"damage":14.0,"enemies":"The Guardian","floor":16.0,"turns":9.0},{"damage":13.0,"enemies":"Spheric Guardian","floor":18.0,"turns":3.0},{"damage":6.0,"enemies":"Chosen","floor":21.0,"turns":5.0},{"damage":0.0,"enemies":"3 Cultists","floor":24.0,"turns":6.0},{"damage":12.0,"enemies":"Centurion and Healer","floor":28.0,"turns":4.0},{"damage":25.0,"enemies":"Book of Stabbing","floor":31.0,"turns":4.0},{"damage":36.0,"enemies":"Collector","floor":33.0,"turns":5.0},{"damage":17.0,"enemies":"3 Shapes","floor":35.0,"turns":4.0},{"damage":12.0,"enemies":"3 Darklings","floor":37.0,"turns":3.0},{"damage":5.0,"enemies":"Flame Bruiser 2 Orb","floor":38.0,"turns":4.0},{"damage":7,"enemies":"Maw","floor":39,"turns":5},{"damage":9,"enemies":"Giant Head","floor":40,"turns":6},{"damage":41,"enemies":"Spire Growth","floor":41,"turns":4},{"damage":4,"enemies":"3 Darklings","floor":44,"turns":5},{"damage":25,"enemies":"Sphere and 2 Shapes","floor":46,"turns":3},{"damage":56,"enemies":"Nemesis","floor":47,"turns":4}],"event_choices":[{"event_name":"Golden Idol","player_choice":"Take Damage","floor":4.0,"damage_taken":0.0},{"event_name":"Living Wall","player_choice":"Forget","floor":5.0,"damage_taken":0.0},{"event_name":"The Cleric","player_choice":"Card Removal","floor":13.0,"damage_taken":0.0},{"event_name":"Beggar","player_choice":"Gave Gold","floor":19.0,"damage_taken":0.0},{"event_name":"Cursed Tome","player_choice":"Obtained Book","floor":22.0,"damage_taken":0.0},{"event_name":"Duplicator","player_choice":"One dupe","floor":29.0,"damage_taken":0.0},{"event_name":"Accursed Blacksmith","player_choice":"Rummage","floor":42,"damage_taken":0}],"boss_relics":[],"potions_floor_spawned":[1,2,14,16,18,21,31,39,40,41,46],"seed_played":"2212458900868055450","killed_by":"Nemesis","ascension_level":0,"is_trial":false}