{"gold_per_floor":[110,129,148,323,223,223,241,241,241,272,291,302,312,338,338,441,441,460,370,387,407,407,435,448,448,525,541,571,591,140,158,158,262,262,277,290,302,312,329,362,362,391,472,483,483,513,526,536,536,536,536,536,80,106,106],"floor_reached":56,"playtime":1858,"items_purged":["Doubt","Strike_G","Strike_G"],"score":1654,"play_id":"edeabf98-3163-4baa-bdaf-b7f74ed618ca","local_time":"20181206191638","is_ascension_mode":false,"campfire_choices":[{"data":"Deadly Poison","floor":6.0,"key":"SMITH"},{"data":"Neutralize","floor":8.0,"key":"SMITH"},{"data":"Catalyst","floor":15.0,"key":"SMITH"},{"data":"Corpse Explosion","floor":25.0,"key":"SMITH"},{"data":"Deadly Poison","floor":32.0,"key":"SMITH"},{"floor":41.0,"key":"RECALL"},{"data":"Night Terror","floor":49.0,"key":"SMITH"},{"data":"Defend_G","floor":52.0,"key":"SMITH"}],"neow_cost":"NONE","seed_source_timestamp":35862219991453,"circlet_count":0,"master_deck":["Defend_G+1","Defend_G","Defend_G","Defend_G","Defend_G","Strike_G","Survivor+1","Neutralize+1","All Out Attack","Deadly Poison+1","Catalyst+1","Deadly Poison+1","Corpse Explosion+1","Bouncing Flask+1","Backflip+1","Terror","Night Terror+1","Adrenaline"],"special_seed":0,"relics":["Ring of the Snake","Bag of Preparation","FossilizedHelix","Smiling Mask","Velvet Choker","Dream Catcher","Darkstone Periapt","Thread and Needle","PreservedInsect","Dodecahedron","Runic Pyramid","Happy Flower","Art of War","Gremlin Horn","Regal Pillow","TwistedFunnel","Vajra","Orichalcum"],"potions_floor_usage":[55,55],"damage_taken":[{"damage":0.0,"enemies":"Small Slimes","floor":1.0,"turns":5.0},{"damage":0.0,"enemies":"Jaw Worm","floor":2.0,"turns":3.0},{"damage":0.0,"enemies":"Cultist","floor":3.0,"turns":3.0},{"damage":0.0,"enemies":"Looter","floor":7.0,"turns":3.0},{"damage":3.0,"enemies":"Lagavulin","floor":10.0,"turns":5.0},{"damage":0.0,"enemies":"Gremlin Gang","floor":11.0,"turns":3.0},{"damage":0.0,"enemies":"3 Louse","floor":12.0,"turns":2.0},{"damage":0.0,"enemies":"Exordium Wildlife","floor":13.0,"turns":2.0},{"damage":9.0,"enemies":"3 Sentries","floor":14.0,"turns":7.0},{"damage":16.0,"enemies":"The Guardian","floor":16.0,"turns":8.0},{"damage":0.0,"enemies":"Chosen","floor":18.0,"turns":3.0},{"damage":0.0,"enemies":"2 Thieves","floor":20.0,"turns":2.0},{"damage":0.0,"enemies":"Centurion and Healer","floor":21.0,"turns":3.0},{"damage":18.0,"enemies":"Gremlin Leader","floor":23.0,"turns":6.0},{"damage":0.0,"enemies":"Chosen and Byrds","floor":24.0,"turns":3.0},{"damage":0.0,"enemies":"Snecko","floor":27.0,"turns":3.0},{"damage":2.0,"enemies":"Book of Stabbing","floor":28.0,"turns":5.0},{"damage":0.0,"enemies":"Sentry and Sphere","floor":29.0,"turns":5.0},{"damage":0.0,"enemies":"Centurion and Healer","floor":31.0,"turns":2.0},{"damage":0.0,"enemies":"Automaton","floor":33.0,"turns":6.0},{"damage":0.0,"enemies":"Orb Walker","floor":35.0,"turns":2.0},{"damage":0.0,"enemies":"3 Darklings","floor":36.0,"turns":3.0},{"damage":0.0,"enemies":"4 Shapes","floor":37.0,"turns":3.0},{"damage":0.0,"enemies":"Writhing Mass","floor":38.0,"turns":3.0},{"damage":0.0,"enemies":"Spire Growth","floor":39.0,"turns":3.0},{"damage":0.0,"enemies":"Nemesis","floor":40.0,"turns":3.0},{"damage":0.0,"enemies":"Reptomancer","floor":42.0,"turns":3.0},{"damage":0.0,"enemies":"Sphere and 2 Shapes","floor":44.0,"turns":4.0},{"damage":0.0,"enemies":"Nemesis","floor":46.0,"turns":4.0},{"damage":0.0,"enemies":"4 Shapes","floor":47.0,"turns":2.0},{"damage":0.0,"enemies":"Spire Growth","floor":48.0,"turns":3.0},{"damage":0.0,"enemies":"Awakened One","floor":50.0,"turns":9.0},{"damage":0.0,"enemies":"Shield and Spear","floor":54.0,"turns":3.0},{"damage":0,"enemies":"The Heart","floor":55,"turns":4}],"seed_played":"6429755098411338940","potions_obtained":[{"floor":1.0,"key":"SmokeBomb"},{"floor":2.0,"key":"Weak Potion"},{"floor":3.0,"key":"Poison Potion"},{"floor":11.0,"key":"Ancient Potion"},{"floor":16.0,"key":"Dexterity Potion"},{"floor":18.0,"key":"GamblersBrew"},{"floor":24.0,"key":"Ancient Potion"},{"floor":27.0,"key":"AttackPotion"},{"floor":33.0,"key":"Strength Potion"},{"floor":36.0,"key":"SkillPotion"}],"is_trial":false,"path_per_floor":["M","M","M","?","$","R","M","R","T","E","M","M","M","E","R","B",null,"M","?","M","M","?","E","M","R","T","M","E","M","$","M","R","B",null,"M","M","M","M","M","E","R","E","T","M","?","E","M","M","R","B",null,"R","$","E","B",null],"character_chosen":"THE_SILENT","items_purchased":["Deadly Poison","PreservedInsect","Dodecahedron","TwistedFunnel","Vajra","SkillPotion"],"campfire_rested":0,"item_purchase_floors":[5,30,30,53,53,53],"current_hp_per_floor":[70,70,70,70,70,70,70,70,70,67,67,67,67,58,58,42,70,70,70,70,70,70,52,52,52,52,52,50,50,50,50,50,50,70,70,70,70,70,70,70,70,70,70,70,70,70,70,70,70,70,70,70,70,70,70],"gold":106,"neow_bonus":"RANDOM_COMMON_RELIC","is_prod":false,"is_daily":false,"chose_seed":false,"campfire_upgraded":7,"win_rate":0,"timestamp":1544094998,"path_taken":["M","M","M","?","$","R","M","R","T","E","M","M","M","E","R","BOSS","M","?","M","?","?","E","M","R","T","M","E","M","$","?","R","BOSS","M","M","M","M","M","E","R","E","T","M","?","E","M","M","R","BOSS","R","$","E","BOSS"],"build_version":"2018-11-15","purchased_purges":3,"victory":true,"max_hp_per_floor":[70,70,70,70,70,70,70,70,70,70,70,70,70,70,70,70,70,70,70,70,70,70,70,70,70,70,70,70,70,70,70,70,70,70,70,70,70,70,70,70,70,70,70,70,70,70,70,70,70,70,70,70,70,70,70],"card_choices":[{"not_picked":["Underhanded Strike","Blade Dance"],"picked":"All Out Attack","floor":1.0},{"not_picked":["Reflex","Riddle With Holes","Bane"],"picked":"SKIP","floor":2.0},{"not_picked":["Dodge and Roll","Outmaneuver","Finisher"],"picked":"SKIP","floor":3.0},{"not_picked":["Blade Dance","Bane","Dagger Throw"],"picked":"SKIP","floor":7.0},{"not_picked":["Deflect","Bullet Time"],"picked":"Catalyst","floor":10.0},{"not_picked":["Acrobatics","Slice"],"picked":"Deadly Poison","floor":11.0},{"not_picked":["Backflip","Endless Agony","Crippling Poison"],"picked":"SKIP","floor":12.0},{"not_picked":["Backstab","Dodge and Roll","Poisoned Stab"],"picked":"SKIP","floor":13.0},{"not_picked":["Outmaneuver","Dodge and Roll","Calculated Gamble"],"picked":"SKIP","floor":14.0},{"not_picked":["Unload","Grand Finale"],"picked":"Corpse Explosion","floor":16.0},{"not_picked":["Outmaneuver+1","Endless Agony","Prepared+1"],"picked":"SKIP","floor":18.0},{"not_picked":["Terror","Footwork","Flying Knee+1"],"picked":"SKIP","floor":20.0},{"not_picked":["Terror","Footwork","Flying Knee+1"],"picked":"SKIP","floor":20.0},{"not_picked":["Deflect","Escape Plan","Underhanded Strike+1"],"picked":"SKIP","floor":21.0},{"not_picked":["Setup","Prepared","Venomology"],"picked":"SKIP","floor":23.0},{"not_picked":["Deflect+1","Flechettes","Prepared"],"picked":"SKIP","floor":24.0},{"not_picked":["Flying Knee","Concentrate+1","Acrobatics"],"picked":"SKIP","floor":27.0},{"not_picked":["Heel Hook+1","Deadly Poison","Dash"],"picked":"SKIP","floor":28.0},{"not_picked":["Quick Slash","Dagger Throw"],"picked":"Bouncing Flask+1","floor":29.0},{"not_picked":["Prepared","Dodge and Roll+1"],"picked":"Backflip+1","floor":31.0},{"not_picked":["Masterful Stab","Flying Knee+1","All Out Attack"],"picked":"SKIP","floor":35.0},{"not_picked":["Caltrops","Masterful Stab+1","Poisoned Stab+1"],"picked":"SKIP","floor":36.0},{"not_picked":["Underhanded Strike+1","Slice","Flechettes"],"picked":"SKIP","floor":37.0},{"not_picked":["Quick Slash+1","Outmaneuver+1","Acrobatics"],"picked":"SKIP","floor":38.0},{"not_picked":["Flying Knee+1","Skewer+1","Dagger Spray+1"],"picked":"SKIP","floor":39.0},{"not_picked":["Distraction","Acrobatics+1","PiercingWail"],"picked":"SKIP","floor":40.0},{"not_picked":["Heel Hook","Endless Agony+1","Dagger Throw"],"picked":"SKIP","floor":42.0},{"not_picked":["Bane+1","Dodge and Roll+1","Expertise+1"],"picked":"SKIP","floor":44.0},{"not_picked":["Backstab+1","Underhanded Strike+1","Slice"],"picked":"SKIP","floor":46.0},{"not_picked":["Dagger Throw","Cloak And Dagger"],"picked":"Night Terror","floor":47.0},{"not_picked":["Distraction","Slice+1","Dagger Spray+1"],"picked":"SKIP","floor":48.0},{"not_picked":["Dodge and Roll+1","Blade Dance+1"],"picked":"Adrenaline","floor":54.0}],"player_experience":1166994,"relics_obtained":[{"floor":10.0,"key":"FossilizedHelix"},{"floor":14.0,"key":"Smiling Mask"},{"floor":23.0,"key":"Dream Catcher"},{"floor":26.0,"key":"Darkstone Periapt"},{"floor":28.0,"key":"Thread and Needle"},{"floor":40.0,"key":"Happy Flower"},{"floor":42.0,"key":"Art of War"},{"floor":43.0,"key":"Gremlin Horn"},{"floor":46.0,"key":"Regal Pillow"},{"floor":54.0,"key":"Orichalcum"}],"event_choices":[{"damage_healed":0.0,"max_hp_gain":0.0,"max_hp_loss":0.0,"gold_gain":175.0,"event_name":"Liars Game","player_choice":"AGREE","floor":4.0,"gold_loss":0.0,"damage_taken":0.0,"cards_obtained":["Doubt"]},{"cards_removed":["Strike_G"],"damage_healed":0.0,"max_hp_gain":0.0,"max_hp_loss":0.0,"gold_gain":0.0,"event_name":"Designer","player_choice":"Upgrade and Remove","floor":19.0,"gold_loss":90.0,"damage_taken":0.0,"cards_upgraded":["Survivor"]},{"damage_healed":0.0,"max_hp_gain":0.0,"max_hp_loss":0.0,"gold_gain":0.0,"event_name":"NoteForYourself","player_choice":"Ignored","floor":22.0,"gold_loss":0.0,"damage_taken":0.0},{"damage_healed":0.0,"max_hp_gain":0.0,"max_hp_loss":0.0,"gold_gain":0.0,"cards_transformed":["Strike_G"],"event_name":"Transmorgrifier","player_choice":"Transformed","floor":45.0,"gold_loss":0.0,"damage_taken":0.0,"cards_obtained":["Terror"]}],"is_beta":false,"boss_relics":[{"not_picked":["Astrolabe","Empty Cage"],"picked":"Velvet Choker"},{"not_picked":["Busted Crown","White Beast Statue"],"picked":"Runic Pyramid"}],"items_purged_floors":[5,30,53],"is_endless":false,"potions_floor_spawned":[1,2,3,11,12,16,18,21,24,27,33,36,37,39,42,46],"ascension_level":0}