{"gold_per_floor":[115,265,265,265,41,69,69,94,120,145,164,176,186,221,221,294,294,305,324,324],"floor_reached":20,"playtime":488,"items_purged":[],"score":484,"play_id":"2c99be18-cf4e-4877-9726-2728235b3949","local_time":"20190423032641","is_ascension_mode":true,"campfire_choices":[{"data":"Darkness","floor":15.0,"key":"SMITH"}],"neow_cost":"NONE","seed_source_timestamp":40215877625493,"circlet_count":0,"master_deck":["AscendersBane","Strike_B","Strike_B","Strike_B","Strike_B","Defend_B","Defend_B","Defend_B","Defend_B","Zap","Dualcast","Ball Lightning","Regret","Glacier","Darkness+1","Redo","Self Repair","Turbo","Hologram","Rainbow","Cold Snap+1"],"special_seed":0,"relics":["Cracked Core","NeowsBlessing","Meat on the Bone","Medical Kit","Boot","Darkstone Periapt","Happy Flower","Odd Mushroom","Regal Pillow","Cursed Key"],"potions_floor_usage":[],"damage_taken":[{"damage":0.0,"enemies":"2 Louse","floor":1.0,"turns":1.0},{"damage":0.0,"enemies":"Lagavulin","floor":6.0,"turns":1.0},{"damage":0.0,"enemies":"3 Sentries","floor":8.0,"turns":1.0},{"damage":45.0,"enemies":"The Mushroom Lair","floor":10.0,"turns":5.0},{"damage":3.0,"enemies":"Jaw Worm","floor":11.0,"turns":3.0},{"damage":0.0,"enemies":"Small Slimes","floor":12.0,"turns":2.0},{"damage":17.0,"enemies":"Blue Slaver","floor":13.0,"turns":3.0},{"damage":8.0,"enemies":"Gremlin Nob","floor":14.0,"turns":3.0},{"damage":31.0,"enemies":"Hexaghost","floor":16.0,"turns":9.0},{"damage":36,"enemies":"2 Thieves","floor":18,"turns":4},{"damage":25,"enemies":"3 Byrds","floor":19,"turns":4},{"damage":25,"enemies":"Masked Bandits","floor":20,"turns":3}],"seed_played":"-3545954110011854007","potions_obtained":[{"floor":6.0,"key":"Weak Potion"},{"floor":10.0,"key":"Poison Potion"},{"floor":11.0,"key":"Energy Potion"},{"floor":14.0,"key":"FocusPotion"},{"floor":16.0,"key":"Strength Potion"}],"is_trial":false,"path_per_floor":["M","?","?","?","$","E","$","E","T","?","M","M","M","E","R","B",null,"M","M","?"],"character_chosen":"DEFECT","items_purchased":["Medical Kit"],"campfire_rested":0,"item_purchase_floors":[5],"current_hp_per_floor":[64,64,57,57,57,57,57,57,57,24,33,45,40,51,51,39,63,46,40,15],"gold":324,"neow_bonus":"THREE_ENEMY_KILL","is_prod":false,"is_daily":false,"chose_seed":false,"campfire_upgraded":1,"win_rate":0,"timestamp":1555961201,"path_taken":["M","?","?","?","?","E","$","E","T","?","M","M","M","E","R","BOSS","M","M","?"],"build_version":"2019-01-23","purchased_purges":0,"victory":false,"max_hp_per_floor":[71,71,71,71,71,71,71,71,71,71,71,71,71,71,71,71,71,71,71,71],"card_choices":[{"not_picked":["Beam Cell","Reprogram"],"picked":"Ball Lightning","floor":1.0},{"not_picked":["Streamline","Auto Shields"],"picked":"Glacier","floor":6.0},{"not_picked":["Conserve Battery","Sweeping Beam"],"picked":"Darkness","floor":8.0},{"not_picked":["Rip and Tear","Streamline"],"picked":"Redo","floor":10.0},{"not_picked":["Conserve Battery","Leap","Cold Snap"],"picked":"SKIP","floor":11.0},{"not_picked":["Streamline","Scrape"],"picked":"Self Repair","floor":12.0},{"not_picked":["Coolheaded","Reinforced Body"],"picked":"Turbo","floor":13.0},{"not_picked":["Reinforced Body","Thunder Strike"],"picked":"Hologram","floor":14.0},{"not_picked":["Thunder Strike","Amplify"],"picked":"Rainbow","floor":16.0},{"not_picked":["Auto Shields","Redo","Leap"],"picked":"SKIP","floor":18},{"not_picked":["Steam+1","Compile Driver"],"picked":"Cold Snap+1","floor":19}],"player_experience":4447552,"relics_obtained":[{"floor":6.0,"key":"Boot"},{"floor":8.0,"key":"Darkstone Periapt"},{"floor":9.0,"key":"Happy Flower"},{"floor":10.0,"key":"Odd Mushroom"},{"floor":14.0,"key":"Regal Pillow"}],"event_choices":[{"damage_healed":0.0,"max_hp_gain":0.0,"max_hp_loss":0.0,"gold_gain":150.0,"event_name":"Liars Game","player_choice":"AGREE","floor":2.0,"gold_loss":0.0,"damage_taken":0.0,"cards_obtained":["Doubt"]},{"cards_removed":["Doubt"],"damage_healed":0.0,"max_hp_gain":0.0,"max_hp_loss":0.0,"gold_gain":0.0,"event_name":"Golden Wing","player_choice":"Card Removal","floor":3.0,"gold_loss":0.0,"damage_taken":7.0},{"damage_healed":0.0,"max_hp_gain":0.0,"max_hp_loss":0.0,"gold_gain":0.0,"event_name":"Big Fish","player_choice":"Box","floor":4.0,"gold_loss":0.0,"damage_taken":0.0,"relics_obtained":["Meat on the Bone"],"cards_obtained":["Regret"]},{"damage_healed":0.0,"max_hp_gain":0.0,"max_hp_loss":0.0,"gold_gain":0.0,"event_name":"Mushrooms","player_choice":"Fought Mushrooms","floor":10.0,"gold_loss":0.0,"damage_taken":0.0},{"damage_healed":0,"gold_gain":0,"player_choice":"Fought Bandits","damage_taken":0,"max_hp_gain":0,"max_hp_loss":0,"event_name":"Masked Bandits","floor":20,"gold_loss":0}],"is_beta":false,"boss_relics":[{"not_picked":["Tiny House","Astrolabe"],"picked":"Cursed Key"}],"items_purged_floors":[],"is_endless":false,"potions_floor_spawned":[6,10,11,14,16],"killed_by":"Masked Bandits","ascension_level":20}