{"gold_per_floor":[113,113,123,140,65,65,78,78,156,156,156,156,173,188,188,263,263,282,95,95,109,122,122,122,137,184,0,59,71,133,158,170,261,323,345,407,433,320,336,371,389,389,414,414,424,424,452,107,107,107,107,107,107,24,56,56],"floor_reached":56,"playtime":3459,"items_purged":["Strike_G","Strike_G","Strike_G","Defend_G"],"score":1894,"play_id":"653688f3-84b7-4286-b5af-1171a9849a71","local_time":"20190214131459","is_ascension_mode":true,"campfire_choices":[{"data":"Deadly Poison","floor":6.0,"key":"SMITH"},{"data":"Deadly Poison","floor":12.0,"key":"SMITH"},{"data":"Neutralize","floor":15.0,"key":"SMITH"},{"data":"Tools of the Trade","floor":23.0,"key":"SMITH"},{"data":"Footwork","floor":29.0,"key":"SMITH"},{"data":"Reflex","floor":32.0,"key":"SMITH"},{"data":"Reflex","floor":42.0,"key":"SMITH"},{"floor":44.0,"key":"RECALL"},{"data":"Survivor","floor":46,"key":"SMITH"},{"data":"Reflex","floor":49,"key":"SMITH"},{"data":"Escape Plan","floor":53,"key":"SMITH"}],"neow_cost":"NONE","seed_source_timestamp":12454719430727,"circlet_count":0,"master_deck":["AscendersBane","Defend_G","Defend_G+1","Defend_G+1","Defend_G","Survivor+1","Neutralize+1","Backflip+1","Deadly Poison+1","Deadly Poison+1","Reflex+1","Tools of the Trade+1","Prepared+1","Footwork+1","Escape Plan+1","Reflex+1","Escape Plan+1","Reflex+1","Grand Finale","Terror"],"special_seed":0,"relics":["Ring of the Snake","NeowsBlessing","Paper Crane","Singing Bowl","Runic Pyramid","MawBank","War Paint","Tiny House","Potion Belt","Meat on the Bone","Nunchaku"],"potions_floor_usage":[55,55,55],"damage_taken":[{"damage":0.0,"enemies":"Jaw Worm","floor":1.0,"turns":1.0},{"damage":0.0,"enemies":"Cultist","floor":3.0,"turns":1.0},{"damage":0.0,"enemies":"Small Slimes","floor":4.0,"turns":1.0},{"damage":2.0,"enemies":"Blue Slaver","floor":7.0,"turns":4.0},{"damage":13.0,"enemies":"Gremlin Gang","floor":13.0,"turns":6.0},{"damage":0.0,"enemies":"2 Fungi Beasts","floor":14.0,"turns":4.0},{"damage":3.0,"enemies":"The Guardian","floor":16.0,"turns":9.0},{"damage":1.0,"enemies":"Spheric Guardian","floor":18.0,"turns":5.0},{"damage":0.0,"enemies":"Chosen","floor":21.0,"turns":5.0},{"damage":11.0,"enemies":"Snecko","floor":22.0,"turns":10.0},{"damage":4.0,"enemies":"Cultist and Chosen","floor":25.0,"turns":9.0},{"damage":0.0,"enemies":"Sentry and Sphere","floor":31.0,"turns":6.0},{"damage":7.0,"enemies":"Champ","floor":33.0,"turns":12.0},{"damage":1.0,"enemies":"3 Shapes","floor":35.0,"turns":6.0},{"damage":0.0,"enemies":"Orb Walker","floor":37.0,"turns":5.0},{"damage":0.0,"enemies":"Sphere and 2 Shapes","floor":39.0,"turns":6.0},{"damage":2.0,"enemies":"Giant Head","floor":40.0,"turns":13.0},{"damage":2.0,"enemies":"4 Shapes","floor":41.0,"turns":6.0},{"damage":0,"enemies":"3 Darklings","floor":45,"turns":7},{"damage":11,"enemies":"Nemesis","floor":47,"turns":11},{"damage":5,"enemies":"Awakened One","floor":50,"turns":10},{"damage":0,"enemies":"Donu and Deca","floor":51,"turns":6},{"damage":23,"enemies":"Shield and Spear","floor":55,"turns":13},{"damage":65,"enemies":"The Heart","floor":56,"turns":3}],"seed_played":"-374753794485037217","potions_obtained":[{"floor":7.0,"key":"Swift Potion"},{"floor":13.0,"key":"GhostInAJar"},{"floor":14.0,"key":"Fire Potion"},{"floor":25.0,"key":"Fire Potion"},{"floor":34.0,"key":"GhostInAJar"},{"floor":39.0,"key":"SmokeBomb"},{"floor":47,"key":"Block Potion"}],"is_trial":false,"path_per_floor":["M","?","M","M","$","R","M","$","T","?","T","R","M","M","R","B",null,"M","$","?","M","M","R","?","M","T","?","T","R","?","M","R","B",null,"M","?","M","$","M","E","M","R","T","R","M","R","E","$","R","B","B",null,"R","$","E","B"],"character_chosen":"THE_SILENT","items_purchased":["Footwork","Reflex","Grand Finale","GhostInAJar"],"campfire_rested":0,"item_purchase_floors":[19,48,48,54],"current_hp_per_floor":[59,59,59,59,59,59,57,57,57,50,50,50,39,41,41,38,62,61,61,61,63,54,54,33,29,29,29,29,29,29,31,31,26,74,75,75,77,77,79,79,79,79,79,79,81,81,70,70,70,65,65,91,91,91,68,3],"gold":56,"neow_bonus":"THREE_ENEMY_KILL","is_prod":false,"is_daily":false,"chose_seed":false,"campfire_upgraded":10,"win_rate":0,"timestamp":1550121299,"path_taken":["M","?","M","M","?","R","M","$","T","?","?","R","?","M","R","BOSS","M","$","?","M","M","R","?","M","T","?","?","R","?","M","R","BOSS","M","?","M","$","M","E","M","R","T","R","?","R","E","$","R","BOSS","BOSS","R","$","E","BOSS"],"build_version":"2019-01-23","purchased_purges":4,"victory":false,"max_hp_per_floor":[66,66,66,66,66,66,66,66,66,66,66,66,68,70,70,70,70,70,70,70,72,74,74,79,79,79,79,79,79,79,81,81,83,88,90,90,92,92,94,96,98,98,98,98,100,100,100,100,100,100,100,100,100,100,100,100],"card_choices":[{"not_picked":["Deflect","PiercingWail"],"picked":"Backflip","floor":1.0},{"not_picked":["Flying Knee","Sucker Punch"],"picked":"Deadly Poison","floor":3.0},{"not_picked":["Tactician","Dagger Spray"],"picked":"Deadly Poison","floor":4.0},{"not_picked":["Predator","Acrobatics"],"picked":"Reflex","floor":7.0},{"not_picked":["Flying Knee","Bane","Accuracy"],"picked":"Singing Bowl","floor":13.0},{"not_picked":["Outmaneuver","Blade Dance","Quick Slash"],"picked":"Singing Bowl","floor":14.0},{"not_picked":["Envenom","Phantasmal Killer"],"picked":"Tools of the Trade","floor":16.0},{"not_picked":["Infinite Blades","Finisher"],"picked":"Prepared+1","floor":18.0},{"not_picked":["Deadly Poison","Endless Agony","Outmaneuver+1"],"picked":"Singing Bowl","floor":21.0},{"not_picked":["Noxious Fumes","Accuracy","Dodge and Roll+1"],"picked":"Singing Bowl","floor":22.0},{"not_picked":["Endless Agony","PiercingWail"],"picked":"Escape Plan","floor":25.0},{"not_picked":["Prepared","Eviscerate","PiercingWail+1"],"picked":"Singing Bowl","floor":31.0},{"not_picked":["Corpse Explosion","Unload","Doppelganger"],"picked":"Singing Bowl","floor":33.0},{"not_picked":["Deflect","Dagger Throw"],"picked":"Reflex","floor":34.0},{"not_picked":["Sucker Punch","Blade Dance","Prepared"],"picked":"Singing Bowl","floor":35.0},{"not_picked":["Footwork","Acrobatics+1","Outmaneuver+1"],"picked":"Singing Bowl","floor":37.0},{"not_picked":["Flying Knee","Finisher","Blur"],"picked":"Singing Bowl","floor":39.0},{"not_picked":["Underhanded Strike","Tools of the Trade","Outmaneuver"],"picked":"Singing Bowl","floor":40.0},{"not_picked":["Finisher","Well Laid Plans+1","Quick Slash+1"],"picked":"Singing Bowl","floor":41.0},{"not_picked":["Dodge and Roll+1","Riddle With Holes","Quick Slash"],"picked":"Singing Bowl","floor":45},{"not_picked":["Blade Dance","Caltrops"],"picked":"Escape Plan+1","floor":47},{"not_picked":["Dodge and Roll","Cloak And Dagger"],"picked":"Terror","floor":55}],"player_experience":2717186,"relics_obtained":[{"floor":9.0,"key":"Paper Crane"},{"floor":11.0,"key":"Singing Bowl"},{"floor":26.0,"key":"MawBank"},{"floor":28.0,"key":"War Paint"},{"floor":40.0,"key":"Potion Belt"},{"floor":47,"key":"Meat on the Bone"},{"floor":55,"key":"Nunchaku"}],"event_choices":[{"cards_removed":["Strike_G"],"damage_healed":0.0,"max_hp_gain":0.0,"max_hp_loss":0.0,"gold_gain":0.0,"event_name":"Purifier","player_choice":"Purged","floor":2.0,"gold_loss":0.0,"damage_taken":0.0},{"cards_removed":["Strike_G"],"damage_healed":0.0,"max_hp_gain":0.0,"max_hp_loss":0.0,"gold_gain":0.0,"event_name":"Golden Wing","player_choice":"Card Removal","floor":10.0,"gold_loss":0.0,"damage_taken":7.0},{"damage_healed":0.0,"max_hp_gain":0.0,"max_hp_loss":0.0,"gold_gain":0.0,"event_name":"The Mausoleum","player_choice":"Ignored","floor":20.0,"gold_loss":0.0,"damage_taken":0.0},{"damage_healed":0.0,"max_hp_gain":5.0,"max_hp_loss":0.0,"gold_gain":0.0,"event_name":"Forgotten Altar","player_choice":"Shed Blood","floor":24.0,"gold_loss":0.0,"damage_taken":26.0},{"damage_healed":0.0,"max_hp_gain":0.0,"max_hp_loss":0.0,"gold_gain":0.0,"event_name":"Masked Bandits","player_choice":"Paid Fearfully","floor":27.0,"gold_loss":196.0,"damage_taken":0.0},{"damage_healed":0.0,"max_hp_gain":0.0,"max_hp_loss":0.0,"gold_gain":50.0,"event_name":"Nest","player_choice":"Stole From Cult","floor":30.0,"gold_loss":0.0,"damage_taken":0.0},{"damage_healed":0.0,"max_hp_gain":0.0,"max_hp_loss":0.0,"gold_gain":50.0,"event_name":"Golden Shrine","player_choice":"Pray","floor":36.0,"gold_loss":0.0,"damage_taken":0.0}],"is_beta":false,"boss_relics":[{"not_picked":["Lizard Tail","Sozu"],"picked":"Runic Pyramid"},{"not_picked":["HoveringKite","White Beast Statue"],"picked":"Tiny House"}],"items_purged_floors":[5,19,38,48],"is_endless":false,"potions_floor_spawned":[7,13,14,25,33,37,39,47],"killed_by":"The Heart","ascension_level":20}