{"gold_per_floor":[116,35,53,53,53,53,79,79,79,139,170,2,2,17,17,93,93,109,109,109,123,99,99],"floor_reached":23,"playtime":614,"items_purged":["Strike_B"],"score":540,"play_id":"b3984a83-da55-45f5-a4b5-73c3144ddcc4","local_time":"20181119175907","is_ascension_mode":true,"campfire_choices":[{"data":"Zap","floor":6,"key":"SMITH"},{"data":"Loop","floor":8,"key":"SMITH"},{"data":"Ball Lightning","floor":13,"key":"SMITH"},{"floor":15,"key":"RECALL"}],"neow_cost":"NONE","seed_source_timestamp":1666903044812678,"circlet_count":0,"master_deck":["AscendersBane","Strike_B","Strike_B","Strike_B","Defend_B","Defend_B","Defend_B","Defend_B+1","Zap+1","Dualcast","Glacier+1","Loop+1","Ball Lightning+1","Coolheaded+1","Self Repair+1","Echo Form+1","Hologram+1"],"relics":["Cracked Core","NeowsBlessing","Oddly Smooth Stone","Frozen Egg 2","Toxic Egg 2","Runic Dome","Nloth\u0027s Gift"],"potions_floor_usage":[16,23],"damage_taken":[{"damage":0,"enemies":"2 Louse","floor":1,"turns":1},{"damage":0,"enemies":"Jaw Worm","floor":3,"turns":1},{"damage":0,"enemies":"Lagavulin","floor":7,"turns":1},{"damage":3,"enemies":"3 Sentries","floor":11,"turns":13},{"damage":0,"enemies":"Cultist","floor":14,"turns":4},{"damage":0,"enemies":"Slime Boss","floor":16,"turns":10},{"damage":38,"enemies":"3 Byrds","floor":18,"turns":5},{"damage":13,"enemies":"Spheric Guardian","floor":21,"turns":4},{"damage":51,"enemies":"Slavers","floor":23,"turns":5}],"seed_played":"5469746722768720470","potions_obtained":[{"floor":14,"key":"FocusPotion"},{"floor":16,"key":"FearPotion"},{"floor":21,"key":"Swift Potion"}],"is_trial":false,"path_per_floor":["M","$","M","$","?","R","E","R","T","?","E","$","R","M","R","B",null,"M","$","?","M","$","E"],"character_chosen":"DEFECT","items_purchased":["Glacier","Coolheaded+1","Self Repair+1","Hologram+1"],"campfire_rested":0,"item_purchase_floors":[2,12,12,22],"current_hp_per_floor":[64,64,64,64,43,43,43,43,43,43,40,40,40,50,50,60,68,50,50,50,47,47,0],"gold":99,"neow_bonus":"THREE_ENEMY_KILL","is_prod":false,"is_daily":false,"chose_seed":false,"campfire_upgraded":3,"win_rate":0,"timestamp":1542621547,"path_taken":["M","$","M","$","?","R","E","R","T","?","E","$","R","M","R","BOSS","M","$","?","?","$","E"],"build_version":"2018-11-15","purchased_purges":1,"victory":false,"max_hp_per_floor":[71,71,71,71,71,71,71,71,71,71,71,71,71,71,71,71,71,71,71,71,71,71,71],"card_choices":[{"not_picked":["Rebound","Conserve Battery","Storm"],"picked":"SKIP","floor":1},{"not_picked":["Auto Shields","Redo","Undo"],"picked":"SKIP","floor":3},{"not_picked":["Cold Snap","Rebound"],"picked":"Loop","floor":7},{"not_picked":["Rip and Tear","Rebound"],"picked":"Ball Lightning","floor":11},{"not_picked":["Barrage","Coolheaded+1","Fusion+1"],"picked":"SKIP","floor":14},{"not_picked":["Meteor Strike","Machine Learning+1"],"picked":"Echo Form+1","floor":16},{"not_picked":["Sweeping Beam","Coolheaded+1","Beam Cell+1"],"picked":"SKIP","floor":18},{"not_picked":["Steam+1","Stack+1","Sweeping Beam"],"picked":"SKIP","floor":21}],"player_experience":558311,"relics_obtained":[{"floor":7,"key":"Oddly Smooth Stone"},{"floor":9,"key":"Frozen Egg 2"},{"floor":11,"key":"Toxic Egg 2"}],"event_choices":[{"damage_healed":0,"gold_gain":0,"player_choice":"Entered Light","damage_taken":21,"max_hp_gain":0,"max_hp_loss":0,"event_name":"Shining Light","floor":5,"gold_loss":0,"cards_upgraded":["Glacier","Defend_B"]},{"damage_healed":0,"gold_gain":30,"player_choice":"Searched \u00272\u0027 times","damage_taken":0,"relics_obtained":["Tiny Chest"],"max_hp_gain":0,"max_hp_loss":0,"event_name":"Dead Adventurer","floor":10,"gold_loss":0},{"damage_healed":0,"gold_gain":0,"player_choice":"Traded Relic","damage_taken":0,"relics_obtained":["Nloth\u0027s Gift"],"max_hp_gain":0,"max_hp_loss":0,"event_name":"N\u0027loth","floor":20,"relics_lost":["Tiny Chest"],"gold_loss":0}],"is_beta":true,"boss_relics":[{"not_picked":["Inserter","White Beast Statue"],"picked":"Runic Dome"}],"items_purged_floors":[12],"is_endless":false,"potions_floor_spawned":[14,16,21],"killed_by":"Slavers","ascension_level":20}