{"gold_per_floor":[112,127,144,144,144,174,174,207,233,274,286,328,265,277,277,277],"floor_reached":16,"playtime":1063,"items_purged":["Strike_R"],"score":222,"play_id":"70a36688-6493-4d3b-bacd-d88c8f6581ef","local_time":"20190727105056","is_ascension_mode":true,"campfire_choices":[{"data":"Carnage","floor":7,"key":"SMITH"},{"floor":11,"key":"REST"},{"data":"Shockwave","floor":15,"key":"SMITH"}],"neow_cost":"NONE","seed_source_timestamp":597591099856074,"circlet_count":0,"master_deck":["Strike_R","Strike_R","Defend_R","Defend_R+1","Defend_R","Defend_R+1","Bash","Hemokinesis","Shockwave+1","Twin Strike","Carnage+1","Juggernaut","Power Through","Pommel Strike"],"relics":["Burning Blood","War Paint","Dream Catcher","MawBank","Mummified Hand","Happy Flower"],"potions_floor_usage":[6,8,16],"damage_taken":[{"damage":1,"enemies":"2 Louse","floor":1,"turns":4},{"damage":5,"enemies":"Jaw Worm","floor":2,"turns":3},{"damage":0,"enemies":"Small Slimes","floor":3,"turns":3},{"damage":36,"enemies":"3 Sentries","floor":6,"turns":5},{"damage":3,"enemies":"Gremlin Nob","floor":8,"turns":2},{"damage":25,"enemies":"3 Sentries","floor":10,"turns":7},{"damage":34,"enemies":"Lagavulin","floor":12,"turns":7},{"damage":7,"enemies":"Exordium Wildlife","floor":14,"turns":4},{"damage":41,"enemies":"Slime Boss","floor":16,"turns":9}],"seed_played":"-2234821140470850316","potions_obtained":[{"floor":1,"key":"Fire Potion"},{"floor":2,"key":"Fire Potion"},{"floor":14,"key":"SteroidPotion"}],"is_trial":false,"path_per_floor":["M","M","M","?","?","E","R","E","T","E","R","E","$","M","R","B"],"character_chosen":"IRONCLAD","items_purchased":[],"campfire_rested":1,"item_purchase_floors":[],"current_hp_per_floor":[77,78,80,85,85,55,55,58,58,39,64,36,36,35,35,0],"gold":277,"neow_bonus":"TRANSFORM_CARD","is_prod":false,"is_daily":false,"chose_seed":false,"campfire_upgraded":2,"win_rate":0,"timestamp":1564242656,"path_taken":["M","M","M","?","?","E","R","E","T","E","R","E","?","M","R","BOSS"],"build_version":"2019-07-17","purchased_purges":1,"victory":false,"max_hp_per_floor":[80,80,80,85,85,85,85,85,85,85,85,85,85,85,85,85],"card_choices":[{"not_picked":["Burning Pact","Body Slam"],"picked":"Shockwave","floor":1},{"not_picked":["Bloodletting","Perfected Strike"],"picked":"Twin Strike","floor":2},{"not_picked":["Sword Boomerang","Iron Wave"],"picked":"Carnage","floor":3},{"not_picked":["Bloodletting","Corruption"],"picked":"Power Through","floor":6},{"not_picked":["Warcry","Sword Boomerang","Rupture"],"picked":"SKIP","floor":8},{"not_picked":["Intimidate","Reckless Charge"],"picked":"Pommel Strike","floor":10},{"not_picked":["Clash","Metallicize","Clothesline"],"picked":"SKIP","floor":12},{"not_picked":["Uppercut","Power Through","Iron Wave"],"picked":"SKIP","floor":14}],"player_experience":335274,"relics_obtained":[{"floor":6,"key":"War Paint"},{"floor":8,"key":"Dream Catcher"},{"floor":9,"key":"MawBank"},{"floor":10,"key":"Mummified Hand"},{"floor":12,"key":"Happy Flower"}],"event_choices":[{"damage_healed":0,"gold_gain":0,"player_choice":"Donut","damage_taken":0,"max_hp_gain":5,"max_hp_loss":0,"event_name":"Big Fish","floor":4,"gold_loss":0},{"damage_healed":0,"gold_gain":0,"cards_transformed":["Strike_R"],"player_choice":"Change","damage_taken":0,"max_hp_gain":0,"max_hp_loss":0,"event_name":"Living Wall","floor":5,"gold_loss":0,"cards_obtained":["Juggernaut"]}],"is_beta":false,"boss_relics":[],"items_purged_floors":[13],"is_endless":false,"potions_floor_spawned":[1,2,14],"killed_by":"Slime Boss","ascension_level":9}