{"gold_per_floor":[112,132,144,419,125,153,171,171,224,41,5,37,37,56,56,132,132,143,143,18,34,34,34,47,47,47,69,92,104,128,140,152,243,255,280,308,720,748,760,772],"floor_reached":40,"playtime":1564,"items_purged":["Regret","Strike_B","Strike_B"],"score":921,"play_id":"be1debc4-0c96-4fd3-8616-a45b48163bcb","local_time":"20190216164933","is_ascension_mode":true,"campfire_choices":[{"data":"Zap","floor":8.0,"key":"SMITH"},{"data":"Blizzard","floor":15.0,"key":"SMITH"},{"data":"Capacitor","floor":23,"key":"SMITH"},{"data":"Consume","floor":25,"key":"SMITH"},{"data":"Defragment","floor":32,"key":"SMITH"}],"neow_cost":"NONE","seed_source_timestamp":336153547927001,"circlet_count":0,"master_deck":["AscendersBane","Strike_B","Defend_B","Defend_B","Defend_B","Defend_B","Zap+1","Dualcast","Glacier","Capacitor+1","Doom and Gloom","Coolheaded","Glacier","Blizzard+1","Consume+1","Undo","Hologram+1","Self Repair","Defragment+1","Fission","Capacitor+1","Go for the Eyes"],"special_seed":0,"relics":["Coffee Dripper","Mercury Hourglass","Strawberry","PreservedInsect","Runic Dome","MawBank","Busted Crown","Old Coin"],"potions_floor_usage":[16,28,40],"damage_taken":[{"damage":1.0,"enemies":"Cultist","floor":1.0,"turns":4.0},{"damage":0.0,"enemies":"2 Louse","floor":2.0,"turns":4.0},{"damage":0.0,"enemies":"Small Slimes","floor":3.0,"turns":4.0},{"damage":53.0,"enemies":"Gremlin Nob","floor":6.0,"turns":5.0},{"damage":2.0,"enemies":"Exordium Thugs","floor":7.0,"turns":4.0},{"damage":12.0,"enemies":"3 Sentries","floor":12.0,"turns":6.0},{"damage":0.0,"enemies":"Looter","floor":14.0,"turns":4.0},{"damage":0,"enemies":"The Guardian","floor":16,"turns":11},{"damage":3,"enemies":"Shell Parasite","floor":18,"turns":8},{"damage":8,"enemies":"3 Byrds","floor":21,"turns":4},{"damage":1,"enemies":"Centurion and Healer","floor":24,"turns":5},{"damage":26,"enemies":"Snake Plant","floor":27,"turns":5},{"damage":13,"enemies":"Cultist and Chosen","floor":28,"turns":8},{"damage":15,"enemies":"Centurion and Healer","floor":30,"turns":8},{"damage":7,"enemies":"Colosseum Slavers","floor":31,"turns":5},{"damage":2,"enemies":"Champ","floor":33,"turns":14},{"damage":29,"enemies":"3 Darklings","floor":35,"turns":5},{"damage":11,"enemies":"Orb Walker","floor":36,"turns":5},{"damage":1,"enemies":"Mind Bloom Boss Battle","floor":37,"turns":9},{"damage":43,"enemies":"Transient","floor":38,"turns":6},{"damage":16,"enemies":"Reptomancer","floor":40,"turns":2}],"seed_played":"-9205976943454500495","potions_obtained":[{"floor":1.0,"key":"SmokeBomb"},{"floor":3.0,"key":"Poison Potion"},{"floor":16,"key":"SteroidPotion"},{"floor":24,"key":"AttackPotion"},{"floor":30,"key":"SneckoOil"},{"floor":36,"key":"EssenceOfSteel"},{"floor":38,"key":"SkillPotion"}],"is_trial":false,"path_per_floor":["M","M","M","?","$","E","M","R","T","$","$","E","?","M","R","B",null,"M","?","$","M","$","R","M","R","T","M","M","?","M","?","R","B",null,"M","M","?","M","?","E"],"character_chosen":"DEFECT","items_purchased":["Capacitor","Doom and Gloom","Coolheaded","Glacier","Blizzard"],"campfire_rested":0,"item_purchase_floors":[5,5,5,10,11],"current_hp_per_floor":[63,63,63,63,63,10,8,8,15,15,15,3,3,3,3,3,59,56,78,78,70,70,70,69,69,69,50,37,37,29,29,29,34,67,45,41,47,11,11,0],"gold":772,"neow_bonus":"BOSS_RELIC","is_prod":false,"is_daily":false,"chose_seed":false,"campfire_upgraded":5,"win_rate":0,"timestamp":1550306973,"path_taken":["M","M","M","?","$","E","M","R","T","?","$","E","?","?","R","BOSS","M","?","?","M","$","R","M","R","T","M","M","?","M","?","R","BOSS","M","M","?","M","?","E"],"build_version":"2019-01-23","purchased_purges":3,"victory":false,"max_hp_per_floor":[71,71,71,71,71,71,71,71,78,78,78,78,78,78,78,78,78,78,78,78,78,78,78,78,78,78,78,78,78,78,78,78,78,78,78,78,78,78,78,78],"card_choices":[{"not_picked":["Redo","Leap"],"picked":"Glacier","floor":1.0},{"not_picked":["Hologram","Lockon","Storm"],"picked":"SKIP","floor":2.0},{"not_picked":["White Noise","Compile Driver","Leap"],"picked":"SKIP","floor":3.0},{"not_picked":["Turbo","Thunder Strike","Compile Driver"],"picked":"SKIP","floor":6.0},{"not_picked":["Fusion","Ball Lightning","Stack"],"picked":"SKIP","floor":7.0},{"not_picked":["Glacier","Doom and Gloom"],"picked":"Consume","floor":12.0},{"not_picked":["Stack","Turbo","Gash"],"picked":"SKIP","floor":14.0},{"not_picked":["Streamline","Compile Driver+1","Rebound"],"picked":"SKIP","floor":18},{"not_picked":["Compile Driver","Beam Cell"],"picked":"Hologram+1","floor":21},{"not_picked":["Turbo","Reprogram"],"picked":"Self Repair","floor":24},{"not_picked":["Leap","Barrage","Steam Power"],"picked":"SKIP","floor":27},{"not_picked":["Hologram","Coolheaded"],"picked":"Defragment","floor":28},{"not_picked":["Redo","Hologram","Sweeping Beam"],"picked":"SKIP","floor":30},{"not_picked":["Seek","Electrodynamics"],"picked":"Fission","floor":33},{"not_picked":[],"picked":"Capacitor+1","floor":35},{"not_picked":[],"picked":"Go for the Eyes","floor":36},{"not_picked":["Barrage+1"],"picked":"SKIP","floor":38}],"player_experience":787274,"relics_obtained":[{"floor":6.0,"key":"Mercury Hourglass"},{"floor":9.0,"key":"Strawberry"},{"floor":12.0,"key":"PreservedInsect"},{"floor":26,"key":"MawBank"},{"floor":37,"key":"Old Coin"}],"event_choices":[{"damage_healed":0.0,"max_hp_gain":0.0,"max_hp_loss":0.0,"gold_gain":275.0,"event_name":"Golden Shrine","player_choice":"Desecrate","floor":4.0,"gold_loss":0.0,"damage_taken":0.0,"cards_obtained":["Regret"]},{"damage_healed":0.0,"max_hp_gain":0.0,"max_hp_loss":0.0,"gold_gain":0.0,"cards_transformed":["Strike_B"],"event_name":"Transmorgrifier","player_choice":"Transformed","floor":13.0,"gold_loss":0.0,"damage_taken":0.0,"cards_obtained":["Undo"]},{"damage_healed":22,"gold_gain":0,"player_choice":"Full Heal","damage_taken":0,"max_hp_gain":0,"max_hp_loss":0,"event_name":"Wheel of Change","floor":19,"gold_loss":0},{"damage_healed":0,"gold_gain":0,"player_choice":"Ignored","damage_taken":0,"max_hp_gain":0,"max_hp_loss":0,"event_name":"The Mausoleum","floor":29,"gold_loss":0},{"damage_healed":0,"gold_gain":0,"player_choice":"Fight","damage_taken":0,"max_hp_gain":0,"max_hp_loss":0,"event_name":"Colosseum","floor":31,"gold_loss":0},{"damage_healed":0,"gold_gain":0,"player_choice":"Fled From Nobs","damage_taken":0,"max_hp_gain":0,"max_hp_loss":0,"event_name":"Colosseum","floor":31,"gold_loss":0},{"damage_healed":0,"gold_gain":0,"player_choice":"Fight","damage_taken":0,"max_hp_gain":0,"max_hp_loss":0,"event_name":"MindBloom","floor":37,"gold_loss":0},{"damage_healed":0,"gold_gain":0,"player_choice":"Memory 1","damage_taken":0,"max_hp_gain":0,"max_hp_loss":0,"event_name":"SensoryStone","floor":39,"gold_loss":0}],"is_beta":false,"boss_relics":[{"not_picked":["Velvet Choker","Cursed Key"],"picked":"Runic Dome"},{"not_picked":["White Beast Statue","Lizard Tail"],"picked":"Busted Crown"}],"items_purged_floors":[5,10,20],"is_endless":false,"potions_floor_spawned":[1,3,14,16,24,27,30,31,36,38],"killed_by":"Reptomancer","ascension_level":20}