{"gold_per_floor":[117,73,73,88,112,112,112,18,65,65,65,79,95,135,135,135],"floor_reached":16,"playtime":506,"items_purged":[],"score":200,"play_id":"cfb38c4a-de09-4579-bc85-fff90fd04e98","local_time":"20190325131232","is_ascension_mode":true,"campfire_choices":[{"data":"Neutralize","floor":6,"key":"SMITH"},{"data":"Well Laid Plans","floor":11,"key":"SMITH"},{"data":"Acrobatics","floor":15,"key":"SMITH"}],"neow_cost":"NONE","seed_source_timestamp":7664182700708,"circlet_count":0,"master_deck":["AscendersBane","Defend_G","Defend_G","Defend_G","Defend_G","Defend_G","Strike_G","Strike_G","Strike_G","Strike_G","Strike_G","Survivor","Neutralize+1","Footwork","Infinite Blades","Tactician","Well Laid Plans+1","Dagger Throw","Acrobatics+1","Infinite Blades"],"relics":["Ring of the Snake","NeowsBlessing","Golden Idol","Blue Candle","Ancient Tea Set","Dodecahedron","Pantograph"],"potions_floor_usage":[14,16,16],"damage_taken":[{"damage":0,"enemies":"2 Louse","floor":1,"turns":1},{"damage":0,"enemies":"Jaw Worm","floor":4,"turns":1},{"damage":0,"enemies":"Cultist","floor":5,"turns":1},{"damage":0,"enemies":"2 Fungi Beasts","floor":12,"turns":4},{"damage":19,"enemies":"Exordium Thugs","floor":13,"turns":7},{"damage":12,"enemies":"3 Sentries","floor":14,"turns":8},{"damage":5,"enemies":"Hexaghost","floor":16,"turns":9}],"seed_played":"-4495424258633615130","potions_obtained":[{"floor":4,"key":"Weak Potion"},{"floor":5,"key":"EntropicBrew"},{"floor":12,"key":"SteroidPotion"},{"floor":14,"key":"EssenceOfSteel"}],"is_trial":false,"path_per_floor":["M","$","?","M","M","R","?","$","T","?","R","M","M","E","R","B"],"character_chosen":"THE_SILENT","items_purchased":["Infinite Blades","Well Laid Plans","Dagger Throw"],"campfire_rested":0,"item_purchase_floors":[2,8,8],"current_hp_per_floor":[59,59,59,59,59,59,41,41,41,41,41,41,22,10,10,30],"gold":135,"neow_bonus":"THREE_ENEMY_KILL","is_prod":false,"is_daily":false,"chose_seed":false,"campfire_upgraded":3,"win_rate":0,"timestamp":1553490752,"path_taken":["M","$","?","M","M","R","?","$","T","?","R","M","M","E","R","BOSS"],"build_version":"2019-01-23","purchased_purges":0,"victory":false,"max_hp_per_floor":[66,66,60,60,60,60,60,60,60,60,60,60,60,60,60,60],"card_choices":[{"not_picked":["Dodge and Roll","Heel Hook"],"picked":"Footwork","floor":1},{"not_picked":["Dagger Spray","Infinite Blades"],"picked":"Tactician","floor":4},{"not_picked":["Dagger Spray","Cloak And Dagger","Deflect"],"picked":"SKIP","floor":5},{"not_picked":["Dagger Spray","Cloak And Dagger","Deflect"],"picked":"SKIP","floor":5},{"not_picked":["Concentrate","Prepared","PiercingWail"],"picked":"SKIP","floor":12},{"not_picked":["Backflip","All Out Attack"],"picked":"Acrobatics","floor":13},{"not_picked":["Dodge and Roll","Choke"],"picked":"Infinite Blades","floor":14}],"player_experience":3859681,"relics_obtained":[{"floor":9,"key":"Ancient Tea Set"},{"floor":14,"key":"Pantograph"}],"event_choices":[{"damage_healed":0,"gold_gain":0,"player_choice":"Lose Max HP","damage_taken":0,"relics_obtained":["Golden Idol"],"max_hp_gain":0,"max_hp_loss":6,"event_name":"Golden Idol","floor":3,"gold_loss":0},{"damage_healed":0,"gold_gain":0,"player_choice":"Success","damage_taken":18,"relics_obtained":["Blue Candle"],"max_hp_gain":0,"max_hp_loss":0,"event_name":"Scrap Ooze","floor":7,"gold_loss":0},{"damage_healed":0,"gold_gain":0,"player_choice":"Gave Potion","damage_taken":0,"relics_obtained":["Dodecahedron"],"max_hp_gain":0,"max_hp_loss":0,"event_name":"WeMeetAgain","floor":10,"gold_loss":0}],"is_beta":false,"boss_relics":[],"items_purged_floors":[],"is_endless":false,"potions_floor_spawned":[4,5,12,14],"killed_by":"Hexaghost","ascension_level":20}