{"gold_per_floor":[118,129,148,148,148,148,223,223,223,236,249,249,268,284,284,284],"floor_reached":16,"playtime":1402,"items_purged":[],"score":94,"play_id":"f4347e43-62f8-42ae-adc6-472588b9418e","local_time":"20190801214610","is_ascension_mode":false,"campfire_choices":[{"floor":6,"key":"REST"},{"floor":12,"key":"REST"},{"floor":15,"key":"REST"}],"neow_cost":"","seed_source_timestamp":346916294145700,"circlet_count":0,"master_deck":["Strike_R","Strike_R+1","Strike_R+1","Strike_R","Defend_R","Defend_R","Defend_R","Defend_R","Bash","Pommel Strike","Iron Wave","Rage","Regret","Uppercut","Brutality","Dropkick","Iron Wave"],"relics":["Burning Blood","Happy Flower","Bag of Marbles"],"potions_floor_usage":[],"damage_taken":[{"damage":8,"enemies":"Small Slimes","floor":1,"turns":4},{"damage":6,"enemies":"Jaw Worm","floor":2,"turns":3},{"damage":1,"enemies":"Cultist","floor":3,"turns":3},{"damage":22,"enemies":"Lots of Slimes","floor":10,"turns":3},{"damage":24,"enemies":"Exordium Wildlife","floor":11,"turns":4},{"damage":12,"enemies":"Large Slime","floor":13,"turns":5},{"damage":14,"enemies":"Lots of Slimes","floor":14,"turns":3},{"damage":62,"enemies":"The Guardian","floor":16,"turns":9}],"seed_played":"5741327886681724667","potions_obtained":[{"floor":10,"key":"PowerPotion"},{"floor":13,"key":"Swift Potion"},{"floor":14,"key":"Ancient Potion"}],"is_trial":false,"path_per_floor":["M","M","M","?","?","R","?","?","T","M","M","R","M","M","R","B"],"character_chosen":"IRONCLAD","items_purchased":[],"campfire_rested":3,"item_purchase_floors":[],"current_hp_per_floor":[78,78,80,80,64,80,69,62,62,46,28,52,46,38,62,0],"gold":284,"neow_bonus":"","is_prod":false,"is_daily":false,"chose_seed":false,"campfire_upgraded":0,"win_rate":0.0,"timestamp":1564717570,"path_taken":["M","M","M","?","?","R","?","?","T","M","M","R","M","M","R","BOSS"],"build_version":"2019-07-17","purchased_purges":0,"victory":false,"max_hp_per_floor":[80,80,80,80,80,80,80,80,80,80,80,80,80,80,80,80],"card_choices":[{"not_picked":["Armaments","Sword Boomerang"],"picked":"Pommel Strike","floor":1},{"not_picked":["Sword Boomerang","Pommel Strike"],"picked":"Iron Wave","floor":2},{"not_picked":["Burning Pact","Warcry"],"picked":"Rage","floor":3},{"not_picked":["Clothesline","Body Slam"],"picked":"Uppercut","floor":10},{"not_picked":["Sword Boomerang","Thunderclap"],"picked":"Brutality","floor":11},{"not_picked":["Pommel Strike","Headbutt"],"picked":"Dropkick","floor":13},{"not_picked":["Perfected Strike","Shrug It Off"],"picked":"Iron Wave","floor":14}],"player_experience":0,"relics_obtained":[{"floor":9,"key":"Bag of Marbles"}],"event_choices":[{"damage_healed":0,"gold_gain":0,"player_choice":"Box","damage_taken":0,"relics_obtained":["Happy Flower"],"max_hp_gain":0,"max_hp_loss":0,"event_name":"Big Fish","floor":4,"gold_loss":0,"cards_obtained":["Regret"]},{"damage_healed":0,"gold_gain":0,"player_choice":"Entered Light","damage_taken":16,"max_hp_gain":0,"max_hp_loss":0,"event_name":"Shining Light","floor":5,"gold_loss":0,"cards_upgraded":["Strike_R","Strike_R"]},{"damage_healed":0,"gold_gain":75,"player_choice":"Gather Gold","damage_taken":11,"max_hp_gain":0,"max_hp_loss":0,"event_name":"World of Goop","floor":7,"gold_loss":0},{"cards_removed":["Strike_R"],"damage_healed":0,"gold_gain":0,"player_choice":"Card Removal","damage_taken":7,"max_hp_gain":0,"max_hp_loss":0,"event_name":"Golden Wing","floor":8,"gold_loss":0}],"is_beta":false,"boss_relics":[],"items_purged_floors":[],"is_endless":false,"potions_floor_spawned":[10,13,14],"killed_by":"The Guardian","ascension_level":0}