{"gold_per_floor":[15,90,100,100,114,114,142,142,142,142,162,175,200,210,210,289,289,309,234,246,259,275,275,310,310,360,560,560,570,570,584,584,661,661,681,699,714,714,714,714,614,645,645,645,662,691,63,79,79,79,79,79,79,4,29,29],"floor_reached":57,"playtime":3438,"items_purged":["Strike_B","Defend_B","Strike_B+1","Defend_B"],"score":3013,"play_id":"c3829269-9b0f-4897-8a4e-4daec6cbc5be","local_time":"20190426191929","is_ascension_mode":true,"campfire_choices":[{"data":"Darkness","floor":6.0,"key":"SMITH"},{"data":"Multi-Cast","floor":8.0,"key":"SMITH"},{"data":"Reinforced Body","floor":10.0,"key":"SMITH"},{"data":"Recycle","floor":15.0,"key":"SMITH"},{"data":"Turbo","floor":23.0,"key":"SMITH"},{"data":"Dualcast","floor":25.0,"key":"SMITH"},{"data":"Hologram","floor":28.0,"key":"SMITH"},{"floor":30.0,"key":"RECALL"},{"data":"Turbo","floor":32.0,"key":"SMITH"},{"data":"Biased Cognition","floor":40.0,"key":"SMITH"},{"data":"Zap","floor":44.0,"key":"SMITH"},{"data":"Thunder Strike","floor":49.0,"key":"SMITH"},{"data":"White Noise","floor":53,"key":"SMITH"}],"neow_cost":"NO_GOLD","seed_source_timestamp":19935809073811,"circlet_count":0,"master_deck":["AscendersBane","Defend_B","Defend_B","Zap+1","Dualcast+1","Undo","BootSequence","Cold Snap+1","Darkness+1","Multi-Cast+1","Reinforced Body+1","Hologram+1","Recycle+1","Core Surge","Turbo+1","Chill","White Noise+1","Chill","Rainbow","Turbo+1","Biased Cognition+1","Redo+1","Chill","Self Repair","Tempest+1","Coolheaded+1","Core Surge","Master of Strategy","Thunder Strike+1","Double Energy+1"],"special_seed":0,"relics":["Cracked Core","Dead Branch","Dream Catcher","Incense Burner","Whetstone","Runic Dome","Strawberry","Lantern","Runic Pyramid","Art of War","Bottled Lightning","Membership Card","Calipers","Gambling Chip"],"potions_floor_usage":[56,56,56,56,56],"damage_taken":[{"damage":0.0,"enemies":"Jaw Worm","floor":1.0,"turns":4.0},{"damage":0.0,"enemies":"2 Louse","floor":3.0,"turns":3.0},{"damage":0.0,"enemies":"Small Slimes","floor":5.0,"turns":3.0},{"damage":9.0,"enemies":"Lagavulin","floor":7.0,"turns":6.0},{"damage":0.0,"enemies":"2 Fungi Beasts","floor":11.0,"turns":4.0},{"damage":0.0,"enemies":"Blue Slaver","floor":12.0,"turns":3.0},{"damage":16.0,"enemies":"3 Sentries","floor":13.0,"turns":8.0},{"damage":12.0,"enemies":"Lots of Slimes","floor":14.0,"turns":5.0},{"damage":0.0,"enemies":"Hexaghost","floor":16.0,"turns":8.0},{"damage":1.0,"enemies":"Spheric Guardian","floor":18.0,"turns":5.0},{"damage":0.0,"enemies":"Shell Parasite","floor":20.0,"turns":3.0},{"damage":12.0,"enemies":"Cultist and Chosen","floor":21.0,"turns":6.0},{"damage":0.0,"enemies":"Centurion and Healer","floor":22.0,"turns":7.0},{"damage":0.0,"enemies":"Book of Stabbing","floor":24.0,"turns":4.0},{"damage":0.0,"enemies":"Snake Plant","floor":29.0,"turns":2.0},{"damage":2.0,"enemies":"Chosen and Byrds","floor":31.0,"turns":5.0},{"damage":30.0,"enemies":"Collector","floor":33.0,"turns":9.0},{"damage":0.0,"enemies":"3 Darklings","floor":35.0,"turns":5.0},{"damage":0.0,"enemies":"3 Shapes","floor":36.0,"turns":3.0},{"damage":0.0,"enemies":"Spire Growth","floor":37.0,"turns":5.0},{"damage":0.0,"enemies":"Reptomancer","floor":42.0,"turns":5.0},{"damage":1.0,"enemies":"Maw","floor":45.0,"turns":5.0},{"damage":10.0,"enemies":"Giant Head","floor":46.0,"turns":8.0},{"damage":0.0,"enemies":"3 Darklings","floor":48.0,"turns":1.0},{"damage":37.0,"enemies":"Awakened One","floor":50.0,"turns":11.0},{"damage":0,"enemies":"Donu and Deca","floor":51,"turns":6},{"damage":0,"enemies":"Shield and Spear","floor":55,"turns":4},{"damage":53,"enemies":"The Heart","floor":56,"turns":11}],"seed_played":"-9023540526544330678","potions_obtained":[{"floor":5.0,"key":"Energy Potion"},{"floor":11.0,"key":"Strength Potion"},{"floor":16.0,"key":"Fire Potion"},{"floor":31.0,"key":"PowerPotion"},{"floor":45.0,"key":"EntropicBrew"}],"is_trial":false,"path_per_floor":["M","?","M","?","M","R","E","R","T","R","M","M","E","M","R","B",null,"M","$","M","M","M","R","E","R","T","?","R","M","R","M","R","B",null,"M","M","M","?","?","R","$","E","T","R","M","E","$","M","R","B","B",null,"R","$","E","B",null],"character_chosen":"DEFECT","items_purchased":["Membership Card","Calipers","Core Surge","Master of Strategy"],"campfire_rested":0,"item_purchase_floors":[47,47,47,47],"current_hp_per_floor":[64,53,53,48,48,48,39,39,39,39,39,39,23,11,11,11,56,55,55,55,43,43,43,50,50,50,50,50,50,50,48,48,18,63,63,63,63,63,63,63,63,63,63,63,69,66,66,66,66,36,43,66,66,66,73,27],"gold":29,"neow_bonus":"TRANSFORM_TWO_CARDS","is_prod":false,"is_daily":false,"chose_seed":false,"campfire_upgraded":12,"win_rate":0,"timestamp":1556277569,"path_taken":["M","?","M","?","M","R","E","R","T","R","M","M","E","M","R","BOSS","M","$","M","M","M","R","E","R","T","?","R","M","R","M","R","BOSS","M","M","?","?","?","R","$","E","T","R","?","E","$","M","R","BOSS","BOSS","R","$","E","BOSS"],"build_version":"2019-01-23","purchased_purges":4,"victory":true,"max_hp_per_floor":[71,71,71,71,71,71,71,71,71,71,71,71,71,71,71,71,71,71,71,71,71,71,71,78,78,78,78,78,78,78,78,78,78,78,78,78,78,74,74,74,74,74,74,74,74,74,74,74,74,74,74,74,74,74,74,74],"card_choices":[{"not_picked":["Turbo","Rip and Tear"],"picked":"Cold Snap","floor":1.0},{"not_picked":["Stack","Undo"],"picked":"Darkness","floor":3.0},{"not_picked":["Barrage","Undo"],"picked":"Multi-Cast","floor":5.0},{"not_picked":["Beam Cell","Gash"],"picked":"Reinforced Body","floor":7.0},{"not_picked":["Tempest","Rebound"],"picked":"Hologram","floor":11.0},{"not_picked":["Stack","Conserve Battery","Gash"],"picked":"SKIP","floor":12.0},{"not_picked":["Skim","Go for the Eyes"],"picked":"Recycle","floor":13.0},{"not_picked":["Beam Cell","Streamline","Coolheaded"],"picked":"SKIP","floor":14.0},{"not_picked":["Buffer","Creative AI"],"picked":"Core Surge","floor":16.0},{"not_picked":["Barrage","Streamline+1"],"picked":"Turbo","floor":18.0},{"not_picked":["Compile Driver","Steam Power","Conserve Battery"],"picked":"SKIP","floor":20.0},{"not_picked":["Cold Snap","Melter"],"picked":"Chill","floor":21.0},{"not_picked":["Fusion","Rebound"],"picked":"White Noise","floor":22.0},{"not_picked":["BootSequence","Aggregate"],"picked":"Chill","floor":24.0},{"not_picked":["Hologram","Steam"],"picked":"Rainbow","floor":29.0},{"not_picked":["Sweeping Beam","Leap"],"picked":"Turbo","floor":31.0},{"not_picked":["Rainbow","Core Surge"],"picked":"Biased Cognition","floor":33.0},{"not_picked":["Sweeping Beam","Gash","Sunder+1"],"picked":"SKIP","floor":35.0},{"not_picked":["Conserve Battery","Streamline"],"picked":"Redo+1","floor":36.0},{"not_picked":["Redo","Conserve Battery+1"],"picked":"Chill","floor":37.0},{"not_picked":["Steam","Hologram"],"picked":"Self Repair","floor":42.0},{"not_picked":["Blizzard","Streamline"],"picked":"Tempest+1","floor":45.0},{"not_picked":["Auto Shields+1","Rebound"],"picked":"Coolheaded+1","floor":46.0},{"not_picked":["Capacitor","Gash"],"picked":"Thunder Strike","floor":48.0},{"not_picked":["Rebound","Self Repair"],"picked":"Double Energy+1","floor":55}],"player_experience":4530388,"relics_obtained":[{"floor":7.0,"key":"Dream Catcher"},{"floor":9.0,"key":"Incense Burner"},{"floor":13.0,"key":"Whetstone"},{"floor":24.0,"key":"Strawberry"},{"floor":26.0,"key":"Lantern"},{"floor":42.0,"key":"Art of War"},{"floor":46.0,"key":"Bottled Lightning"},{"floor":55,"key":"Gambling Chip"}],"event_choices":[{"damage_healed":0.0,"max_hp_gain":0.0,"max_hp_loss":0.0,"gold_gain":75.0,"event_name":"World of Goop","player_choice":"Gather Gold","floor":2.0,"gold_loss":0.0,"damage_taken":11.0},{"damage_healed":0.0,"max_hp_gain":0.0,"max_hp_loss":0.0,"gold_gain":0.0,"event_name":"Scrap Ooze","player_choice":"Success","floor":4.0,"gold_loss":0.0,"damage_taken":5.0,"relics_obtained":["Dead Branch"]},{"damage_healed":0.0,"max_hp_gain":0.0,"max_hp_loss":0.0,"gold_gain":200.0,"event_name":"Wheel of Change","player_choice":"Gold","floor":27.0,"gold_loss":0.0,"damage_taken":0.0},{"damage_healed":0.0,"max_hp_gain":0.0,"max_hp_loss":4.0,"gold_gain":0.0,"event_name":"Winding Halls","player_choice":"Max HP","floor":38.0,"gold_loss":0.0,"damage_taken":0.0},{"damage_healed":0.0,"max_hp_gain":0.0,"max_hp_loss":0.0,"gold_gain":0.0,"event_name":"SecretPortal","player_choice":"Ignored","floor":39.0,"gold_loss":0.0,"damage_taken":0.0}],"is_beta":false,"boss_relics":[{"not_picked":["Lizard Tail","Snecko Eye"],"picked":"Runic Dome"},{"not_picked":["Inserter","FrozenCore"],"picked":"Runic Pyramid"}],"items_purged_floors":[19,41,47,54],"is_endless":false,"potions_floor_spawned":[5,11,16,20,29,31,35,36,45,48],"ascension_level":20}