{"gold_per_floor":[115,165,182,196,40,40,68,68,95,95,108,119,119,130,130,209,209,220,220,145,245,259,259,276,276,276,310,310,328,328,344,344,422,472,492,509,459,470,490,522,522,144,144,211,223,273,323,173,173,173,173,173,173,5,40,40],"floor_reached":57,"playtime":1859,"items_purged":["Bullet Time","Flechettes+1","Leg Sweep","Slice+1"],"score":3283,"play_id":"0e8bca4e-8a54-40bc-8ff2-740cb6ee8d6f","local_time":"20190107190930","is_ascension_mode":true,"campfire_choices":[{"data":"Acrobatics","floor":6.0,"key":"SMITH"},{"data":"Grand Finale","floor":8.0,"key":"SMITH"},{"data":"Expertise","floor":13.0,"key":"SMITH"},{"data":"Neutralize","floor":15.0,"key":"SMITH"},{"data":"Well Laid Plans","floor":23.0,"key":"SMITH"},{"data":"Grand Finale","floor":25.0,"key":"SMITH"},{"data":"Acrobatics","floor":32.0,"key":"SMITH"},{"floor":41.0,"key":"RECALL"},{"data":"Adrenaline","floor":49,"key":"SMITH"},{"floor":53,"key":"REST"}],"neow_cost":"NONE","seed_source_timestamp":24073921116472,"circlet_count":0,"master_deck":["AscendersBane","Survivor+1","Neutralize+1","Tactician+1","Acrobatics+1","Grand Finale+1","Expertise+1","Die Die Die+1","Glass Knife+1","Grand Finale+1","Adrenaline+1","Infinite Blades+1","Well Laid Plans+1","Adrenaline+1","Acrobatics+1","Adrenaline+1"],"special_seed":0,"relics":["Ring of the Snake","NeowsBlessing","Regal Pillow","Lantern","Pandora\u0027s Box","Mango","Letter Opener","Du-Vu Doll","SsserpentHead","Tiny House","Meat on the Bone","Potion Belt","Boot","Mark of the Bloom","Bag of Preparation","Kunai"],"potions_floor_usage":[56,56,56,56],"damage_taken":[{"damage":0.0,"enemies":"Cultist","floor":1.0,"turns":1.0},{"damage":0.0,"enemies":"2 Louse","floor":3.0,"turns":1.0},{"damage":0.0,"enemies":"Small Slimes","floor":4.0,"turns":1.0},{"damage":0.0,"enemies":"3 Sentries","floor":7.0,"turns":2.0},{"damage":0.0,"enemies":"2 Fungi Beasts","floor":11.0,"turns":2.0},{"damage":0.0,"enemies":"Large Slime","floor":12.0,"turns":2.0},{"damage":11.0,"enemies":"Lots of Slimes","floor":14.0,"turns":8.0},{"damage":17.0,"enemies":"The Guardian","floor":16.0,"turns":19.0},{"damage":0.0,"enemies":"Chosen","floor":18.0,"turns":3.0},{"damage":4.0,"enemies":"Colosseum Slavers","floor":21.0,"turns":2.0},{"damage":0.0,"enemies":"Colosseum Nobs","floor":21.0,"turns":2.0},{"damage":0.0,"enemies":"Shell Parasite","floor":22.0,"turns":1.0},{"damage":4.0,"enemies":"Snake Plant","floor":24.0,"turns":3.0},{"damage":0.0,"enemies":"Book of Stabbing","floor":27.0,"turns":1.0},{"damage":0.0,"enemies":"Shelled Parasite and Fungi","floor":29.0,"turns":1.0},{"damage":0.0,"enemies":"Centurion and Healer","floor":31.0,"turns":2.0},{"damage":0.0,"enemies":"Collector","floor":33.0,"turns":1.0},{"damage":0.0,"enemies":"Orb Walker","floor":35.0,"turns":1.0},{"damage":0.0,"enemies":"3 Darklings","floor":36.0,"turns":1.0},{"damage":0.0,"enemies":"Writhing Mass","floor":38.0,"turns":1.0},{"damage":0.0,"enemies":"Maw","floor":39.0,"turns":1.0},{"damage":0.0,"enemies":"Giant Head","floor":40.0,"turns":1.0},{"damage":0.0,"enemies":"Transient","floor":44.0,"turns":1.0},{"damage":0.0,"enemies":"Jaw Worm Horde","floor":45.0,"turns":1.0},{"damage":0,"enemies":"Awakened One","floor":50,"turns":2},{"damage":0,"enemies":"Donu and Deca","floor":51,"turns":1},{"damage":0,"enemies":"Shield and Spear","floor":55,"turns":1},{"damage":66,"enemies":"The Heart","floor":56,"turns":5}],"seed_played":"4582629527735876548","potions_obtained":[{"floor":1.0,"key":"Block Potion"},{"floor":3.0,"key":"Block Potion"},{"floor":21.0,"key":"GamblersBrew"},{"floor":24.0,"key":"FairyPotion"},{"floor":29.0,"key":"AttackPotion"},{"floor":34.0,"key":"GamblersBrew"},{"floor":45.0,"key":"Poison Potion"}],"is_trial":false,"path_per_floor":["M","?","M","M","$","R","E","R","T","?","M","M","R","M","R","B",null,"M","?","$","?","M","R","M","R","T","E","?","M","?","M","R","B",null,"M","M","$","M","M","E","R","$","T","M","M","?","?","$","R","B","B",null,"R","$","E","B",null],"character_chosen":"THE_SILENT","items_purchased":["Grand Finale","Potion Belt","GhostInAJar","Bag of Preparation"],"campfire_rested":1,"item_purchase_floors":[5,42,42,54],"current_hp_per_floor":[59,59,59,59,59,59,59,59,59,59,59,59,59,48,48,31,57,57,57,57,67,67,67,63,63,63,63,63,63,63,63,63,63,81,81,81,81,81,81,81,81,81,81,81,81,81,81,81,81,81,81,81,81,81,81,15],"gold":40,"neow_bonus":"THREE_ENEMY_KILL","is_prod":false,"is_daily":false,"chose_seed":false,"campfire_upgraded":8,"win_rate":0,"timestamp":1546859370,"path_taken":["M","?","?","M","?","R","E","R","T","?","?","M","R","M","R","BOSS","M","?","$","?","M","R","M","R","T","E","?","M","?","M","R","BOSS","M","M","?","M","M","E","R","$","T","?","M","?","?","$","R","BOSS","BOSS","R","$","E","BOSS"],"build_version":"2019-01-03v4","purchased_purges":4,"victory":true,"max_hp_per_floor":[66,66,66,66,66,66,66,66,66,66,66,66,66,66,66,66,66,66,66,66,80,80,80,80,80,80,80,80,80,80,80,80,80,85,85,85,85,85,85,85,85,85,85,85,85,85,85,85,85,85,85,85,85,85,85,85],"card_choices":[{"not_picked":["Footwork","Choke"],"picked":"Tactician","floor":1.0},{"not_picked":["Quick Slash","Underhanded Strike","Eviscerate"],"picked":"SKIP","floor":3.0},{"not_picked":["Noxious Fumes","Predator"],"picked":"Acrobatics","floor":4.0},{"not_picked":["Distraction","Flying Knee","Underhanded Strike"],"picked":"SKIP","floor":7.0},{"not_picked":["Deflect","Riddle With Holes"],"picked":"Expertise","floor":11.0},{"not_picked":["Dagger Spray","Cloak And Dagger","Tactician"],"picked":"SKIP","floor":12.0},{"not_picked":["Outmaneuver","Bane","Blur"],"picked":"SKIP","floor":14.0},{"not_picked":["Bane","Deadly Poison","Poisoned Stab"],"picked":"SKIP","floor":18.0},{"not_picked":["Outmaneuver","Catalyst"],"picked":"Well Laid Plans","floor":22.0},{"not_picked":["Blade Dance","PiercingWail","Dash"],"picked":"SKIP","floor":24.0},{"not_picked":["Riddle With Holes","Cloak And Dagger","Slice"],"picked":"SKIP","floor":27.0},{"not_picked":["Dagger Spray","Dagger Throw"],"picked":"Adrenaline","floor":29.0},{"not_picked":["Backstab","Masterful Stab"],"picked":"Acrobatics","floor":31.0},{"not_picked":["Dodge and Roll+1","Accuracy","Bane"],"picked":"SKIP","floor":35.0},{"not_picked":["Dodge and Roll+1","Blade Dance","Terror"],"picked":"SKIP","floor":36.0},{"not_picked":["Prepared","Dagger Throw","Infinite Blades"],"picked":"SKIP","floor":38.0},{"not_picked":["Well Laid Plans+1","Endless Agony","Storm of Steel"],"picked":"SKIP","floor":39.0},{"not_picked":["Cloak And Dagger","Riddle With Holes","Burst"],"picked":"SKIP","floor":40.0},{"not_picked":["Outmaneuver","Underhanded Strike","Terror"],"picked":"SKIP","floor":44.0},{"not_picked":["Slice","Outmaneuver","Skewer"],"picked":"SKIP","floor":45.0},{"not_picked":["Underhanded Strike","Choke","Deflect"],"picked":"SKIP","floor":55}],"player_experience":1824096,"relics_obtained":[{"floor":7.0,"key":"Regal Pillow"},{"floor":9.0,"key":"Lantern"},{"floor":21.0,"key":"Mango"},{"floor":21.0,"key":"Letter Opener"},{"floor":27.0,"key":"Du-Vu Doll"},{"floor":40.0,"key":"Meat on the Bone"},{"floor":43.0,"key":"Boot"},{"floor":55,"key":"Kunai"}],"event_choices":[{"damage_healed":0.0,"max_hp_gain":0.0,"max_hp_loss":0.0,"gold_gain":50.0,"event_name":"Golden Shrine","player_choice":"Pray","floor":2.0,"gold_loss":0.0,"damage_taken":0.0},{"damage_healed":0.0,"max_hp_gain":0.0,"max_hp_loss":0.0,"gold_gain":0.0,"event_name":"Accursed Blacksmith","player_choice":"Forge","floor":10.0,"gold_loss":0.0,"damage_taken":0.0,"cards_upgraded":["Tactician"]},{"damage_healed":0.0,"max_hp_gain":0.0,"max_hp_loss":0.0,"gold_gain":0.0,"event_name":"Cursed Tome","player_choice":"Ignored","floor":19.0,"gold_loss":0.0,"damage_taken":0.0},{"damage_healed":0.0,"max_hp_gain":0.0,"max_hp_loss":0.0,"gold_gain":0.0,"event_name":"Colosseum","player_choice":"Fight","floor":21.0,"gold_loss":0.0,"damage_taken":0.0},{"damage_healed":0.0,"max_hp_gain":0.0,"max_hp_loss":0.0,"gold_gain":0.0,"event_name":"Colosseum","player_choice":"Fought Nobs","floor":21.0,"gold_loss":0.0,"damage_taken":0.0},{"cards_removed":["Eviscerate"],"damage_healed":0.0,"max_hp_gain":0.0,"max_hp_loss":0.0,"gold_gain":0.0,"event_name":"Back to Basics","player_choice":"Elegance","floor":28.0,"gold_loss":0.0,"damage_taken":0.0},{"damage_healed":0.0,"max_hp_gain":0.0,"max_hp_loss":0.0,"gold_gain":0.0,"event_name":"FaceTrader","player_choice":"Trade","floor":30.0,"gold_loss":0.0,"damage_taken":0.0,"relics_obtained":["SsserpentHead"]},{"damage_healed":0.0,"max_hp_gain":0.0,"max_hp_loss":0.0,"gold_gain":0.0,"event_name":"MindBloom","player_choice":"Upgrade","floor":46.0,"gold_loss":0.0,"damage_taken":0.0,"cards_upgraded":["Survivor","Die Die Die","Glass Knife","Slice","Adrenaline","Infinite Blades","Adrenaline"],"relics_obtained":["Mark of the Bloom"]},{"damage_healed":0,"gold_gain":0,"player_choice":"1 cards matched","damage_taken":0,"max_hp_gain":0,"max_hp_loss":0,"event_name":"Match and Keep!","floor":47,"gold_loss":0,"cards_obtained":["Adrenaline"]}],"is_beta":false,"boss_relics":[{"not_picked":["Ring of the Serpent","Busted Crown"],"picked":"Pandora\u0027s Box"},{"not_picked":["Velvet Choker","Calling Bell"],"picked":"Tiny House"}],"items_purged_floors":[20,37,42,48],"is_endless":false,"potions_floor_spawned":[1,3,7,12,21,24,29,31,35,38,40,45,55],"ascension_level":20}