{"gold_per_floor":[110,110,124,137,156,156,172,172,172,191,36,36,36,211,211,316,316,334,354,354,354,354],"floor_reached":22,"playtime":1644,"items_purged":["Strike_R"],"score":264,"play_id":"cbc9b09e-eb21-4947-a7d9-77236fd7fc58","local_time":"20190728102156","is_ascension_mode":true,"campfire_choices":[{"floor":6,"key":"REST"},{"data":"Ghostly Armor","floor":8,"key":"SMITH"},{"data":"Shrug It Off","floor":13,"key":"SMITH"},{"data":"Rampage","floor":15,"key":"SMITH"}],"neow_cost":"PERCENT_DAMAGE","seed_source_timestamp":681671174876280,"circlet_count":0,"master_deck":["AscendersBane","Strike_R+1","Strike_R+1","Strike_R+1","Defend_R+1","Defend_R+1","Defend_R+1","Defend_R+1","Bash","Demon Form","Ghostly Armor+1","Rampage+1","Shrug It Off+1","Sword Boomerang","Doubt","Brutality","Entrench","Cleave+1","Shrug It Off"],"relics":["Black Blood","Red Skull"],"potions_floor_usage":[5,18,19],"damage_taken":[{"damage":7,"enemies":"Small Slimes","floor":1,"turns":4},{"damage":6,"enemies":"Cultist","floor":3,"turns":4},{"damage":0,"enemies":"2 Louse","floor":4,"turns":3},{"damage":20,"enemies":"Gremlin Gang","floor":5,"turns":9},{"damage":5,"enemies":"Exordium Wildlife","floor":7,"turns":4},{"damage":15,"enemies":"2 Fungi Beasts","floor":10,"turns":4},{"damage":38,"enemies":"Hexaghost","floor":16,"turns":9},{"damage":13,"enemies":"Chosen","floor":18,"turns":6},{"damage":56,"enemies":"3 Byrds","floor":19,"turns":7},{"damage":20,"enemies":"Centurion and Healer","floor":22,"turns":3}],"seed_played":"-312776358802698914","potions_obtained":[{"floor":3,"key":"SteroidPotion"},{"floor":10,"key":"GamblersBrew"},{"floor":18,"key":"Block Potion"}],"is_trial":false,"path_per_floor":["M","?","M","M","M","R","M","R","T","M","$","?","R","?","R","B",null,"M","M","?","?","M"],"character_chosen":"IRONCLAD","items_purchased":["Shrug It Off","Sword Boomerang"],"campfire_rested":1,"item_purchase_floors":[11,11],"current_hp_per_floor":[50,34,34,40,26,50,51,51,51,42,42,47,47,47,47,15,68,65,19,19,19,0],"gold":354,"neow_bonus":"THREE_RARE_CARDS","is_prod":false,"is_daily":false,"chose_seed":false,"campfire_upgraded":3,"win_rate":0,"timestamp":1564327316,"path_taken":["M","?","M","M","M","R","M","R","T","M","$","?","R","?","R","BOSS","M","M","?","?","M"],"build_version":"2019-07-17","purchased_purges":1,"victory":false,"max_hp_per_floor":[80,80,80,80,80,80,80,80,80,80,80,85,85,85,85,85,85,85,85,85,85,85],"card_choices":[{"not_picked":["Reaper","Bludgeon"],"picked":"Demon Form","floor":0},{"not_picked":["Rupture","Anger","Cleave"],"picked":"SKIP","floor":1},{"not_picked":["Pummel","Wild Strike","Fire Breathing"],"picked":"SKIP","floor":3},{"not_picked":["Thunderclap","Flex","Heavy Blade"],"picked":"SKIP","floor":4},{"not_picked":["Armaments","Flex","Corruption"],"picked":"SKIP","floor":5},{"not_picked":["Perfected Strike","Whirlwind"],"picked":"Ghostly Armor","floor":7},{"not_picked":["Hemokinesis","Feel No Pain"],"picked":"Rampage","floor":10},{"not_picked":["Demon Form","Fiend Fire"],"picked":"Brutality","floor":16},{"not_picked":["Heavy Blade+1","Reckless Charge"],"picked":"Entrench","floor":18},{"not_picked":["Body Slam","Uppercut"],"picked":"Cleave+1","floor":19}],"player_experience":363479,"relics_obtained":[{"floor":9,"key":"Red Skull"}],"event_choices":[{"damage_healed":0,"gold_gain":0,"player_choice":"Entered Light","damage_taken":16,"max_hp_gain":0,"max_hp_loss":0,"event_name":"Shining Light","floor":2,"gold_loss":0,"cards_upgraded":["Strike_R","Strike_R"]},{"damage_healed":0,"gold_gain":0,"player_choice":"Donut","damage_taken":0,"max_hp_gain":5,"max_hp_loss":0,"event_name":"Big Fish","floor":12,"gold_loss":0},{"damage_healed":0,"gold_gain":175,"player_choice":"AGREE","damage_taken":0,"max_hp_gain":0,"max_hp_loss":0,"event_name":"Liars Game","floor":14,"gold_loss":0,"cards_obtained":["Doubt"]},{"damage_healed":0,"gold_gain":0,"player_choice":"Simplicity","damage_taken":0,"max_hp_gain":0,"max_hp_loss":0,"event_name":"Back to Basics","floor":20,"gold_loss":0,"cards_upgraded":["Strike_R","Strike_R","Defend_R","Defend_R","Defend_R","Defend_R"]},{"damage_healed":0,"gold_gain":0,"cards_transformed":["Strike_R"],"player_choice":"Transformed","damage_taken":0,"max_hp_gain":0,"max_hp_loss":0,"event_name":"Transmorgrifier","floor":21,"gold_loss":0,"cards_obtained":["Shrug It Off"]}],"is_beta":false,"boss_relics":[{"not_picked":["Lizard Tail","Fusion Hammer"],"picked":"Black Blood"}],"items_purged_floors":[11],"is_endless":false,"potions_floor_spawned":[1,3,10,18],"killed_by":"Centurion and Healer","ascension_level":10}