{"gold_per_floor":[110,35,35,35,35,35,52,52,52,68,80,80,80],"floor_reached":13,"playtime":231,"items_purged":["Strike_B"],"score":146,"play_id":"3fd630a7-0422-45b7-9bc3-6ddb40013699","local_time":"20190224001036","is_ascension_mode":true,"campfire_choices":[{"data":"Capacitor","floor":6.0,"key":"SMITH"},{"data":"Streamline","floor":8.0,"key":"SMITH"}],"neow_cost":"NONE","seed_source_timestamp":7012498871472,"circlet_count":0,"master_deck":["AscendersBane","Strike_B+1","Strike_B","Defend_B","Defend_B+1","Defend_B","Defend_B","Zap","Dualcast","Streamline+1","Capacitor+1","Pain","Glacier"],"special_seed":0,"relics":["Cracked Core","Dream Catcher","WarpedTongs","Kunai"],"potions_floor_usage":[],"damage_taken":[{"damage":7.0,"enemies":"Jaw Worm","floor":1.0,"turns":4.0},{"damage":0.0,"enemies":"2 Louse","floor":7.0,"turns":3.0},{"damage":2.0,"enemies":"Cultist","floor":10.0,"turns":3.0},{"damage":18,"enemies":"Red Slaver","floor":11,"turns":3},{"damage":1,"enemies":"3 Sentries","floor":13,"turns":2}],"seed_played":"-820821897560618816","potions_obtained":[{"floor":7.0,"key":"Poison Potion"},{"floor":10.0,"key":"Dexterity Potion"}],"is_trial":false,"path_per_floor":["M","$","?","?","?","R","M","R","T","M","M","$","E"],"character_chosen":"DEFECT","items_purchased":[],"campfire_rested":0,"item_purchase_floors":[],"current_hp_per_floor":[57,57,36,36,36,36,36,36,36,34,16,16,15],"gold":80,"neow_bonus":"RANDOM_COMMON_RELIC","is_prod":false,"is_daily":false,"chose_seed":false,"campfire_upgraded":2,"win_rate":0,"timestamp":1550938236,"path_taken":["M","$","?","?","?","R","?","R","T","M","M","?","E"],"build_version":"2019-01-23","purchased_purges":1,"victory":false,"max_hp_per_floor":[71,71,71,71,71,71,71,71,71,71,71,71,71],"card_choices":[{"not_picked":["Compile Driver","Go for the Eyes"],"picked":"Streamline","floor":1.0},{"not_picked":["Sweeping Beam","Aggregate","Double Energy"],"picked":"SKIP","floor":7.0},{"not_picked":["Auto Shields","Genetic Algorithm"],"picked":"Glacier","floor":10.0},{"not_picked":["Scrape","Hello World","Steam"],"picked":"SKIP","floor":11}],"player_experience":3086091,"relics_obtained":[{"floor":9.0,"key":"Kunai"}],"event_choices":[{"damage_healed":0.0,"max_hp_gain":0.0,"max_hp_loss":0.0,"gold_gain":0.0,"event_name":"Shining Light","player_choice":"Entered Light","floor":3.0,"gold_loss":0.0,"damage_taken":21.0,"cards_upgraded":["Defend_B","Strike_B"]},{"damage_healed":0.0,"max_hp_gain":0.0,"max_hp_loss":0.0,"gold_gain":0.0,"cards_transformed":["Strike_B"],"event_name":"Living Wall","player_choice":"Change","floor":4.0,"gold_loss":0.0,"damage_taken":0.0,"cards_obtained":["Capacitor"]},{"damage_healed":0.0,"max_hp_gain":0.0,"max_hp_loss":0.0,"gold_gain":0.0,"event_name":"Accursed Blacksmith","player_choice":"Rummage","floor":5.0,"gold_loss":0.0,"damage_taken":0.0,"relics_obtained":["WarpedTongs"],"cards_obtained":["Pain"]}],"is_beta":false,"boss_relics":[],"items_purged_floors":[2],"is_endless":false,"potions_floor_spawned":[7,10],"killed_by":"3 Sentries","ascension_level":20}