{"gold_per_floor":[112,128,144,69,69,69,69,69,92,92,111,111,142,155,155,232,232,245,205],"floor_reached":19,"playtime":537,"items_purged":[],"score":334,"play_id":"5413801e-3466-4098-ac7a-7aee3352c182","local_time":"20190219093119","is_ascension_mode":true,"campfire_choices":[{"data":"Bouncing Flask","floor":6.0,"key":"SMITH"},{"data":"Neutralize","floor":8.0,"key":"SMITH"},{"data":"Caltrops","floor":10.0,"key":"SMITH"},{"data":"Footwork","floor":12.0,"key":"SMITH"},{"data":"Catalyst","floor":15.0,"key":"SMITH"}],"neow_cost":"NONE","seed_source_timestamp":4460812482213,"circlet_count":0,"master_deck":["AscendersBane","Defend_G","Defend_G","Defend_G","Defend_G","Defend_G","Strike_G","Strike_G","Strike_G","Strike_G","Survivor","Neutralize+1","Caltrops+1","Tactician","Dagger Throw","Bouncing Flask+1","Footwork+1","Catalyst+1"],"special_seed":0,"relics":["Sozu","Ice Cream","PreservedInsect","Mango","Cursed Key"],"potions_floor_usage":[],"damage_taken":[{"damage":1.0,"enemies":"2 Louse","floor":1.0,"turns":3.0},{"damage":1.0,"enemies":"Cultist","floor":2.0,"turns":5.0},{"damage":4.0,"enemies":"Jaw Worm","floor":3.0,"turns":5.0},{"damage":1.0,"enemies":"Red Slaver","floor":11.0,"turns":3.0},{"damage":30.0,"enemies":"3 Sentries","floor":13.0,"turns":7.0},{"damage":1.0,"enemies":"3 Louse","floor":14.0,"turns":3.0},{"damage":20.0,"enemies":"Slime Boss","floor":16.0,"turns":7.0},{"damage":8,"enemies":"Shell Parasite","floor":18,"turns":6},{"damage":17,"enemies":"2 Thieves","floor":19,"turns":2}],"seed_played":"1176194423611705801","potions_obtained":[],"is_trial":false,"path_per_floor":["M","M","M","$","?","R","?","R","T","R","M","R","E","M","R","B",null,"M","M"],"character_chosen":"THE_SILENT","items_purchased":["Bouncing Flask"],"campfire_rested":0,"item_purchase_floors":[4],"current_hp_per_floor":[58,57,53,53,46,46,46,46,46,46,45,45,29,28,28,8,62,54,37],"gold":205,"neow_bonus":"BOSS_RELIC","is_prod":false,"is_daily":false,"chose_seed":false,"campfire_upgraded":5,"win_rate":0,"timestamp":1550539879,"path_taken":["M","M","M","$","?","R","?","R","T","R","M","R","E","M","R","BOSS","M","M"],"build_version":"2019-01-23","purchased_purges":0,"victory":false,"max_hp_per_floor":[66,66,66,66,66,66,66,66,66,66,66,66,80,80,80,80,80,80,80],"card_choices":[{"not_picked":["Heel Hook","Finisher"],"picked":"Caltrops","floor":1.0},{"not_picked":["Deflect","Riddle With Holes"],"picked":"Tactician","floor":2.0},{"not_picked":["Bane","Underhanded Strike"],"picked":"Dagger Throw","floor":3.0},{"not_picked":["Masterful Stab","Distraction"],"picked":"Footwork","floor":11.0},{"not_picked":["Eviscerate","Quick Slash"],"picked":"Catalyst","floor":13.0},{"not_picked":["Slice","Poisoned Stab","Choke"],"picked":"SKIP","floor":14.0},{"not_picked":["Dagger Throw","Accuracy","Flying Knee"],"picked":"SKIP","floor":18}],"player_experience":2935484,"relics_obtained":[{"floor":7.0,"key":"Ice Cream"},{"floor":9.0,"key":"PreservedInsect"},{"floor":13.0,"key":"Mango"}],"event_choices":[{"cards_removed":["Strike_G"],"damage_healed":0.0,"max_hp_gain":0.0,"max_hp_loss":0.0,"gold_gain":0.0,"event_name":"Golden Wing","player_choice":"Card Removal","floor":5.0,"gold_loss":0.0,"damage_taken":7.0},{"damage_healed":0.0,"max_hp_gain":0.0,"max_hp_loss":0.0,"gold_gain":0.0,"event_name":"Wheel of Change","player_choice":"Relic","floor":7.0,"gold_loss":0.0,"damage_taken":0.0}],"is_beta":false,"boss_relics":[{"not_picked":["Fusion Hammer","Tiny House"],"picked":"Cursed Key"}],"items_purged_floors":[],"is_endless":false,"potions_floor_spawned":[1,16,18],"killed_by":"2 Thieves","ascension_level":20}