{"path_per_floor":["M","?","M","M","?","E","R","E","T","E","M","E","$","E","R","B",null,"M","?","?","M","M","E","$","E","T","M","R","E","M","E","R","B",null,"M","?","?","M","M","E","R","E","T","$","M","E","M","E","R","B"],"character_chosen":"DEFECT","items_purchased":["Aggregate","Turbo","DataDisk","Hello World","Gremlin Horn","Ornamental Fan"],"gold_per_floor":[114,114,133,152,182,220,220,258,333,371,390,428,305,343,343,468,468,487,487,402,421,440,478,478,516,516,535,535,573,592,630,630,755,755,774,774,774,793,812,850,850,888,913,278,297,335,354,392,392,392],"floor_reached":51,"campfire_rested":0,"playtime":3532,"current_hp_per_floor":[73,72,66,70,45,43,43,43,43,31,31,38,38,42,42,42,57,52,52,52,52,52,51,50,49,48,47,46,45,44,50,49,45,53,52,45,45,47,52,46,46,49,48,47,46,47,48,49,48,29],"items_purged":[],"gold":392,"score":1358,"play_id":"297d68d4-7b7e-41cf-af3f-7041cdcbcfc6","local_time":"20180513105139","daily_mods":["Insanity","Elite Swarm","Terminal"],"is_prod":false,"is_daily":true,"chose_seed":false,"is_ascension_mode":false,"campfire_upgraded":3,"timestamp":1526179899,"path_taken":["M","?","M","M","?","E","R","E","T","E","M","E","$","E","R","BOSS","M","?","?","M","M","E","$","E","T","?","R","E","M","E","R","BOSS","M","?","?","M","?","E","R","E","T","$","M","E","M","E","R","BOSS"],"build_version":"2018-05-12v2","seed_source_timestamp":0,"purchased_purges":0,"victory":true,"master_deck":["Static Discharge","Meteor Strike","Axe Kick","Buffer","Static Discharge","Self Repair","Storm+1","Echo Form","Force Field","Lockon","Auto Shields","BootSequence","Lockon","Static Discharge","Self Repair","Double Energy+1","Conserve Battery","Buffer","Hologram","Meteor Strike","Meteor Strike","Meteor Strike","All For One","Hello World","Rebound","Self Repair","Fusion","Go for the Eyes","Biased Cognition","Hello World","Consume","Sweeping Beam","White Noise","Buffer","Echo Form","Turbo","Scrape","Static Discharge","Impulse","FTL","Echo Form","Genetic Algorithm","Fission","Chill+1","All For One","Blizzard","Scrape","Reprogram","Stack","Injury","Stack+1","White Noise","Seek+1","Electrodynamics","Seek+1","Turbo+1","Electrodynamics+1","Aggregate+1","Turbo+1","Reboot+1","Machine Learning+1","Loop+1","Steam+1","Multi-Cast+1","Thunder Strike","Skim+1","Seek+1","Hello World+1","Tempest+1","Sunder","Heatsinks+1","Madness+1","Madness+1","Reboot+1","Thunder Strike","Hello World+1","Loop+1"],"max_hp_per_floor":[73,72,71,70,69,68,67,66,65,64,63,62,61,60,59,58,57,56,55,54,53,52,51,50,49,48,47,46,45,44,50,49,50,53,52,51,50,51,52,51,50,49,48,47,46,47,48,49,48,47],"relics":["Cracked Core","Golden Idol","Tiny Chest","Ancient Tea Set","Smiling Mask","Toxic Egg 2","Symbiotic Virus","Frozen Egg 2","Dodecahedron","Nuclear Battery","Dream Catcher","Matryoshka","Bag of Preparation","Oddly Smooth Stone","Pantograph","Shovel","Singing Bowl","Shuriken","Orrery","Lantern","Art of War","The Courier","Bag of Marbles","Juzu Bracelet","DataDisk","Gremlin Horn","Ornamental Fan","War Paint","Bottled Lightning","Blood Vial"],"card_choices":[{"not_picked":["Hologram","Sweeping Beam"],"picked":"Stack","floor":1},{"not_picked":["Axe Kick","Ball Lightning"],"picked":"Stack","floor":3},{"not_picked":["Static Discharge","Capacitor"],"picked":"White Noise","floor":4},{"not_picked":["Amplify","Nova"],"picked":"Seek","floor":6},{"not_picked":["Machine Learning","Amplify"],"picked":"Electrodynamics","floor":8},{"not_picked":["Meteor Strike","Nova"],"picked":"Seek+1","floor":10},{"not_picked":["Axe Kick","Cold Snap"],"picked":"Turbo+1","floor":11},{"not_picked":["Echo Form","Multi-Cast+1"],"picked":"Electrodynamics","floor":12},{"not_picked":["Biased Cognition+1","Machine Learning+1"],"picked":"Reboot+1","floor":14},{"not_picked":["Electrodynamics+1","Echo Form+1"],"picked":"Machine Learning+1","floor":16},{"not_picked":["Go for the Eyes+1","Leap+1"],"picked":"Loop+1","floor":18},{"not_picked":["Go for the Eyes","Lockon","FTL"],"picked":"SKIP","floor":21},{"not_picked":["Ball Lightning","Go for the Eyes"],"picked":"Steam+1","floor":22},{"not_picked":["Biased Cognition+1","All For One"],"picked":"Multi-Cast+1","floor":23},{"not_picked":["Biased Cognition+1","Fusion+1"],"picked":"Thunder Strike","floor":25},{"not_picked":["Streamline","Doom and Gloom+1"],"picked":"Skim+1","floor":27},{"not_picked":["Creative AI+1","All For One"],"picked":"Seek+1","floor":29},{"not_picked":["Coolheaded+1","Barrage+1","Capacitor+1"],"picked":"SKIP","floor":30},{"not_picked":["Hyperbeam","Amplify+1","Meteor Strike"],"picked":"Singing Bowl","floor":31},{"not_picked":["Electrodynamics+1","Rainbow+1","Meteor Strike"],"picked":"Singing Bowl","floor":33},{"not_picked":["Consume+1","Heatsinks+1"],"picked":"Hello World+1","floor":34},{"not_picked":["Steam+1","Force Field+1","Capacitor+1"],"picked":"Singing Bowl","floor":34},{"not_picked":["Skim+1","Ball Lightning"],"picked":"Tempest+1","floor":34},{"not_picked":["Sweeping Beam+1","BootSequence+1"],"picked":"Sunder","floor":34},{"not_picked":["Steam+1","Auto Shields+1","Coolheaded+1"],"picked":"Singing Bowl","floor":34},{"not_picked":["Steam+1","Stack+1"],"picked":"Heatsinks+1","floor":35},{"not_picked":["Axe Kick","Skim+1","Hologram+1"],"picked":"Singing Bowl","floor":38},{"not_picked":["Turbo+1","Doom and Gloom","Rainbow+1"],"picked":"Singing Bowl","floor":39},{"not_picked":["Rainbow+1","Fusion+1"],"picked":"Reboot+1","floor":40},{"not_picked":["All For One","Multi-Cast+1"],"picked":"Thunder Strike","floor":42},{"not_picked":["Ball Lightning+1","Turbo+1"],"picked":"Loop+1","floor":45},{"not_picked":["Hyperbeam","Nova","Amplify+1"],"picked":"Singing Bowl","floor":46},{"not_picked":["Stack+1","Coolheaded+1","Hologram+1"],"picked":"Singing Bowl","floor":47},{"not_picked":["Rainbow+1","Amplify+1","Hyperbeam"],"picked":"Singing Bowl","floor":48}],"player_experience":465861,"potions_floor_usage":[8,16,16,16,21,25,31,33,50,50,50],"damage_taken":[{"damage":0,"enemies":"Small Slimes","floor":1,"turns":2},{"damage":6,"enemies":"Jaw Worm","floor":3,"turns":5},{"damage":0,"enemies":"Cultist","floor":4,"turns":4},{"damage":9,"enemies":"Gremlin Nob","floor":6,"turns":5},{"damage":0,"enemies":"Lagavulin","floor":8,"turns":4},{"damage":19,"enemies":"Gremlin Nob","floor":10,"turns":5},{"damage":0,"enemies":"Large Slime","floor":11,"turns":3},{"damage":0,"enemies":"3 Sentries","floor":12,"turns":5},{"damage":3,"enemies":"Lagavulin","floor":14,"turns":6},{"damage":0,"enemies":"The Guardian","floor":16,"turns":6},{"damage":5,"enemies":"2 Thieves","floor":18,"turns":3},{"damage":0,"enemies":"Chosen","floor":21,"turns":3},{"damage":13,"enemies":"Snake Plant","floor":22,"turns":3},{"damage":0,"enemies":"Gremlin Leader","floor":23,"turns":2},{"damage":0,"enemies":"Slavers","floor":25,"turns":2},{"damage":7,"enemies":"Centurion and Healer","floor":27,"turns":4},{"damage":0,"enemies":"Gremlin Leader","floor":29,"turns":3},{"damage":7,"enemies":"3 Cultists","floor":30,"turns":3},{"damage":0,"enemies":"Book of Stabbing","floor":31,"turns":3},{"damage":6,"enemies":"Collector","floor":33,"turns":4},{"damage":0,"enemies":"Orb Walker","floor":35,"turns":1},{"damage":0,"enemies":"Flame Bruiser 1 Orb","floor":38,"turns":4},{"damage":0,"enemies":"Maw","floor":39,"turns":5},{"damage":13,"enemies":"2 Orb Walkers","floor":40,"turns":4},{"damage":0,"enemies":"Nemesis","floor":42,"turns":3},{"damage":0,"enemies":"3 Darklings","floor":45,"turns":1},{"damage":0,"enemies":"Giant Head","floor":46,"turns":2},{"damage":0,"enemies":"Sphere and 2 Shapes","floor":47,"turns":2},{"damage":0,"enemies":"2 Orb Walkers","floor":48,"turns":2},{"damage":19,"enemies":"Time Eater","floor":50,"turns":6}],"event_choices":[{"event_name":"Golden Idol","player_choice":"Take Wound","floor":2,"damage_taken":0},{"event_name":"Scrap Ooze","player_choice":"success","floor":5,"damage_taken":25},{"event_name":"Back to Basics","player_choice":"Elegance","floor":19,"damage_taken":0},{"event_name":"Addict","player_choice":"Obtained Relic","floor":20,"damage_taken":0},{"event_name":"Winding Halls","player_choice":"Embrace Madness","floor":36,"damage_taken":0}],"boss_relics":[{"not_picked":["Black Star","Sozu"],"picked":"Nuclear Battery"},{"not_picked":["Velvet Choker","Pandora\u0027s Box"],"picked":"Orrery"}],"potions_floor_spawned":[3,6,12,14,18,22,23,27,29,30,35,45,46,47],"seed_played":"-8602145227359355025","ascension_level":0,"is_trial":false}