{"gold_per_floor":[114,64,64,139,150,150,182,182,182,194,194,207,218,234,234,334,334,352,208,208,225,125,125,150,150,150,184,201,201,301,313,313,414,414,424,441,456,504,379,379,392,426,426,426,440,52,52,71,71,71,71,71,31,31,31],"floor_reached":55,"playtime":3945,"items_purged":["Strike_G","Strike_G","Defend_G"],"score":712,"play_id":"41790239-a4c8-4549-b258-a8cc6d022e5f","local_time":"20190528224346","is_ascension_mode":false,"campfire_choices":[{"data":"Neutralize","floor":6.0,"key":"SMITH"},{"data":"Blade Dance","floor":8.0,"key":"SMITH"},{"data":"Survivor","floor":11.0,"key":"SMITH"},{"floor":15.0,"key":"REST"},{"data":"Phantasmal Killer","floor":23.0,"key":"SMITH"},{"data":"Accuracy","floor":25.0,"key":"SMITH"},{"data":"Dodge and Roll","floor":32.0,"key":"SMITH"},{"data":"1","floor":40.0,"key":"LIFT"},{"data":"2","floor":44.0,"key":"LIFT"},{"data":"3","floor":47.0,"key":"LIFT"},{"floor":49.0,"key":"RECALL"},{"data":"Burst","floor":52.0,"key":"SMITH"}],"neow_cost":"NONE","seed_source_timestamp":11619579173159,"circlet_count":0,"master_deck":["Defend_G","Defend_G","Survivor+1","Neutralize+1","Blade Dance+1","Backstab","Infinite Blades","Phantasmal Killer+1","Escape Plan","After Image","Masterful Stab+1","Riddle With Holes+1","Flechettes+1","Footwork","Accuracy+1","After Image","Dodge and Roll+1","Choke+1","Finisher","Burst+1","Escape Plan+1","Blur","Well Laid Plans+1","Deflect+1","Regret"],"special_seed":0,"relics":["Ring of the Snake","NeowsBlessing","Dream Catcher","Vajra","Pen Nib","Astrolabe","Kunai","Centennial Puzzle","Torii","Paper Crane","Cursed Key","Girya","The Courier","Bottled Lightning","Bottled Tornado","Ninja Scroll"],"potions_floor_usage":[54,54,54],"damage_taken":[{"damage":0.0,"enemies":"Small Slimes","floor":1.0,"turns":1.0},{"damage":0.0,"enemies":"2 Louse","floor":5.0,"turns":1.0},{"damage":0.0,"enemies":"Lagavulin","floor":7.0,"turns":1.0},{"damage":0.0,"enemies":"Jaw Worm","floor":10.0,"turns":3.0},{"damage":0.0,"enemies":"Red Slaver","floor":12.0,"turns":2.0},{"damage":0.0,"enemies":"Large Slime","floor":13.0,"turns":4.0},{"damage":0.0,"enemies":"2 Fungi Beasts","floor":14.0,"turns":2.0},{"damage":44.0,"enemies":"The Guardian","floor":16.0,"turns":13.0},{"damage":0.0,"enemies":"3 Byrds","floor":18.0,"turns":4.0},{"damage":4.0,"enemies":"2 Thieves","floor":21.0,"turns":4.0},{"damage":5.0,"enemies":"Book of Stabbing","floor":24.0,"turns":4.0},{"damage":1.0,"enemies":"Slavers","floor":27.0,"turns":6.0},{"damage":1.0,"enemies":"Centurion and Healer","floor":28.0,"turns":6.0},{"damage":0.0,"enemies":"Colosseum Slavers","floor":30.0,"turns":4.0},{"damage":3.0,"enemies":"Colosseum Nobs","floor":30.0,"turns":4.0},{"damage":0.0,"enemies":"Sentry and Sphere","floor":31.0,"turns":3.0},{"damage":9.0,"enemies":"Automaton","floor":33.0,"turns":7.0},{"damage":9.0,"enemies":"3 Darklings","floor":35.0,"turns":3.0},{"damage":1.0,"enemies":"3 Shapes","floor":36.0,"turns":5.0},{"damage":0.0,"enemies":"3 Darklings","floor":37.0,"turns":7.0},{"damage":16.0,"enemies":"2 Orb Walkers","floor":38.0,"turns":3.0},{"damage":3.0,"enemies":"4 Shapes","floor":41.0,"turns":5.0},{"damage":1.0,"enemies":"Reptomancer","floor":42.0,"turns":2.0},{"damage":0.0,"enemies":"Sphere and 2 Shapes","floor":45.0,"turns":6.0},{"damage":0.0,"enemies":"Jaw Worm Horde","floor":48.0,"turns":3.0},{"damage":33.0,"enemies":"Awakened One","floor":50.0,"turns":10.0},{"damage":19,"enemies":"Shield and Spear","floor":54,"turns":3},{"damage":53,"enemies":"The Heart","floor":55,"turns":3}],"seed_played":"-1415417729546773501","potions_obtained":[{"floor":5.0,"key":"SteroidPotion"},{"floor":10.0,"key":"Swift Potion"},{"floor":27.0,"key":"GhostInAJar"},{"floor":28.0,"key":"Swift Potion"},{"floor":33.0,"key":"Regen Potion"},{"floor":37.0,"key":"SmokeBomb"},{"floor":41.0,"key":"SteroidPotion"},{"floor":42.0,"key":"Fire Potion"}],"is_trial":false,"path_per_floor":["M","?","?","?","M","R","E","R","T","M","R","M","M","M","R","B",null,"M","$","?","M","$","R","E","R","T","E","M","?","?","M","R","B",null,"M","M","M","?","$","R","M","E","T","R","M","$","R","M","R","B",null,"R","$","E","B"],"character_chosen":"THE_SILENT","items_purchased":["Footwork","Bottled Tornado","Ninja Scroll","Weak Potion"],"campfire_rested":1,"item_purchase_floors":[19,46,46,53],"current_hp_per_floor":[70,70,37,26,26,26,26,26,26,26,26,26,26,26,47,3,70,70,70,70,66,66,66,61,61,61,60,59,59,56,56,56,47,70,61,60,60,44,44,44,55,54,54,54,54,54,54,54,54,21,70,70,70,51,0],"gold":31,"neow_bonus":"THREE_ENEMY_KILL","is_prod":false,"is_daily":false,"chose_seed":false,"campfire_upgraded":7,"win_rate":0,"timestamp":1559076226,"path_taken":["M","?","?","?","M","R","E","R","T","M","R","M","M","M","R","BOSS","M","$","?","?","$","R","E","R","T","E","M","?","?","M","R","BOSS","M","M","M","?","$","R","M","E","T","R","M","$","R","M","R","BOSS","R","$","E","BOSS"],"build_version":"2019-01-23","purchased_purges":3,"victory":false,"max_hp_per_floor":[70,70,70,70,70,70,70,70,70,70,70,70,70,70,70,70,70,70,70,70,70,70,70,70,70,70,70,70,70,70,70,70,70,70,70,70,70,70,70,70,70,70,70,70,70,70,70,70,70,70,70,70,70,70,70],"card_choices":[{"not_picked":["Bane","Backflip","Dodge and Roll"],"picked":"SKIP","floor":1.0},{"not_picked":["Dagger Throw","Acrobatics","Slice"],"picked":"SKIP","floor":5.0},{"not_picked":["Concentrate","Quick Slash"],"picked":"Blade Dance","floor":7.0},{"not_picked":["Slice","Deadly Poison"],"picked":"Backstab","floor":10.0},{"not_picked":["Sucker Punch","Outmaneuver","Underhanded Strike"],"picked":"SKIP","floor":12.0},{"not_picked":["Dash","Slice"],"picked":"Infinite Blades","floor":13.0},{"not_picked":["Dagger Throw","Underhanded Strike"],"picked":"Phantasmal Killer","floor":14.0},{"not_picked":["Deflect","PiercingWail"],"picked":"Escape Plan","floor":15.0},{"not_picked":["Glass Knife","Wraith Form v2"],"picked":"After Image","floor":16.0},{"not_picked":["Reflex","Flying Knee+1","Outmaneuver"],"picked":"SKIP","floor":18.0},{"not_picked":["Bane","Blade Dance"],"picked":"Accuracy","floor":21.0},{"not_picked":["Dodge and Roll","Prepared+1"],"picked":"After Image","floor":24.0},{"not_picked":["Doppelganger","Sucker Punch+1"],"picked":"Dodge and Roll","floor":27.0},{"not_picked":["Underhanded Strike","Acrobatics","Blade Dance"],"picked":"SKIP","floor":28.0},{"not_picked":["Skewer","PiercingWail"],"picked":"Choke+1","floor":30.0},{"not_picked":["Acrobatics","Blur+1"],"picked":"Finisher","floor":31.0},{"not_picked":["Wraith Form v2","Night Terror"],"picked":"Burst","floor":33.0},{"not_picked":["Backflip","Endless Agony+1"],"picked":"Escape Plan+1","floor":35.0},{"not_picked":["Backstab+1","Dagger Throw+1"],"picked":"Blur","floor":36.0},{"not_picked":["Sucker Punch+1","Deflect"],"picked":"Well Laid Plans+1","floor":37.0},{"not_picked":["Blur","Tactician","Crippling Poison"],"picked":"SKIP","floor":41.0},{"not_picked":["Well Laid Plans+1","Poisoned Stab+1"],"picked":"Deflect+1","floor":42.0},{"not_picked":["Poisoned Stab+1","Crippling Poison","Outmaneuver"],"picked":"SKIP","floor":45.0},{"not_picked":["PiercingWail","Catalyst","Distraction"],"picked":"SKIP","floor":48.0}],"player_experience":433917,"relics_obtained":[{"floor":7.0,"key":"Vajra"},{"floor":9.0,"key":"Pen Nib"},{"floor":24.0,"key":"Kunai"},{"floor":27.0,"key":"Centennial Puzzle"},{"floor":30.0,"key":"Torii"},{"floor":30.0,"key":"Paper Crane"},{"floor":38.0,"key":"Girya"},{"floor":42.0,"key":"The Courier"},{"floor":43.0,"key":"Bottled Lightning"}],"event_choices":[{"cards_removed":["Defend_G"],"damage_healed":0.0,"max_hp_gain":0.0,"max_hp_loss":0.0,"gold_gain":0.0,"event_name":"The Cleric","player_choice":"Card Removal","floor":2.0,"gold_loss":50.0,"damage_taken":0.0},{"damage_healed":0.0,"max_hp_gain":0.0,"max_hp_loss":0.0,"gold_gain":0.0,"event_name":"Scrap Ooze","player_choice":"Success","floor":3.0,"gold_loss":0.0,"damage_taken":33.0,"relics_obtained":["Dream Catcher"]},{"damage_healed":0.0,"max_hp_gain":0.0,"max_hp_loss":0.0,"gold_gain":75.0,"event_name":"World of Goop","player_choice":"Gather Gold","floor":4.0,"gold_loss":0.0,"damage_taken":11.0},{"cards_removed":["Strike_G"],"damage_healed":0.0,"max_hp_gain":0.0,"max_hp_loss":0.0,"gold_gain":0.0,"event_name":"Purifier","player_choice":"Purged","floor":20.0,"gold_loss":0.0,"damage_taken":0.0},{"damage_healed":0.0,"max_hp_gain":0.0,"max_hp_loss":0.0,"gold_gain":0.0,"event_name":"Cursed Tome","player_choice":"Ignored","floor":29.0,"gold_loss":0.0,"damage_taken":0.0},{"damage_healed":0.0,"max_hp_gain":0.0,"max_hp_loss":0.0,"gold_gain":0.0,"event_name":"Colosseum","player_choice":"Fight","floor":30.0,"gold_loss":0.0,"damage_taken":0.0},{"damage_healed":0.0,"max_hp_gain":0.0,"max_hp_loss":0.0,"gold_gain":0.0,"event_name":"Colosseum","player_choice":"Fought Nobs","floor":30.0,"gold_loss":0.0,"damage_taken":0.0},{"damage_healed":0.0,"max_hp_gain":0.0,"max_hp_loss":0.0,"gold_gain":0.0,"event_name":"Mysterious Sphere","player_choice":"Fight","floor":38.0,"gold_loss":0.0,"damage_taken":0.0}],"is_beta":false,"boss_relics":[{"not_picked":["Ring of the Serpent","Ectoplasm"],"picked":"Astrolabe"},{"not_picked":["Orrery","Pandora\u0027s Box"],"picked":"Cursed Key"}],"items_purged_floors":[19,22,39],"is_endless":false,"potions_floor_spawned":[5,10,27,28,30,33,37,41,42,48],"killed_by":"The Heart","ascension_level":0}