{"gold_per_floor":[113,132,132,150,150,179,179,213,213,231,110,185,209,209,209,304,304,315,346,165,178,178,35,35,69,69,85,85,85,111,121,121,222,222,238,249,267,142,142,167,167,178,178,28,43,43,75,75,75,75],"floor_reached":51,"playtime":1072,"items_purged":["Defend_R","Strike_R","Defend_R","Defend_R"],"score":981,"play_id":"c2408c2a-f978-4c4f-bcb0-b20aba0d5dd7","local_time":"20180918204322","is_ascension_mode":true,"campfire_choices":[{"data":"Flex","floor":7,"key":"SMITH"},{"data":"Whirlwind","floor":15,"key":"SMITH"},{"data":"Limit Break","floor":24,"key":"SMITH"},{"data":"Inflame","floor":28,"key":"SMITH"},{"data":"Flex","floor":32,"key":"SMITH"},{"data":"J.A.X.","floor":41,"key":"SMITH"},{"data":"Clash","floor":46,"key":"SMITH"},{"data":"Limit Break","floor":49,"key":"SMITH"}],"neow_cost":"NONE","seed_source_timestamp":32884464818486,"circlet_count":0,"master_deck":["Strike_R+1","Strike_R+1","Defend_R","Bash","Flex+1","Whirlwind+1","Clash+1","Shrug It Off","Clash","Limit Break+1","Clash+1","Flex+1","Inflame+1","J.A.X.+1","Feed","Limit Break+1"],"special_seed":0,"relics":["Burning Blood","NeowsBlessing","Kunai","Matryoshka","Whetstone","Orichalcum","Bag of Marbles","Vajra","Sundial","Odd Mushroom","Runic Cube","Red Mask","Pen Nib","Dodecahedron","Torii","Unceasing Top","Busted Crown","Strawberry","Letter Opener","Omamori"],"potions_floor_usage":[6,10,27,30,30],"damage_taken":[{"damage":0.0,"enemies":"Cultist","floor":1.0,"turns":1.0},{"damage":0.0,"enemies":"Jaw Worm","floor":2.0,"turns":1.0},{"damage":0.0,"enemies":"Small Slimes","floor":4.0,"turns":1.0},{"damage":44,"enemies":"Gremlin Nob","floor":6,"turns":5},{"damage":25,"enemies":"3 Sentries","floor":8,"turns":7},{"damage":0,"enemies":"Exordium Wildlife","floor":10,"turns":2},{"damage":0,"enemies":"The Mushroom Lair","floor":13,"turns":1},{"damage":18,"enemies":"The Guardian","floor":16,"turns":7},{"damage":4,"enemies":"Chosen","floor":18,"turns":3},{"damage":2,"enemies":"Masked Bandits","floor":19,"turns":3},{"damage":2,"enemies":"2 Thieves","floor":21,"turns":2},{"damage":3,"enemies":"Gremlin Leader","floor":25,"turns":4},{"damage":0,"enemies":"Snake Plant","floor":27,"turns":1},{"damage":30,"enemies":"Book of Stabbing","floor":30,"turns":4},{"damage":18,"enemies":"Centurion and Healer","floor":31,"turns":4},{"damage":30,"enemies":"Automaton","floor":33,"turns":5},{"damage":3,"enemies":"3 Darklings","floor":35,"turns":3},{"damage":3,"enemies":"3 Shapes","floor":36,"turns":1},{"damage":3,"enemies":"Maw","floor":37,"turns":4},{"damage":9,"enemies":"2 Orb Walkers","floor":40,"turns":2},{"damage":3,"enemies":"Reptomancer","floor":42,"turns":2},{"damage":3,"enemies":"4 Shapes","floor":45,"turns":4},{"damage":3,"enemies":"Giant Head","floor":47,"turns":2},{"damage":36,"enemies":"Time Eater","floor":50,"turns":3}],"seed_played":"-6576402735713143323","potions_obtained":[{"floor":4.0,"key":"Ancient Potion"},{"floor":8,"key":"Block Potion"},{"floor":10,"key":"Fire Potion"},{"floor":13,"key":"Poison Potion"},{"floor":19,"key":"Fire Potion"},{"floor":30,"key":"SpeedPotion"},{"floor":33,"key":"Explosive Potion"},{"floor":36,"key":"GamblersBrew"}],"is_trial":false,"path_per_floor":["M","M","T","M","?","E","R","E","T","M","$","T","?","?","R","B",null,"M","?","$","M","?","$","R","E","T","M","R","$","E","M","R","B",null,"M","M","M","$","?","E","R","M","T","$","M","R","E","?","R","B"],"character_chosen":"IRONCLAD","items_purchased":["Clash","Inflame","Pen Nib"],"campfire_rested":0,"item_purchase_floors":[11,20,23],"current_hp_per_floor":[80,80,80,80,80,42,42,23,23,29,29,29,35,28,28,16,80,80,80,80,80,80,80,80,80,80,80,80,80,56,47,47,23,83,83,83,83,83,79,86,86,89,89,89,92,92,92,92,92,62],"gold":75,"neow_bonus":"THREE_ENEMY_KILL","is_prod":false,"is_daily":false,"chose_seed":false,"campfire_upgraded":8,"win_rate":0,"timestamp":1537274602,"path_taken":["M","M","?","?","?","E","R","E","T","M","?","?","?","?","R","BOSS","M","?","$","?","?","?","R","E","T","M","R","$","E","M","R","BOSS","M","?","M","$","?","E","R","M","T","$","M","R","E","?","R","BOSS"],"build_version":"2018-09-06","purchased_purges":4,"victory":true,"max_hp_per_floor":[80,80,80,80,80,80,80,80,80,80,80,80,80,80,80,80,80,80,80,80,80,80,80,80,80,80,80,80,80,80,83,83,83,83,83,83,83,83,79,89,89,89,89,89,92,92,92,92,92,92],"card_choices":[{"not_picked":["Sever Soul","Armaments"],"picked":"Flex","floor":1.0},{"not_picked":["Heavy Blade","Warcry"],"picked":"Whirlwind","floor":2.0},{"not_picked":["Body Slam","Combust"],"picked":"Clash","floor":4.0},{"not_picked":["Headbutt","Twin Strike"],"picked":"Shrug It Off","floor":6},{"not_picked":["Intimidate","Impervious","Whirlwind"],"picked":"SKIP","floor":8},{"not_picked":["Twin Strike","Havoc","Metallicize"],"picked":"SKIP","floor":10},{"not_picked":["Immolate","Impervious"],"picked":"Limit Break","floor":16},{"not_picked":["Anger","Armaments"],"picked":"Clash+1","floor":18},{"not_picked":["Iron Wave","Carnage"],"picked":"Flex","floor":19},{"not_picked":["Hemokinesis","True Grit+1","Flex"],"picked":"SKIP","floor":21},{"not_picked":["Shrug It Off+1","Entrench","Sentinel"],"picked":"SKIP","floor":25},{"not_picked":["Havoc","Thunderclap+1","Searing Blow+1"],"picked":"SKIP","floor":27},{"not_picked":["Headbutt+1","Iron Wave"],"picked":"Feed","floor":30},{"not_picked":["Burning Pact","Flame Barrier","Battle Trance+1"],"picked":"SKIP","floor":31},{"not_picked":["Sever Soul+1"],"picked":"SKIP","floor":35},{"not_picked":["Disarm"],"picked":"SKIP","floor":36},{"not_picked":["Twin Strike+1"],"picked":"SKIP","floor":37},{"not_picked":["Iron Wave+1"],"picked":"SKIP","floor":40},{"not_picked":["Perfected Strike"],"picked":"SKIP","floor":42},{"not_picked":["Shrug It Off"],"picked":"SKIP","floor":45},{"not_picked":[],"picked":"Limit Break","floor":47}],"player_experience":11744,"relics_obtained":[{"floor":3.0,"key":"Kunai"},{"floor":6,"key":"Matryoshka"},{"floor":8,"key":"Whetstone"},{"floor":9,"key":"Orichalcum"},{"floor":9,"key":"Bag of Marbles"},{"floor":12,"key":"Vajra"},{"floor":12,"key":"Sundial"},{"floor":13,"key":"Odd Mushroom"},{"floor":19,"key":"Red Mask"},{"floor":25,"key":"Dodecahedron"},{"floor":26,"key":"Torii"},{"floor":30,"key":"Unceasing Top"},{"floor":40,"key":"Strawberry"},{"floor":43,"key":"Letter Opener"},{"floor":47,"key":"Omamori"}],"event_choices":[{"event_name":"Purifier","player_choice":"One Purge","floor":5.0,"damage_taken":0.0},{"event_name":"Mushrooms","player_choice":"Fought Mushrooms","floor":13,"damage_taken":0},{"event_name":"Golden Wing","player_choice":"Card Removal","floor":14,"damage_taken":0},{"event_name":"Masked Bandits","player_choice":"Fought Bandits","floor":19,"damage_taken":0},{"event_name":"Drug Dealer","player_choice":"Got JAX","floor":22,"damage_taken":0},{"event_name":"Winding Halls","player_choice":"Max HP","floor":39,"damage_taken":0},{"event_name":"SecretPortal","player_choice":"Rejected Portal.","floor":48,"damage_taken":0}],"is_beta":false,"boss_relics":[{"not_picked":["White Beast Statue","Orrery"],"picked":"Runic Cube"},{"not_picked":["Fusion Hammer","Lizard Tail"],"picked":"Busted Crown"}],"items_purged_floors":[11,20,38,44],"is_endless":false,"potions_floor_spawned":[4,8,10,13,19,30,33,36,37,45],"ascension_level":4}