{"gold_per_floor":[112,63,63,81,81,81,120,120,120,138,138,157,157,157,157,157],"floor_reached":16,"playtime":312,"items_purged":[],"score":152,"play_id":"78fb7f8f-7b3b-4634-aaea-a403f109cee7","local_time":"20180922001129","is_ascension_mode":true,"campfire_choices":[{"data":"Inflame","floor":6,"key":"SMITH"},{"data":"Rupture","floor":8,"key":"SMITH"},{"data":"Exhume","floor":11,"key":"SMITH"},{"data":"Bloodletting","floor":13,"key":"SMITH"},{"data":"Bash","floor":15,"key":"SMITH"}],"neow_cost":"NONE","seed_source_timestamp":42117412305112,"circlet_count":0,"master_deck":["Strike_R","Strike_R","Strike_R","Strike_R","Strike_R","Defend_R","Defend_R","Defend_R","Defend_R","Bash+1","AscendersBane","Exhume+1","Bloodletting+1","Shrug It Off","Inflame+1","Rupture+1"],"relics":["Burning Blood","Ancient Tea Set","Golden Idol","Bird Faced Urn","The Courier"],"potions_floor_usage":[7],"damage_taken":[{"damage":21,"enemies":"Jaw Worm","floor":1,"turns":7},{"damage":3,"enemies":"2 Louse","floor":4,"turns":5},{"damage":36,"enemies":"Lagavulin","floor":7,"turns":5},{"damage":1,"enemies":"Cultist","floor":10,"turns":4},{"damage":14,"enemies":"Blue Slaver","floor":12,"turns":5},{"damage":36,"enemies":"The Guardian","floor":16,"turns":2}],"seed_played":"565692513411971836","potions_obtained":[{"floor":4,"key":"Swift Potion"}],"is_trial":false,"path_per_floor":["M","$","?","M","?","R","E","R","T","M","R","M","R","?","R"],"character_chosen":"IRONCLAD","items_purchased":["Shrug It Off"],"campfire_rested":0,"item_purchase_floors":[2],"current_hp_per_floor":[57,57,50,53,53,53,23,23,23,32,32,28,28,28,28,0],"gold":157,"neow_bonus":"ONE_RANDOM_RARE_CARD","is_prod":false,"is_daily":false,"chose_seed":false,"campfire_upgraded":5,"win_rate":0,"timestamp":1537546289,"path_taken":["M","$","?","M","?","R","E","R","T","M","R","?","R","?","R","BOSS"],"build_version":"2018-09-20","purchased_purges":0,"victory":false,"max_hp_per_floor":[80,80,80,80,74,74,74,74,74,74,74,74,74,74,74,74],"card_choices":[{"not_picked":["Havoc","Clothesline"],"picked":"Bloodletting","floor":1},{"not_picked":["Clash","Pommel Strike"],"picked":"Inflame","floor":4},{"not_picked":["Sentinel","Anger"],"picked":"Rupture","floor":7},{"not_picked":["Warcry","Dark Embrace","Body Slam"],"picked":"SKIP","floor":10},{"not_picked":["Anger","Iron Wave","Clash"],"picked":"SKIP","floor":12}],"player_experience":80677,"relics_obtained":[{"floor":7,"key":"Bird Faced Urn"},{"floor":9,"key":"The Courier"}],"event_choices":[{"event_name":"Scrap Ooze","player_choice":"success","floor":3,"damage_taken":7},{"event_name":"Golden Idol","player_choice":"Lose Max HP","floor":5,"damage_taken":0},{"event_name":"Liars Game","player_choice":"disagreed","floor":14,"damage_taken":0}],"is_beta":false,"boss_relics":[],"items_purged_floors":[],"is_endless":false,"potions_floor_spawned":[4],"killed_by":"The Guardian","ascension_level":11}