{"gold_per_floor":[119,119,133,58,58,58,77,77,153,153,169,196,206,226,226,321,321,333,333,233,250,125,125,125,125,125,136,136,153,153,169,169,269,269,283,163,174,174,191,191,191,191,191,210,28,79,89,100,100,100],"floor_reached":51,"playtime":1397,"items_purged":["Strike_G","Defend_G","Strike_G","Strike_G","Defend_G"],"score":824,"play_id":"2d13af47-4b89-4ca9-a416-6bd6b7e1b05d","local_time":"20181112135205","is_ascension_mode":false,"campfire_choices":[{"data":"Bouncing Flask","floor":6.0,"key":"SMITH"},{"data":"Well Laid Plans","floor":8.0,"key":"SMITH"},{"data":"Neutralize","floor":10.0,"key":"SMITH"},{"data":"Noxious Fumes","floor":15.0,"key":"SMITH"},{"data":"Glass Knife","floor":23.0,"key":"SMITH"},{"data":"Catalyst","floor":28.0,"key":"SMITH"},{"data":"Night Terror","floor":32.0,"key":"SMITH"},{"data":"Corpse Explosion","floor":40,"key":"SMITH"},{"data":"Footwork","floor":42,"key":"SMITH"},{"floor":49,"key":"REST"}],"neow_cost":"NONE","seed_source_timestamp":8573691665321,"circlet_count":0,"master_deck":["Defend_G+1","Survivor+1","Neutralize+1","Well Laid Plans+1","Bouncing Flask+1","Footwork+1","Noxious Fumes+1","Glass Knife+1","Night Terror+1","Deadly Poison+1","Catalyst+1","Corpse Explosion+1"],"special_seed":0,"relics":["Ring of the Snake","Bottled Tornado","Bottled Flame","Black Star","Pantograph","The Courier","Empty Cage","Shuriken","Potion Belt","War Paint"],"potions_floor_usage":[35,35,50,50],"damage_taken":[{"damage":3.0,"enemies":"Jaw Worm","floor":1.0,"turns":6.0},{"damage":0.0,"enemies":"Cultist","floor":3.0,"turns":4.0},{"damage":3.0,"enemies":"Small Slimes","floor":7.0,"turns":4.0},{"damage":0.0,"enemies":"Looter","floor":11.0,"turns":3.0},{"damage":16.0,"enemies":"3 Sentries","floor":12.0,"turns":10.0},{"damage":8.0,"enemies":"Large Slime","floor":13.0,"turns":6.0},{"damage":20.0,"enemies":"Gremlin Gang","floor":14.0,"turns":5.0},{"damage":0.0,"enemies":"Hexaghost","floor":16.0,"turns":9.0},{"damage":0.0,"enemies":"Spheric Guardian","floor":18.0,"turns":5.0},{"damage":0.0,"enemies":"Shell Parasite","floor":21.0,"turns":5.0},{"damage":2.0,"enemies":"3 Cultists","floor":27.0,"turns":6.0},{"damage":8.0,"enemies":"Chosen and Byrds","floor":29.0,"turns":5.0},{"damage":3.0,"enemies":"Cultist and Chosen","floor":31.0,"turns":5.0},{"damage":45.0,"enemies":"Automaton","floor":33.0,"turns":5.0},{"damage":0,"enemies":"Orb Walker","floor":35,"turns":2},{"damage":33,"enemies":"3 Darklings","floor":37,"turns":4},{"damage":4,"enemies":"Sphere and 2 Shapes","floor":39,"turns":3},{"damage":9,"enemies":"Maw","floor":44,"turns":5},{"damage":3,"enemies":"Spire Growth","floor":47,"turns":3},{"damage":0,"enemies":"Jaw Worm Horde","floor":48,"turns":2},{"damage":52,"enemies":"Donu and Deca","floor":50,"turns":4}],"seed_played":"-7542361534112588234","potions_obtained":[{"floor":1.0,"key":"Fire Potion"},{"floor":12.0,"key":"Block Potion"},{"floor":16.0,"key":"Strength Potion"},{"floor":27.0,"key":"FearPotion"},{"floor":33.0,"key":"Strength Potion"},{"floor":37,"key":"Energy Potion"},{"floor":39,"key":"Regen Potion"},{"floor":47,"key":"Ancient Potion"}],"is_trial":false,"path_per_floor":["M","?","M","$","$","R","M","R","T","R","M","E","M","M","R","B",null,"M","?","$","M","$","R","?","?","T","M","R","M","T","M","R","B",null,"M","$","M","T","M","R","?","R","T","M","$","T","M","M","R","B",null],"character_chosen":"THE_SILENT","items_purchased":["Block Potion"],"campfire_rested":1,"item_purchase_floors":[45],"current_hp_per_floor":[74,77,77,77,77,77,74,74,74,74,74,58,50,30,30,30,77,77,77,77,77,77,77,77,77,77,75,75,67,67,64,64,32,77,77,77,44,44,40,40,40,40,40,31,31,31,28,28,51,24],"gold":100,"neow_bonus":"TEN_PERCENT_HP_BONUS","is_prod":false,"is_daily":false,"chose_seed":false,"campfire_upgraded":9,"win_rate":0,"timestamp":1542001925,"path_taken":["M","?","M","?","$","R","M","R","T","R","M","E","M","M","R","BOSS","M","?","$","M","$","R","?","?","T","M","R","M","?","?","R","BOSS","M","$","M","?","M","R","?","R","T","M","$","?","M","M","R","BOSS"],"build_version":"2018-11-08","purchased_purges":5,"victory":true,"max_hp_per_floor":[77,77,77,77,77,77,77,77,77,77,77,77,77,77,77,77,77,77,77,77,77,77,77,77,77,77,77,77,77,77,77,77,77,77,77,77,77,77,77,77,77,77,77,77,77,77,77,77,77,77],"card_choices":[{"not_picked":["Poisoned Stab","Infinite Blades"],"picked":"Well Laid Plans","floor":1.0},{"not_picked":["Backflip","Underhanded Strike"],"picked":"Bouncing Flask","floor":3.0},{"not_picked":["Noxious Fumes","Underhanded Strike"],"picked":"Footwork","floor":7.0},{"not_picked":["Crippling Poison","Cloak And Dagger","Dodge and Roll"],"picked":"SKIP","floor":11.0},{"not_picked":["Dodge and Roll","Bane"],"picked":"Noxious Fumes","floor":12.0},{"not_picked":["Setup","Tactician","Cloak And Dagger"],"picked":"SKIP","floor":13.0},{"not_picked":["Infinite Blades","Underhanded Strike","Choke"],"picked":"SKIP","floor":14.0},{"not_picked":["Die Die Die","After Image"],"picked":"Glass Knife","floor":16.0},{"not_picked":["Calculated Gamble+1","Prepared","Predator+1"],"picked":"SKIP","floor":18.0},{"not_picked":["Outmaneuver+1","Heel Hook+1"],"picked":"Deadly Poison+1","floor":21.0},{"not_picked":["Reflex+1","Skewer"],"picked":"Catalyst","floor":27.0},{"not_picked":["Concentrate","Deadly Poison","Choke"],"picked":"SKIP","floor":29.0},{"not_picked":["Slice","Poisoned Stab","Prepared"],"picked":"SKIP","floor":31.0},{"not_picked":["Die Die Die","Grand Finale"],"picked":"Corpse Explosion","floor":33.0},{"not_picked":["PiercingWail","Accuracy+1","Heel Hook"],"picked":"SKIP","floor":35},{"not_picked":["Predator","Poisoned Stab","Infinite Blades+1"],"picked":"SKIP","floor":37},{"not_picked":["Escape Plan+1","Outmaneuver","Quick Slash+1"],"picked":"SKIP","floor":39},{"not_picked":["Finisher","Deadly Poison+1","Prepared+1"],"picked":"SKIP","floor":44},{"not_picked":["Poisoned Stab","Skewer","Bane"],"picked":"SKIP","floor":47},{"not_picked":["Backflip+1","Poisoned Stab+1","Leg Sweep"],"picked":"SKIP","floor":48}],"player_experience":985294,"relics_obtained":[{"floor":9.0,"key":"Bottled Tornado"},{"floor":12.0,"key":"Bottled Flame"},{"floor":26.0,"key":"Pantograph"},{"floor":30.0,"key":"The Courier"},{"floor":38,"key":"Shuriken"},{"floor":43,"key":"Potion Belt"},{"floor":46,"key":"War Paint"}],"event_choices":[{"damage_healed":3.0,"max_hp_gain":0.0,"max_hp_loss":0.0,"gold_gain":0.0,"event_name":"Wheel of Change","player_choice":"Full Heal","floor":2.0,"gold_loss":0.0,"damage_taken":0.0},{"damage_healed":0.0,"max_hp_gain":0.0,"max_hp_loss":0.0,"gold_gain":0.0,"cards_transformed":["Strike_G","Strike_G"],"event_name":"Drug Dealer","player_choice":"Became Test Subject","floor":19.0,"gold_loss":0.0,"damage_taken":0.0,"cards_obtained":["Night Terror","Outmaneuver"]},{"damage_healed":0.0,"max_hp_gain":0.0,"max_hp_loss":0.0,"gold_gain":0.0,"event_name":"The Mausoleum","player_choice":"Ignored","floor":24.0,"gold_loss":0.0,"damage_taken":0.0},{"damage_healed":0.0,"max_hp_gain":0.0,"max_hp_loss":0.0,"gold_gain":0.0,"event_name":"Ghosts","player_choice":"Ignored","floor":25.0,"gold_loss":0.0,"damage_taken":0.0},{"cards_removed":["Defend_G"],"damage_healed":0,"gold_gain":0,"player_choice":"Removed Skill","damage_taken":0,"max_hp_gain":0,"max_hp_loss":0,"event_name":"Falling","floor":41,"gold_loss":0}],"is_beta":false,"boss_relics":[{"not_picked":["Calling Bell","Pandora\u0027s Box"],"picked":"Black Star"},{"not_picked":["Snecko Eye","Orrery"],"picked":"Empty Cage"}],"items_purged_floors":[4,20,22,36,45],"is_endless":false,"potions_floor_spawned":[1,12,16,27,29,33,37,39,47],"ascension_level":0}