{"gold_per_floor":[118,128,142,67,80,80,109,124,124,137,137,137,137,137,137,214,214,228,128,161,181,181,181,199,199,199,199,214,40,40,40,40,116,116,132,354,371,388,153,187,187,199,225,225,225,15,33,43,43,43,43],"floor_reached":52,"playtime":2024,"items_purged":["Defend_B","Strike_B","Defend_B"],"score":1914,"play_id":"e039f2a8-320f-42e5-ae2d-2dd877ce5156","local_time":"20190116205725","is_ascension_mode":true,"campfire_choices":[{"data":"Sunder","floor":6.0,"key":"SMITH"},{"data":"Fission","floor":11.0,"key":"SMITH"},{"data":"Coolheaded","floor":13.0,"key":"SMITH"},{"data":"Dualcast","floor":15.0,"key":"SMITH"},{"data":"Coolheaded","floor":23.0,"key":"SMITH"},{"data":"Zap","floor":25.0,"key":"SMITH"},{"data":"Gash","floor":27.0,"key":"SMITH"},{"data":"Echo Form","floor":30.0,"key":"SMITH"},{"data":"Glacier","floor":32.0,"key":"SMITH"},{"data":"Fission","floor":41,"key":"SMITH"},{"data":"Self Repair","floor":44,"key":"SMITH"},{"data":"Core Surge","floor":49,"key":"SMITH"}],"neow_cost":"TEN_PERCENT_HP_LOSS","seed_source_timestamp":34279489223154,"circlet_count":0,"master_deck":["AscendersBane","Zap+1","Dualcast+1","Glacier+1","Self Repair+1","Sunder+1","Fission+1","Coolheaded+1","Echo Form+1","Core Surge+1","Coolheaded+1","Consume+1","Gash+1","Fission+1"],"special_seed":0,"relics":["FrozenCore","Emotion Chip","Mummified Hand","Runic Pyramid","Red Mask","The Courier","ClockworkSouvenir","PreservedInsect","Bottled Tornado","DataDisk","Sundial"],"potions_floor_usage":[51,51],"damage_taken":[{"damage":1.0,"enemies":"2 Louse","floor":1.0,"turns":3.0},{"damage":7.0,"enemies":"Small Slimes","floor":2.0,"turns":4.0},{"damage":1.0,"enemies":"Cultist","floor":3.0,"turns":3.0},{"damage":0.0,"enemies":"Red Slaver","floor":5.0,"turns":6.0},{"damage":16.0,"enemies":"3 Sentries","floor":7.0,"turns":8.0},{"damage":3.0,"enemies":"Exordium Thugs","floor":8.0,"turns":5.0},{"damage":2.0,"enemies":"Large Slime","floor":10.0,"turns":5.0},{"damage":26.0,"enemies":"Slime Boss","floor":16.0,"turns":5.0},{"damage":7.0,"enemies":"2 Thieves","floor":18.0,"turns":4.0},{"damage":1.0,"enemies":"Masked Bandits","floor":20.0,"turns":3.0},{"damage":0.0,"enemies":"3 Byrds","floor":21.0,"turns":4.0},{"damage":18.0,"enemies":"Snake Plant","floor":24.0,"turns":4.0},{"damage":0.0,"enemies":"Snecko","floor":28.0,"turns":3.0},{"damage":0.0,"enemies":"Automaton","floor":33.0,"turns":7.0},{"damage":0,"enemies":"Orb Walker","floor":35,"turns":4},{"damage":0,"enemies":"3 Shapes","floor":37,"turns":4},{"damage":0,"enemies":"Transient","floor":38,"turns":6},{"damage":0,"enemies":"Giant Head","floor":40,"turns":7},{"damage":0,"enemies":"Maw","floor":42,"turns":5},{"damage":0,"enemies":"Jaw Worm Horde","floor":47,"turns":2},{"damage":0,"enemies":"Spire Growth","floor":48,"turns":2},{"damage":15,"enemies":"Awakened One","floor":50,"turns":3},{"damage":19,"enemies":"Donu and Deca","floor":51,"turns":2}],"seed_played":"8506815450983090298","potions_obtained":[{"floor":2.0,"key":"FocusPotion"},{"floor":5.0,"key":"Explosive Potion"},{"floor":8.0,"key":"EssenceOfSteel"},{"floor":10.0,"key":"Ancient Potion"}],"is_trial":false,"path_per_floor":["M","M","M","$","M","R","E","M","T","M","R","?","R","?","R","B",null,"M","$","?","M","?","R","M","R","T","R","M","$","R","$","R","B",null,"M","?","M","M","$","E","R","M","T","R","?","$","M","M","R","B","B",null],"character_chosen":"DEFECT","items_purchased":["ClockworkSouvenir","PreservedInsect","Sundial"],"campfire_rested":0,"item_purchase_floors":[29,39,46],"current_hp_per_floor":[63,56,55,55,62,62,53,57,57,62,62,55,55,55,55,36,57,57,57,64,64,64,64,60,60,60,60,64,64,64,64,64,64,64,64,64,64,64,64,64,64,64,64,64,64,64,64,64,64,59,50],"gold":43,"neow_bonus":"REMOVE_TWO","is_prod":false,"is_daily":false,"chose_seed":false,"campfire_upgraded":12,"win_rate":0,"timestamp":1547643445,"path_taken":["M","M","M","$","M","R","E","M","T","M","R","?","R","?","R","BOSS","M","$","?","M","?","R","?","R","T","R","M","?","R","?","R","BOSS","M","?","M","M","$","E","R","M","T","R","?","$","M","M","R","BOSS","BOSS"],"build_version":"2019-01-10","purchased_purges":3,"victory":true,"max_hp_per_floor":[64,64,64,64,64,64,64,64,64,64,64,64,64,64,64,64,64,64,64,64,64,64,64,64,64,64,64,64,64,64,64,64,64,64,64,64,64,64,64,64,64,64,64,64,64,64,64,64,64,64,64],"card_choices":[{"not_picked":["Redo","Go for the Eyes","Beam Cell"],"picked":"SKIP","floor":1.0},{"not_picked":["Beam Cell","Streamline"],"picked":"Glacier","floor":2.0},{"not_picked":["Melter","Hologram"],"picked":"Self Repair","floor":3.0},{"not_picked":["Sweeping Beam","Skim"],"picked":"Sunder","floor":5.0},{"not_picked":["Streamline","Darkness"],"picked":"Fission","floor":7.0},{"not_picked":["Leap","Heatsinks"],"picked":"Coolheaded","floor":8.0},{"not_picked":["Beam Cell","Hello World","Barrage"],"picked":"SKIP","floor":10.0},{"not_picked":["Meteor Strike","Rainbow"],"picked":"Core Surge","floor":16.0},{"not_picked":["Streamline","Steam","Go for the Eyes"],"picked":"SKIP","floor":18.0},{"not_picked":["Rebound","Compile Driver"],"picked":"Coolheaded","floor":20.0},{"not_picked":["Steam","Conserve Battery"],"picked":"Consume","floor":21.0},{"not_picked":["BootSequence","Streamline"],"picked":"Gash","floor":24.0},{"not_picked":["Hyperbeam","Ball Lightning+1","Turbo"],"picked":"SKIP","floor":28.0},{"not_picked":["Core Surge","Creative AI"],"picked":"Fission","floor":33.0},{"not_picked":["Gash","Hologram","Undo"],"picked":"SKIP","floor":35},{"not_picked":["Coolheaded","Beam Cell","Turbo+1"],"picked":"SKIP","floor":37},{"not_picked":["Skim","Double Energy","Loop+1"],"picked":"SKIP","floor":38},{"not_picked":["Thunder Strike","Barrage","Reprogram"],"picked":"SKIP","floor":40},{"not_picked":["Hologram","Barrage","Reinforced Body"],"picked":"SKIP","floor":42},{"not_picked":["Leap","Gash","Skim"],"picked":"SKIP","floor":47},{"not_picked":["Rebound+1","Leap","Force Field"],"picked":"SKIP","floor":48}],"player_experience":1957833,"relics_obtained":[{"floor":7.0,"key":"Emotion Chip"},{"floor":9.0,"key":"Mummified Hand"},{"floor":20.0,"key":"Red Mask"},{"floor":26.0,"key":"The Courier"},{"floor":40,"key":"Bottled Tornado"},{"floor":43,"key":"DataDisk"}],"event_choices":[{"cards_removed":["Defend_B"],"damage_healed":0.0,"max_hp_gain":0.0,"max_hp_loss":0.0,"gold_gain":0.0,"event_name":"Golden Wing","player_choice":"Card Removal","floor":12.0,"gold_loss":0.0,"damage_taken":7.0},{"damage_healed":0.0,"max_hp_gain":0.0,"max_hp_loss":0.0,"gold_gain":0.0,"cards_transformed":["Strike_B"],"event_name":"Living Wall","player_choice":"Change","floor":14.0,"gold_loss":0.0,"damage_taken":0.0,"cards_obtained":["Echo Form"]},{"damage_healed":0.0,"max_hp_gain":0.0,"max_hp_loss":0.0,"gold_gain":0.0,"event_name":"Masked Bandits","player_choice":"Fought Bandits","floor":20.0,"gold_loss":0.0,"damage_taken":0.0},{"damage_healed":0.0,"max_hp_gain":0.0,"max_hp_loss":0.0,"gold_gain":0.0,"event_name":"Accursed Blacksmith","player_choice":"Forge","floor":22.0,"gold_loss":0.0,"damage_taken":0.0,"cards_upgraded":["Consume"]},{"damage_healed":0,"gold_gain":222,"player_choice":"Wore Mask","damage_taken":0,"max_hp_gain":0,"max_hp_loss":0,"event_name":"Tomb of Lord Red Mask","floor":36,"gold_loss":0},{"cards_removed":["Defend_B"],"damage_healed":0,"gold_gain":0,"player_choice":"Purged","damage_taken":0,"max_hp_gain":0,"max_hp_loss":0,"event_name":"Purifier","floor":45,"gold_loss":0}],"is_beta":false,"boss_relics":[{"not_picked":["Tiny House","Philosopher\u0027s Stone"],"picked":"Runic Pyramid"},{"not_picked":["Astrolabe","Runic Dome"],"picked":"FrozenCore"}],"items_purged_floors":[4,19,39],"is_endless":false,"potions_floor_spawned":[2,5,8,10,20,28,33,38,40,42],"ascension_level":20}