{"gold_per_floor":[14,14,14,26,26,26,37,49,74,74,101,101,114,128,128,231,231,243,243,243,70,70,82,97,97,97,97,97,122,23,122,122,225,225,241,241,258,137,150,150,164,175,175,175,200,200,1,1,1,1],"floor_reached":51,"playtime":3341,"items_purged":["Strike_R"],"score":979,"play_id":"6b48cb21-8145-47f6-8328-fab81d754752","local_time":"20190728050436","is_ascension_mode":true,"campfire_choices":[{"data":"Immolate","floor":6.0,"key":"SMITH"},{"data":"Pommel Strike","floor":10.0,"key":"SMITH"},{"data":"Entrench","floor":15.0,"key":"SMITH"},{"floor":25.0,"key":"REST"},{"data":"Berserk","floor":28.0,"key":"SMITH"},{"floor":32.0,"key":"REST"},{"data":"Barricade","floor":40,"key":"SMITH"},{"data":"Shrug It Off","floor":44,"key":"SMITH"},{"floor":46,"key":"REST"},{"floor":49,"key":"REST"}],"neow_cost":"NO_GOLD","seed_source_timestamp":660891028316476,"circlet_count":0,"master_deck":["Strike_R+1","Defend_R","Defend_R","Defend_R","Bash","Battle Trance","Immolate+1","Carnage+1","Entrench+1","Pommel Strike+1","Body Slam","Body Slam","Barricade+1","True Grit","Necronomicurse","Apotheosis+1","Berserk+1","Power Through","Shrug It Off","Double Tap","True Grit","Shrug It Off+1","Demon Form"],"special_seed":0,"relics":["Burning Blood","Whetstone","Odd Mushroom","Strawberry","Snecko Eye","Necronomicon","Sundial","Vajra","Velvet Choker","Anchor","Meat on the Bone","Centennial Puzzle"],"potions_floor_usage":[33,45,50,50],"damage_taken":[{"damage":0.0,"enemies":"Small Slimes","floor":1.0,"turns":4.0},{"damage":2.0,"enemies":"Jaw Worm","floor":4.0,"turns":4.0},{"damage":0.0,"enemies":"2 Louse","floor":7.0,"turns":1.0},{"damage":7.0,"enemies":"Looter","floor":8.0,"turns":3.0},{"damage":0.0,"enemies":"The Mushroom Lair","floor":11.0,"turns":1.0},{"damage":6.0,"enemies":"Exordium Thugs","floor":13.0,"turns":3.0},{"damage":0.0,"enemies":"3 Louse","floor":14.0,"turns":2.0},{"damage":57.0,"enemies":"The Guardian","floor":16.0,"turns":11.0},{"damage":7.0,"enemies":"Shell Parasite","floor":18.0,"turns":3.0},{"damage":6.0,"enemies":"Spheric Guardian","floor":23.0,"turns":3.0},{"damage":7.0,"enemies":"Cultist and Chosen","floor":24.0,"turns":3.0},{"damage":34.0,"enemies":"Book of Stabbing","floor":29.0,"turns":4.0},{"damage":23,"enemies":"Collector","floor":33,"turns":6},{"damage":3,"enemies":"3 Shapes","floor":35,"turns":2},{"damage":0,"enemies":"Orb Walker","floor":37,"turns":2},{"damage":0,"enemies":"Transient","floor":39,"turns":5},{"damage":3,"enemies":"Spire Growth","floor":41,"turns":5},{"damage":7,"enemies":"3 Darklings","floor":42,"turns":4},{"damage":39,"enemies":"Giant Head","floor":45,"turns":7},{"damage":46,"enemies":"Time Eater","floor":50,"turns":8}],"seed_played":"372080759398501569","potions_obtained":[{"floor":1.0,"key":"AttackPotion"},{"floor":7.0,"key":"Swift Potion"},{"floor":11.0,"key":"PowerPotion"},{"floor":14.0,"key":"Swift Potion"},{"floor":33,"key":"Weak Potion"},{"floor":37,"key":"Weak Potion"},{"floor":39,"key":"BloodPotion"},{"floor":45,"key":"PowerPotion"}],"is_trial":false,"path_per_floor":["M","?","$","M","?","R","M","M","T","R","?","?","M","M","R","B",null,"M","?","?","$","?","M","M","R","T","?","R","E","$","?","R","B",null,"M","?","M","$","M","R","M","M","T","R","E","R","$","?","R","B",null],"character_chosen":"IRONCLAD","items_purchased":["Apotheosis","Power Through","Shrug It Off","True Grit","Demon Form","Block Potion"],"campfire_rested":4,"item_purchase_floors":[21,30,30,38,47,47],"current_hp_per_floor":[78,78,78,80,73,73,79,78,78,78,80,80,80,86,86,35,74,73,57,40,40,40,40,39,66,66,66,66,38,38,38,65,48,81,84,84,90,90,92,92,92,91,91,91,58,85,85,85,92,64],"gold":1,"neow_bonus":"TRANSFORM_TWO_CARDS","is_prod":false,"is_daily":false,"chose_seed":false,"campfire_upgraded":6,"win_rate":0,"timestamp":1564308276,"path_taken":["M","?","$","M","?","R","M","M","T","R","?","?","M","?","R","BOSS","M","?","?","$","?","?","M","R","T","?","R","E","$","?","R","BOSS","M","?","M","$","M","R","M","?","T","R","E","R","$","?","R","BOSS"],"build_version":"2019-07-17","purchased_purges":1,"victory":true,"max_hp_per_floor":[80,80,80,80,80,80,80,80,80,80,80,87,87,87,87,87,87,87,87,92,92,92,92,92,92,92,92,92,92,92,92,92,92,92,92,92,92,92,92,92,92,92,92,92,92,92,92,92,92,92],"card_choices":[{"not_picked":["Rupture","Anger"],"picked":"Carnage","floor":1.0},{"not_picked":["Body Slam","Whirlwind"],"picked":"Entrench","floor":4.0},{"not_picked":["Wild Strike","Perfected Strike","Dropkick"],"picked":"SKIP","floor":7.0},{"not_picked":["Flex","Clash"],"picked":"Pommel Strike","floor":8.0},{"not_picked":["Heavy Blade","Sword Boomerang"],"picked":"Body Slam","floor":11.0},{"not_picked":["Flex","Reaper"],"picked":"Body Slam","floor":13.0},{"not_picked":["Thunderclap","Perfected Strike","Armaments"],"picked":"SKIP","floor":14.0},{"not_picked":["Feed","Reaper"],"picked":"Barricade","floor":16.0},{"not_picked":["Cleave","Bloodletting+1"],"picked":"True Grit","floor":18.0},{"not_picked":["Thunderclap","Evolve","Twin Strike"],"picked":"SKIP","floor":23.0},{"not_picked":["Clothesline+1","Armaments"],"picked":"Berserk","floor":24.0},{"not_picked":["Wild Strike","Warcry+1","Pummel+1"],"picked":"SKIP","floor":29.0},{"not_picked":["Limit Break","Feed"],"picked":"Double Tap","floor":33},{"not_picked":["Evolve+1","Disarm","Wild Strike"],"picked":"SKIP","floor":35},{"not_picked":["Infernal Blade+1","Warcry+1","Disarm+1"],"picked":"SKIP","floor":37},{"not_picked":["Perfected Strike+1","Thunderclap+1","Intimidate+1"],"picked":"SKIP","floor":39},{"not_picked":["Twin Strike","Infernal Blade"],"picked":"Shrug It Off","floor":41},{"not_picked":["Warcry","Clothesline","Pommel Strike"],"picked":"SKIP","floor":42},{"not_picked":["Hemokinesis","Pommel Strike","Bloodletting"],"picked":"SKIP","floor":45}],"player_experience":358541,"relics_obtained":[{"floor":9.0,"key":"Whetstone"},{"floor":11.0,"key":"Odd Mushroom"},{"floor":19.0,"key":"Necronomicon"},{"floor":26.0,"key":"Sundial"},{"floor":29.0,"key":"Vajra"},{"floor":43,"key":"Meat on the Bone"},{"floor":45,"key":"Centennial Puzzle"}],"event_choices":[{"damage_healed":0.0,"max_hp_gain":0.0,"max_hp_loss":0.0,"gold_gain":0.0,"cards_transformed":["Strike_R"],"event_name":"Living Wall","player_choice":"Change","floor":2.0,"gold_loss":0.0,"damage_taken":0.0,"cards_obtained":["Burning Pact"]},{"cards_removed":["Burning Pact"],"damage_healed":0.0,"max_hp_gain":0.0,"max_hp_loss":0.0,"gold_gain":0.0,"event_name":"Golden Wing","player_choice":"Card Removal","floor":5.0,"gold_loss":0.0,"damage_taken":7.0},{"damage_healed":0.0,"max_hp_gain":0.0,"max_hp_loss":0.0,"gold_gain":0.0,"event_name":"Mushrooms","player_choice":"Fought Mushrooms","floor":11.0,"gold_loss":0.0,"damage_taken":0.0},{"damage_healed":0.0,"max_hp_gain":0.0,"max_hp_loss":0.0,"gold_gain":0.0,"event_name":"Scrap Ooze","player_choice":"Success","floor":12.0,"gold_loss":0.0,"damage_taken":7.0,"relics_obtained":["Strawberry"]},{"damage_healed":0.0,"max_hp_gain":0.0,"max_hp_loss":0.0,"gold_gain":0.0,"event_name":"Cursed Tome","player_choice":"Obtained Book","floor":19.0,"gold_loss":0.0,"damage_taken":16.0},{"damage_healed":0.0,"max_hp_gain":5.0,"max_hp_loss":0.0,"gold_gain":0.0,"event_name":"Forgotten Altar","player_choice":"Shed Blood","floor":20.0,"gold_loss":0.0,"damage_taken":22.0},{"damage_healed":0.0,"max_hp_gain":0.0,"max_hp_loss":0.0,"gold_gain":0.0,"event_name":"Upgrade Shrine","player_choice":"Upgraded","floor":22.0,"gold_loss":0.0,"damage_taken":0.0,"cards_upgraded":["Apotheosis"]},{"damage_healed":0.0,"max_hp_gain":0.0,"max_hp_loss":0.0,"gold_gain":0.0,"event_name":"Ghosts","player_choice":"Ignored","floor":27.0,"gold_loss":0.0,"damage_taken":0.0},{"damage_healed":0.0,"max_hp_gain":0.0,"max_hp_loss":0.0,"gold_gain":99.0,"event_name":"Nest","player_choice":"Stole From Cult","floor":31.0,"gold_loss":0.0,"damage_taken":0.0},{"damage_healed":0,"gold_gain":0,"player_choice":"Gave Potion","damage_taken":0,"relics_obtained":["Anchor"],"max_hp_gain":0,"max_hp_loss":0,"event_name":"WeMeetAgain","floor":36,"gold_loss":0},{"cards_removed":["Defend_R"],"damage_healed":0,"gold_gain":0,"player_choice":"Removed Skill","damage_taken":0,"max_hp_gain":0,"max_hp_loss":0,"event_name":"Falling","floor":48,"gold_loss":0}],"is_beta":false,"boss_relics":[{"not_picked":["Runic Pyramid","Black Star"],"picked":"Snecko Eye"},{"not_picked":["Runic Cube","Orrery"],"picked":"Velvet Choker"}],"items_purged_floors":[38],"is_endless":false,"potions_floor_spawned":[1,7,11,14,16,33,37,39,45],"ascension_level":9}