{"gold_per_floor":[118,130,143,143,161,161,161,195,195,213,213,247,247,262,262,334,334,348,211,211,211,240,271,271,305,305,333,346,377,377,391,391,391,391,407,407,407,185,204,204,234,234,307,327,345,363,363,395,395,395],"floor_reached":51,"playtime":2929,"items_purged":["Strike_G","Injury"],"score":1842,"play_id":"dc5f13aa-0289-4c0c-9a82-b5ff0c55e8f9","local_time":"20181007011616","is_ascension_mode":true,"campfire_choices":[{"data":"Neutralize","floor":6.0,"key":"SMITH"},{"data":"Expertise","floor":11.0,"key":"SMITH"},{"data":"Well Laid Plans","floor":13.0,"key":"SMITH"},{"data":"Tactician","floor":15.0,"key":"SMITH"},{"floor":24.0,"key":"REST"},{"floor":30,"key":"REST"},{"data":"Footwork","floor":32,"key":"SMITH"},{"data":"Reflex","floor":40,"key":"SMITH"},{"data":"Footwork","floor":42,"key":"SMITH"},{"data":"Prepared","floor":47,"key":"SMITH"},{"data":"After Image","floor":49,"key":"SMITH"}],"neow_cost":"NONE","seed_source_timestamp":383857393775999,"circlet_count":0,"master_deck":["Defend_G","Defend_G","Defend_G","Survivor","Neutralize+1","AscendersBane","Grand Finale+1","Malaise+1","Escape Plan","Backflip","Expertise+1","Well Laid Plans+1","Tactician+1","After Image+1","Prepared+1","Malaise","Distraction","Prepared","Reflex+1","Footwork+1","Finesse","Footwork+1","Regret"],"special_seed":0,"relics":["Astrolabe","Turnip","Singing Bowl","Dodecahedron","Anchor","Cursed Key","Red Mask","Shuriken","Dream Catcher","Letter Opener","StoneCalendar","Art of War","Sozu","Centennial Puzzle","Molten Egg 2","Gremlin Horn"],"potions_floor_usage":[27,33],"damage_taken":[{"damage":0.0,"enemies":"Cultist","floor":1.0,"turns":4.0},{"damage":1.0,"enemies":"2 Louse","floor":2.0,"turns":5.0},{"damage":3.0,"enemies":"Small Slimes","floor":3.0,"turns":8.0},{"damage":1.0,"enemies":"2 Fungi Beasts","floor":5.0,"turns":8.0},{"damage":4.0,"enemies":"Lagavulin","floor":8.0,"turns":8.0},{"damage":9.0,"enemies":"Blue Slaver","floor":10.0,"turns":7.0},{"damage":6.0,"enemies":"3 Sentries","floor":12.0,"turns":5.0},{"damage":0.0,"enemies":"3 Louse","floor":14.0,"turns":3.0},{"damage":0.0,"enemies":"Hexaghost","floor":16.0,"turns":9.0},{"damage":11.0,"enemies":"2 Thieves","floor":18.0,"turns":4.0},{"damage":27.0,"enemies":"Masked Bandits","floor":22.0,"turns":4.0},{"damage":7.0,"enemies":"Slavers","floor":23.0,"turns":4.0},{"damage":0.0,"enemies":"Book of Stabbing","floor":25.0,"turns":8.0},{"damage":25,"enemies":"Slavers","floor":27,"turns":6},{"damage":0,"enemies":"Shell Parasite","floor":28,"turns":4},{"damage":0,"enemies":"Book of Stabbing","floor":29,"turns":5},{"damage":0,"enemies":"Shelled Parasite and Fungi","floor":31,"turns":4},{"damage":17,"enemies":"Collector","floor":33,"turns":7},{"damage":0,"enemies":"Orb Walker","floor":35,"turns":7},{"damage":0,"enemies":"3 Darklings","floor":39,"turns":2},{"damage":0,"enemies":"Nemesis","floor":41,"turns":3},{"damage":7,"enemies":"4 Shapes","floor":44,"turns":5},{"damage":5,"enemies":"Maw","floor":45,"turns":6},{"damage":0,"enemies":"Sphere and 2 Shapes","floor":46,"turns":5},{"damage":0,"enemies":"Giant Head","floor":48,"turns":3},{"damage":5,"enemies":"Donu and Deca","floor":50,"turns":5}],"seed_played":"-761926291972275050","potions_obtained":[{"floor":1.0,"key":"LiquidBronze"},{"floor":5.0,"key":"EssenceOfSteel"},{"floor":16.0,"key":"AttackPotion"},{"floor":22.0,"key":"GhostInAJar"},{"floor":23.0,"key":"SpeedPotion"},{"floor":28,"key":"FearPotion"},{"floor":29,"key":"GhostInAJar"}],"is_trial":false,"path_per_floor":["M","M","M","?","M","R","?","E","T","M","R","E","R","M","R","B",null,"M","$","?","?","?","E","R","E","T","E","M","E","R","M","R","B",null,"M","?","?","$","M","R","E","R","T","M","M","M","R","E","R","B"],"character_chosen":"THE_SILENT","items_purchased":["Prepared","Finesse"],"campfire_rested":2,"item_purchase_floors":[19,38],"current_hp_per_floor":[59,58,55,50,49,49,42,38,38,31,31,25,25,25,25,25,57,48,48,48,48,23,18,40,42,42,17,17,19,42,44,44,27,67,69,69,69,69,71,71,71,71,71,66,63,65,65,67,67,62],"gold":395,"neow_bonus":"BOSS_RELIC","is_prod":false,"is_daily":false,"chose_seed":false,"campfire_upgraded":9,"win_rate":0,"timestamp":1538846176,"path_taken":["M","M","?","?","M","R","?","E","T","M","R","E","R","?","R","BOSS","M","$","?","?","?","E","R","E","T","E","M","E","R","M","R","BOSS","M","?","?","$","?","R","E","R","T","?","?","M","R","E","R","BOSS"],"build_version":"2018-10-04v2","purchased_purges":2,"victory":true,"max_hp_per_floor":[66,66,66,66,66,66,66,66,66,68,68,68,68,68,68,68,68,70,70,70,70,72,74,74,76,76,76,76,78,78,80,80,80,80,82,78,78,78,80,80,80,80,80,82,84,86,86,88,88,88],"card_choices":[{"not_picked":["Infinite Blades","Choke"],"picked":"Escape Plan","floor":1.0},{"not_picked":["Poisoned Stab","Deflect","Bane"],"picked":"SKIP","floor":2.0},{"not_picked":["Endless Agony","Bane","Flying Knee"],"picked":"SKIP","floor":3.0},{"not_picked":["Calculated Gamble","Heel Hook"],"picked":"Backflip","floor":5.0},{"not_picked":["Accuracy","Deflect"],"picked":"Expertise","floor":8.0},{"not_picked":["Quick Slash","PiercingWail","Predator"],"picked":"Singing Bowl","floor":10.0},{"not_picked":["Quick Slash","Finisher"],"picked":"Well Laid Plans","floor":12.0},{"not_picked":["Bane","Blade Dance"],"picked":"Tactician","floor":14.0},{"not_picked":["Glass Knife","Die Die Die"],"picked":"After Image","floor":16.0},{"not_picked":["Poisoned Stab","Bane","Terror"],"picked":"Singing Bowl","floor":18.0},{"not_picked":["Blur","Blade Dance","Deadly Poison"],"picked":"Singing Bowl","floor":22.0},{"not_picked":["Blur","Cloak And Dagger","Poisoned Stab+1"],"picked":"Singing Bowl","floor":23.0},{"not_picked":["Caltrops","A Thousand Cuts","Expertise"],"picked":"Singing Bowl","floor":25.0},{"not_picked":["Flying Knee","Backstab"],"picked":"Prepared","floor":27},{"not_picked":["Deadly Poison","PiercingWail"],"picked":"Reflex","floor":28},{"not_picked":["Cloak And Dagger","Expertise","Dagger Spray"],"picked":"Singing Bowl","floor":29},{"not_picked":["Dagger Spray","Prepared"],"picked":"Footwork","floor":30},{"not_picked":["Eviscerate","Outmaneuver","Calculated Gamble"],"picked":"Singing Bowl","floor":31},{"not_picked":["Quick Slash","Masterful Stab","All Out Attack"],"picked":"Singing Bowl","floor":35},{"not_picked":["Quick Slash","Finisher+1","Sucker Punch+1"],"picked":"Singing Bowl","floor":39},{"not_picked":["Crippling Poison","Dagger Throw"],"picked":"Footwork","floor":41},{"not_picked":["Caltrops+1","Heel Hook+1","Backstab+1"],"picked":"Singing Bowl","floor":44},{"not_picked":["Setup","Caltrops+1","Slice+1"],"picked":"Singing Bowl","floor":45},{"not_picked":["Sucker Punch+1","Dodge and Roll+1","Accuracy"],"picked":"Singing Bowl","floor":46},{"not_picked":["Slice+1","Eviscerate+1","Bouncing Flask"],"picked":"Singing Bowl","floor":48}],"player_experience":208991,"relics_obtained":[{"floor":8.0,"key":"Singing Bowl"},{"floor":9.0,"key":"Dodecahedron"},{"floor":12.0,"key":"Anchor"},{"floor":22.0,"key":"Red Mask"},{"floor":23.0,"key":"Shuriken"},{"floor":25.0,"key":"Dream Catcher"},{"floor":26.0,"key":"Letter Opener"},{"floor":27,"key":"StoneCalendar"},{"floor":29,"key":"Art of War"},{"floor":41,"key":"Centennial Puzzle"},{"floor":43,"key":"Molten Egg 2"},{"floor":48,"key":"Gremlin Horn"}],"event_choices":[{"event_name":"Scrap Ooze","player_choice":"success","floor":4.0,"damage_taken":5.0},{"event_name":"Golden Wing","player_choice":"Card Removal","floor":7.0,"damage_taken":0.0},{"event_name":"Ghosts","player_choice":"Ignored","floor":20.0,"damage_taken":0.0},{"event_name":"Drug Dealer","player_choice":"Became Test Subject","floor":21.0,"damage_taken":0.0},{"event_name":"Masked Bandits","player_choice":"Fought Bandits","floor":22.0,"damage_taken":0.0},{"event_name":"Winding Halls","player_choice":"Max HP","floor":36,"damage_taken":0},{"event_name":"Falling","player_choice":"Removed Skill","floor":37,"damage_taken":0}],"is_beta":false,"boss_relics":[{"not_picked":["White Beast Statue","Velvet Choker"],"picked":"Cursed Key"},{"not_picked":["Snecko Eye","Fusion Hammer"],"picked":"Sozu"}],"items_purged_floors":[19,38],"is_endless":false,"potions_floor_spawned":[1,5,8,16,22,23,28,29,31,35,41,45,46],"ascension_level":18}