{"gold_per_floor":[116,41,41,58,58,58,78,96,123,123,136,136,161,202,202,295,295,313,332,332,332,332,332,357,370,423,423],"floor_reached":27,"playtime":925,"items_purged":["Strike_R"],"score":430,"play_id":"aceed881-8ded-4691-bff2-c8e06b3eccb0","local_time":"20190531120022","is_ascension_mode":true,"campfire_choices":[{"data":"Rampage","floor":6.0,"key":"SMITH"},{"data":"Armaments","floor":10.0,"key":"SMITH"},{"data":"Second Wind","floor":15.0,"key":"SMITH"},{"data":"Shockwave","floor":23,"key":"SMITH"}],"neow_cost":"TEN_PERCENT_HP_LOSS","seed_source_timestamp":90461094311120,"circlet_count":0,"master_deck":["AscendersBane","Defend_R","Defend_R","Defend_R","Defend_R","Bash+1","Berserk","Clash+1","Armaments+1","Rampage+1","Second Wind+1","Feed+1","Shockwave+1"],"special_seed":0,"relics":["Burning Blood","Mummified Hand","Golden Idol","Vajra","Molten Egg 2","Whetstone","Empty Cage","Enchiridion","Self Forming Clay"],"potions_floor_usage":[25,25],"damage_taken":[{"damage":5.0,"enemies":"Cultist","floor":1.0,"turns":4.0},{"damage":6.0,"enemies":"2 Louse","floor":4.0,"turns":3.0},{"damage":10.0,"enemies":"Jaw Worm","floor":7.0,"turns":4.0},{"damage":0.0,"enemies":"Exordium Thugs","floor":8.0,"turns":4.0},{"damage":17.0,"enemies":"Exordium Wildlife","floor":11.0,"turns":5.0},{"damage":12.0,"enemies":"Large Slime","floor":13.0,"turns":5.0},{"damage":8.0,"enemies":"Lagavulin","floor":14.0,"turns":7.0},{"damage":21.0,"enemies":"Hexaghost","floor":16.0,"turns":8.0},{"damage":26.0,"enemies":"Spheric Guardian","floor":18.0,"turns":4.0},{"damage":20.0,"enemies":"Chosen","floor":19.0,"turns":7.0},{"damage":14,"enemies":"Snecko","floor":24,"turns":5},{"damage":1,"enemies":"Centurion and Healer","floor":25,"turns":4},{"damage":18,"enemies":"3 Cultists","floor":27,"turns":2}],"seed_played":"-1623741903371297040","potions_obtained":[{"floor":1.0,"key":"Block Potion"},{"floor":13.0,"key":"Energy Potion"},{"floor":16.0,"key":"Poison Potion"},{"floor":24,"key":"Swift Potion"},{"floor":25,"key":"Weak Potion"}],"is_trial":false,"path_per_floor":["M","$","T","M","?","R","M","M","T","R","M","T","M","E","R","B",null,"M","M","?","?","T","R","M","M","T","M"],"character_chosen":"IRONCLAD","items_purchased":[],"campfire_rested":0,"item_purchase_floors":[],"current_hp_per_floor":[68,68,68,68,45,45,41,47,47,47,36,36,30,28,28,13,54,38,24,3,17,17,17,9,18,18,0],"gold":423,"neow_bonus":"TRANSFORM_TWO_CARDS","is_prod":false,"is_daily":false,"chose_seed":false,"campfire_upgraded":4,"win_rate":0,"timestamp":1559275222,"path_taken":["M","$","?","M","?","R","?","M","T","R","M","?","M","E","R","BOSS","M","M","?","?","?","R","M","?","T","M"],"build_version":"2019-01-23","purchased_purges":1,"victory":false,"max_hp_per_floor":[68,68,68,68,68,68,68,68,68,68,68,68,68,68,68,68,68,72,72,72,72,72,72,72,76,76,76],"card_choices":[{"not_picked":["Entrench","Clothesline"],"picked":"Armaments","floor":1.0},{"not_picked":["Flame Barrier","Shrug It Off"],"picked":"Rampage","floor":4.0},{"not_picked":["Sword Boomerang","Rage","Anger"],"picked":"SKIP","floor":7.0},{"not_picked":["Pommel Strike","Clash","Infernal Blade"],"picked":"SKIP","floor":8.0},{"not_picked":["Body Slam","Twin Strike","Sword Boomerang"],"picked":"SKIP","floor":11.0},{"not_picked":["Heavy Blade+1","Twin Strike+1","Metallicize"],"picked":"SKIP","floor":13.0},{"not_picked":["Thunderclap+1","Carnage+1"],"picked":"Second Wind","floor":14.0},{"not_picked":["Juggernaut","Exhume"],"picked":"Feed+1","floor":16.0},{"not_picked":["Second Wind","Warcry"],"picked":"Shockwave","floor":18.0},{"not_picked":["Cleave+1","Sword Boomerang+1","Wild Strike+1"],"picked":"SKIP","floor":19.0},{"not_picked":["Havoc","Sword Boomerang+1","Carnage+1"],"picked":"SKIP","floor":24},{"not_picked":["Feed+1","Heavy Blade+1","Warcry"],"picked":"SKIP","floor":25}],"player_experience":4941891,"relics_obtained":[{"floor":3.0,"key":"Mummified Hand"},{"floor":9.0,"key":"Vajra"},{"floor":12.0,"key":"Molten Egg 2"},{"floor":14.0,"key":"Whetstone"},{"floor":20.0,"key":"Enchiridion"},{"floor":22,"key":"Self Forming Clay"}],"event_choices":[{"damage_healed":0.0,"max_hp_gain":0.0,"max_hp_loss":0.0,"gold_gain":0.0,"event_name":"Golden Idol","player_choice":"Take Damage","floor":5.0,"gold_loss":0.0,"damage_taken":23.0,"relics_obtained":["Golden Idol"]},{"damage_healed":0.0,"max_hp_gain":0.0,"max_hp_loss":0.0,"gold_gain":0.0,"event_name":"Cursed Tome","player_choice":"Obtained Book","floor":20.0,"gold_loss":0.0,"damage_taken":21.0},{"damage_healed":14,"gold_gain":0,"player_choice":"Heal","damage_taken":0,"max_hp_gain":0,"max_hp_loss":0,"event_name":"The Library","floor":21,"gold_loss":0}],"is_beta":false,"boss_relics":[{"not_picked":["Cursed Key","Black Blood"],"picked":"Empty Cage"}],"items_purged_floors":[2],"is_endless":false,"potions_floor_spawned":[1,13,16,24,25],"killed_by":"3 Cultists","ascension_level":20}