{"gold_per_floor":[116,128,197,29,29,61,73,95,187,199,261,273,305,327,339,430,442,464,490,502,530,555,567,579,591,603,615,643,655,699,721,733,819,831,855,967,979,891,903,903,954,979,979,1014,1014,465,465,465,465,465,465,465,465,128,161,161],"floor_reached":57,"playtime":2669,"items_purged":["Strike_G","Defend_G","Defend_G"],"score":3277,"play_id":"6430a3cc-3905-43b1-940b-cb95b918da36","local_time":"20190322150734","is_ascension_mode":true,"campfire_choices":[{"data":"Cloak And Dagger","floor":7.0,"key":"SMITH"},{"data":"Blade Dance","floor":10.0,"key":"SMITH"},{"data":"Neutralize","floor":12.0,"key":"SMITH"},{"data":"Accuracy","floor":15.0,"key":"SMITH"},{"data":"Backflip","floor":23.0,"key":"SMITH"},{"data":"Blur","floor":25.0,"key":"SMITH"},{"data":"Dodge and Roll","floor":29.0,"key":"SMITH"},{"data":"Caltrops","floor":32.0,"key":"SMITH"},{"data":"Burst","floor":40.0,"key":"SMITH"},{"floor":45.0,"key":"RECALL"},{"data":"Impatience","floor":49.0,"key":"SMITH"},{"data":"Corpse Explosion","floor":53,"key":"SMITH"}],"neow_cost":"TEN_PERCENT_HP_LOSS","seed_source_timestamp":19127074610692,"circlet_count":0,"master_deck":["AscendersBane","Defend_G","Defend_G","Survivor","Neutralize+1","Blade Dance+1","Caltrops+1","Infinite Blades","Cloak And Dagger+1","Dodge and Roll+1","Accuracy+1","Corpse Explosion+1","Blur+1","Deadly Poison+1","Backflip+1","PiercingWail","Burst+1","Infinite Blades+1","Leg Sweep+1","Impatience+1","Well Laid Plans","Backflip","Terror+1"],"special_seed":0,"relics":["Ring of the Snake","Kunai","MawBank","Matryoshka","Runic Dome","Snake Skull","Calipers","Pantograph","FossilizedHelix","Centennial Puzzle","Sozu","Thread and Needle","Nunchaku","Juzu Bracelet","Bronze Scales","Incense Burner","Medical Kit","Bottled Lightning"],"potions_floor_usage":[56],"damage_taken":[{"damage":7.0,"enemies":"Cultist","floor":1.0,"turns":6.0},{"damage":3.0,"enemies":"Small Slimes","floor":2.0,"turns":4.0},{"damage":45.0,"enemies":"Gremlin Nob","floor":6.0,"turns":5.0},{"damage":0.0,"enemies":"Jaw Worm","floor":8.0,"turns":3.0},{"damage":0.0,"enemies":"3 Louse","floor":13.0,"turns":4.0},{"damage":3.0,"enemies":"Large Slime","floor":14.0,"turns":7.0},{"damage":0.0,"enemies":"The Guardian","floor":16.0,"turns":10.0},{"damage":2.0,"enemies":"Shell Parasite","floor":18.0,"turns":6.0},{"damage":8.0,"enemies":"Chosen","floor":19.0,"turns":4.0},{"damage":14.0,"enemies":"Shelled Parasite and Fungi","floor":21.0,"turns":7.0},{"damage":3.0,"enemies":"3 Cultists","floor":22.0,"turns":3.0},{"damage":0.0,"enemies":"Chosen and Byrds","floor":28.0,"turns":6.0},{"damage":2.0,"enemies":"Gremlin Leader","floor":30.0,"turns":9.0},{"damage":0.0,"enemies":"Snake Plant","floor":31.0,"turns":4.0},{"damage":0.0,"enemies":"Champ","floor":33.0,"turns":15.0},{"damage":0.0,"enemies":"3 Shapes","floor":35.0,"turns":2.0},{"damage":0.0,"enemies":"Mind Bloom Boss Battle","floor":36.0,"turns":7.0},{"damage":0.0,"enemies":"Orb Walker","floor":39.0,"turns":3.0},{"damage":10.0,"enemies":"2 Orb Walkers","floor":41.0,"turns":5.0},{"damage":0.0,"enemies":"Nemesis","floor":42.0,"turns":8.0},{"damage":0.0,"enemies":"Reptomancer","floor":44.0,"turns":7.0},{"damage":0,"enemies":"Awakened One","floor":50,"turns":13},{"damage":14,"enemies":"Time Eater","floor":51,"turns":14},{"damage":0,"enemies":"Shield and Spear","floor":55,"turns":10},{"damage":0,"enemies":"The Heart","floor":56,"turns":9}],"seed_played":"-1870810257877084176","potions_obtained":[{"floor":6.0,"key":"SkillPotion"},{"floor":8.0,"key":"EssenceOfSteel"},{"floor":13.0,"key":"GhostInAJar"},{"floor":16.0,"key":"Poison Potion"},{"floor":21.0,"key":"Dexterity Potion"},{"floor":31.0,"key":"GamblersBrew"}],"is_trial":false,"path_per_floor":["M","M","T","$","?","E","R","M","T","R","?","R","M","M","R","B",null,"M","M","T","M","M","R","?","R","T","?","M","R","E","M","R","B",null,"M","?","?","$","M","R","?","E","T","E","R","$","?","?","R","B","B",null,"R","$","E","B",null],"character_chosen":"THE_SILENT","items_purchased":["Infinite Blades","Fire Potion","Impatience","Incense Burner","Medical Kit","Well Laid Plans","Backflip"],"campfire_rested":0,"item_purchase_floors":[4,4,46,46,54,54,54],"current_hp_per_floor":[52,49,49,49,49,4,4,4,4,4,4,4,4,1,1,1,45,43,35,35,21,18,18,18,18,18,18,18,18,16,16,16,41,55,55,60,60,60,60,60,50,50,50,50,50,50,50,50,50,57,43,54,54,54,54,57],"gold":161,"neow_bonus":"REMOVE_TWO","is_prod":false,"is_daily":false,"chose_seed":false,"campfire_upgraded":11,"win_rate":0,"timestamp":1553238454,"path_taken":["M","M","?","$","?","E","R","M","T","R","?","R","?","M","R","BOSS","M","?","?","?","M","R","?","R","T","?","M","R","E","M","R","BOSS","M","?","?","$","M","R","?","E","T","E","R","$","?","?","R","BOSS","BOSS","R","$","E","BOSS"],"build_version":"2019-01-23","purchased_purges":3,"victory":true,"max_hp_per_floor":[60,60,60,60,60,60,60,60,60,60,60,60,60,60,60,60,60,60,60,60,60,60,60,60,60,60,60,60,60,60,60,60,60,60,60,60,60,60,60,60,60,60,60,60,60,60,60,57,57,57,57,57,57,57,57,57],"card_choices":[{"not_picked":["Deflect","Dodge and Roll"],"picked":"Blade Dance","floor":1.0},{"not_picked":["Riddle With Holes","Flying Knee"],"picked":"Caltrops","floor":2.0},{"not_picked":["Distraction","Dodge and Roll","Blade Dance"],"picked":"SKIP","floor":6.0},{"not_picked":["Outmaneuver","Prepared"],"picked":"Dodge and Roll","floor":8.0},{"not_picked":["Dagger Throw","Outmaneuver","Dodge and Roll"],"picked":"SKIP","floor":13.0},{"not_picked":["Skewer","Acrobatics"],"picked":"Accuracy","floor":14.0},{"not_picked":["Unload","Doppelganger"],"picked":"Corpse Explosion","floor":16.0},{"not_picked":["Bane","All Out Attack","Sucker Punch+1"],"picked":"SKIP","floor":18.0},{"not_picked":["Dagger Spray","PiercingWail"],"picked":"Blur","floor":19.0},{"not_picked":["Dagger Spray","Infinite Blades"],"picked":"Deadly Poison+1","floor":21.0},{"not_picked":["Bane","Poisoned Stab+1"],"picked":"Backflip","floor":22.0},{"not_picked":["PiercingWail","Prepared+1","Bullet Time"],"picked":"SKIP","floor":28.0},{"not_picked":["Prepared+1","Bullet Time"],"picked":"PiercingWail","floor":28.0},{"not_picked":["Backstab","Underhanded Strike","Riddle With Holes"],"picked":"SKIP","floor":30.0},{"not_picked":["Deflect","Crippling Poison","Backstab+1"],"picked":"SKIP","floor":31.0},{"not_picked":["Glass Knife","Grand Finale"],"picked":"Burst","floor":33.0},{"not_picked":["Underhanded Strike","Quick Slash","Dodge and Roll"],"picked":"SKIP","floor":35.0},{"not_picked":["Sucker Punch","Setup"],"picked":"Infinite Blades+1","floor":36.0},{"not_picked":["Envenom","Acrobatics"],"picked":"Leg Sweep+1","floor":39.0},{"not_picked":["Dodge and Roll","Dagger Throw","Prepared+1"],"picked":"SKIP","floor":42.0},{"not_picked":["Accuracy","Prepared+1","Sucker Punch"],"picked":"SKIP","floor":44.0},{"not_picked":["Flechettes","PiercingWail"],"picked":"Terror+1","floor":55}],"player_experience":3799918,"relics_obtained":[{"floor":3.0,"key":"Kunai"},{"floor":6.0,"key":"MawBank"},{"floor":9.0,"key":"Matryoshka"},{"floor":20.0,"key":"Snake Skull"},{"floor":20.0,"key":"Calipers"},{"floor":26.0,"key":"Pantograph"},{"floor":26.0,"key":"FossilizedHelix"},{"floor":30.0,"key":"Centennial Puzzle"},{"floor":36.0,"key":"Thread and Needle"},{"floor":41.0,"key":"Nunchaku"},{"floor":42.0,"key":"Juzu Bracelet"},{"floor":44.0,"key":"Bronze Scales"},{"floor":55,"key":"Bottled Lightning"}],"event_choices":[{"damage_healed":0.0,"max_hp_gain":0.0,"max_hp_loss":0.0,"gold_gain":0.0,"cards_transformed":["Strike_G"],"event_name":"Living Wall","player_choice":"Change","floor":5.0,"gold_loss":0.0,"damage_taken":0.0,"cards_obtained":["Cloak And Dagger"]},{"damage_healed":0.0,"max_hp_gain":0.0,"max_hp_loss":0.0,"gold_gain":50.0,"event_name":"Golden Shrine","player_choice":"Pray","floor":11.0,"gold_loss":0.0,"damage_taken":0.0},{"cards_removed":["Strike_G"],"damage_healed":0.0,"max_hp_gain":0.0,"max_hp_loss":0.0,"gold_gain":0.0,"event_name":"Back to Basics","player_choice":"Elegance","floor":24.0,"gold_loss":0.0,"damage_taken":0.0},{"damage_healed":0.0,"max_hp_gain":0.0,"max_hp_loss":0.0,"gold_gain":0.0,"event_name":"The Mausoleum","player_choice":"Ignored","floor":27.0,"gold_loss":0.0,"damage_taken":0.0},{"damage_healed":0.0,"max_hp_gain":0.0,"max_hp_loss":0.0,"gold_gain":0.0,"event_name":"MindBloom","player_choice":"Fight","floor":36.0,"gold_loss":0.0,"damage_taken":0.0},{"cards_removed":["Strike_G"],"damage_healed":0.0,"max_hp_gain":0.0,"max_hp_loss":0.0,"gold_gain":0.0,"event_name":"Falling","player_choice":"Removed Attack","floor":37.0,"gold_loss":0.0,"damage_taken":0.0},{"damage_healed":0.0,"max_hp_gain":0.0,"max_hp_loss":0.0,"gold_gain":0.0,"event_name":"Mysterious Sphere","player_choice":"Fight","floor":41.0,"gold_loss":0.0,"damage_taken":0.0},{"damage_healed":0.0,"max_hp_gain":0.0,"max_hp_loss":0.0,"gold_gain":0.0,"event_name":"SensoryStone","player_choice":"Memory 1","floor":47.0,"gold_loss":0.0,"damage_taken":0.0},{"damage_healed":0.0,"max_hp_gain":0.0,"max_hp_loss":3.0,"gold_gain":0.0,"event_name":"Winding Halls","player_choice":"Max HP","floor":48.0,"gold_loss":0.0,"damage_taken":0.0}],"is_beta":false,"boss_relics":[{"not_picked":["Velvet Choker","Astrolabe"],"picked":"Runic Dome"},{"not_picked":["Snecko Eye","Philosopher\u0027s Stone"],"picked":"Sozu"}],"items_purged_floors":[4,38,46],"is_endless":false,"potions_floor_spawned":[6,8,13,16,21,31,33,35,42],"ascension_level":20}