{"gold_per_floor":[116,391,239,21,34,34,61,61,113,113,132,150,162,180,180,180],"floor_reached":16,"playtime":276,"items_purged":["Regret"],"score":254,"play_id":"837f6874-a1ca-4bd4-96ed-aef78e0fbc2c","local_time":"20190609000414","is_ascension_mode":true,"campfire_choices":[{"data":"True Grit","floor":6,"key":"SMITH"},{"data":"Recycle","floor":8,"key":"SMITH"},{"data":"Sword Boomerang","floor":15,"key":"SMITH"}],"neow_cost":"NONE","seed_source_timestamp":214502121790137,"circlet_count":0,"master_deck":["AscendersBane","Strike_B+1","Strike_B","Strike_B+1","Strike_B","Defend_B","Defend_B","Defend_B","Defend_B","Zap","Dualcast","Recycle+1","All For One","True Grit+1","Cold Snap","Storm","Heatsinks","Adrenaline","Sword Boomerang+1"],"relics":["Cracked Core","NeowsBlessing","PrismaticShard","Art of War"],"potions_floor_usage":[16,16],"damage_taken":[{"damage":0,"enemies":"Cultist","floor":1,"turns":1},{"damage":0,"enemies":"Small Slimes","floor":5,"turns":1},{"damage":0,"enemies":"Gremlin Nob","floor":7,"turns":1},{"damage":0,"enemies":"2 Louse","floor":11,"turns":1},{"damage":0,"enemies":"Large Slime","floor":12,"turns":5},{"damage":20,"enemies":"Exordium Wildlife","floor":13,"turns":4},{"damage":11,"enemies":"Looter","floor":14,"turns":3},{"damage":16,"enemies":"Hexaghost","floor":16,"turns":7}],"seed_played":"1068075060798830219","potions_obtained":[{"floor":1,"key":"SkillPotion"},{"floor":11,"key":"SteroidPotion"}],"is_trial":false,"path_per_floor":["M","?","$","$","M","R","E","R","T","?","M","M","M","M","R","B"],"character_chosen":"DEFECT","items_purchased":["All For One","PrismaticShard"],"campfire_rested":0,"item_purchase_floors":[3,4],"current_hp_per_floor":[64,64,64,64,64,64,64,64,64,43,43,43,23,12,12,0],"gold":180,"neow_bonus":"THREE_ENEMY_KILL","is_prod":false,"is_daily":false,"chose_seed":false,"campfire_upgraded":3,"win_rate":0,"timestamp":1560006254,"path_taken":["M","?","?","$","M","R","E","R","T","?","M","M","M","M","R","BOSS"],"build_version":"2019-01-23","purchased_purges":1,"victory":false,"max_hp_per_floor":[71,71,71,71,71,71,71,71,71,71,71,71,71,71,71,71],"card_choices":[{"not_picked":["Doom and Gloom","Chill"],"picked":"Recycle","floor":1},{"not_picked":["Go for the Eyes","Sword Boomerang"],"picked":"True Grit","floor":5},{"not_picked":["Dagger Spray","Catalyst"],"picked":"Cold Snap","floor":7},{"not_picked":["Infernal Blade","Steam"],"picked":"Storm","floor":11},{"not_picked":["Dagger Throw","Twin Strike"],"picked":"Heatsinks","floor":12},{"not_picked":["Warcry","Slice"],"picked":"Adrenaline","floor":13},{"not_picked":["Whirlwind","Perfected Strike"],"picked":"Sword Boomerang","floor":14}],"player_experience":571368,"relics_obtained":[{"floor":7,"key":"Art of War"}],"event_choices":[{"damage_healed":0,"gold_gain":275,"player_choice":"Desecrate","damage_taken":0,"max_hp_gain":0,"max_hp_loss":0,"event_name":"Golden Shrine","floor":2,"gold_loss":0,"cards_obtained":["Regret"]},{"damage_healed":0,"gold_gain":0,"player_choice":"Entered Light","damage_taken":21,"max_hp_gain":0,"max_hp_loss":0,"event_name":"Shining Light","floor":10,"gold_loss":0,"cards_upgraded":["Strike_B","Strike_B"]}],"is_beta":false,"boss_relics":[],"items_purged_floors":[3],"is_endless":false,"potions_floor_spawned":[1,11,12],"killed_by":"Hexaghost","ascension_level":20}