{"gold_per_floor":[113,123,48,48,48,48,81,81,81,116,116,149,162,162,162,239,239,250,267,287,287,306,306,306,306,306,335,70,97,116,41,41,41],"floor_reached":33,"playtime":915,"items_purged":["Strike_B"],"score":542,"play_id":"f9095aa0-26cd-4e68-b433-94aaf0a3fa5c","local_time":"20181011190743","is_ascension_mode":true,"campfire_choices":[{"data":"Zap","floor":6,"key":"SMITH"},{"data":"Streamline","floor":8,"key":"SMITH"},{"floor":11,"key":"REST"},{"data":"Redo","floor":15,"key":"SMITH"},{"data":"Dualcast","floor":23,"key":"SMITH"},{"data":"Biased Cognition","floor":25,"key":"SMITH"},{"data":"Defragment","floor":32,"key":"SMITH"}],"neow_cost":"NONE","seed_source_timestamp":69184955432371,"circlet_count":0,"master_deck":["Strike_B","Strike_B","Defend_B","Defend_B","Defend_B","Defend_B","Zap+1","Dualcast+1","AscendersBane","Ball Lightning","Streamline+1","Biased Cognition+1","Self Repair","Coolheaded","Redo+1","Thunder Strike","Conserve Battery","Hologram","Defragment+1"],"relics":["Cracked Core","DataDisk","Centennial Puzzle","Gremlin Horn","Dodecahedron","PreservedInsect","Boot","Runic Dome","Enchiridion","Kunai","Anchor","Lee\u0027s Waffle","Oddly Smooth Stone"],"potions_floor_usage":[12,27,33],"damage_taken":[{"damage":0,"enemies":"Cultist","floor":1,"turns":4},{"damage":7,"enemies":"Jaw Worm","floor":2,"turns":3},{"damage":20,"enemies":"Lagavulin","floor":7,"turns":5},{"damage":16,"enemies":"Gremlin Nob","floor":10,"turns":3},{"damage":10,"enemies":"3 Sentries","floor":12,"turns":3},{"damage":0,"enemies":"Small Slimes","floor":13,"turns":2},{"damage":26,"enemies":"The Guardian","floor":16,"turns":9},{"damage":11,"enemies":"Shell Parasite","floor":18,"turns":4},{"damage":7,"enemies":"Chosen","floor":19,"turns":4},{"damage":4,"enemies":"Centurion and Healer","floor":20,"turns":6},{"damage":18,"enemies":"Snecko","floor":22,"turns":3},{"damage":3,"enemies":"Book of Stabbing","floor":27,"turns":4},{"damage":8,"enemies":"Slavers","floor":29,"turns":3},{"damage":5,"enemies":"Shelled Parasite and Fungi","floor":30,"turns":4},{"damage":87,"enemies":"Champ","floor":33,"turns":8}],"seed_played":"3324077350862058046","potions_obtained":[{"floor":7,"key":"FocusPotion"},{"floor":16,"key":"FocusPotion"},{"floor":22,"key":"SkillPotion"},{"floor":27,"key":"SmokeBomb"}],"is_trial":false,"path_per_floor":["M","M","$","?","$","R","E","R","T","E","R","E","M","?","R","B",null,"M","M","M","?","M","R","?","R","T","E","$","E","M","?","R"],"character_chosen":"DEFECT","items_purchased":["Lee\u0027s Waffle","Hologram"],"campfire_rested":1,"item_purchase_floors":[28,28],"current_hp_per_floor":[64,57,57,52,52,52,32,32,32,16,37,34,34,34,34,15,57,53,53,56,35,24,24,24,24,24,28,78,77,78,78,78,0],"gold":41,"neow_bonus":"RANDOM_COMMON_RELIC","is_prod":false,"is_daily":false,"chose_seed":false,"campfire_upgraded":6,"win_rate":0,"timestamp":1539256063,"path_taken":["M","M","$","?","$","R","E","R","T","E","R","E","M","?","R","BOSS","M","M","?","?","M","R","?","R","T","E","$","E","M","?","R","BOSS"],"build_version":"2018-10-04v2","purchased_purges":1,"victory":false,"max_hp_per_floor":[71,71,71,71,71,71,71,71,71,71,71,71,71,71,71,71,71,71,71,71,71,71,71,71,71,71,71,78,78,78,78,78,78],"card_choices":[{"not_picked":["Leap","Go for the Eyes"],"picked":"Ball Lightning","floor":1},{"not_picked":["Auto Shields","Steam"],"picked":"Streamline","floor":2},{"not_picked":["Redo","Steam"],"picked":"Biased Cognition","floor":7},{"not_picked":["Double Energy","Turbo"],"picked":"Self Repair","floor":10},{"not_picked":["Compile Driver","Rebound"],"picked":"Coolheaded","floor":12},{"not_picked":["Cold Snap","Ball Lightning"],"picked":"Redo","floor":13},{"not_picked":["Buffer","Meteor Strike"],"picked":"Thunder Strike","floor":16},{"not_picked":["Turbo","Gash","Coolheaded"],"picked":"SKIP","floor":18},{"not_picked":["Darkness","Barrage","Coolheaded"],"picked":"SKIP","floor":19},{"not_picked":["Turbo","Redo","Coolheaded"],"picked":"SKIP","floor":20},{"not_picked":["Cold Snap","Recycle","Blizzard"],"picked":"SKIP","floor":22},{"not_picked":["Doom and Gloom","Redo"],"picked":"Conserve Battery","floor":27},{"not_picked":["Rebound","Storm"],"picked":"Defragment","floor":29},{"not_picked":["Amplify","Coolheaded","Streamline"],"picked":"SKIP","floor":30}],"player_experience":281797,"relics_obtained":[{"floor":7,"key":"Gremlin Horn"},{"floor":9,"key":"Dodecahedron"},{"floor":10,"key":"PreservedInsect"},{"floor":12,"key":"Boot"},{"floor":21,"key":"Enchiridion"},{"floor":26,"key":"Kunai"},{"floor":27,"key":"Anchor"},{"floor":29,"key":"Oddly Smooth Stone"}],"event_choices":[{"event_name":"Scrap Ooze","player_choice":"success","floor":4,"damage_taken":5},{"event_name":"Liars Game","player_choice":"disagreed","floor":14,"damage_taken":0},{"event_name":"Cursed Tome","player_choice":"Obtained Book","floor":21,"damage_taken":0},{"event_name":"Vampires","player_choice":"Ignored","floor":24,"damage_taken":0},{"event_name":"Beggar","player_choice":"Gave Gold","floor":31,"damage_taken":0}],"is_beta":false,"boss_relics":[{"not_picked":["Tiny House","Fusion Hammer"],"picked":"Runic Dome"}],"items_purged_floors":[3],"is_endless":false,"potions_floor_spawned":[7,16,22,27,30],"killed_by":"Champ","ascension_level":16}