{"gold_per_floor":[115,134,134,59,209,209,230,70,70,95,95,129,153,193,193,286,286,304,304,304],"floor_reached":20,"playtime":738,"items_purged":["Doubt"],"score":369,"play_id":"f50c1330-97a4-45b9-8dbc-8b142f04d049","local_time":"20190730152712","is_ascension_mode":true,"campfire_choices":[{"data":"Tactician","floor":6.0,"key":"SMITH"},{"data":"Finisher","floor":11.0,"key":"SMITH"},{"data":"Acrobatics","floor":15.0,"key":"SMITH"}],"neow_cost":"TEN_PERCENT_HP_LOSS","seed_source_timestamp":161518396744249,"circlet_count":0,"master_deck":["AscendersBane","Defend_G","Defend_G","Defend_G","Defend_G","Defend_G","Survivor","Neutralize","Dark Shackles","Madness","Tactician+1","Backstab","Well Laid Plans","Finisher+1","A Thousand Cuts","Acrobatics+1","Bite","Bite","Bite","Bite","Bite"],"special_seed":0,"relics":["Ring of the Snake","Golden Idol","WingedGreaves","Odd Mushroom","Mercury Hourglass","WristBlade"],"potions_floor_usage":[],"damage_taken":[{"damage":12.0,"enemies":"Small Slimes","floor":1.0,"turns":7.0},{"damage":3.0,"enemies":"2 Louse","floor":2.0,"turns":4.0},{"damage":2.0,"enemies":"Jaw Worm","floor":7.0,"turns":7.0},{"damage":3.0,"enemies":"Red Slaver","floor":10.0,"turns":5.0},{"damage":3.0,"enemies":"The Mushroom Lair","floor":12.0,"turns":6.0},{"damage":6.0,"enemies":"Looter","floor":13.0,"turns":5.0},{"damage":5.0,"enemies":"3 Sentries","floor":14.0,"turns":7.0},{"damage":22.0,"enemies":"Slime Boss","floor":16.0,"turns":10.0},{"damage":32.0,"enemies":"Shell Parasite","floor":18.0,"turns":6.0},{"damage":18,"enemies":"3 Byrds","floor":20,"turns":2}],"seed_played":"3626103063732749923","potions_obtained":[{"floor":12.0,"key":"AttackPotion"},{"floor":13.0,"key":"PowerPotion"},{"floor":16.0,"key":"Ancient Potion"}],"is_trial":false,"path_per_floor":["M","M","?","?","?","R","M","$","T","M","R","?","M","E","R","B",null,"M","?","M"],"character_chosen":"THE_SILENT","items_purchased":["Well Laid Plans"],"campfire_rested":0,"item_purchase_floors":[8],"current_hp_per_floor":[47,44,44,44,44,44,42,42,42,39,39,36,30,25,25,3,41,9,9,0],"gold":304,"neow_bonus":"RANDOM_COLORLESS_2","is_prod":false,"is_daily":false,"chose_seed":false,"campfire_upgraded":3,"win_rate":0,"timestamp":1564468032,"path_taken":["M","M","?","?","?","R","M","$","T","M","R","?","M","E","R","BOSS","M","?","M"],"build_version":"2019-07-17","purchased_purges":1,"victory":false,"max_hp_per_floor":[60,60,54,54,54,54,54,54,54,54,54,54,54,54,54,54,54,54,37,37],"card_choices":[{"not_picked":["Dodge and Roll","Blur"],"picked":"Tactician","floor":1.0},{"not_picked":["Expertise","Outmaneuver","Deadly Poison"],"picked":"SKIP","floor":2.0},{"not_picked":["Backstab","Blur","Underhanded Strike"],"picked":"SKIP","floor":7.0},{"not_picked":["Blur","Underhanded Strike"],"picked":"Backstab","floor":7.0},{"not_picked":["Cloak And Dagger","Calculated Gamble"],"picked":"Finisher","floor":10.0},{"not_picked":["Backflip","Dagger Throw"],"picked":"A Thousand Cuts","floor":12.0},{"not_picked":["Flying Knee","Blade Dance"],"picked":"Acrobatics","floor":13.0},{"not_picked":["Distraction","Sucker Punch","Deadly Poison"],"picked":"SKIP","floor":14.0},{"not_picked":["Outmaneuver","Dagger Throw","Deflect"],"picked":"SKIP","floor":18.0}],"player_experience":688046,"relics_obtained":[{"floor":9.0,"key":"WingedGreaves"},{"floor":12.0,"key":"Odd Mushroom"},{"floor":14.0,"key":"Mercury Hourglass"}],"event_choices":[{"damage_healed":0.0,"max_hp_gain":0.0,"max_hp_loss":6.0,"gold_gain":0.0,"event_name":"Golden Idol","player_choice":"Lose Max HP","floor":3.0,"gold_loss":0.0,"damage_taken":0.0,"relics_obtained":["Golden Idol"]},{"cards_removed":["Strike_G"],"damage_healed":0.0,"max_hp_gain":0.0,"max_hp_loss":0.0,"gold_gain":0.0,"event_name":"The Cleric","player_choice":"Card Removal","floor":4.0,"gold_loss":75.0,"damage_taken":0.0},{"damage_healed":0.0,"max_hp_gain":0.0,"max_hp_loss":0.0,"gold_gain":150.0,"event_name":"Liars Game","player_choice":"AGREE","floor":5.0,"gold_loss":0.0,"damage_taken":0.0,"cards_obtained":["Doubt"]},{"damage_healed":0.0,"max_hp_gain":0.0,"max_hp_loss":0.0,"gold_gain":0.0,"event_name":"Mushrooms","player_choice":"Fought Mushrooms","floor":12.0,"gold_loss":0.0,"damage_taken":0.0},{"damage_healed":0.0,"max_hp_gain":0.0,"max_hp_loss":17.0,"gold_gain":0.0,"event_name":"Vampires","player_choice":"Became a vampire","floor":19.0,"gold_loss":0.0,"damage_taken":0.0,"cards_obtained":["Bite","Bite","Bite","Bite","Bite"]}],"is_beta":false,"boss_relics":[{"not_picked":["Ectoplasm","HoveringKite"],"picked":"WristBlade"}],"items_purged_floors":[8],"is_endless":false,"potions_floor_spawned":[12,13,16],"killed_by":"3 Byrds","ascension_level":20}