{"gold_per_floor":[117,6,6,6,18,18,53,53,79,99,117,173,187,187,187,283,283,301,301,301,312,237,237,237,256,256,331,344,360,360,183,183,288,288,307,327,379,254,274,274,274,124,147,164,164,164,164,176,176,176],"floor_reached":51,"playtime":1823,"items_purged":["Strike_R","Strike_R","Demon Form","Bludgeon+1"],"score":695,"play_id":"b8b55221-0bc6-4f45-833c-950c69bf17a3","local_time":"20190717132244","is_ascension_mode":false,"campfire_choices":[{"data":"Bludgeon","floor":6.0,"key":"SMITH"},{"data":"True Grit","floor":8.0,"key":"SMITH"},{"data":"Bash","floor":15.0,"key":"SMITH"},{"data":"Burning Pact","floor":24.0,"key":"SMITH"},{"data":"Flash of Steel","floor":30.0,"key":"SMITH"},{"data":"Dropkick","floor":32.0,"key":"SMITH"},{"data":"Havoc","floor":40,"key":"PURGE"},{"data":"Corruption","floor":47,"key":"PURGE"},{"data":"Second Wind","floor":49,"key":"PURGE"}],"neow_cost":"PERCENT_DAMAGE","seed_source_timestamp":14708735949856,"circlet_count":0,"master_deck":["Bash+1","Shrug It Off+1","True Grit+1","Flash of Steel+1","Burning Pact+1","Berserk","Ghostly","Ghostly","Ghostly","Ghostly","Ghostly","Warcry+1","Dropkick+1","Battle Trance","Violence","Trip"],"special_seed":0,"relics":["Burning Blood","Du-Vu Doll","War Paint","Vajra","Lantern","Busted Crown","Potion Belt","Pandora\u0027s Box","Peace Pipe","Pen Nib"],"potions_floor_usage":[],"damage_taken":[{"damage":5.0,"enemies":"Small Slimes","floor":1.0,"turns":2.0},{"damage":0.0,"enemies":"Jaw Worm","floor":5.0,"turns":3.0},{"damage":19.0,"enemies":"Lagavulin","floor":7.0,"turns":6.0},{"damage":0.0,"enemies":"2 Louse","floor":10.0,"turns":3.0},{"damage":9.0,"enemies":"2 Fungi Beasts","floor":11.0,"turns":3.0},{"damage":1.0,"enemies":"3 Sentries","floor":12.0,"turns":6.0},{"damage":0.0,"enemies":"Exordium Wildlife","floor":13.0,"turns":3.0},{"damage":37.0,"enemies":"Hexaghost","floor":16.0,"turns":9.0},{"damage":2.0,"enemies":"Shell Parasite","floor":18.0,"turns":4.0},{"damage":0.0,"enemies":"Spheric Guardian","floor":21.0,"turns":6.0},{"damage":1.0,"enemies":"Snecko","floor":25.0,"turns":4.0},{"damage":4.0,"enemies":"Cultist and Chosen","floor":28.0,"turns":5.0},{"damage":1.0,"enemies":"Centurion and Healer","floor":29.0,"turns":6.0},{"damage":3,"enemies":"Automaton","floor":33,"turns":7},{"damage":0,"enemies":"3 Darklings","floor":35,"turns":4},{"damage":1,"enemies":"Orb Walker","floor":36,"turns":4},{"damage":0,"enemies":"2 Orb Walkers","floor":37,"turns":4},{"damage":0,"enemies":"Spire Growth","floor":39,"turns":3},{"damage":5,"enemies":"Sphere and 2 Shapes","floor":44,"turns":5},{"damage":0,"enemies":"Transient","floor":48,"turns":5},{"damage":1,"enemies":"Awakened One","floor":50,"turns":4}],"seed_played":"-8940611647042545294","potions_obtained":[{"floor":5.0,"key":"AttackPotion"},{"floor":10.0,"key":"Ancient Potion"},{"floor":11.0,"key":"Regen Potion"},{"floor":28.0,"key":"Fire Potion"},{"floor":35,"key":"Poison Potion"}],"is_trial":false,"path_per_floor":["M","$","?","T","M","R","E","R","T","M","M","?","M","?","R","B",null,"M","?","?","M","$","?","R","M","T","?","M","M","R","$","R","B",null,"M","M","?","$","M","R","?","$","T","M","?","?","R","M","R","B",null],"character_chosen":"IRONCLAD","items_purchased":["True Grit","Flash of Steel","Dropkick"],"campfire_rested":0,"item_purchase_floors":[2,2,31],"current_hp_per_floor":[57,57,41,41,47,47,34,34,34,40,37,42,48,48,48,17,80,80,40,40,40,40,40,40,40,40,36,38,40,40,40,40,40,40,40,40,40,40,40,40,38,38,38,38,28,28,28,34,34,38],"gold":176,"neow_bonus":"THREE_RARE_CARDS","is_prod":false,"is_daily":false,"chose_seed":false,"campfire_upgraded":6,"win_rate":0,"timestamp":1563340964,"path_taken":["M","$","?","?","M","R","E","R","T","M","M","?","M","?","R","BOSS","M","?","?","M","$","?","R","M","T","?","M","M","R","$","R","BOSS","M","M","?","$","M","R","?","?","T","?","?","?","R","M","R","BOSS"],"build_version":"2019-07-05","purchased_purges":4,"victory":true,"max_hp_per_floor":[80,80,80,80,80,80,80,80,80,80,80,80,80,80,80,80,80,80,40,40,40,40,40,40,40,40,40,40,40,40,40,40,40,40,40,40,40,40,40,40,38,38,38,38,38,38,38,38,38,38],"card_choices":[{"not_picked":["Exhume","Immolate"],"picked":"Bludgeon","floor":0.0},{"not_picked":["Armaments","Heavy Blade"],"picked":"Shrug It Off","floor":1.0},{"not_picked":["Whirlwind","Warcry","True Grit"],"picked":"SKIP","floor":5.0},{"not_picked":["Clothesline","Hemokinesis","Cleave"],"picked":"SKIP","floor":7.0},{"not_picked":["Blood for Blood","Thunderclap"],"picked":"Burning Pact","floor":10.0},{"not_picked":["Iron Wave","Inflame","Sever Soul"],"picked":"SKIP","floor":11.0},{"not_picked":["Headbutt","Thunderclap"],"picked":"Evolve","floor":12.0},{"not_picked":["Sever Soul","Metallicize","Iron Wave"],"picked":"SKIP","floor":13.0},{"not_picked":["Exhume","Bludgeon"],"picked":"Berserk","floor":16.0},{"not_picked":["Flame Barrier"],"picked":"SKIP","floor":18.0},{"not_picked":["Cleave+1"],"picked":"SKIP","floor":21.0},{"not_picked":["Evolve"],"picked":"SKIP","floor":25.0},{"not_picked":[],"picked":"Warcry+1","floor":28.0},{"not_picked":["Shrug It Off+1"],"picked":"SKIP","floor":29.0},{"not_picked":["Anger+1"],"picked":"SKIP","floor":35},{"not_picked":["Wild Strike+1"],"picked":"SKIP","floor":36},{"not_picked":["Whirlwind"],"picked":"SKIP","floor":39},{"not_picked":["Clash+1"],"picked":"SKIP","floor":44},{"not_picked":[],"picked":"Violence","floor":45},{"not_picked":[],"picked":"Trip","floor":45},{"not_picked":["Perfected Strike"],"picked":"SKIP","floor":48}],"player_experience":5748828,"relics_obtained":[{"floor":4.0,"key":"Du-Vu Doll"},{"floor":7.0,"key":"War Paint"},{"floor":9.0,"key":"Vajra"},{"floor":12.0,"key":"Lantern"},{"floor":26.0,"key":"Potion Belt"},{"floor":37,"key":"Peace Pipe"},{"floor":43,"key":"Pen Nib"}],"event_choices":[{"damage_healed":0.0,"max_hp_gain":0.0,"max_hp_loss":0.0,"gold_gain":0.0,"event_name":"Shining Light","player_choice":"Entered Light","floor":3.0,"gold_loss":0.0,"damage_taken":16.0,"cards_upgraded":["Strike_R","Defend_R"]},{"damage_healed":0.0,"max_hp_gain":0.0,"max_hp_loss":0.0,"gold_gain":0.0,"event_name":"Dead Adventurer","player_choice":"Searched \u00272\u0027 times","floor":12.0,"gold_loss":0.0,"damage_taken":0.0},{"cards_removed":["Strike_R"],"damage_healed":0.0,"max_hp_gain":0.0,"max_hp_loss":0.0,"gold_gain":0.0,"event_name":"Living Wall","player_choice":"Forget","floor":14.0,"gold_loss":0.0,"damage_taken":0.0},{"damage_healed":0.0,"max_hp_gain":0.0,"max_hp_loss":40.0,"gold_gain":0.0,"event_name":"Ghosts","player_choice":"Became a Ghost","floor":19.0,"gold_loss":0.0,"damage_taken":0.0,"cards_obtained":["Ghostly","Ghostly","Ghostly","Ghostly","Ghostly"]},{"damage_healed":0.0,"max_hp_gain":0.0,"max_hp_loss":0.0,"gold_gain":0.0,"event_name":"Vampires","player_choice":"Ignored","floor":20.0,"gold_loss":0.0,"damage_taken":0.0},{"cards_removed":["Strike_R"],"damage_healed":0.0,"max_hp_gain":0.0,"max_hp_loss":0.0,"gold_gain":0.0,"event_name":"Back to Basics","player_choice":"Elegance","floor":23.0,"gold_loss":0.0,"damage_taken":0.0},{"damage_healed":0.0,"max_hp_gain":0.0,"max_hp_loss":0.0,"gold_gain":75.0,"event_name":"FaceTrader","player_choice":"Touch","floor":27.0,"gold_loss":0.0,"damage_taken":4.0},{"damage_healed":0,"gold_gain":0,"player_choice":"Fight","damage_taken":0,"max_hp_gain":0,"max_hp_loss":0,"event_name":"Mysterious Sphere","floor":37,"gold_loss":0},{"damage_healed":0,"gold_gain":0,"player_choice":"Max HP","damage_taken":0,"max_hp_gain":0,"max_hp_loss":2,"event_name":"Winding Halls","floor":41,"gold_loss":0},{"damage_healed":0,"gold_gain":0,"player_choice":"Memory 3","damage_taken":10,"max_hp_gain":0,"max_hp_loss":0,"event_name":"SensoryStone","floor":45,"gold_loss":0},{"cards_removed":["Evolve"],"damage_healed":0,"gold_gain":0,"player_choice":"Removed Power","damage_taken":0,"max_hp_gain":0,"max_hp_loss":0,"event_name":"Falling","floor":46,"gold_loss":0}],"is_beta":false,"boss_relics":[{"not_picked":["Snecko Eye","Orrery"],"picked":"Busted Crown"},{"not_picked":["Coffee Dripper","Tiny House"],"picked":"Pandora\u0027s Box"}],"items_purged_floors":[22,31,38,42],"is_endless":false,"potions_floor_spawned":[5,10,11,13,16,21,25,28,35,44],"ascension_level":0}