{"gold_per_floor":[116,266,266,316,81,107,107,140,140,152,152,164,191,204,204,276,276,290,304,120,139,64,90,90,90,90,90,101,111,111,111,111,188,188,205,223,223,223,223,223,9,9,9,37,56,56,83,102,102,102,102,102,102,46,71,71],"floor_reached":57,"playtime":2642,"items_purged":["Strike_G","Strike_G","Strike_G"],"score":3442,"play_id":"91a9027b-e9b0-46da-8c04-a1ffe6896b8b","local_time":"20190401001455","is_ascension_mode":true,"campfire_choices":[{"data":"Predator","floor":7.0,"key":"SMITH"},{"data":"Catalyst","floor":11.0,"key":"SMITH"},{"data":"Catalyst","floor":15.0,"key":"SMITH"},{"data":"Deadly Poison","floor":25.0,"key":"SMITH"},{"data":"Wraith Form v2","floor":27.0,"key":"SMITH"},{"data":"Deadly Poison","floor":32.0,"key":"SMITH"},{"data":"Acrobatics","floor":40.0,"key":"SMITH"},{"data":"Calculated Gamble","floor":42.0,"key":"SMITH"},{"floor":49.0,"key":"RECALL"}],"neow_cost":"NONE","seed_source_timestamp":61238337073088,"circlet_count":0,"master_deck":["AscendersBane","Defend_G+1","Defend_G+1","Defend_G+1","Defend_G+1","Defend_G+1","Survivor+1","Neutralize+1","Calculated Gamble+1","Predator+1","Catalyst+1","Backflip+1","Deadly Poison+1","Reflex+1","Catalyst+1","Wraith Form v2+1","Prepared+1","Expertise+1","Deadly Poison+1","Acrobatics+1","Concentrate+1","Malaise+1","Calculated Gamble+1","Master of Strategy+1","Dark Shackles+1","Dark Shackles+1","Tactician+1","Prepared+1","Acrobatics+1","Deadly Poison+1"],"special_seed":0,"relics":["Ring of the Snake","NeowsBlessing","Bronze Scales","Question Card","Bag of Preparation","Busted Crown","Calipers","Molten Egg 2","Coffee Dripper","Singing Bowl","Omamori","Mark of the Bloom","Incense Burner","Anchor"],"potions_floor_usage":[56,56,56],"damage_taken":[{"damage":0.0,"enemies":"2 Louse","floor":1.0,"turns":1.0},{"damage":0.0,"enemies":"Gremlin Nob","floor":6.0,"turns":1.0},{"damage":0.0,"enemies":"Lagavulin","floor":8.0,"turns":1.0},{"damage":0.0,"enemies":"Small Slimes","floor":10.0,"turns":3.0},{"damage":0.0,"enemies":"Cultist","floor":12.0,"turns":3.0},{"damage":22.0,"enemies":"3 Sentries","floor":13.0,"turns":10.0},{"damage":17.0,"enemies":"Gremlin Gang","floor":14.0,"turns":5.0},{"damage":0.0,"enemies":"Slime Boss","floor":16.0,"turns":6.0},{"damage":5.0,"enemies":"3 Byrds","floor":18.0,"turns":3.0},{"damage":0.0,"enemies":"Chosen","floor":19.0,"turns":2.0},{"damage":0.0,"enemies":"Snecko","floor":21.0,"turns":2.0},{"damage":0.0,"enemies":"Book of Stabbing","floor":23.0,"turns":3.0},{"damage":16.0,"enemies":"Colosseum Slavers","floor":24.0,"turns":4.0},{"damage":1.0,"enemies":"Chosen and Byrds","floor":28.0,"turns":3.0},{"damage":3.0,"enemies":"Snake Plant","floor":29.0,"turns":3.0},{"damage":4.0,"enemies":"Automaton","floor":33.0,"turns":6.0},{"damage":0.0,"enemies":"Orb Walker","floor":35.0,"turns":4.0},{"damage":0.0,"enemies":"3 Shapes","floor":36.0,"turns":4.0},{"damage":0.0,"enemies":"Reptomancer","floor":44.0,"turns":3.0},{"damage":0.0,"enemies":"Sphere and 2 Shapes","floor":45.0,"turns":4.0},{"damage":0.0,"enemies":"Giant Head","floor":47.0,"turns":3.0},{"damage":0.0,"enemies":"Writhing Mass","floor":48.0,"turns":2.0},{"damage":0.0,"enemies":"Donu and Deca","floor":50.0,"turns":3.0},{"damage":0.0,"enemies":"Awakened One","floor":51.0,"turns":5.0},{"damage":0.0,"enemies":"Shield and Spear","floor":55.0,"turns":3.0},{"damage":17,"enemies":"The Heart","floor":56,"turns":5}],"seed_played":"6124914499252381310","potions_obtained":[{"floor":1.0,"key":"GamblersBrew"},{"floor":6.0,"key":"SkillPotion"},{"floor":18.0,"key":"LiquidBronze"},{"floor":28.0,"key":"Ancient Potion"},{"floor":29.0,"key":"PowerPotion"},{"floor":33.0,"key":"EntropicBrew"}],"is_trial":false,"path_per_floor":["M","?","?","?","$","E","R","E","T","M","R","M","E","M","R","B",null,"M","M","$","M","?","E","?","R","T","R","M","M","?","$","R","B",null,"M","M","?","?","?","R","$","R","T","E","M","?","E","M","R","B","B",null,"R","$","E","B",null],"character_chosen":"THE_SILENT","items_purchased":["Predator","Catalyst","Deadly Poison","SpeedPotion","Tactician","PowerPotion"],"campfire_rested":0,"item_purchase_floors":[5,5,20,20,41,54],"current_hp_per_floor":[59,59,59,53,53,53,53,53,53,53,53,53,31,14,14,14,53,48,48,48,48,48,48,32,32,32,32,31,28,10,10,10,6,55,55,55,55,45,45,45,45,45,45,45,45,45,45,45,45,45,45,45,45,45,45,28],"gold":71,"neow_bonus":"THREE_ENEMY_KILL","is_prod":false,"is_daily":false,"chose_seed":false,"campfire_upgraded":8,"win_rate":0,"timestamp":1554048895,"path_taken":["M","?","?","?","$","E","R","E","T","?","R","M","E","M","R","BOSS","M","M","$","?","?","E","?","R","T","R","M","M","?","$","R","BOSS","M","M","?","?","?","R","?","R","T","E","M","?","E","M","R","BOSS","BOSS","R","$","E","BOSS"],"build_version":"2019-01-23","purchased_purges":3,"victory":true,"max_hp_per_floor":[66,66,66,66,66,66,66,66,66,66,66,66,66,66,66,66,66,66,66,66,66,66,66,66,66,66,66,66,66,71,71,71,71,71,71,71,71,71,71,71,71,71,71,71,71,71,73,75,75,75,75,75,75,75,75,75],"card_choices":[{"not_picked":["Escape Plan","Bane"],"picked":"Calculated Gamble","floor":1.0},{"not_picked":["Quick Slash","Choke"],"picked":"Backflip","floor":6.0},{"not_picked":["Distraction","Leg Sweep","Riddle With Holes"],"picked":"SKIP","floor":8.0},{"not_picked":["Endless Agony","Infinite Blades","Dagger Spray"],"picked":"Deadly Poison","floor":10.0},{"not_picked":["Underhanded Strike","Backflip","Backstab"],"picked":"Reflex","floor":12.0},{"not_picked":["Terror","Prepared","Blade Dance","Dagger Spray"],"picked":"SKIP","floor":13.0},{"not_picked":["Poisoned Stab","Bullet Time","Predator"],"picked":"Catalyst","floor":14.0},{"not_picked":["Storm of Steel","Grand Finale","Adrenaline"],"picked":"Wraith Form v2","floor":16.0},{"not_picked":["All Out Attack"],"picked":"Prepared","floor":18.0},{"not_picked":["Dagger Spray"],"picked":"Expertise","floor":19.0},{"not_picked":["Sucker Punch","Predator"],"picked":"SKIP","floor":21.0},{"not_picked":["Dagger Spray","Accuracy"],"picked":"SKIP","floor":23.0},{"not_picked":["Bane+1"],"picked":"Acrobatics","floor":28.0},{"not_picked":["Dagger Throw+1"],"picked":"Concentrate+1","floor":29.0},{"not_picked":["Unload+1"],"picked":"Malaise","floor":33.0},{"not_picked":["Dash+1"],"picked":"Calculated Gamble","floor":35.0},{"not_picked":["Deadly Poison","Leg Sweep"],"picked":"SKIP","floor":36.0},{"not_picked":["PanicButton"],"picked":"Master of Strategy","floor":38.0},{"not_picked":["Chrysalis"],"picked":"Dark Shackles","floor":38.0},{"not_picked":["Flash of Steel+1"],"picked":"Dark Shackles","floor":38.0},{"not_picked":["Setup"],"picked":"Prepared+1","floor":44.0},{"not_picked":["Outmaneuver+1"],"picked":"Acrobatics","floor":45.0},{"not_picked":["Eviscerate+1","Escape Plan"],"picked":"Singing Bowl","floor":47.0},{"not_picked":["Distraction","Blade Dance"],"picked":"Singing Bowl","floor":48.0},{"not_picked":["Flying Knee+1"],"picked":"Deadly Poison+1","floor":55}],"player_experience":3968516,"relics_obtained":[{"floor":6.0,"key":"Bronze Scales"},{"floor":8.0,"key":"Question Card"},{"floor":13.0,"key":"Bag of Preparation"},{"floor":23.0,"key":"Calipers"},{"floor":26.0,"key":"Molten Egg 2"},{"floor":43.0,"key":"Singing Bowl"},{"floor":44.0,"key":"Omamori"},{"floor":47.0,"key":"Incense Burner"},{"floor":55,"key":"Anchor"}],"event_choices":[{"damage_healed":0.0,"max_hp_gain":0.0,"max_hp_loss":0.0,"gold_gain":150.0,"event_name":"Liars Game","player_choice":"AGREE","floor":2.0,"gold_loss":0.0,"damage_taken":0.0,"cards_obtained":["Doubt"]},{"cards_removed":["Doubt"],"damage_healed":0.0,"max_hp_gain":0.0,"max_hp_loss":0.0,"gold_gain":0.0,"event_name":"Living Wall","player_choice":"Forget","floor":3.0,"gold_loss":0.0,"damage_taken":0.0},{"damage_healed":0.0,"max_hp_gain":0.0,"max_hp_loss":0.0,"gold_gain":50.0,"event_name":"FaceTrader","player_choice":"Touch","floor":4.0,"gold_loss":0.0,"damage_taken":6.0},{"cards_removed":["Strike_G"],"damage_healed":0.0,"max_hp_gain":0.0,"max_hp_loss":0.0,"gold_gain":0.0,"event_name":"Beggar","player_choice":"Gave Gold","floor":22.0,"gold_loss":75.0,"damage_taken":0.0},{"damage_healed":0.0,"max_hp_gain":0.0,"max_hp_loss":0.0,"gold_gain":0.0,"event_name":"Colosseum","player_choice":"Fight","floor":24.0,"gold_loss":0.0,"damage_taken":0.0},{"damage_healed":0.0,"max_hp_gain":0.0,"max_hp_loss":0.0,"gold_gain":0.0,"event_name":"Colosseum","player_choice":"Fled From Nobs","floor":24.0,"gold_loss":0.0,"damage_taken":0.0},{"damage_healed":0.0,"max_hp_gain":5.0,"max_hp_loss":0.0,"gold_gain":0.0,"event_name":"Forgotten Altar","player_choice":"Shed Blood","floor":30.0,"gold_loss":0.0,"damage_taken":23.0},{"cards_removed":["Strike_G"],"damage_healed":0.0,"max_hp_gain":0.0,"max_hp_loss":0.0,"gold_gain":0.0,"event_name":"Falling","player_choice":"Removed Attack","floor":37.0,"gold_loss":0.0,"damage_taken":0.0},{"damage_healed":0.0,"max_hp_gain":0.0,"max_hp_loss":0.0,"gold_gain":0.0,"event_name":"SensoryStone","player_choice":"Memory 3","floor":38.0,"gold_loss":0.0,"damage_taken":10.0},{"damage_healed":0.0,"max_hp_gain":0.0,"max_hp_loss":0.0,"gold_gain":0.0,"event_name":"Tomb of Lord Red Mask","player_choice":"Ignored","floor":39.0,"gold_loss":0.0,"damage_taken":0.0},{"damage_healed":0.0,"max_hp_gain":0.0,"max_hp_loss":0.0,"gold_gain":0.0,"event_name":"MindBloom","player_choice":"Upgrade","floor":46.0,"gold_loss":0.0,"damage_taken":0.0,"cards_upgraded":["Defend_G","Defend_G","Defend_G","Defend_G","Defend_G","Survivor","Neutralize","Calculated Gamble","Backflip","Reflex","Prepared","Expertise","Malaise","Master of Strategy","Dark Shackles","Dark Shackles","Tactician","Acrobatics"],"relics_obtained":["Mark of the Bloom"]}],"is_beta":false,"boss_relics":[{"not_picked":["Tiny House","Calling Bell"],"picked":"Busted Crown"},{"not_picked":["Ring of the Serpent","Fusion Hammer"],"picked":"Coffee Dripper"}],"items_purged_floors":[5,20,41],"is_endless":false,"potions_floor_spawned":[1,6,10,12,18,24,28,29,33,45,47,55],"ascension_level":20}