{"gold_per_floor":[117,127,177,195,19,19,37,37,60,93,93,93,103,14,14,14],"floor_reached":16,"playtime":407,"items_purged":["Strike_G","Strike_G"],"score":200,"play_id":"4d394604-e39f-4053-ad2a-a1d1af0a08ba","local_time":"20190808141753","is_ascension_mode":true,"campfire_choices":[{"data":"Cloak And Dagger","floor":6,"key":"SMITH"},{"data":"Accuracy","floor":8,"key":"SMITH"},{"data":"Neutralize","floor":15,"key":"SMITH"}],"neow_cost":"NONE","seed_source_timestamp":1027189861638100,"circlet_count":0,"master_deck":["AscendersBane","Strike_G","Strike_G","Strike_G","Defend_G","Defend_G","Defend_G","Defend_G","Defend_G","Survivor","Neutralize+1","Well Laid Plans","Cloak And Dagger+1","Accuracy+1","Tactician"],"special_seed":0,"relics":["Ring of the Snake","NeowsBlessing","Smiling Mask","Boot"],"potions_floor_usage":[16],"damage_taken":[{"damage":0.0,"enemies":"Jaw Worm","floor":1.0,"turns":1.0},{"damage":0.0,"enemies":"Cultist","floor":2.0,"turns":1.0},{"damage":0,"enemies":"Small Slimes","floor":4,"turns":1},{"damage":10,"enemies":"Blue Slaver","floor":7,"turns":5},{"damage":28,"enemies":"3 Sentries","floor":10,"turns":16},{"damage":2,"enemies":"3 Louse","floor":13,"turns":4},{"damage":28,"enemies":"Slime Boss","floor":16,"turns":11}],"seed_played":"-7705361662027912529","potions_obtained":[{"floor":1.0,"key":"SpeedPotion"},{"floor":2.0,"key":"Weak Potion"}],"is_trial":false,"path_per_floor":["M","M","?","M","$","R","M","R","T","E","?","$","M","$","R","B"],"character_chosen":"THE_SILENT","items_purchased":["Cloak And Dagger","Accuracy","Tactician"],"campfire_rested":0,"item_purchase_floors":[5,5,14],"current_hp_per_floor":[59,59,59,59,59,59,49,49,49,21,43,43,41,41,41,13],"gold":14,"neow_bonus":"THREE_ENEMY_KILL","is_prod":false,"is_daily":false,"chose_seed":false,"campfire_upgraded":3,"win_rate":0,"timestamp":1565245073,"path_taken":["M","M","?","M","?","R","M","R","T","E","?","?","M","$","R","BOSS"],"build_version":"2019-07-17","purchased_purges":2,"victory":false,"max_hp_per_floor":[66,66,66,66,66,66,66,66,66,66,66,66,66,66,66,66],"card_choices":[{"not_picked":["Crippling Poison","Underhanded Strike","Outmaneuver"],"picked":"SKIP","floor":1.0},{"not_picked":["Infinite Blades","Dagger Throw","Blur"],"picked":"SKIP","floor":2.0},{"not_picked":["Reflex","Endless Agony"],"picked":"Well Laid Plans","floor":4},{"not_picked":["Accuracy","Acrobatics","Dodge and Roll"],"picked":"SKIP","floor":7},{"not_picked":["PiercingWail","Slice","Leg Sweep"],"picked":"SKIP","floor":10},{"not_picked":["Blur","Sucker Punch","Poisoned Stab"],"picked":"SKIP","floor":13}],"player_experience":752827,"relics_obtained":[{"floor":9,"key":"Smiling Mask"},{"floor":10,"key":"Boot"}],"event_choices":[{"damage_healed":0,"gold_gain":50,"player_choice":"Pray","damage_taken":0,"max_hp_gain":0,"max_hp_loss":0,"event_name":"Golden Shrine","floor":3,"gold_loss":0},{"damage_healed":22,"gold_gain":0,"player_choice":"Banana","damage_taken":0,"max_hp_gain":0,"max_hp_loss":0,"event_name":"Big Fish","floor":11,"gold_loss":0}],"is_beta":false,"boss_relics":[],"items_purged_floors":[5,14],"is_endless":false,"potions_floor_spawned":[1,2,4,13],"killed_by":"Slime Boss","ascension_level":20}