{"gold_per_floor":[110,110,23,43,59,59,71,71,150,225,225,61,91,111,111,111],"floor_reached":16,"playtime":411,"items_purged":["Strike_G"],"score":200,"play_id":"6b2a7f6b-840d-4f9c-9480-7bc28ab62c45","local_time":"20181223215018","is_ascension_mode":true,"campfire_choices":[{"data":"Noxious Fumes","floor":6,"key":"SMITH"},{"data":"Deadly Poison","floor":8,"key":"SMITH"},{"floor":11,"key":"REST"},{"floor":15,"key":"REST"}],"neow_cost":"NONE","seed_source_timestamp":38232901219904,"circlet_count":0,"master_deck":["AscendersBane","Defend_G","Defend_G","Defend_G","Defend_G","Defend_G","Strike_G","Strike_G","Strike_G","Survivor","Neutralize","Corpse Explosion","Noxious Fumes+1","Calculated Gamble","Deadly Poison+1","Noxious Fumes","Leg Sweep","Calculated Gamble"],"relics":["Ring of the Snake","Centennial Puzzle","Ornamental Fan","Blood Vial"],"potions_floor_usage":[],"damage_taken":[{"damage":12,"enemies":"Jaw Worm","floor":1,"turns":9},{"damage":7,"enemies":"2 Louse","floor":4,"turns":2},{"damage":3,"enemies":"Small Slimes","floor":5,"turns":6},{"damage":2,"enemies":"Blue Slaver","floor":7,"turns":4},{"damage":29,"enemies":"Gremlin Nob","floor":13,"turns":4},{"damage":9,"enemies":"3 Louse","floor":14,"turns":4},{"damage":36,"enemies":"Slime Boss","floor":16,"turns":7}],"seed_played":"-6435965183884820608","potions_obtained":[{"floor":5,"key":"LiquidBronze"},{"floor":14,"key":"LiquidBronze"}],"is_trial":false,"path_per_floor":["M","?","$","M","M","R","M","R","T","?","R","$","E","M","R","B"],"character_chosen":"THE_SILENT","items_purchased":["Noxious Fumes","Noxious Fumes"],"campfire_rested":2,"item_purchase_floors":[3,12],"current_hp_per_floor":[47,47,47,40,37,37,35,35,35,24,43,43,14,7,26,0],"gold":111,"neow_bonus":"RANDOM_COMMON_RELIC","is_prod":false,"is_daily":false,"chose_seed":false,"campfire_upgraded":2,"win_rate":0,"timestamp":1545573018,"path_taken":["M","?","$","M","M","R","M","R","T","?","R","$","E","?","R","BOSS"],"build_version":"2018-12-20","purchased_purges":1,"victory":false,"max_hp_per_floor":[66,66,66,66,66,66,66,66,66,66,66,66,66,66,66,66],"card_choices":[{"not_picked":["Underhanded Strike","PiercingWail","Cloak And Dagger"],"picked":"SKIP","floor":1},{"not_picked":["Dodge and Roll","Slice","Concentrate"],"picked":"SKIP","floor":4},{"not_picked":["Poisoned Stab","Choke"],"picked":"Calculated Gamble","floor":5},{"not_picked":["Deflect","Acrobatics"],"picked":"Deadly Poison","floor":7},{"not_picked":["Dodge and Roll","Poisoned Stab"],"picked":"Leg Sweep","floor":13},{"not_picked":["Sucker Punch","Dagger Spray"],"picked":"Calculated Gamble","floor":14}],"player_experience":1445852,"relics_obtained":[{"floor":9,"key":"Ornamental Fan"},{"floor":13,"key":"Blood Vial"}],"event_choices":[{"damage_healed":0,"gold_gain":0,"cards_transformed":["Strike_G"],"player_choice":"Change","damage_taken":0,"max_hp_gain":0,"max_hp_loss":0,"event_name":"Living Wall","floor":2,"gold_loss":0,"cards_obtained":["Corpse Explosion"]},{"damage_healed":0,"gold_gain":75,"player_choice":"Gather Gold","damage_taken":11,"max_hp_gain":0,"max_hp_loss":0,"event_name":"World of Goop","floor":10,"gold_loss":0}],"is_beta":false,"boss_relics":[],"items_purged_floors":[12],"is_endless":false,"potions_floor_spawned":[5,14],"killed_by":"Slime Boss","ascension_level":20}