{"gold_per_floor":[117,133,133,144,154,167,182,182,256,286,286,321,334,366,366,466,466,485,500,283,295,34,64,83,83,83,112,212,8,23,50,50,150,150,165,265,31,49,49,77,77,104,104,133,50,61,108,28,28,28],"floor_reached":51,"playtime":5676,"items_purged":["Strike_B","Strike_B"],"score":1318,"play_id":"8579c03d-93f7-46f1-8943-d22bbe1d98b6","local_time":"20190808205033","is_ascension_mode":true,"campfire_choices":[{"data":"Buffer","floor":8.0,"key":"SMITH"},{"floor":11.0,"key":"REST"},{"floor":15.0,"key":"REST"},{"data":"Sunder","floor":25.0,"key":"SMITH"},{"data":"Doom and Gloom","floor":32.0,"key":"SMITH"},{"data":"1","floor":41.0,"key":"LIFT"},{"floor":49,"key":"REST"}],"neow_cost":"NONE","seed_source_timestamp":0,"circlet_count":0,"master_deck":["Defend_B","Defend_B","Defend_B","Defend_B","Zap","Dualcast","Biased Cognition","Coolheaded","Gash","Buffer+1","Skim","Turbo","Sunder+1","Doom and Gloom+1","Chill","Electrodynamics","Hologram","Reinforced Body+1","Echo Form","Seek","Leap+1","FTL","Defragment+1","Defragment+1","Creative AI+1","Conserve Battery+1","Defragment+1","Buffer+1","Loop+1","Loop+1","Defragment+1","Defragment+1"],"special_seed":0,"relics":["Cracked Core","Pantograph","Singing Bowl","FossilizedHelix","Blood Vial","Empty Cage","Meat on the Bone","Ancient Tea Set","Bottled Flame","Juzu Bracelet","Mango","The Courier","Gremlin Horn","Frozen Egg 2","Busted Crown","Girya","Pear","Kunai","StoneCalendar"],"potions_floor_usage":[50,50],"damage_taken":[{"damage":2.0,"enemies":"Jaw Worm","floor":1.0,"turns":3.0},{"damage":0.0,"enemies":"Cultist","floor":2.0,"turns":3.0},{"damage":0.0,"enemies":"2 Louse","floor":4.0,"turns":3.0},{"damage":10.0,"enemies":"Exordium Thugs","floor":5.0,"turns":5.0},{"damage":17.0,"enemies":"3 Louse","floor":6.0,"turns":4.0},{"damage":8.0,"enemies":"Blue Slaver","floor":7.0,"turns":3.0},{"damage":33.0,"enemies":"3 Sentries","floor":10.0,"turns":12.0},{"damage":16.0,"enemies":"Gremlin Nob","floor":12.0,"turns":5.0},{"damage":0.0,"enemies":"Exordium Wildlife","floor":13.0,"turns":4.0},{"damage":11.0,"enemies":"3 Sentries","floor":14.0,"turns":6.0},{"damage":40.0,"enemies":"Hexaghost","floor":16.0,"turns":10.0},{"damage":0.0,"enemies":"Chosen","floor":18.0,"turns":6.0},{"damage":11.0,"enemies":"3 Byrds","floor":19.0,"turns":2.0},{"damage":5.0,"enemies":"Centurion and Healer","floor":21.0,"turns":5.0},{"damage":0.0,"enemies":"Gremlin Leader","floor":23.0,"turns":8.0},{"damage":16.0,"enemies":"Snake Plant","floor":24.0,"turns":5.0},{"damage":21.0,"enemies":"Book of Stabbing","floor":27.0,"turns":5.0},{"damage":0.0,"enemies":"Colosseum Slavers","floor":28.0,"turns":4.0},{"damage":0.0,"enemies":"Colosseum Nobs","floor":28.0,"turns":5.0},{"damage":0.0,"enemies":"Shelled Parasite and Fungi","floor":30.0,"turns":6.0},{"damage":20.0,"enemies":"Gremlin Leader","floor":31.0,"turns":5.0},{"damage":21.0,"enemies":"Collector","floor":33.0,"turns":9.0},{"damage":28.0,"enemies":"3 Darklings","floor":35.0,"turns":5.0},{"damage":0.0,"enemies":"Orb Walker","floor":38.0,"turns":4.0},{"damage":14.0,"enemies":"Nemesis","floor":40.0,"turns":9.0},{"damage":0.0,"enemies":"Giant Head","floor":42.0,"turns":7.0},{"damage":9.0,"enemies":"Reptomancer","floor":44.0,"turns":9.0},{"damage":18.0,"enemies":"Spire Growth","floor":46.0,"turns":6.0},{"damage":26.0,"enemies":"2 Orb Walkers","floor":47.0,"turns":4.0},{"damage":80,"enemies":"Awakened One","floor":50,"turns":14}],"seed_played":"-4584061954042501923","potions_obtained":[{"floor":2.0,"key":"Regen Potion"},{"floor":6.0,"key":"SkillPotion"},{"floor":13.0,"key":"Energy Potion"},{"floor":16.0,"key":"SneckoOil"},{"floor":23.0,"key":"Energy Potion"},{"floor":30.0,"key":"PowerPotion"},{"floor":31.0,"key":"Regen Potion"},{"floor":33.0,"key":"Poison Potion"},{"floor":42.0,"key":"Explosive Potion"},{"floor":46.0,"key":"Ancient Potion"},{"floor":47.0,"key":"Weak Potion"}],"is_trial":false,"path_per_floor":["M","M","?","M","M","M","M","R","T","E","R","E","M","E","R","B",null,"M","M","$","M","$","E","M","R","T","E","?","$","M","E","R","B",null,"M","?","$","M","$","E","R","E","T","E","$","M","?","$","R","B",null],"character_chosen":"DEFECT","items_purchased":["Echo Form","Meat on the Bone","Gremlin Horn","Defragment+1","Buffer+1","Loop+1","PowerPotion","Defragment+1","Defragment+1"],"campfire_rested":3,"item_purchase_floors":[20,22,29,37,37,37,37,45,45],"current_hp_per_floor":[66,66,66,66,56,39,31,31,31,13,35,21,21,10,33,20,63,65,56,56,55,55,57,43,43,43,36,66,66,70,52,52,73,90,64,64,64,68,68,56,56,70,70,65,65,63,53,53,87,46],"gold":28,"neow_bonus":"ONE_RANDOM_RARE_CARD","is_prod":false,"is_daily":false,"chose_seed":false,"campfire_upgraded":3,"win_rate":0,"timestamp":1565311833,"path_taken":["M","M","?","?","M","M","M","R","T","E","R","E","M","E","R","BOSS","M","M","$","M","$","E","M","R","T","E","?","$","M","E","R","BOSS","M","?","$","M","?","E","R","E","T","E","$","M","?","?","R","BOSS"],"build_version":"2019-07-17","purchased_purges":2,"victory":true,"max_hp_per_floor":[75,75,75,75,75,75,75,75,75,75,75,77,77,77,77,77,77,77,77,77,79,79,79,79,79,79,79,93,93,95,95,95,95,95,95,95,95,97,97,97,97,109,109,111,111,113,115,115,115,115],"card_choices":[{"not_picked":["Stack","Streamline"],"picked":"Coolheaded","floor":1.0},{"not_picked":["Reprogram","Coolheaded"],"picked":"Gash","floor":2.0},{"not_picked":["Coolheaded","Cold Snap","Barrage"],"picked":"SKIP","floor":4.0},{"not_picked":["Stack","Leap"],"picked":"Skim","floor":5.0},{"not_picked":["Cold Snap","Chaos"],"picked":"Turbo","floor":6.0},{"not_picked":["Melter","Turbo","Steam"],"picked":"SKIP","floor":7.0},{"not_picked":["Creative AI","Go for the Eyes"],"picked":"Sunder","floor":10.0},{"not_picked":["Steam","Stack","Redo"],"picked":"Singing Bowl","floor":12.0},{"not_picked":["Rebound","Compile Driver"],"picked":"Doom and Gloom","floor":13.0},{"not_picked":["Reboot","BootSequence"],"picked":"Chill","floor":14.0},{"not_picked":["Multi-Cast","Amplify"],"picked":"Electrodynamics","floor":16.0},{"not_picked":["Sunder+1","Barrage"],"picked":"Hologram","floor":18.0},{"not_picked":["Cold Snap","Redo"],"picked":"Reinforced Body+1","floor":19.0},{"not_picked":["Compile Driver","Hologram","Steam"],"picked":"Singing Bowl","floor":21.0},{"not_picked":["Conserve Battery","Recycle"],"picked":"Seek","floor":23.0},{"not_picked":["Turbo","Beam Cell"],"picked":"Leap+1","floor":24.0},{"not_picked":["Rebound","Double Energy"],"picked":"FTL","floor":27.0},{"not_picked":["Stack+1","Conserve Battery"],"picked":"Defragment+1","floor":28.0},{"not_picked":["Barrage","Turbo","Creative AI"],"picked":"Singing Bowl","floor":30.0},{"not_picked":["Stack","Beam Cell"],"picked":"Defragment","floor":31.0},{"not_picked":["Seek","Reboot"],"picked":"Creative AI+1","floor":33.0},{"not_picked":[],"picked":"Conserve Battery+1","floor":35.0},{"not_picked":["Sweeping Beam+1"],"picked":"Singing Bowl","floor":38.0},{"not_picked":[],"picked":"Loop+1","floor":40.0},{"not_picked":["Turbo+1"],"picked":"Singing Bowl","floor":42.0},{"not_picked":["Beam Cell+1"],"picked":"Singing Bowl","floor":44.0},{"not_picked":["Rebound+1"],"picked":"Singing Bowl","floor":46.0},{"not_picked":["Rebound"],"picked":"Singing Bowl","floor":47.0}],"player_experience":495513,"relics_obtained":[{"floor":9.0,"key":"Pantograph"},{"floor":10.0,"key":"Singing Bowl"},{"floor":12.0,"key":"FossilizedHelix"},{"floor":14.0,"key":"Blood Vial"},{"floor":23.0,"key":"Ancient Tea Set"},{"floor":26.0,"key":"Bottled Flame"},{"floor":27.0,"key":"Juzu Bracelet"},{"floor":28.0,"key":"Mango"},{"floor":28.0,"key":"The Courier"},{"floor":31.0,"key":"Frozen Egg 2"},{"floor":40.0,"key":"Girya"},{"floor":42.0,"key":"Pear"},{"floor":44.0,"key":"Kunai"},{"floor":47.0,"key":"StoneCalendar"}],"event_choices":[{"damage_healed":0.0,"max_hp_gain":0.0,"max_hp_loss":0.0,"gold_gain":0.0,"event_name":"Match and Keep!","player_choice":"1 cards matched","floor":3.0,"gold_loss":0.0,"damage_taken":0.0,"cards_obtained":["Buffer"]},{"damage_healed":0.0,"max_hp_gain":0.0,"max_hp_loss":0.0,"gold_gain":0.0,"event_name":"Colosseum","player_choice":"Fight","floor":28.0,"gold_loss":0.0,"damage_taken":0.0},{"damage_healed":0.0,"max_hp_gain":0.0,"max_hp_loss":0.0,"gold_gain":0.0,"event_name":"Colosseum","player_choice":"Fought Nobs","floor":28.0,"gold_loss":0.0,"damage_taken":0.0},{"damage_healed":0.0,"max_hp_gain":0.0,"max_hp_loss":0.0,"gold_gain":100.0,"event_name":"Golden Shrine","player_choice":"Pray","floor":36.0,"gold_loss":0.0,"damage_taken":0.0},{"damage_healed":0.0,"max_hp_gain":0.0,"max_hp_loss":0.0,"gold_gain":0.0,"event_name":"Mysterious Sphere","player_choice":"Fight","floor":47.0,"gold_loss":0.0,"damage_taken":0.0}],"is_beta":false,"boss_relics":[{"not_picked":["Ectoplasm","Fusion Hammer"],"picked":"Empty Cage"},{"not_picked":["Philosopher\u0027s Stone","Velvet Choker"],"picked":"Busted Crown"}],"items_purged_floors":[20,48],"is_endless":false,"potions_floor_spawned":[2,6,13,16,23,28,30,31,33,42,46,47],"ascension_level":9}