{"gold_per_floor":[117,127,52,70,80,80,94,94,94,17,47,47,47,74,74,171,171,191,202,202,221,238,269,269,279,305,322,201,220,251,201,201,201],"floor_reached":33,"playtime":1343,"items_purged":["Defend_R","Defend_R","Defend_R"],"score":349,"play_id":"0333d93d-b72b-4251-8e0e-a22dbd5c2d3a","local_time":"20180701193329","is_ascension_mode":false,"campfire_choices":[{"data":"Body Slam","floor":6.0,"key":"SMITH"},{"data":"Bash","floor":8.0,"key":"SMITH"},{"data":"Perfected Strike","floor":12.0,"key":"SMITH"},{"data":"Whirlwind","floor":15.0,"key":"SMITH"},{"data":"Limit Break","floor":24.0,"key":"SMITH"},{"data":"Flex","floor":32,"key":"SMITH"}],"neow_cost":"","seed_source_timestamp":0,"circlet_count":0,"master_deck":["Strike_R","Strike_R+1","Strike_R","Strike_R","Strike_R+1","Bash+1","Flame Barrier","Body Slam+1","Flex+1","Battle Trance","Inflame","Perfected Strike+1","Whirlwind+1","Demon Form","Bloodletting+1","Perfected Strike+1","Perfected Strike+1","Dual Wield","Limit Break+1","Battle Trance+1","Thunderclap","Metallicize","Heavy Blade","Offering"],"special_seed":0,"relics":["Burning Blood","Whetstone","Pen Nib","Smiling Mask","Sozu","Question Card","Art of War","Molten Egg 2"],"potions_floor_usage":[33],"damage_taken":[{"damage":1.0,"enemies":"Cultist","floor":1.0,"turns":3.0},{"damage":5.0,"enemies":"2 Louse","floor":2.0,"turns":3.0},{"damage":0.0,"enemies":"Small Slimes","floor":4.0,"turns":4.0},{"damage":9.0,"enemies":"Blue Slaver","floor":5.0,"turns":4.0},{"damage":14.0,"enemies":"Lots of Slimes","floor":7.0,"turns":4.0},{"damage":28.0,"enemies":"Gremlin Nob","floor":11.0,"turns":4.0},{"damage":24.0,"enemies":"3 Sentries","floor":14.0,"turns":5.0},{"damage":0.0,"enemies":"Slime Boss","floor":16.0,"turns":5.0},{"damage":0.0,"enemies":"Chosen","floor":18.0,"turns":2.0},{"damage":20.0,"enemies":"2 Thieves","floor":19.0,"turns":4.0},{"damage":3.0,"enemies":"Snecko","floor":21.0,"turns":3.0},{"damage":0.0,"enemies":"Cultist and Chosen","floor":22.0,"turns":3.0},{"damage":12.0,"enemies":"Book of Stabbing","floor":23.0,"turns":2.0},{"damage":15,"enemies":"Centurion and Healer","floor":25,"turns":2},{"damage":21,"enemies":"Snake Plant","floor":27,"turns":3},{"damage":13,"enemies":"Chosen and Byrds","floor":29,"turns":5},{"damage":15,"enemies":"Gremlin Leader","floor":30,"turns":4},{"damage":29,"enemies":"Automaton","floor":33,"turns":4}],"seed_played":"358810025386041342","potions_obtained":[{"floor":7.0,"key":"SteroidPotion"},{"floor":11.0,"key":"SpeedPotion"},{"floor":16.0,"key":"SpeedPotion"}],"is_trial":false,"path_per_floor":["M","M","$","M","M","R","M","R","T","$","E","R","?","E","R","B",null,"M","M","?","M","M","E","R","M","T","M","$","M","E","$","R"],"character_chosen":"IRONCLAD","items_purchased":["Inflame","Metallicize"],"campfire_rested":0,"item_purchase_floors":[],"current_hp_per_floor":[80,80,80,80,77,77,69,69,69,69,47,47,47,29,29,35,80,80,66,66,69,75,69,69,60,60,45,45,38,29,29,29,0],"gold":201,"neow_bonus":"","is_prod":false,"is_daily":false,"chose_seed":false,"campfire_upgraded":6,"win_rate":0,"timestamp":1530466409,"path_taken":["M","?","$","M","M","R","M","R","T","$","E","R","?","E","R","BOSS","M","M","?","M","M","E","R","M","T","M","$","M","E","$","R","BOSS"],"build_version":"2018-06-28","purchased_purges":3,"victory":false,"max_hp_per_floor":[80,80,80,80,80,80,80,80,80,80,80,80,80,80,80,80,80,80,80,80,80,80,80,80,80,80,80,80,80,80,80,80,80],"card_choices":[{"not_picked":["Sword Boomerang","Clash"],"picked":"Flame Barrier","floor":1.0},{"not_picked":["Heavy Blade","Exhume"],"picked":"Body Slam","floor":2.0},{"not_picked":["Burning Pact","Cleave","Clothesline"],"picked":"SKIP","floor":4.0},{"not_picked":["Warcry","Whirlwind"],"picked":"Flex","floor":5.0},{"not_picked":["Burning Pact","Sword Boomerang"],"picked":"Battle Trance","floor":7.0},{"not_picked":["Immolate","Headbutt"],"picked":"Perfected Strike","floor":11.0},{"not_picked":["Heavy Blade","Fire Breathing"],"picked":"Whirlwind","floor":14.0},{"not_picked":["Fiend Fire","Juggernaut"],"picked":"Demon Form","floor":16.0},{"not_picked":["True Grit","Heavy Blade"],"picked":"Bloodletting+1","floor":18.0},{"not_picked":["Clash","Anger"],"picked":"Perfected Strike+1","floor":19.0},{"not_picked":["Shrug It Off","Whirlwind+1"],"picked":"Dual Wield","floor":21.0},{"not_picked":["Headbutt","Warcry","Uppercut+1"],"picked":"SKIP","floor":22.0},{"not_picked":["Seeing Red","Bloodletting"],"picked":"Limit Break","floor":23.0},{"not_picked":["Clothesline","Cleave+1","Iron Wave+1"],"picked":"Battle Trance+1","floor":25},{"not_picked":["Shrug It Off","Entrench","Sword Boomerang"],"picked":"Thunderclap","floor":27},{"not_picked":["Flame Barrier","Clash","Dropkick+1"],"picked":"Heavy Blade","floor":29},{"not_picked":["Intimidate+1","Body Slam","Warcry"],"picked":"Offering","floor":30}],"player_experience":302202,"relics_obtained":[{"floor":9.0,"key":"Whetstone"},{"floor":11.0,"key":"Pen Nib"},{"floor":14.0,"key":"Smiling Mask"},{"floor":23.0,"key":"Question Card"},{"floor":26,"key":"Art of War"},{"floor":30,"key":"Molten Egg 2"}],"event_choices":[{"event_name":"Bonfire Elementals","player_choice":"BASIC","floor":13.0,"damage_taken":0.0},{"event_name":"Duplicator","player_choice":"One dupe","floor":20.0,"damage_taken":0.0}],"boss_relics":[{"not_picked":["Lizard Tail","Fusion Hammer"],"picked":"Sozu"}],"items_purged_floors":[],"is_endless":false,"potions_floor_spawned":[7,11,16,21,22,23,30],"killed_by":"Automaton","ascension_level":0}