{"gold_per_floor":[114,114,39,39,57,57,57,82,107,107,133,150,170,170,170,170],"floor_reached":16,"playtime":298,"items_purged":["Strike_G"],"score":234,"play_id":"79a26333-b6ff-4438-b7ec-f10684e4d2c4","local_time":"20181114211101","is_ascension_mode":true,"campfire_choices":[{"data":"Neutralize","floor":6,"key":"SMITH"},{"data":"All Out Attack","floor":15,"key":"SMITH"}],"neow_cost":"NONE","seed_source_timestamp":9446010638940,"circlet_count":0,"master_deck":["AscendersBane","Defend_G","Defend_G","Defend_G","Defend_G","Strike_G","Strike_G","Strike_G","Survivor","Neutralize+1","Heel Hook","Footwork","All Out Attack+1","Blade Dance"],"relics":["Ring of the Snake","NeowsBlessing","Singing Bowl","Strawberry","Omamori","Bag of Preparation"],"potions_floor_usage":[],"damage_taken":[{"damage":0,"enemies":"2 Louse","floor":1,"turns":1},{"damage":0,"enemies":"Small Slimes","floor":5,"turns":1},{"damage":0,"enemies":"Gremlin Nob","floor":8,"turns":1},{"damage":0,"enemies":"Jaw Worm","floor":12,"turns":9},{"damage":0,"enemies":"Looter","floor":13,"turns":4},{"damage":48,"enemies":"Slime Boss","floor":16,"turns":12}],"seed_played":"-5957023636336063774","potions_obtained":[{"floor":12,"key":"SneckoOil"}],"is_trial":false,"path_per_floor":["M","?","$","?","M","R","?","E","T","?","T","M","M","?","R","B"],"character_chosen":"THE_SILENT","items_purchased":[],"campfire_rested":0,"item_purchase_floors":[],"current_hp_per_floor":[59,52,52,57,57,57,46,55,55,55,55,57,57,57,57,9],"gold":170,"neow_bonus":"THREE_ENEMY_KILL","is_prod":false,"is_daily":false,"chose_seed":false,"campfire_upgraded":2,"win_rate":0,"timestamp":1542201061,"path_taken":["M","?","$","?","M","R","?","E","T","?","?","M","?","?","R","BOSS"],"build_version":"2018-11-13","purchased_purges":1,"victory":false,"max_hp_per_floor":[66,66,66,71,71,71,71,80,80,80,80,82,82,82,82,82],"card_choices":[{"not_picked":["Dagger Spray","Quick Slash"],"picked":"Heel Hook","floor":1},{"not_picked":["Bane","Backflip"],"picked":"Footwork","floor":5},{"not_picked":["Prepared","Accuracy","Tools of the Trade"],"picked":"Singing Bowl","floor":8},{"not_picked":["PiercingWail","Underhanded Strike","Flying Knee"],"picked":"Singing Bowl","floor":12},{"not_picked":["Deflect","Noxious Fumes"],"picked":"All Out Attack","floor":13}],"player_experience":1055845,"relics_obtained":[{"floor":8,"key":"Strawberry"},{"floor":9,"key":"Omamori"},{"floor":11,"key":"Bag of Preparation"}],"event_choices":[{"cards_removed":["Strike_G"],"damage_healed":0,"gold_gain":0,"player_choice":"Card Removal","damage_taken":7,"max_hp_gain":0,"max_hp_loss":0,"event_name":"Golden Wing","floor":2,"gold_loss":0},{"damage_healed":0,"gold_gain":0,"player_choice":"Donut","damage_taken":0,"max_hp_gain":5,"max_hp_loss":0,"event_name":"Big Fish","floor":4,"gold_loss":0},{"damage_healed":0,"gold_gain":0,"player_choice":"Success","damage_taken":11,"relics_obtained":["Singing Bowl"],"max_hp_gain":0,"max_hp_loss":0,"event_name":"Scrap Ooze","floor":7,"gold_loss":0},{"damage_healed":0,"gold_gain":0,"player_choice":"Ignored","damage_taken":0,"max_hp_gain":0,"max_hp_loss":0,"event_name":"Liars Game","floor":10,"gold_loss":0},{"damage_healed":0,"gold_gain":0,"cards_transformed":["Defend_G"],"player_choice":"Change","damage_taken":0,"max_hp_gain":0,"max_hp_loss":0,"event_name":"Living Wall","floor":14,"gold_loss":0,"cards_obtained":["Blade Dance"]}],"is_beta":true,"boss_relics":[],"items_purged_floors":[3],"is_endless":false,"potions_floor_spawned":[12],"killed_by":"Slime Boss","ascension_level":18}