{"gold_per_floor":[117,131,56,56,70,70,87,117,117,117,17,43,55,55,55,55],"floor_reached":16,"playtime":491,"items_purged":["Strike_B","Strike_B"],"score":171,"play_id":"77397e42-f886-48cc-bcee-4c774f0353aa","local_time":"20181212163510","is_ascension_mode":true,"campfire_choices":[{"data":"Zap","floor":6.0,"key":"SMITH"},{"data":"Buffer","floor":10.0,"key":"SMITH"},{"data":"Dualcast","floor":15.0,"key":"SMITH"}],"neow_cost":"NONE","seed_source_timestamp":22097004902893,"circlet_count":0,"master_deck":["AscendersBane","Strike_B","Defend_B","Defend_B","Defend_B+1","Defend_B+1","Zap+1","Dualcast+1","Melter","Electrodynamics","Buffer+1","Core Surge+1","Chill"],"special_seed":0,"relics":["Cracked Core","Bag of Marbles","War Paint","Molten Egg 2","Juzu Bracelet"],"potions_floor_usage":[16],"damage_taken":[{"damage":1.0,"enemies":"2 Louse","floor":1.0,"turns":2.0},{"damage":1.0,"enemies":"Cultist","floor":2.0,"turns":3.0},{"damage":7.0,"enemies":"Jaw Worm","floor":5.0,"turns":3.0},{"damage":0.0,"enemies":"Looter","floor":7.0,"turns":2.0},{"damage":16.0,"enemies":"Lagavulin","floor":8.0,"turns":7.0},{"damage":22.0,"enemies":"Gremlin Nob","floor":12.0,"turns":6.0},{"damage":0.0,"enemies":"Gremlin Gang","floor":13.0,"turns":4.0},{"damage":22,"enemies":"Hexaghost","floor":16,"turns":9}],"seed_played":"219818303652060872","potions_obtained":[{"floor":2.0,"key":"Block Potion"},{"floor":7.0,"key":"Strength Potion"},{"floor":13.0,"key":"Fire Potion"}],"is_trial":false,"path_per_floor":["M","M","$","?","M","R","M","E","T","R","$","E","M","?","R","B"],"character_chosen":"DEFECT","items_purchased":[],"campfire_rested":0,"item_purchase_floors":[],"current_hp_per_floor":[67,66,66,66,59,59,59,43,43,43,43,21,21,21,21,0],"gold":55,"neow_bonus":"RANDOM_COMMON_RELIC","is_prod":false,"is_daily":false,"chose_seed":false,"campfire_upgraded":3,"win_rate":0,"timestamp":1544603710,"path_taken":["M","M","$","?","M","R","M","E","T","R","$","E","M","?","R","BOSS"],"build_version":"2018-12-06","purchased_purges":2,"victory":false,"max_hp_per_floor":[75,75,75,75,75,75,75,75,75,75,75,75,75,75,75,75],"card_choices":[{"not_picked":["Gash","Turbo","Compile Driver"],"picked":"SKIP","floor":1.0},{"not_picked":["Lockon","Static Discharge"],"picked":"Melter","floor":2.0},{"not_picked":["Compile Driver","Steam","Beam Cell"],"picked":"SKIP","floor":5.0},{"not_picked":["Steam","Cold Snap"],"picked":"Electrodynamics","floor":7.0},{"not_picked":["Go for the Eyes","Beam Cell"],"picked":"Buffer","floor":8.0},{"not_picked":["Stack","Cold Snap+1"],"picked":"Core Surge+1","floor":12.0},{"not_picked":["Conserve Battery","Cold Snap+1"],"picked":"Chill","floor":13.0}],"player_experience":1222554,"relics_obtained":[{"floor":8.0,"key":"Molten Egg 2"},{"floor":12.0,"key":"Juzu Bracelet"}],"event_choices":[{"damage_healed":0.0,"max_hp_gain":0.0,"max_hp_loss":0.0,"gold_gain":0.0,"event_name":"WeMeetAgain","player_choice":"Gave Potion","floor":4.0,"gold_loss":0.0,"damage_taken":0.0,"relics_obtained":["War Paint"]},{"cards_removed":["Strike_B"],"damage_healed":0.0,"max_hp_gain":0.0,"max_hp_loss":0.0,"gold_gain":0.0,"event_name":"Living Wall","player_choice":"Forget","floor":14.0,"gold_loss":0.0,"damage_taken":0.0}],"is_beta":false,"boss_relics":[],"items_purged_floors":[3,11],"is_endless":false,"potions_floor_spawned":[2,7,13],"killed_by":"Hexaghost","ascension_level":11}