{"gold_per_floor":[111,36,49,49,124,124,139,139,164,199,226,86,86,102,102,199,199,209,209,221,136,150,176,176,176,199,199,217,247,247,262,262,367,367,382,257,257,257,27,27,44,44,92,110,110,110,142,152,152,152],"floor_reached":51,"playtime":1632,"items_purged":["Strike_B","Strike_B","Strike_B","Strike_B"],"score":741,"play_id":"7941d4e5-36ce-4239-a947-2844c7bf3311","local_time":"20190613120202","is_ascension_mode":false,"campfire_choices":[{"data":"Dualcast","floor":6.0,"key":"SMITH"},{"data":"Zap","floor":8.0,"key":"SMITH"},{"data":"Consume","floor":13.0,"key":"SMITH"},{"data":"Chaos","floor":15.0,"key":"SMITH"},{"floor":24.0,"key":"REST"},{"data":"Enlightenment","floor":27,"key":"SMITH"},{"data":"Capacitor","floor":30,"key":"SMITH"},{"floor":32,"key":"REST"},{"data":"Capacitor","floor":40,"key":"SMITH"},{"data":"Fission","floor":45,"key":"SMITH"},{"floor":49,"key":"REST"}],"neow_cost":"PERCENT_DAMAGE","seed_source_timestamp":643251784068,"circlet_count":0,"master_deck":["Defend_B","Defend_B","Defend_B","Defend_B","Zap+1","Dualcast+1","Electrodynamics","Ball Lightning","Genetic Algorithm","Cold Snap","Consume+1","Chaos+1","Rainbow","Redo+1","Capacitor+1","Machine Learning","Buffer","Enlightenment+1","Recycle","Fission+1","Capacitor+1","Sunder+1","Buffer","Heatsinks+1"],"special_seed":0,"relics":["Cracked Core","Shovel","Boot","Girya","Odd Mushroom","Runic Dome","DataDisk","Bag of Preparation","Regal Pillow","Tiny Chest","Runic Pyramid","Orichalcum","Art of War","FaceOfCleric","Sundial"],"potions_floor_usage":[41,47,47,50],"damage_taken":[{"damage":2.0,"enemies":"Small Slimes","floor":1.0,"turns":3.0},{"damage":6.0,"enemies":"Jaw Worm","floor":3.0,"turns":2.0},{"damage":0.0,"enemies":"2 Louse","floor":7.0,"turns":1.0},{"damage":6.0,"enemies":"Gremlin Nob","floor":10.0,"turns":3.0},{"damage":0.0,"enemies":"The Mushroom Lair","floor":11.0,"turns":2.0},{"damage":0.0,"enemies":"Blue Slaver","floor":14.0,"turns":3.0},{"damage":15.0,"enemies":"Hexaghost","floor":16.0,"turns":9.0},{"damage":0.0,"enemies":"2 Thieves","floor":18.0,"turns":2.0},{"damage":3.0,"enemies":"Shell Parasite","floor":20.0,"turns":4.0},{"damage":15.0,"enemies":"Snake Plant","floor":22.0,"turns":3.0},{"damage":34.0,"enemies":"Slavers","floor":23.0,"turns":3.0},{"damage":0,"enemies":"Centurion and Healer","floor":28,"turns":5},{"damage":10,"enemies":"Sentry and Sphere","floor":31,"turns":4},{"damage":0,"enemies":"Collector","floor":33,"turns":8},{"damage":5,"enemies":"Orb Walker","floor":35,"turns":3},{"damage":0,"enemies":"3 Darklings","floor":41,"turns":4},{"damage":19,"enemies":"Writhing Mass","floor":44,"turns":4},{"damage":17,"enemies":"Reptomancer","floor":47,"turns":5},{"damage":8,"enemies":"Jaw Worm Horde","floor":48,"turns":4},{"damage":29,"enemies":"Awakened One","floor":50,"turns":7}],"seed_played":"-928703310169410494","potions_obtained":[{"floor":1.0,"key":"SpeedPotion"},{"floor":10.0,"key":"FocusPotion"},{"floor":11.0,"key":"Energy Potion"},{"floor":31,"key":"Energy Potion"},{"floor":33,"key":"Poison Potion"},{"floor":44,"key":"Block Potion"},{"floor":47,"key":"Poison Potion"}],"is_trial":false,"path_per_floor":["M","$","M","?","?","R","M","R","T","E","?","$","R","M","R","B",null,"M","?","M","?","M","E","R","?","T","R","M","T","R","M","R","B",null,"M","$","T","?","$","R","M","$","T","M","R","?","E","M","R","B",null],"character_chosen":"DEFECT","items_purchased":["Consume","Capacitor"],"campfire_rested":3,"item_purchase_floors":[12,39],"current_hp_per_floor":[52,52,46,43,32,32,32,32,32,26,26,26,26,26,26,11,75,75,75,72,72,57,23,45,45,45,45,45,45,45,35,72,72,75,70,70,70,70,70,70,70,70,70,51,51,51,35,28,64,36],"gold":152,"neow_bonus":"THREE_RARE_CARDS","is_prod":false,"is_daily":false,"chose_seed":false,"campfire_upgraded":8,"win_rate":0,"timestamp":1560398522,"path_taken":["M","$","M","?","?","R","M","R","T","E","?","?","R","M","R","BOSS","M","?","M","?","?","E","R","?","T","R","?","?","R","M","R","BOSS","M","$","?","?","?","R","M","$","T","M","R","?","E","M","R","BOSS"],"build_version":"2019-01-23","purchased_purges":4,"victory":true,"max_hp_per_floor":[75,75,75,75,75,75,75,75,75,75,75,75,75,75,75,75,75,75,75,75,75,75,75,75,75,75,75,75,75,75,75,75,75,75,75,75,75,71,71,71,71,71,71,71,71,71,72,73,73,74],"card_choices":[{"not_picked":["Reboot","Rainbow"],"picked":"Electrodynamics","floor":0.0},{"not_picked":["Tempest","Turbo"],"picked":"Ball Lightning","floor":1.0},{"not_picked":["Gash","Go for the Eyes","Stack"],"picked":"SKIP","floor":3.0},{"not_picked":["Barrage","Hologram"],"picked":"Genetic Algorithm","floor":7.0},{"not_picked":["Barrage","Turbo","Scrape"],"picked":"SKIP","floor":10.0},{"not_picked":["Stack","Force Field"],"picked":"Cold Snap","floor":11.0},{"not_picked":["Compile Driver","Lockon"],"picked":"Chaos","floor":14.0},{"not_picked":["Meteor Strike","Thunder Strike"],"picked":"Rainbow","floor":16.0},{"not_picked":["Fusion","Hologram"],"picked":"Redo+1","floor":18.0},{"not_picked":["Turbo","Lockon+1"],"picked":"Capacitor","floor":20.0},{"not_picked":["Rip and Tear","Ball Lightning+1","Blizzard"],"picked":"SKIP","floor":22.0},{"not_picked":["Leap","Genetic Algorithm"],"picked":"Machine Learning","floor":23.0},{"not_picked":["Stack","Ball Lightning","Sweeping Beam"],"picked":"SKIP","floor":28},{"not_picked":["Hologram","Lockon+1"],"picked":"Recycle","floor":31},{"not_picked":["All For One","Machine Learning"],"picked":"Fission","floor":33},{"not_picked":["Lockon+1","Fusion+1","Turbo+1"],"picked":"SKIP","floor":35},{"not_picked":["Stack","Storm"],"picked":"Sunder+1","floor":41},{"not_picked":["Force Field+1","Beam Cell","Redo+1"],"picked":"SKIP","floor":44},{"not_picked":["Reprogram","Chaos+1"],"picked":"Buffer","floor":47},{"not_picked":["Beam Cell+1","White Noise"],"picked":"Heatsinks+1","floor":48}],"player_experience":5133179,"relics_obtained":[{"floor":9.0,"key":"Boot"},{"floor":10.0,"key":"Girya"},{"floor":11.0,"key":"Odd Mushroom"},{"floor":23.0,"key":"Bag of Preparation"},{"floor":26,"key":"Regal Pillow"},{"floor":29,"key":"Tiny Chest"},{"floor":37,"key":"Orichalcum"},{"floor":43,"key":"Art of War"},{"floor":47,"key":"Sundial"}],"event_choices":[{"damage_healed":0.0,"max_hp_gain":0.0,"max_hp_loss":0.0,"gold_gain":0.0,"event_name":"Scrap Ooze","player_choice":"Success","floor":4.0,"gold_loss":0.0,"damage_taken":3.0,"relics_obtained":["Shovel"]},{"damage_healed":0.0,"max_hp_gain":0.0,"max_hp_loss":0.0,"gold_gain":75.0,"event_name":"World of Goop","player_choice":"Gather Gold","floor":5.0,"gold_loss":0.0,"damage_taken":11.0},{"damage_healed":0.0,"max_hp_gain":0.0,"max_hp_loss":0.0,"gold_gain":0.0,"event_name":"Mushrooms","player_choice":"Fought Mushrooms","floor":11.0,"gold_loss":0.0,"damage_taken":0.0},{"damage_healed":0.0,"max_hp_gain":0.0,"max_hp_loss":0.0,"gold_gain":0.0,"event_name":"Cursed Tome","player_choice":"Ignored","floor":19.0,"gold_loss":0.0,"damage_taken":0.0},{"damage_healed":0.0,"max_hp_gain":0.0,"max_hp_loss":0.0,"gold_gain":0.0,"event_name":"Addict","player_choice":"Obtained Relic","floor":21.0,"gold_loss":85.0,"damage_taken":0.0,"relics_obtained":["DataDisk"]},{"damage_healed":0,"gold_gain":0,"player_choice":"2 cards matched","damage_taken":0,"max_hp_gain":0,"max_hp_loss":0,"event_name":"Match and Keep!","floor":25,"gold_loss":0,"cards_obtained":["Buffer","Enlightenment"]},{"damage_healed":0,"gold_gain":0,"player_choice":"Max HP","damage_taken":0,"max_hp_gain":0,"max_hp_loss":4,"event_name":"Winding Halls","floor":38,"gold_loss":0},{"damage_healed":0,"gold_gain":0,"player_choice":"Trade","damage_taken":0,"relics_obtained":["FaceOfCleric"],"max_hp_gain":0,"max_hp_loss":0,"event_name":"FaceTrader","floor":46,"gold_loss":0}],"is_beta":false,"boss_relics":[{"not_picked":["Cursed Key","Busted Crown"],"picked":"Runic Dome"},{"not_picked":["Black Star","Snecko Eye"],"picked":"Runic Pyramid"}],"items_purged_floors":[2,12,36,39],"is_endless":false,"potions_floor_spawned":[1,10,11,31,33,44,47],"ascension_level":0}