{"gold_per_floor":[110,23,173,173,173,204,129,129,129,29,29,45,65,81,81,81],"floor_reached":16,"playtime":655,"items_purged":["Strike_G","Strike_G"],"score":246,"play_id":"ca953140-4dbf-4e2c-8586-3f2c616bdb62","local_time":"20190125142457","is_ascension_mode":true,"campfire_choices":[{"data":"Acrobatics","floor":8,"key":"SMITH"},{"data":"Tactician","floor":11,"key":"SMITH"},{"data":"Calculated Gamble","floor":15,"key":"SMITH"}],"neow_cost":"NONE","seed_source_timestamp":7803803808907,"circlet_count":0,"master_deck":["AscendersBane","Defend_G","Defend_G","Defend_G","Defend_G","Defend_G","Strike_G","Strike_G","Strike_G","Survivor","Neutralize","Tactician+1","Acrobatics+1","Reflex","Calculated Gamble+1"],"special_seed":0,"relics":["Ring of the Snake","NeowsBlessing","Golden Idol","Ancient Tea Set","StoneCalendar"],"potions_floor_usage":[13,16,16],"damage_taken":[{"damage":0.0,"enemies":"Jaw Worm","floor":1.0,"turns":1.0},{"damage":0,"enemies":"3 Sentries","floor":6,"turns":1},{"damage":0,"enemies":"Small Slimes","floor":12,"turns":2},{"damage":6,"enemies":"Cultist","floor":13,"turns":6},{"damage":13,"enemies":"3 Louse","floor":14,"turns":4},{"damage":37,"enemies":"The Guardian","floor":16,"turns":27}],"seed_played":"-2303383695078388165","potions_obtained":[{"floor":12,"key":"Dexterity Potion"},{"floor":13,"key":"Fruit Juice"},{"floor":14,"key":"GhostInAJar"}],"is_trial":false,"path_per_floor":["M","$","?","?","?","E","$","R","T","$","R","M","M","M","R","B"],"character_chosen":"THE_SILENT","items_purchased":["Tactician"],"campfire_rested":0,"item_purchase_floors":[2],"current_hp_per_floor":[59,59,59,59,59,59,59,59,59,59,59,59,58,45,45,8],"gold":81,"neow_bonus":"THREE_ENEMY_KILL","is_prod":false,"is_daily":false,"chose_seed":false,"campfire_upgraded":3,"win_rate":0,"timestamp":1548397497,"path_taken":["M","$","?","?","?","E","?","R","T","$","R","M","M","M","R","BOSS"],"build_version":"2019-01-23","purchased_purges":2,"victory":false,"max_hp_per_floor":[66,66,66,60,60,60,60,60,60,60,60,60,65,65,65,65],"card_choices":[{"not_picked":["Flying Knee","Sucker Punch","Heel Hook"],"picked":"SKIP","floor":1.0},{"not_picked":["Accuracy","Sucker Punch"],"picked":"Acrobatics","floor":6},{"not_picked":["Distraction","Noxious Fumes"],"picked":"Reflex","floor":12},{"not_picked":["Blade Dance","Poisoned Stab","Dodge and Roll"],"picked":"SKIP","floor":13},{"not_picked":["Dagger Spray","Dagger Throw"],"picked":"Calculated Gamble","floor":14}],"player_experience":2230162,"relics_obtained":[{"floor":6,"key":"Ancient Tea Set"},{"floor":9,"key":"StoneCalendar"}],"event_choices":[{"damage_healed":0.0,"max_hp_gain":0.0,"max_hp_loss":0.0,"gold_gain":150.0,"event_name":"Liars Game","player_choice":"AGREE","floor":3.0,"gold_loss":0.0,"damage_taken":0.0,"cards_obtained":["Doubt"]},{"damage_healed":0.0,"max_hp_gain":0.0,"max_hp_loss":6.0,"gold_gain":0.0,"event_name":"Golden Idol","player_choice":"Lose Max HP","floor":4.0,"gold_loss":0.0,"damage_taken":0.0,"relics_obtained":["Golden Idol"]},{"cards_removed":["Doubt"],"damage_healed":0,"gold_gain":0,"player_choice":"Forget","damage_taken":0,"max_hp_gain":0,"max_hp_loss":0,"event_name":"Living Wall","floor":5,"gold_loss":0}],"is_beta":false,"boss_relics":[],"items_purged_floors":[7,10],"is_endless":false,"potions_floor_spawned":[12,13,14],"killed_by":"The Guardian","ascension_level":20}