{"gold_per_floor":[111,69,69,69,69,69,80,80,80,108,122,4,4,48,48,137,137,161,61,61,61,79,79],"floor_reached":23,"playtime":676,"items_purged":["Strike_G","Normality"],"score":440,"play_id":"2e01bddb-3ef8-4e76-a639-c0435c331d93","local_time":"20190102220925","is_ascension_mode":true,"campfire_choices":[{"data":"Footwork","floor":6.0,"key":"SMITH"},{"data":"Bouncing Flask","floor":8.0,"key":"SMITH"},{"data":"Well Laid Plans","floor":15.0,"key":"SMITH"}],"neow_cost":"NONE","seed_source_timestamp":35197808695700,"circlet_count":0,"master_deck":["AscendersBane","Defend_G","Defend_G","Defend_G","Defend_G","Defend_G+1","Strike_G","Strike_G","Strike_G","Strike_G","Survivor+1","Neutralize","Backflip","Footwork+1","Bouncing Flask+1","Backflip","Well Laid Plans+1","Wraith Form v2","Clumsy","Doubt","Wraith Form v2"],"special_seed":0,"relics":["Ring of the Snake","NeowsBlessing","Boot","Paper Crane","Golden Idol","Dodecahedron","Calling Bell","War Paint","Darkstone Periapt","Torii"],"potions_floor_usage":[23,23],"damage_taken":[{"damage":0.0,"enemies":"2 Louse","floor":1.0,"turns":1.0},{"damage":0.0,"enemies":"Cultist","floor":7.0,"turns":1.0},{"damage":0.0,"enemies":"3 Sentries","floor":10.0,"turns":1.0},{"damage":2.0,"enemies":"Jaw Worm","floor":11.0,"turns":4.0},{"damage":13.0,"enemies":"Gremlin Nob","floor":14.0,"turns":4.0},{"damage":15,"enemies":"Hexaghost","floor":16,"turns":11},{"damage":3,"enemies":"Spheric Guardian","floor":18,"turns":5},{"damage":2,"enemies":"Shell Parasite","floor":22,"turns":6},{"damage":35,"enemies":"Book of Stabbing","floor":23,"turns":8}],"seed_played":"-5574836046021697052","potions_obtained":[{"floor":10.0,"key":"SpeedPotion"},{"floor":14.0,"key":"LiquidBronze"}],"is_trial":false,"path_per_floor":["M","$","?","$","T","R","M","R","T","E","M","$","?","E","R","B",null,"M","$","?","$","M","E"],"character_chosen":"THE_SILENT","items_purchased":["Footwork","Well Laid Plans"],"campfire_rested":0,"item_purchase_floors":[2,12],"current_hp_per_floor":[59,59,55,55,55,55,55,55,55,55,53,53,30,17,17,2,50,47,47,47,47,45,10],"gold":79,"neow_bonus":"THREE_ENEMY_KILL","is_prod":false,"is_daily":false,"chose_seed":false,"campfire_upgraded":3,"win_rate":0,"timestamp":1546438165,"path_taken":["M","$","?","$","?","R","M","R","T","E","?","?","?","E","R","BOSS","M","$","?","$","M","E"],"build_version":"2018-12-20","purchased_purges":2,"victory":false,"max_hp_per_floor":[66,66,66,66,66,66,66,66,66,66,66,66,66,66,66,66,66,66,66,66,66,66,66],"card_choices":[{"not_picked":["Blade Dance","Prepared"],"picked":"Backflip","floor":1.0},{"not_picked":["Prepared","Dagger Throw"],"picked":"Bouncing Flask","floor":7.0},{"not_picked":["Bane","Choke"],"picked":"Backflip","floor":10.0},{"not_picked":["Acrobatics","Bane","Terror"],"picked":"SKIP","floor":11.0},{"not_picked":["Dodge and Roll","Distraction","Dagger Spray"],"picked":"SKIP","floor":14.0},{"not_picked":["Bullet Time","Glass Knife"],"picked":"Wraith Form v2","floor":16},{"not_picked":["Bane","Dodge and Roll","Caltrops"],"picked":"SKIP","floor":18},{"not_picked":["Deadly Poison","Dagger Spray+1","Prepared"],"picked":"SKIP","floor":22}],"player_experience":1677974,"relics_obtained":[{"floor":9.0,"key":"Boot"},{"floor":10.0,"key":"Paper Crane"},{"floor":14.0,"key":"Dodecahedron"},{"floor":17,"key":"War Paint"},{"floor":17,"key":"Darkstone Periapt"},{"floor":17,"key":"Torii"}],"event_choices":[{"damage_healed":0.0,"max_hp_gain":0.0,"max_hp_loss":0.0,"gold_gain":0.0,"event_name":"The Woman in Blue","player_choice":"Bought 0 Potions","floor":3.0,"gold_loss":0.0,"damage_taken":0.0},{"damage_healed":0.0,"max_hp_gain":0.0,"max_hp_loss":0.0,"gold_gain":0.0,"event_name":"Golden Idol","player_choice":"Take Damage","floor":13.0,"gold_loss":0.0,"damage_taken":23.0,"relics_obtained":["Golden Idol"]},{"damage_healed":0,"gold_gain":0,"player_choice":"Copied","damage_taken":0,"max_hp_gain":0,"max_hp_loss":0,"event_name":"Duplicator","floor":20,"gold_loss":0,"cards_obtained":["Wraith Form v2"]}],"is_beta":false,"boss_relics":[{"not_picked":["HoveringKite","WristBlade"],"picked":"Calling Bell"}],"items_purged_floors":[12,19],"is_endless":false,"potions_floor_spawned":[10,14,16,18],"killed_by":"Book of Stabbing","ascension_level":20}