{"gold_per_floor":[111,124,1,18,36,36,55,55,102,113,113,128,163,163,163,266,266,284,296,307,336,336,336,350,350,375,375,388,403,413,430,430,530,530,541,555,136,152,170,170,180,180,180,190,202,424,424,444,444,444],"floor_reached":51,"playtime":1393,"items_purged":["Strike_B","Strike_B"],"score":661,"play_id":"a8bd6e1e-8204-4730-a780-187524e0fa23","local_time":"20190612183248","is_ascension_mode":false,"campfire_choices":[{"data":"Defragment","floor":6.0,"key":"SMITH"},{"data":"Zap","floor":8.0,"key":"SMITH"},{"data":"Dualcast","floor":11.0,"key":"SMITH"},{"data":"Capacitor","floor":15.0,"key":"SMITH"},{"data":"Double Energy","floor":23.0,"key":"SMITH"},{"floor":25.0,"key":"REST"},{"floor":27.0,"key":"REST"},{"floor":32.0,"key":"REST"},{"data":"Biased Cognition","floor":40,"key":"SMITH"},{"data":"Capacitor","floor":42,"key":"SMITH"},{"data":"Electrodynamics","floor":47,"key":"SMITH"},{"data":"Defend_B","floor":49,"key":"SMITH"}],"neow_cost":"CURSE","seed_source_timestamp":28211700618265,"circlet_count":0,"master_deck":["Defend_B","Defend_B","Defend_B+1","Zap+1","Dualcast+1","Clumsy","Double Energy+1","Steam Power+1","Streamline","Ball Lightning","Capacitor+1","Defragment+1","Self Repair","Capacitor+1","Self Repair","Chill+1","Multi-Cast+1","Fission+1","Double Energy+1","Auto Shields+1","Turbo+1","Biased Cognition+1","Coolheaded+1","Electrodynamics+1","Hologram+1","Undo+1","Undo+1","Capacitor","Rainbow+1"],"special_seed":0,"relics":["Cracked Core","Centennial Puzzle","Toxic Egg 2","Lizard Tail","Red Mask","PreservedInsect","Coffee Dripper","Tiny Chest","TheAbacus","Pocketwatch"],"potions_floor_usage":[50,50,50],"damage_taken":[{"damage":8.0,"enemies":"Jaw Worm","floor":1.0,"turns":4.0},{"damage":6.0,"enemies":"Cultist","floor":2.0,"turns":3.0},{"damage":2.0,"enemies":"Small Slimes","floor":4.0,"turns":2.0},{"damage":0.0,"enemies":"Looter","floor":5.0,"turns":2.0},{"damage":10.0,"enemies":"Exordium Thugs","floor":7.0,"turns":4.0},{"damage":11.0,"enemies":"Large Slime","floor":10.0,"turns":4.0},{"damage":0.0,"enemies":"2 Fungi Beasts","floor":12.0,"turns":2.0},{"damage":23.0,"enemies":"Gremlin Nob","floor":13.0,"turns":4.0},{"damage":29.0,"enemies":"Slime Boss","floor":16.0,"turns":7.0},{"damage":25.0,"enemies":"2 Thieves","floor":18.0,"turns":4.0},{"damage":3.0,"enemies":"Chosen","floor":19.0,"turns":3.0},{"damage":50.0,"enemies":"Snecko","floor":20.0,"turns":6.0},{"damage":17.0,"enemies":"Masked Bandits","floor":21.0,"turns":4.0},{"damage":23.0,"enemies":"Shelled Parasite and Fungi","floor":24.0,"turns":6.0},{"damage":20.0,"enemies":"Snake Plant","floor":28.0,"turns":4.0},{"damage":1.0,"enemies":"Centurion and Healer","floor":29.0,"turns":6.0},{"damage":24.0,"enemies":"Chosen and Byrds","floor":30.0,"turns":5.0},{"damage":35.0,"enemies":"Snecko","floor":31.0,"turns":7.0},{"damage":14.0,"enemies":"Automaton","floor":33.0,"turns":6.0},{"damage":0,"enemies":"3 Shapes","floor":35,"turns":2},{"damage":4,"enemies":"3 Darklings","floor":36,"turns":3},{"damage":40,"enemies":"Transient","floor":38,"turns":5},{"damage":15,"enemies":"Maw","floor":39,"turns":7},{"damage":0,"enemies":"4 Shapes","floor":41,"turns":1},{"damage":0,"enemies":"Jaw Worm Horde","floor":44,"turns":4},{"damage":0,"enemies":"Maw","floor":45,"turns":7},{"damage":22,"enemies":"Writhing Mass","floor":48,"turns":3},{"damage":1,"enemies":"Time Eater","floor":50,"turns":4}],"seed_played":"-1066757974724710348","potions_obtained":[{"floor":1.0,"key":"Strength Potion"},{"floor":4.0,"key":"Poison Potion"},{"floor":18.0,"key":"FocusPotion"},{"floor":20.0,"key":"Block Potion"},{"floor":24.0,"key":"SteroidPotion"},{"floor":31.0,"key":"FairyPotion"},{"floor":35,"key":"Ancient Potion"},{"floor":41,"key":"Ancient Potion"}],"is_trial":false,"path_per_floor":["M","M","$","M","M","R","M","R","T","M","R","M","E","?","R","B",null,"M","M","M","?","?","R","M","R","T","R","M","M","M","M","R","B",null,"M","M","$","M","M","R","M","R","T","M","M","?","R","M","R","B",null],"character_chosen":"DEFECT","items_purchased":["Ball Lightning","Tiny Chest","TheAbacus"],"campfire_rested":3,"item_purchase_floors":[3,37,37],"current_hp_per_floor":[67,61,61,59,59,59,49,49,49,45,45,45,36,36,36,21,75,64,75,39,36,36,36,27,49,49,71,65,75,58,37,59,59,75,75,75,75,49,48,48,48,48,48,62,75,75,75,60,60,59],"gold":444,"neow_bonus":"TRANSFORM_TWO_CARDS","is_prod":false,"is_daily":false,"chose_seed":false,"campfire_upgraded":9,"win_rate":0,"timestamp":1560335568,"path_taken":["M","M","$","M","M","R","M","R","T","M","R","M","E","?","R","BOSS","M","M","?","?","?","R","M","R","T","R","M","M","M","M","R","BOSS","M","M","$","M","M","R","?","R","T","M","M","?","R","M","R","BOSS"],"build_version":"2019-01-23","purchased_purges":2,"victory":true,"max_hp_per_floor":[75,75,75,75,75,75,75,75,75,75,75,75,75,75,75,75,75,75,75,75,75,75,75,75,75,75,75,75,75,75,75,75,75,75,75,75,75,75,75,75,75,75,75,75,75,75,75,75,75,75],"card_choices":[{"not_picked":["Go for the Eyes","Turbo"],"picked":"Streamline","floor":1.0},{"not_picked":["Hologram","Hello World","Tempest"],"picked":"SKIP","floor":2.0},{"not_picked":["Compile Driver","Echo Form"],"picked":"Capacitor","floor":4.0},{"not_picked":["Self Repair","Chill"],"picked":"Defragment","floor":5.0},{"not_picked":["Fusion","Streamline"],"picked":"Self Repair","floor":7.0},{"not_picked":["Hologram","Steam Power"],"picked":"Capacitor","floor":10.0},{"not_picked":["Beam Cell","Gash"],"picked":"Self Repair","floor":12.0},{"not_picked":["Streamline","Rebound"],"picked":"Chill","floor":13.0},{"not_picked":["Hyperbeam","Reboot+1"],"picked":"Fission+1","floor":16.0},{"not_picked":["Lockon","Steam+1","Hello World"],"picked":"SKIP","floor":18.0},{"not_picked":["Force Field+1","Streamline"],"picked":"Double Energy+1","floor":19.0},{"not_picked":["Fusion+1","Stack+1"],"picked":"Auto Shields+1","floor":20.0},{"not_picked":["Streamline","Scrape"],"picked":"Turbo+1","floor":21.0},{"not_picked":["Gash","Melter+1","Reprogram+1"],"picked":"SKIP","floor":24.0},{"not_picked":["Turbo+1","Stack+1","Leap+1"],"picked":"SKIP","floor":28.0},{"not_picked":["Streamline","Gash","Conserve Battery+1"],"picked":"SKIP","floor":29.0},{"not_picked":["Compile Driver","Gash+1"],"picked":"Biased Cognition","floor":30.0},{"not_picked":["Double Energy+1","Ball Lightning"],"picked":"Coolheaded+1","floor":31.0},{"not_picked":["Thunder Strike","Amplify+1"],"picked":"Electrodynamics","floor":33.0},{"not_picked":["Cold Snap+1","Fusion+1"],"picked":"Hologram+1","floor":35},{"not_picked":["Reinforced Body+1","Doom and Gloom+1","Chill+1"],"picked":"SKIP","floor":36},{"not_picked":["Cold Snap+1","Stack+1","Beam Cell+1"],"picked":"SKIP","floor":38},{"not_picked":["Sweeping Beam","Force Field+1"],"picked":"Undo+1","floor":39},{"not_picked":["Go for the Eyes","Hologram+1"],"picked":"Undo+1","floor":41},{"not_picked":["Leap+1","Melter+1"],"picked":"Capacitor","floor":44},{"not_picked":["Steam+1","Redo+1"],"picked":"Rainbow+1","floor":45},{"not_picked":["Stack+1","Barrage","Rip and Tear"],"picked":"SKIP","floor":48}],"player_experience":5112740,"relics_obtained":[{"floor":9.0,"key":"Centennial Puzzle"},{"floor":13.0,"key":"Toxic Egg 2"},{"floor":21.0,"key":"Red Mask"},{"floor":26.0,"key":"PreservedInsect"},{"floor":43,"key":"Pocketwatch"}],"event_choices":[{"damage_healed":0.0,"max_hp_gain":0.0,"max_hp_loss":0.0,"gold_gain":0.0,"cards_transformed":["Strike_B"],"event_name":"Transmorgrifier","player_choice":"Transformed","floor":14.0,"gold_loss":0.0,"damage_taken":0.0,"cards_obtained":["Multi-Cast"]},{"damage_healed":0.0,"max_hp_gain":0.0,"max_hp_loss":0.0,"gold_gain":0.0,"event_name":"Masked Bandits","player_choice":"Fought Bandits","floor":21.0,"gold_loss":0.0,"damage_taken":0.0},{"damage_healed":0.0,"max_hp_gain":0.0,"max_hp_loss":0.0,"gold_gain":0.0,"event_name":"Upgrade Shrine","player_choice":"Upgraded","floor":22.0,"gold_loss":0.0,"damage_taken":0.0,"cards_upgraded":["Steam Power"]},{"damage_healed":0,"gold_gain":222,"player_choice":"Wore Mask","damage_taken":0,"max_hp_gain":0,"max_hp_loss":0,"event_name":"Tomb of Lord Red Mask","floor":46,"gold_loss":0}],"is_beta":false,"boss_relics":[{"not_picked":["Inserter","Black Star"],"picked":"Lizard Tail"},{"not_picked":["Pandora\u0027s Box","Eternal Feather"],"picked":"Coffee Dripper"}],"items_purged_floors":[3,37],"is_endless":false,"potions_floor_spawned":[1,4,18,20,24,31,35,39,41],"ascension_level":0}