{"gold_per_floor":[110,129,129,144,162,162,189,199,268,268,295,345,345],"floor_reached":13,"playtime":403,"items_purged":[],"score":171,"play_id":"0128285c-3ddb-4c99-b45d-066a12012ba4","local_time":"20181006004801","is_ascension_mode":true,"campfire_choices":[{"data":"Terror","floor":6.0,"key":"SMITH"},{"floor":10.0,"key":"REST"}],"neow_cost":"NONE","seed_source_timestamp":298803968675169,"circlet_count":0,"master_deck":["Defend_G","Defend_G","Defend_G","Defend_G","Strike_G","Strike_G","Strike_G","Survivor","Neutralize","AscendersBane","All Out Attack","Backstab","Terror+1","Concentrate","Tactician","Prepared"],"special_seed":0,"relics":["Empty Cage","The Courier","Molten Egg 2","Tingsha"],"potions_floor_usage":[13],"damage_taken":[{"damage":7.0,"enemies":"Small Slimes","floor":1.0,"turns":4.0},{"damage":1.0,"enemies":"Cultist","floor":2.0,"turns":4.0},{"damage":0.0,"enemies":"2 Louse","floor":4.0,"turns":2.0},{"damage":1.0,"enemies":"Lots of Slimes","floor":5.0,"turns":2.0},{"damage":37.0,"enemies":"3 Sentries","floor":7.0,"turns":10.0},{"damage":9.0,"enemies":"Looter","floor":8.0,"turns":4.0},{"damage":34.0,"enemies":"Gremlin Nob","floor":11.0,"turns":5.0},{"damage":14,"enemies":"Exordium Thugs","floor":13,"turns":4}],"seed_played":"-6913618851671508494","potions_obtained":[{"floor":1.0,"key":"Explosive Potion"},{"floor":8.0,"key":"EntropicBrew"},{"floor":11.0,"key":"SpeedPotion"}],"is_trial":false,"path_per_floor":["M","M","?","M","M","R","E","M","T","R","E","?"],"character_chosen":"THE_SILENT","items_purchased":[],"campfire_rested":1,"item_purchase_floors":[],"current_hp_per_floor":[52,51,51,51,50,50,13,4,4,23,3,3,0],"gold":345,"neow_bonus":"BOSS_RELIC","is_prod":false,"is_daily":false,"chose_seed":false,"campfire_upgraded":1,"win_rate":0,"timestamp":1538758081,"path_taken":["M","M","?","M","M","R","E","M","T","R","E","?","?"],"build_version":"2018-10-04","purchased_purges":0,"victory":false,"max_hp_per_floor":[66,66,66,66,66,66,66,66,66,66,66,66,66],"card_choices":[{"not_picked":["Sucker Punch","Deadly Poison"],"picked":"All Out Attack","floor":1.0},{"not_picked":["Finisher","Dagger Throw"],"picked":"Backstab","floor":2.0},{"not_picked":["Quick Slash","Terror"],"picked":"Concentrate","floor":4.0},{"not_picked":["Sucker Punch","Poisoned Stab"],"picked":"Tactician","floor":5.0},{"not_picked":["Cloak And Dagger","Sucker Punch","Masterful Stab"],"picked":"SKIP","floor":7.0},{"not_picked":["Deflect","Quick Slash"],"picked":"Prepared","floor":8.0},{"not_picked":["Malaise","Night Terror","Deflect"],"picked":"SKIP","floor":11.0}],"player_experience":196661,"relics_obtained":[{"floor":7.0,"key":"The Courier"},{"floor":9.0,"key":"Molten Egg 2"},{"floor":11.0,"key":"Tingsha"}],"event_choices":[{"event_name":"Transmorgrifier","player_choice":"Transform","floor":3.0,"damage_taken":0.0},{"event_name":"Golden Shrine","player_choice":"Pray","floor":12,"damage_taken":0}],"is_beta":false,"boss_relics":[],"items_purged_floors":[],"is_endless":false,"potions_floor_spawned":[1,8,11],"killed_by":"Exordium Thugs","ascension_level":16}