{"gold_per_floor":[112,122,133,145,145,145,170,170,170,238,238,238,3,29,29,29],"floor_reached":16,"playtime":1179,"items_purged":[],"score":189,"play_id":"276738e4-e5a5-4b69-b4ba-5a51228741dc","local_time":"20190428165333","is_ascension_mode":true,"campfire_choices":[{"floor":6,"key":"REST"},{"floor":8,"key":"REST"},{"floor":12,"key":"REST"},{"data":"Neutralize","floor":15,"key":"SMITH"}],"neow_cost":"TEN_PERCENT_HP_LOSS","seed_source_timestamp":18917548916813,"circlet_count":0,"master_deck":["AscendersBane","Defend_G","Defend_G","Defend_G","Defend_G","Defend_G","Strike_G","Strike_G","Strike_G","Strike_G","Strike_G","Survivor","Neutralize+1","Corpse Explosion","Dagger Throw","PiercingWail","Deflect","Skewer+1","Leg Sweep+1","Good Instincts+1","Blur+1"],"relics":["Ring of the Snake","Singing Bowl","Molten Egg 2","Toxic Egg 2","Pear","Pocketwatch"],"potions_floor_usage":[7,14],"damage_taken":[{"damage":1,"enemies":"Cultist","floor":1,"turns":4},{"damage":7,"enemies":"Jaw Worm","floor":2,"turns":5},{"damage":9,"enemies":"2 Louse","floor":3,"turns":2},{"damage":15,"enemies":"Gremlin Gang","floor":4,"turns":4},{"damage":31,"enemies":"Lagavulin","floor":7,"turns":10},{"damage":17,"enemies":"Gremlin Nob","floor":14,"turns":6},{"damage":44,"enemies":"Slime Boss","floor":16,"turns":13}],"seed_played":"-2285745018956117888","potions_obtained":[{"floor":4,"key":"Dexterity Potion"},{"floor":7,"key":"PowerPotion"}],"is_trial":false,"path_per_floor":["M","M","M","M","?","R","E","R","T","T","$","R","$","E","R","B"],"character_chosen":"THE_SILENT","items_purchased":["Skewer+1","Leg Sweep+1","Good Instincts+1"],"campfire_rested":3,"item_purchase_floors":[13,13,13],"current_hp_per_floor":[58,51,42,27,22,40,11,29,29,39,39,60,60,43,43,0],"gold":29,"neow_bonus":"THREE_RARE_CARDS","is_prod":false,"is_daily":false,"chose_seed":false,"campfire_upgraded":1,"win_rate":0,"timestamp":1556463213,"path_taken":["M","M","M","M","?","R","E","R","T","?","?","R","$","E","R","BOSS"],"build_version":"2019-01-23","purchased_purges":0,"victory":false,"max_hp_per_floor":[60,60,60,60,60,60,62,62,62,72,72,72,72,72,72,72],"card_choices":[{"not_picked":["Glass Knife","After Image"],"picked":"Corpse Explosion","floor":0},{"not_picked":["Backflip","Flying Knee"],"picked":"Dagger Throw","floor":1},{"not_picked":["Backstab","Blade Dance"],"picked":"PiercingWail","floor":2},{"not_picked":["Flying Knee","Bane","Outmaneuver"],"picked":"SKIP","floor":3},{"not_picked":["Outmaneuver","Quick Slash"],"picked":"Deflect","floor":4},{"not_picked":["Prepared","Dagger Throw","Riddle With Holes"],"picked":"Singing Bowl","floor":7},{"not_picked":["Setup+1","Distraction+1"],"picked":"Blur+1","floor":14}],"player_experience":520749,"relics_obtained":[{"floor":7,"key":"Molten Egg 2"},{"floor":9,"key":"Toxic Egg 2"},{"floor":10,"key":"Pear"},{"floor":14,"key":"Pocketwatch"}],"event_choices":[{"damage_healed":0,"gold_gain":0,"player_choice":"Success","damage_taken":5,"relics_obtained":["Singing Bowl"],"max_hp_gain":0,"max_hp_loss":0,"event_name":"Scrap Ooze","floor":5,"gold_loss":0}],"is_beta":false,"boss_relics":[],"items_purged_floors":[],"is_endless":false,"potions_floor_spawned":[4,7],"killed_by":"Slime Boss","ascension_level":15}