{"gold_per_floor":[112,37,37,187,112,144,144,154,154,154,170,170,185,212,212,212],"floor_reached":16,"playtime":518,"items_purged":["Doubt"],"score":266,"play_id":"397c250e-b13f-45b4-814e-e6fdb7057f46","local_time":"20190107134825","is_ascension_mode":true,"campfire_choices":[{"data":"Coolheaded","floor":7,"key":"SMITH"},{"data":"Dualcast","floor":10,"key":"SMITH"},{"data":"Zap","floor":12,"key":"SMITH"},{"data":"Sunder","floor":15,"key":"SMITH"}],"neow_cost":"NONE","seed_source_timestamp":6291653935296,"circlet_count":0,"master_deck":["AscendersBane","Strike_B","Strike_B","Strike_B","Defend_B","Defend_B","Defend_B","Defend_B","Zap+1","Dualcast+1","Coolheaded+1","Glacier","Capacitor+1","Sunder+1","Seek"],"relics":["Cracked Core","NeowsBlessing","Blue Candle","Frozen Egg 2","Lantern"],"potions_floor_usage":[],"damage_taken":[{"damage":0,"enemies":"Small Slimes","floor":1,"turns":1},{"damage":0,"enemies":"3 Sentries","floor":6,"turns":1},{"damage":0,"enemies":"Jaw Worm","floor":8,"turns":1},{"damage":0,"enemies":"2 Louse","floor":11,"turns":2},{"damage":0,"enemies":"Exordium Wildlife","floor":13,"turns":2},{"damage":9,"enemies":"Lagavulin","floor":14,"turns":7},{"damage":45,"enemies":"Hexaghost","floor":16,"turns":9}],"seed_played":"-6159043003970718796","potions_obtained":[{"floor":6,"key":"Regen Potion"},{"floor":11,"key":"SteroidPotion"}],"is_trial":false,"path_per_floor":["M","?","?","?","$","E","R","M","T","R","M","R","M","E","R","B"],"character_chosen":"DEFECT","items_purchased":[],"campfire_rested":0,"item_purchase_floors":[],"current_hp_per_floor":[64,64,53,53,53,53,53,53,53,53,53,53,53,44,44,0],"gold":212,"neow_bonus":"THREE_ENEMY_KILL","is_prod":false,"is_daily":false,"chose_seed":false,"campfire_upgraded":4,"win_rate":0,"timestamp":1546840105,"path_taken":["M","?","?","?","$","E","R","M","T","R","M","R","M","E","R","BOSS"],"build_version":"2019-01-03v4","purchased_purges":1,"victory":false,"max_hp_per_floor":[71,71,71,71,71,71,71,71,71,71,71,71,71,71,71,71],"card_choices":[{"not_picked":["Rebound","Auto Shields","Turbo"],"picked":"SKIP","floor":1},{"not_picked":["Lockon","Redo"],"picked":"Coolheaded","floor":6},{"not_picked":["Lockon","Go for the Eyes"],"picked":"Glacier","floor":8},{"not_picked":["Blizzard","Heatsinks+1"],"picked":"Capacitor+1","floor":11},{"not_picked":["Aggregate","Beam Cell"],"picked":"Sunder","floor":13},{"not_picked":["Storm+1","Rip and Tear"],"picked":"Seek","floor":14}],"player_experience":1810289,"relics_obtained":[{"floor":6,"key":"Frozen Egg 2"},{"floor":14,"key":"Lantern"}],"event_choices":[{"cards_removed":["Strike_B"],"damage_healed":0,"gold_gain":0,"player_choice":"Card Removal","damage_taken":0,"max_hp_gain":0,"max_hp_loss":0,"event_name":"The Cleric","floor":2,"gold_loss":75},{"damage_healed":0,"gold_gain":0,"player_choice":"Success","damage_taken":11,"relics_obtained":["Blue Candle"],"max_hp_gain":0,"max_hp_loss":0,"event_name":"Scrap Ooze","floor":3,"gold_loss":0},{"damage_healed":0,"gold_gain":150,"player_choice":"AGREE","damage_taken":0,"max_hp_gain":0,"max_hp_loss":0,"event_name":"Liars Game","floor":4,"gold_loss":0,"cards_obtained":["Doubt"]}],"is_beta":false,"boss_relics":[],"items_purged_floors":[5],"is_endless":false,"potions_floor_spawned":[6,11],"killed_by":"Hexaghost","ascension_level":20}