{"path_per_floor":["M","?","M","?","?","M","E","R","T","R","M","M","R","M","R","B",null,"M","?","?","M"],"character_chosen":"THE_SILENT","items_purchased":[],"gold_per_floor":[113,288,306,306,271,281,308,308,331,331,349,367,367,384,384,481,481,494,494,494,514],"floor_reached":22,"campfire_rested":3,"playtime":962,"current_hp_per_floor":[35,35,34,27,44,36,11,11,11,32,32,32,53,36,57,6,70,50,49,49,46],"items_purged":[],"gold":514,"score":212,"play_id":"169123b3-645f-4fb7-ad54-a3f7b6b7fe6e","local_time":"20180316200946","is_prod":false,"is_daily":false,"is_ascension_mode":false,"campfire_upgraded":1,"timestamp":1521227386,"path_taken":["M","?","M","?","?","M","E","R","T","R","M","M","R","M","R","BOSS","M","?","?","M","?"],"build_version":"2018-03-15v2","purchased_purges":0,"victory":false,"master_deck":["Defend_G","Defend_G","Defend_G","Survivor","Neutralize","Doubt","Noxious Fumes","Poisoned Stab","Venomology+1","Concentrate","Backstab","Backflip","Tactician","Underhanded Strike","Bite","Bite","Bite","Bite","Bite","Writhe","Catalyst"],"max_hp_per_floor":[70,70,70,70,70,70,70,70,70,70,70,70,70,70,70,70,70,70,49,49,49],"relics":["Ring of the Snake","Bag of Marbles","Whetstone","Sozu","Vajra"],"card_choices":[{"not_picked":["PiercingWail","Bane"],"picked":"Noxious Fumes"},{"not_picked":["Accuracy","Dash"],"picked":"Poisoned Stab"},{"not_picked":["Dagger Spray","Phantasmal Killer"],"picked":"Venomology"},{"not_picked":["PiercingWail","Poisoned Stab"],"picked":"Concentrate"},{"not_picked":["Predator","PiercingWail"],"picked":"Backstab"},{"not_picked":["Quick Slash","Cloak And Dagger"],"picked":"Backflip"},{"not_picked":["After Image","Corpse Explosion"],"picked":"Tactician"},{"not_picked":["Finisher","Cloak And Dagger"],"picked":"Underhanded Strike"},{"not_picked":["Poisoned Stab","Deflect"],"picked":"Catalyst"}],"player_experience":157908,"potions_floor_usage":[7,11,14,16,16,16],"damage_taken":[{"damage":0,"enemies":"2 Louse","floor":1,"turns":2},{"damage":1,"enemies":"Small Slimes","floor":3,"turns":3},{"damage":8,"enemies":"Jaw Worm","floor":6,"turns":5},{"damage":34,"enemies":"Gremlin Nob","floor":7,"turns":5},{"damage":0,"enemies":"Blue Slaver","floor":11,"turns":3},{"damage":0,"enemies":"2 Fungi Beasts","floor":12,"turns":4},{"damage":17,"enemies":"Large Slime","floor":14,"turns":6},{"damage":51,"enemies":"Slime Boss","floor":16,"turns":13},{"damage":20,"enemies":"Spheric Guardian","floor":18,"turns":5},{"damage":13,"enemies":"Shell Parasite","floor":21,"turns":6},{"damage":54,"enemies":"Chosen and Byrds","floor":22,"turns":5}],"event_choices":[{"event_name":"Liars Game","player_choice":"agreed","floor":2,"damage_taken":0},{"event_name":"Golden Wing","player_choice":"Card Removal","floor":4,"damage_taken":0},{"event_name":"The Cleric","player_choice":"Healed","floor":5,"damage_taken":0},{"event_name":"Vampires","player_choice":"Became a vampire","floor":19,"damage_taken":0},{"event_name":"The Mausoleum","player_choice":"Yes","floor":20,"damage_taken":0}],"boss_relics":[{"not_picked":["Cursed Key","Eternal Feather"],"picked":"Sozu"}],"potions_floor_spawned":[3,7,12,14,18,21],"seed_played":"-362477763949983280","killed_by":"Chosen and Byrds","ascension_level":0,"is_trial":false}