{"gold_per_floor":[116,116,47,68,93,93,128,148,148,182,182,182,26,26,26,157,157,176,176,36,52,71,71,107,107,133,145,175,187,199,227,239,251],"floor_reached":33,"playtime":947,"items_purged":["Strike_G","Strike_G"],"score":462,"play_id":"4894ae27-ffe4-4689-9f21-73db48777875","local_time":"20180930203748","is_ascension_mode":true,"campfire_choices":[{"data":"Noxious Fumes","floor":6.0,"key":"SMITH"},{"data":"Footwork","floor":11.0,"key":"SMITH"},{"data":"Noxious Fumes","floor":15.0,"key":"SMITH"},{"data":"Neutralize","floor":23.0,"key":"SMITH"},{"data":"Footwork","floor":27.0,"key":"SMITH"},{"data":"Crippling Poison","floor":29.0,"key":"SMITH"},{"data":"Noxious Fumes","floor":32.0,"key":"SMITH"}],"neow_cost":"NONE","seed_source_timestamp":261094840681402,"circlet_count":0,"master_deck":["Defend_G","Defend_G","Defend_G","Defend_G","Defend_G","Strike_G","Strike_G","Strike_G","Survivor","Neutralize+1","AscendersBane","Crippling Poison+1","Footwork+1","Noxious Fumes+1","Noxious Fumes+1","Bane+1","Footwork+1","Noxious Fumes+1","Dash+1","Deflect+1","Neutralize+1"],"special_seed":0,"relics":["Ring of the Snake","NeowsBlessing","Golden Idol","Orichalcum","Vajra","Molten Egg 2","Blood Vial","Coffee Dripper","MutagenicStrength","Omamori","MawBank"],"potions_floor_usage":[],"damage_taken":[{"damage":0.0,"enemies":"Small Slimes","floor":1.0,"turns":1.0},{"damage":0.0,"enemies":"2 Louse","floor":4.0,"turns":1.0},{"damage":0.0,"enemies":"Cultist","floor":5.0,"turns":1.0},{"damage":3.0,"enemies":"3 Sentries","floor":7.0,"turns":6.0},{"damage":10.0,"enemies":"Lots of Slimes","floor":8.0,"turns":3.0},{"damage":0.0,"enemies":"Lagavulin","floor":10.0,"turns":7.0},{"damage":24.0,"enemies":"Slime Boss","floor":16.0,"turns":11.0},{"damage":10.0,"enemies":"Spheric Guardian","floor":18.0,"turns":5.0},{"damage":0.0,"enemies":"Chosen","floor":21.0,"turns":5.0},{"damage":4.0,"enemies":"3 Cultists","floor":22.0,"turns":5.0},{"damage":20.0,"enemies":"Gremlin Leader","floor":24.0,"turns":6.0},{"damage":2.0,"enemies":"Centurion and Healer","floor":28.0,"turns":6.0},{"damage":24.0,"enemies":"Snecko","floor":31.0,"turns":6.0},{"damage":11,"enemies":"Collector","floor":33,"turns":2}],"seed_played":"-6521502424175985205","potions_obtained":[{"floor":1.0,"key":"SpeedPotion"},{"floor":8.0,"key":"Dexterity Potion"},{"floor":22.0,"key":"FearPotion"},{"floor":24.0,"key":"SteroidPotion"},{"floor":31.0,"key":"Poison Potion"}],"is_trial":false,"path_per_floor":["M","?","$","M","M","R","E","M","T","E","R","T","$","?","R","B",null,"M","?","$","M","M","R","E","?","T","R","M","R","?","M","R"],"character_chosen":"THE_SILENT","items_purchased":["Footwork","Footwork","Noxious Fumes"],"campfire_rested":0,"item_purchase_floors":[3,13,20],"current_hp_per_floor":[63,63,63,63,63,63,60,50,50,50,50,50,50,50,50,28,56,48,48,48,50,48,48,30,30,30,30,30,30,30,8,8,0],"gold":251,"neow_bonus":"THREE_ENEMY_KILL","is_prod":false,"is_daily":false,"chose_seed":false,"campfire_upgraded":7,"win_rate":0,"timestamp":1538311068,"path_taken":["M","?","$","M","?","R","E","?","T","E","R","?","?","?","R","BOSS","M","?","$","M","?","R","E","?","T","R","M","R","?","M","R","BOSS"],"build_version":"2018-09-27","purchased_purges":2,"victory":false,"max_hp_per_floor":[70,65,65,65,65,65,65,65,65,65,65,65,65,65,65,65,65,65,65,65,65,65,65,65,65,65,65,65,65,65,65,65,65],"card_choices":[{"not_picked":["Blur","Dagger Spray"],"picked":"Crippling Poison","floor":1.0},{"not_picked":["Dagger Throw","Backflip"],"picked":"Noxious Fumes","floor":4.0},{"not_picked":["Dagger Spray","Underhanded Strike","Poisoned Stab"],"picked":"SKIP","floor":5.0},{"not_picked":["Dagger Spray","Eviscerate","Slice"],"picked":"SKIP","floor":7.0},{"not_picked":["Dagger Spray","All Out Attack"],"picked":"Noxious Fumes","floor":8.0},{"not_picked":["Prepared","Poisoned Stab"],"picked":"Bane","floor":10.0},{"not_picked":["Blade Dance","Cloak And Dagger","Quick Slash+1"],"picked":"SKIP","floor":18.0},{"not_picked":["Terror","Bane+1"],"picked":"Dash+1","floor":21.0},{"not_picked":["Endless Agony+1","Reflex","Flying Knee+1"],"picked":"SKIP","floor":22.0},{"not_picked":["Poisoned Stab+1","Underhanded Strike+1"],"picked":"Deflect+1","floor":24.0},{"not_picked":["Quick Slash+1","Noxious Fumes","Eviscerate+1"],"picked":"SKIP","floor":28.0},{"not_picked":["Crippling Poison+1","Quick Slash+1","Dash+1"],"picked":"SKIP","floor":31.0}],"player_experience":164521,"relics_obtained":[{"floor":7.0,"key":"Orichalcum"},{"floor":9.0,"key":"Vajra"},{"floor":10.0,"key":"Molten Egg 2"},{"floor":12.0,"key":"Blood Vial"},{"floor":24.0,"key":"Omamori"},{"floor":26.0,"key":"MawBank"}],"event_choices":[{"event_name":"Golden Idol","player_choice":"Lose Max HP","floor":2.0,"damage_taken":0.0},{"event_name":"The Cleric","player_choice":"Leave","floor":14.0,"damage_taken":0.0},{"event_name":"Drug Dealer","player_choice":"Inject Mutagens","floor":19.0,"damage_taken":0.0},{"event_name":"N\u0027loth","player_choice":"Ignored","floor":25.0,"damage_taken":0.0},{"event_name":"Duplicator","player_choice":"One dupe","floor":30.0,"damage_taken":0.0}],"is_beta":false,"boss_relics":[{"not_picked":["Empty Cage","Lizard Tail"],"picked":"Coffee Dripper"}],"items_purged_floors":[13,20],"is_endless":false,"potions_floor_spawned":[1,8,22,24,31],"killed_by":"Collector","ascension_level":11}