{"gold_per_floor":[14,14,24,24,43,77,96,108,135,165,165,200,200,160],"floor_reached":14,"playtime":243,"items_purged":[],"score":250,"play_id":"4fd102d0-bd20-4bfa-b920-eeb8cb94ecad","local_time":"20190608235352","is_ascension_mode":true,"campfire_choices":[],"neow_cost":"NO_GOLD","seed_source_timestamp":213911782203843,"circlet_count":0,"master_deck":["AscendersBane","Strike_B","Strike_B","Defend_B","Defend_B","Defend_B","Zap","Dualcast","Self Repair","Ball Lightning","Ball Lightning","Storm","Storm","Force Field","Go for the Eyes+1"],"relics":["Cracked Core","Molten Egg 2","Vajra","Potion Belt","Meat on the Bone"],"potions_floor_usage":[7,12,12],"damage_taken":[{"damage":1,"enemies":"Cultist","floor":1,"turns":3},{"damage":19,"enemies":"Jaw Worm","floor":3,"turns":4},{"damage":4,"enemies":"2 Louse","floor":5,"turns":2},{"damage":45,"enemies":"3 Sentries","floor":6,"turns":6},{"damage":13,"enemies":"2 Fungi Beasts","floor":7,"turns":3},{"damage":0,"enemies":"Large Slime","floor":8,"turns":4},{"damage":0,"enemies":"Gremlin Nob","floor":12,"turns":2},{"damage":9,"enemies":"Looter","floor":14,"turns":2}],"seed_played":"-7551474986575425937","potions_obtained":[{"floor":4,"key":"Weak Potion"},{"floor":4,"key":"PowerPotion"},{"floor":7,"key":"Fire Potion"}],"is_trial":false,"path_per_floor":["M","$","M","?","M","E","M","M","T","?","?","E","?","M"],"character_chosen":"DEFECT","items_purchased":[],"campfire_rested":0,"item_purchase_floors":[],"current_hp_per_floor":[63,63,51,51,54,16,10,17,17,17,17,24,6,0],"gold":160,"neow_bonus":"REMOVE_TWO","is_prod":false,"is_daily":false,"chose_seed":false,"campfire_upgraded":0,"win_rate":0,"timestamp":1560005632,"path_taken":["M","?","M","?","M","E","?","M","T","?","?","E","?","M"],"build_version":"2019-01-23","purchased_purges":0,"victory":false,"max_hp_per_floor":[71,71,71,71,71,71,71,71,71,71,71,71,71,71],"card_choices":[{"not_picked":["Sweeping Beam","Hologram"],"picked":"Self Repair","floor":1},{"not_picked":["Leap","Rebound"],"picked":"Ball Lightning","floor":3},{"not_picked":["Streamline","Rebound"],"picked":"Ball Lightning","floor":5},{"not_picked":["Genetic Algorithm","Melter"],"picked":"Storm","floor":6},{"not_picked":["Sweeping Beam+1","Rip and Tear+1"],"picked":"Storm","floor":7},{"not_picked":["Hologram","Gash+1","Sweeping Beam+1"],"picked":"SKIP","floor":8},{"not_picked":["Steam","Leap"],"picked":"Go for the Eyes+1","floor":12}],"player_experience":570826,"relics_obtained":[{"floor":6,"key":"Molten Egg 2"},{"floor":12,"key":"Potion Belt"}],"event_choices":[{"damage_healed":0,"gold_gain":0,"player_choice":"Got Potions","damage_taken":0,"max_hp_gain":0,"max_hp_loss":0,"event_name":"Lab","floor":4,"gold_loss":0},{"damage_healed":0,"gold_gain":30,"player_choice":"Searched \u00273\u0027 times","damage_taken":0,"relics_obtained":["Vajra"],"max_hp_gain":0,"max_hp_loss":0,"event_name":"Dead Adventurer","floor":10,"gold_loss":0},{"damage_healed":0,"gold_gain":0,"cards_transformed":["Strike_B"],"player_choice":"Change","damage_taken":0,"max_hp_gain":0,"max_hp_loss":0,"event_name":"Living Wall","floor":11,"gold_loss":0,"cards_obtained":["Force Field"]},{"damage_healed":0,"gold_gain":0,"player_choice":"Success","damage_taken":18,"relics_obtained":["Meat on the Bone"],"max_hp_gain":0,"max_hp_loss":0,"event_name":"Scrap Ooze","floor":13,"gold_loss":0}],"is_beta":false,"boss_relics":[],"items_purged_floors":[],"is_endless":false,"potions_floor_spawned":[6,7],"killed_by":"Looter","ascension_level":20}