{"gold_per_floor":[209,219,144,144,160,160,173,173,198,29,44,64,64,128,128,231,231,250,175,195,212,229,229,264,264,287,287,11,11,30,43,43,145,145,158,171,12,12,25,54,54,71,71,71,88,88,114,125,125,125],"floor_reached":51,"playtime":4535,"items_purged":["Strike_G","Defend_G","Strike_G"],"score":771,"play_id":"99a10bfc-e15a-4096-98cc-1f2e2b29ce31","local_time":"20181028123822","is_ascension_mode":false,"campfire_choices":[{"data":"Malaise","floor":6.0,"key":"SMITH"},{"data":"Neutralize","floor":8.0,"key":"SMITH"},{"data":"Noxious Fumes","floor":13.0,"key":"SMITH"},{"data":"Well Laid Plans","floor":15.0,"key":"SMITH"},{"data":"Malaise","floor":23.0,"key":"SMITH"},{"data":"Night Terror","floor":25.0,"key":"SMITH"},{"data":"Well Laid Plans","floor":29.0,"key":"SMITH"},{"data":"Survivor","floor":32.0,"key":"SMITH"},{"data":"Wraith Form v2","floor":41,"key":"SMITH"},{"data":"Catalyst","floor":44,"key":"SMITH"},{"data":"Purity","floor":49,"key":"SMITH"}],"neow_cost":"NONE","seed_source_timestamp":5498182887993,"circlet_count":0,"master_deck":["Defend_G","Defend_G","Defend_G","Strike_G","Strike_G","Survivor+1","Neutralize+1","Malaise+1","Predator+1","Well Laid Plans+1","Terror","Noxious Fumes+1","Malaise+1","Well Laid Plans","Backflip+1","Night Terror+1","Heel Hook+1","Well Laid Plans+1","Glass Knife+1","Backflip","Purity+1","Wraith Form v2+1","Catalyst+1","Crippling Poison+1","Backflip+1"],"special_seed":0,"relics":["Ring of the Snake","Oddly Smooth Stone","Snake Skull","Velvet Choker","Mercury Hourglass","Potion Belt","Membership Card","Lizard Tail","ClockworkSouvenir","Whetstone","Ancient Tea Set","Anchor"],"potions_floor_usage":[47,50,50,50,50],"damage_taken":[{"damage":0.0,"enemies":"Jaw Worm","floor":1.0,"turns":6.0},{"damage":0.0,"enemies":"Small Slimes","floor":2.0,"turns":4.0},{"damage":4.0,"enemies":"Cultist","floor":5.0,"turns":6.0},{"damage":4.0,"enemies":"3 Louse","floor":7.0,"turns":6.0},{"damage":2.0,"enemies":"Exordium Thugs","floor":11.0,"turns":6.0},{"damage":0.0,"enemies":"Looter","floor":12.0,"turns":3.0},{"damage":6.0,"enemies":"Lagavulin Event","floor":14.0,"turns":6.0},{"damage":3.0,"enemies":"Slime Boss","floor":16.0,"turns":8.0},{"damage":0.0,"enemies":"Spheric Guardian","floor":18.0,"turns":5.0},{"damage":0.0,"enemies":"2 Thieves","floor":20.0,"turns":5.0},{"damage":2.0,"enemies":"Centurion and Healer","floor":21.0,"turns":7.0},{"damage":9.0,"enemies":"3 Cultists","floor":22.0,"turns":6.0},{"damage":23.0,"enemies":"Slavers","floor":24.0,"turns":6.0},{"damage":6.0,"enemies":"Cultist and Chosen","floor":30.0,"turns":6.0},{"damage":0.0,"enemies":"Centurion and Healer","floor":31.0,"turns":7.0},{"damage":15.0,"enemies":"Champ","floor":33.0,"turns":16.0},{"damage":18,"enemies":"3 Darklings","floor":35,"turns":5},{"damage":0,"enemies":"3 Shapes","floor":36,"turns":5},{"damage":0,"enemies":"Transient","floor":39,"turns":5},{"damage":13,"enemies":"Nemesis","floor":40,"turns":10},{"damage":0,"enemies":"3 Darklings","floor":42,"turns":5},{"damage":1,"enemies":"Writhing Mass","floor":45,"turns":5},{"damage":0,"enemies":"Reptomancer","floor":47,"turns":4},{"damage":2,"enemies":"Sphere and 2 Shapes","floor":48,"turns":5},{"damage":0,"enemies":"Awakened One","floor":50,"turns":13}],"seed_played":"3505007337400386372","potions_obtained":[{"floor":2.0,"key":"SkillPotion"},{"floor":7.0,"key":"GamblersBrew"},{"floor":11.0,"key":"Energy Potion"},{"floor":30.0,"key":"Dexterity Potion"},{"floor":31.0,"key":"PowerPotion"},{"floor":33.0,"key":"FearPotion"},{"floor":39,"key":"Swift Potion"},{"floor":40,"key":"Dexterity Potion"},{"floor":42,"key":"PowerPotion"}],"is_trial":false,"path_per_floor":["M","M","$","?","M","R","M","R","T","$","M","M","R","?","R","B",null,"M","?","M","M","M","R","E","R","T","?","$","R","M","M","R","B",null,"M","M","$","?","M","E","R","M","T","R","M","?","E","M","R","B"],"character_chosen":"THE_SILENT","items_purchased":["Well Laid Plans","Membership Card","Heel Hook","Well Laid Plans","ClockworkSouvenir"],"campfire_rested":0,"item_purchase_floors":[10,28,28,28,37],"current_hp_per_floor":[70,70,70,70,66,66,62,62,62,62,60,60,60,54,54,51,70,70,70,70,68,59,59,36,36,36,36,36,36,30,30,30,15,70,52,52,52,52,52,39,39,39,39,39,38,38,38,36,36,36],"gold":125,"neow_bonus":"HUNDRED_GOLD","is_prod":false,"is_daily":false,"chose_seed":false,"campfire_upgraded":11,"win_rate":0,"timestamp":1540701502,"path_taken":["M","M","$","?","?","R","M","R","T","$","M","M","R","?","R","BOSS","M","?","M","M","M","R","E","R","T","?","$","R","M","M","R","BOSS","M","M","$","?","M","E","R","M","T","R","M","?","E","M","R","BOSS"],"build_version":"2018-10-25v2","purchased_purges":3,"victory":true,"max_hp_per_floor":[70,70,70,70,70,70,70,70,70,70,70,70,70,70,70,70,70,70,70,70,70,70,70,70,70,70,70,70,70,70,70,70,70,70,70,70,70,70,70,70,70,70,70,70,70,70,70,70,70,70],"card_choices":[{"not_picked":["Acrobatics","Finisher","Bane"],"picked":"SKIP","floor":1.0},{"not_picked":["Riddle With Holes","Sucker Punch","PiercingWail"],"picked":"SKIP","floor":2.0},{"not_picked":["Skewer","Underhanded Strike","Blade Dance"],"picked":"SKIP","floor":5.0},{"not_picked":["Choke","Cloak And Dagger"],"picked":"Predator","floor":7.0},{"not_picked":["Slice","Concentrate"],"picked":"Terror","floor":11.0},{"not_picked":["Backflip","Cloak And Dagger"],"picked":"Noxious Fumes","floor":12.0},{"not_picked":["Envenom","Wraith Form v2"],"picked":"Malaise","floor":16.0},{"not_picked":["Blade Dance+1","Riddle With Holes+1","Poisoned Stab+1"],"picked":"SKIP","floor":18.0},{"not_picked":["Quick Slash","Backflip"],"picked":"Well Laid Plans","floor":20.0},{"not_picked":["Concentrate","Cloak And Dagger","Flechettes"],"picked":"SKIP","floor":21.0},{"not_picked":["Dodge and Roll+1","Cloak And Dagger"],"picked":"Backflip+1","floor":22.0},{"not_picked":["Dash","Distraction"],"picked":"Night Terror","floor":24.0},{"not_picked":["Terror","Blade Dance","Dagger Spray+1"],"picked":"SKIP","floor":30.0},{"not_picked":["All Out Attack","Outmaneuver","Slice"],"picked":"SKIP","floor":31.0},{"not_picked":["A Thousand Cuts","Phantasmal Killer"],"picked":"Glass Knife","floor":33.0},{"not_picked":["Deadly Poison","Skewer+1"],"picked":"Backflip","floor":35},{"not_picked":["Poisoned Stab+1","Slice+1","Outmaneuver"],"picked":"SKIP","floor":36},{"not_picked":["Mind Blast","Flash of Steel"],"picked":"Purity","floor":38},{"not_picked":["Sucker Punch","Heel Hook+1","Dodge and Roll"],"picked":"SKIP","floor":39},{"not_picked":["Sucker Punch","Heel Hook+1","Dodge and Roll"],"picked":"SKIP","floor":39},{"not_picked":["Setup+1","Riddle With Holes"],"picked":"Wraith Form v2","floor":40},{"not_picked":["Dodge and Roll+1","Terror+1"],"picked":"Catalyst","floor":42},{"not_picked":["Underhanded Strike+1","Riddle With Holes+1","Deflect+1"],"picked":"SKIP","floor":45},{"not_picked":["Escape Plan+1","Sucker Punch+1"],"picked":"Crippling Poison+1","floor":47},{"not_picked":["Outmaneuver+1","Prepared+1"],"picked":"Backflip+1","floor":48}],"player_experience":691506,"relics_obtained":[{"floor":9.0,"key":"Oddly Smooth Stone"},{"floor":14.0,"key":"Snake Skull"},{"floor":24.0,"key":"Mercury Hourglass"},{"floor":26.0,"key":"Potion Belt"},{"floor":40,"key":"Whetstone"},{"floor":43,"key":"Ancient Tea Set"},{"floor":47,"key":"Anchor"}],"event_choices":[{"damage_healed":0.0,"max_hp_gain":0.0,"max_hp_loss":0.0,"gold_gain":0.0,"cards_transformed":["Strike_G"],"event_name":"Living Wall","player_choice":"Change","floor":4.0,"gold_loss":0.0,"damage_taken":0.0,"cards_obtained":["Malaise"]},{"damage_healed":0.0,"max_hp_gain":0.0,"max_hp_loss":0.0,"gold_gain":0.0,"event_name":"Dead Adventurer","player_choice":"Searched \u00271\u0027 times","floor":14.0,"gold_loss":0.0,"damage_taken":0.0},{"cards_removed":["Defend_G"],"damage_healed":0.0,"max_hp_gain":0.0,"max_hp_loss":0.0,"gold_gain":0.0,"event_name":"Beggar","player_choice":"Gave Gold","floor":19.0,"gold_loss":75.0,"damage_taken":0.0},{"damage_healed":0.0,"max_hp_gain":0.0,"max_hp_loss":0.0,"gold_gain":0.0,"event_name":"Vampires","player_choice":"Ignored","floor":27.0,"gold_loss":0.0,"damage_taken":0.0},{"damage_healed":0,"gold_gain":0,"player_choice":"Memory 1","damage_taken":0,"max_hp_gain":0,"max_hp_loss":0,"event_name":"SensoryStone","floor":38,"gold_loss":0},{"damage_healed":0,"gold_gain":0,"player_choice":"Upgraded","damage_taken":0,"max_hp_gain":0,"max_hp_loss":0,"event_name":"Upgrade Shrine","floor":46,"gold_loss":0,"cards_upgraded":["Glass Knife"]}],"is_beta":false,"boss_relics":[{"not_picked":["Empty Cage","Tiny House"],"picked":"Velvet Choker"},{"not_picked":["Pandora\u0027s Box","Eternal Feather"],"picked":"Lizard Tail"}],"items_purged_floors":[3,10,37],"is_endless":false,"potions_floor_spawned":[2,7,11,16,30,31,33,39,40,42,45],"ascension_level":0}