{"gold_per_floor":[115,115,31,31,47,78,78,78,102,102,112,132,132,232,232,303,303,275,65,84,9,24,24,36,67,67,85,85,98,98,13,13,85,85,97,0,100,113,126,126,157,157,157,175,175,195,228,245,245,245,245,245,245,152,186,186],"floor_reached":57,"playtime":2484,"items_purged":["Defend_G","Defend_G"],"score":2924,"play_id":"9ffe5f2b-d29a-40fe-bea4-ae764e4b9290","local_time":"20190103212335","is_ascension_mode":true,"campfire_choices":[{"data":"Catalyst","floor":7.0,"key":"SMITH"},{"data":"Poisoned Stab","floor":10.0,"key":"SMITH"},{"data":"Deadly Poison","floor":13.0,"key":"SMITH"},{"data":"Neutralize","floor":15.0,"key":"SMITH"},{"data":"Tools of the Trade","floor":23.0,"key":"SMITH"},{"data":"After Image","floor":28.0,"key":"SMITH"},{"data":"Survivor","floor":30.0,"key":"SMITH"},{"floor":32.0,"key":"RECALL"},{"data":"Tactician","floor":40.0,"key":"SMITH"},{"data":"Burst","floor":49.0,"key":"SMITH"},{"data":"Tactician","floor":53.0,"key":"SMITH"}],"neow_cost":"NONE","seed_source_timestamp":31426379573617,"circlet_count":0,"master_deck":["AscendersBane","Defend_G","Defend_G","Strike_G","Strike_G","Strike_G","Strike_G","Strike_G","Survivor+1","Neutralize+1","Catalyst+1","After Image+1","Poisoned Stab+1","Wraith Form v2+1","Deadly Poison+1","Tools of the Trade+1","Wraith Form v2+1","Deadly Poison+1","Deadly Poison+1","Night Terror","Tactician+1","Bouncing Flask+1","Burst+1","Tactician+1","Corpse Explosion","Bullet Time"],"special_seed":0,"relics":["Ring of the Snake","NeowsBlessing","Pantograph","Bird Faced Urn","Blood Vial","Runic Pyramid","DollysMirror","Ornamental Fan","Question Card","Smiling Mask","Snecko Eye","Red Mask","Mango","Du-Vu Doll","The Courier","Anchor"],"potions_floor_usage":[56,56],"damage_taken":[{"damage":0.0,"enemies":"2 Louse","floor":1.0,"turns":1.0},{"damage":0.0,"enemies":"Cultist","floor":5.0,"turns":1.0},{"damage":0.0,"enemies":"Lagavulin","floor":6.0,"turns":1.0},{"damage":1.0,"enemies":"Jaw Worm","floor":11.0,"turns":5.0},{"damage":3.0,"enemies":"Blue Slaver","floor":12.0,"turns":3.0},{"damage":65.0,"enemies":"Slime Boss","floor":16.0,"turns":13.0},{"damage":11.0,"enemies":"2 Thieves","floor":18.0,"turns":4.0},{"damage":1.0,"enemies":"Shell Parasite","floor":20.0,"turns":6.0},{"damage":10.0,"enemies":"Centurion and Healer","floor":22.0,"turns":8.0},{"damage":10.0,"enemies":"Chosen and Byrds","floor":24.0,"turns":8.0},{"damage":42.0,"enemies":"Slavers","floor":25.0,"turns":11.0},{"damage":4.0,"enemies":"Snake Plant","floor":27.0,"turns":5.0},{"damage":13.0,"enemies":"Shelled Parasite and Fungi","floor":29.0,"turns":6.0},{"damage":42.0,"enemies":"Automaton","floor":33.0,"turns":11.0},{"damage":0.0,"enemies":"3 Darklings","floor":35.0,"turns":8.0},{"damage":0.0,"enemies":"Mind Bloom Boss Battle","floor":37.0,"turns":6.0},{"damage":4.0,"enemies":"3 Shapes","floor":38.0,"turns":4.0},{"damage":0.0,"enemies":"Maw","floor":39.0,"turns":4.0},{"damage":15.0,"enemies":"Reptomancer","floor":41.0,"turns":5.0},{"damage":24.0,"enemies":"4 Shapes","floor":44.0,"turns":8.0},{"damage":7.0,"enemies":"3 Darklings","floor":46.0,"turns":6.0},{"damage":0.0,"enemies":"Nemesis","floor":47.0,"turns":9.0},{"damage":0.0,"enemies":"Transient","floor":48.0,"turns":6.0},{"damage":0.0,"enemies":"Donu and Deca","floor":50.0,"turns":3.0},{"damage":24.0,"enemies":"Time Eater","floor":51.0,"turns":7.0},{"damage":4,"enemies":"Shield and Spear","floor":55,"turns":4},{"damage":59,"enemies":"The Heart","floor":56,"turns":7}],"seed_played":"9012387378845044100","potions_obtained":[{"floor":6.0,"key":"AttackPotion"},{"floor":11.0,"key":"Weak Potion"},{"floor":18.0,"key":"EssenceOfSteel"},{"floor":46.0,"key":"GhostInAJar"},{"floor":47.0,"key":"SkillPotion"}],"is_trial":false,"path_per_floor":["M","?","$","?","M","E","R","?","T","R","M","M","R","?","R","B",null,"M","$","M","$","M","R","M","E","T","M","R","M","R","?","R","B",null,"M","?","?","M","M","R","E","?","T","M","?","M","E","M","R","B","B",null,"R","$","E","B",null],"character_chosen":"THE_SILENT","items_purchased":["After Image","DollysMirror","Poison Potion"],"campfire_rested":0,"item_purchase_floors":[3,19,54],"current_hp_per_floor":[59,64,64,53,53,53,53,53,53,53,56,57,57,57,57,6,55,52,52,61,61,61,61,61,29,29,35,35,32,32,32,32,23,59,69,69,85,83,85,85,72,72,72,58,58,61,75,81,81,81,63,77,77,77,79,28],"gold":186,"neow_bonus":"THREE_ENEMY_KILL","is_prod":false,"is_daily":false,"chose_seed":false,"campfire_upgraded":10,"win_rate":0,"timestamp":1546521815,"path_taken":["M","?","$","?","M","E","R","?","T","R","M","?","R","?","R","BOSS","M","$","M","$","M","R","M","E","T","M","R","M","R","?","R","BOSS","M","?","?","M","M","R","E","?","T","M","?","?","E","M","R","BOSS","BOSS","R","$","E","BOSS"],"build_version":"2018-12-20","purchased_purges":2,"victory":true,"max_hp_per_floor":[66,71,71,71,71,71,71,71,71,71,71,71,71,71,71,71,71,71,71,71,71,71,71,71,71,71,71,71,71,71,71,71,71,71,71,71,85,85,85,85,85,81,81,81,81,81,81,81,81,81,81,81,81,81,81,81],"card_choices":[{"not_picked":["Dagger Throw","Backstab"],"picked":"Catalyst","floor":1.0},{"not_picked":["Eviscerate","Slice"],"picked":"Poisoned Stab","floor":5.0},{"not_picked":["PiercingWail","Outmaneuver"],"picked":"Wraith Form v2","floor":6.0},{"not_picked":["Expertise","Acrobatics"],"picked":"Deadly Poison","floor":11.0},{"not_picked":["Blade Dance","Finisher","Dash"],"picked":"SKIP","floor":12.0},{"not_picked":["Storm of Steel","Unload"],"picked":"Tools of the Trade","floor":16.0},{"not_picked":["Sucker Punch","Predator","Dagger Spray+1"],"picked":"SKIP","floor":18.0},{"not_picked":["Acrobatics","Quick Slash","Deflect"],"picked":"SKIP","floor":20.0},{"not_picked":["Leg Sweep","Bane","Outmaneuver"],"picked":"SKIP","floor":22.0},{"not_picked":["Distraction","Acrobatics","Reflex"],"picked":"SKIP","floor":24.0},{"not_picked":["Sucker Punch","Blade Dance"],"picked":"Deadly Poison+1","floor":25.0},{"not_picked":["Dodge and Roll","Terror","Quick Slash","Eviscerate+1"],"picked":"SKIP","floor":27.0},{"not_picked":["Blur","Flying Knee","PiercingWail"],"picked":"Deadly Poison+1","floor":29.0},{"not_picked":["After Image","Glass Knife","Wraith Form v2"],"picked":"Night Terror","floor":33.0},{"not_picked":["Reflex+1","Dodge and Roll","Cloak And Dagger"],"picked":"Tactician","floor":35.0},{"not_picked":["Dash","Flying Knee","Dodge and Roll+1"],"picked":"Bouncing Flask+1","floor":37.0},{"not_picked":["Quick Slash","Dagger Throw","Caltrops+1"],"picked":"Burst","floor":38.0},{"not_picked":["Cloak And Dagger","Deadly Poison+1","Prepared+1","Poisoned Stab"],"picked":"SKIP","floor":39.0},{"not_picked":["Acrobatics","Backflip","Deadly Poison+1"],"picked":"Tactician","floor":41.0},{"not_picked":["Slice","Riddle With Holes+1","Acrobatics","Infinite Blades"],"picked":"SKIP","floor":44.0},{"not_picked":["Setup","Acrobatics+1","Cloak And Dagger+1","Slice"],"picked":"SKIP","floor":46.0},{"not_picked":["Acrobatics+1","Crippling Poison+1","Blur"],"picked":"Bullet Time","floor":47.0},{"not_picked":["Acrobatics+1","Slice","Dagger Spray","Dodge and Roll"],"picked":"SKIP","floor":48.0},{"not_picked":["Dagger Throw","PiercingWail","Eviscerate","Flying Knee"],"picked":"SKIP","floor":55}],"player_experience":1704452,"relics_obtained":[{"floor":6.0,"key":"Bird Faced Urn"},{"floor":9.0,"key":"Blood Vial"},{"floor":25.0,"key":"Ornamental Fan"},{"floor":26.0,"key":"Question Card"},{"floor":37.0,"key":"Mango"},{"floor":41.0,"key":"Du-Vu Doll"},{"floor":47.0,"key":"The Courier"},{"floor":55,"key":"Anchor"}],"event_choices":[{"damage_healed":0.0,"max_hp_gain":5.0,"max_hp_loss":0.0,"gold_gain":0.0,"event_name":"Big Fish","player_choice":"Donut","floor":2.0,"gold_loss":0.0,"damage_taken":0.0},{"damage_healed":0.0,"max_hp_gain":0.0,"max_hp_loss":0.0,"gold_gain":0.0,"event_name":"Scrap Ooze","player_choice":"Success","floor":4.0,"gold_loss":0.0,"damage_taken":11.0,"relics_obtained":["Pantograph"]},{"damage_healed":0.0,"max_hp_gain":0.0,"max_hp_loss":0.0,"gold_gain":0.0,"event_name":"Upgrade Shrine","player_choice":"Upgraded","floor":8.0,"gold_loss":0.0,"damage_taken":0.0,"cards_upgraded":["Wraith Form v2"]},{"damage_healed":0.0,"max_hp_gain":0.0,"max_hp_loss":0.0,"gold_gain":100.0,"event_name":"Wheel of Change","player_choice":"Gold","floor":14.0,"gold_loss":0.0,"damage_taken":0.0},{"damage_healed":0.0,"max_hp_gain":0.0,"max_hp_loss":0.0,"gold_gain":0.0,"event_name":"Addict","player_choice":"Obtained Relic","floor":31.0,"gold_loss":85.0,"damage_taken":0.0,"relics_obtained":["Smiling Mask"]},{"damage_healed":0.0,"max_hp_gain":0.0,"max_hp_loss":0.0,"gold_gain":0.0,"event_name":"Tomb of Lord Red Mask","player_choice":"Paid","floor":36.0,"gold_loss":97.0,"damage_taken":0.0,"relics_obtained":["Red Mask"]},{"damage_healed":0.0,"max_hp_gain":0.0,"max_hp_loss":0.0,"gold_gain":0.0,"event_name":"MindBloom","player_choice":"Fight","floor":37.0,"gold_loss":0.0,"damage_taken":0.0},{"damage_healed":0.0,"max_hp_gain":0.0,"max_hp_loss":4.0,"gold_gain":0.0,"event_name":"Winding Halls","player_choice":"Max HP","floor":42.0,"gold_loss":0.0,"damage_taken":0.0},{"damage_healed":0.0,"max_hp_gain":0.0,"max_hp_loss":0.0,"gold_gain":0.0,"cards_transformed":["Defend_G"],"event_name":"Transmorgrifier","player_choice":"Transformed","floor":45.0,"gold_loss":0.0,"damage_taken":0.0,"cards_obtained":["Corpse Explosion"]}],"is_beta":false,"boss_relics":[{"not_picked":["Eternal Feather","Astrolabe"],"picked":"Runic Pyramid"},{"not_picked":["Velvet Choker","Lizard Tail"],"picked":"Snecko Eye"}],"items_purged_floors":[21,54],"is_endless":false,"potions_floor_spawned":[6,11,12,18,22,24,33,35,37,44,46,47,48,55],"ascension_level":20}