{"gold_per_floor":[116,116,116,5,25,25,25,44,90,90,90,105,21,48,48,48],"floor_reached":16,"playtime":499,"items_purged":[],"score":200,"play_id":"20a1c657-18c9-4c9a-b8e6-235a120d8cf9","local_time":"20190221171913","is_ascension_mode":true,"campfire_choices":[{"data":"Loop","floor":6,"key":"SMITH"},{"data":"Capacitor","floor":15,"key":"SMITH"}],"neow_cost":"NONE","seed_source_timestamp":18555214976841,"circlet_count":0,"master_deck":["AscendersBane","Strike_B","Strike_B","Strike_B","Strike_B","Defend_B","Defend_B","Defend_B","Defend_B","Zap","Dualcast","Capacitor+1","Self Repair","Glacier","Loop+1","Rip and Tear","Self Repair","Coolheaded"],"relics":["Cracked Core","NeowsBlessing","Pear","Orichalcum","Smiling Mask","Shuriken"],"potions_floor_usage":[5,11,14,16],"damage_taken":[{"damage":0,"enemies":"Jaw Worm","floor":1,"turns":1},{"damage":0,"enemies":"Cultist","floor":5,"turns":1},{"damage":0,"enemies":"Small Slimes","floor":8,"turns":1},{"damage":0,"enemies":"Gremlin Gang","floor":11,"turns":1},{"damage":22,"enemies":"Lots of Slimes","floor":12,"turns":6},{"damage":10,"enemies":"Lagavulin","floor":14,"turns":14},{"damage":47,"enemies":"Hexaghost","floor":16,"turns":12}],"seed_played":"8417736146773929735","potions_obtained":[{"floor":3,"key":"SmokeBomb"},{"floor":3,"key":"Fruit Juice"},{"floor":5,"key":"Energy Potion"},{"floor":12,"key":"SkillPotion"}],"is_trial":false,"path_per_floor":["M","?","?","$","M","R","T","M","T","?","M","M","$","E","R","B"],"character_chosen":"DEFECT","items_purchased":["Self Repair","Glacier","Fire Potion","Coolheaded"],"campfire_rested":0,"item_purchase_floors":[4,4,13,13],"current_hp_per_floor":[64,39,39,39,44,44,44,51,51,51,51,36,36,40,40,0],"gold":48,"neow_bonus":"THREE_ENEMY_KILL","is_prod":false,"is_daily":false,"chose_seed":false,"campfire_upgraded":2,"win_rate":0,"timestamp":1550740753,"path_taken":["M","?","?","$","?","R","?","?","T","?","?","M","$","E","R","BOSS"],"build_version":"2019-01-23","purchased_purges":0,"victory":false,"max_hp_per_floor":[71,81,81,81,86,86,86,86,86,86,86,86,86,86,86,86],"card_choices":[{"not_picked":["Conserve Battery","Go for the Eyes"],"picked":"Capacitor","floor":1},{"not_picked":["Heatsinks","Doom and Gloom"],"picked":"Loop","floor":5},{"not_picked":["Turbo","Conserve Battery"],"picked":"Rip and Tear","floor":8},{"not_picked":["Hello World","Barrage"],"picked":"Self Repair","floor":12},{"not_picked":["Turbo","Conserve Battery","Go for the Eyes"],"picked":"SKIP","floor":14}],"player_experience":3008440,"relics_obtained":[{"floor":7,"key":"Orichalcum"},{"floor":14,"key":"Shuriken"}],"event_choices":[{"damage_healed":0,"gold_gain":0,"player_choice":"Success","damage_taken":35,"relics_obtained":["Pear"],"max_hp_gain":0,"max_hp_loss":0,"event_name":"Scrap Ooze","floor":2,"gold_loss":0},{"damage_healed":0,"gold_gain":0,"player_choice":"Got Potions","damage_taken":0,"max_hp_gain":0,"max_hp_loss":0,"event_name":"Lab","floor":3,"gold_loss":0},{"damage_healed":0,"gold_gain":0,"player_choice":"Gave Potion","damage_taken":0,"relics_obtained":["Smiling Mask"],"max_hp_gain":0,"max_hp_loss":0,"event_name":"WeMeetAgain","floor":10,"gold_loss":0}],"is_beta":false,"boss_relics":[],"items_purged_floors":[],"is_endless":false,"potions_floor_spawned":[5,12],"killed_by":"Hexaghost","ascension_level":20}