{"gold_per_floor":[116,175,194,208,208,235,300,300,346,10,10,10,10,10,10,10],"floor_reached":16,"playtime":937,"items_purged":[],"score":96,"play_id":"3921ae0d-aa79-4bfd-b110-1e0fc3d69c67","local_time":"20190709122806","is_ascension_mode":false,"campfire_choices":[{"data":"Uppercut","floor":8,"key":"SMITH"},{"data":"Bludgeon","floor":11,"key":"SMITH"},{"floor":15,"key":"REST"}],"neow_cost":"PERCENT_DAMAGE","seed_source_timestamp":1432250966832173,"circlet_count":0,"master_deck":["Strike_R","Strike_R","Strike_R","Strike_R","Strike_R","Defend_R","Defend_R","Defend_R","Defend_R","Bash","Carnage","Pommel Strike","Spot Weakness","Uppercut+1","Bludgeon+1","Deep Breath"],"relics":["Burning Blood","Bird Faced Urn","Bag of Marbles","Juzu Bracelet","Smiling Mask","Happy Flower","Tiny Chest","Lantern","Orichalcum"],"potions_floor_usage":[6,7],"damage_taken":[{"damage":13,"enemies":"Cultist","floor":1,"turns":5},{"damage":5,"enemies":"Jaw Worm","floor":3,"turns":4},{"damage":0,"enemies":"2 Louse","floor":4,"turns":2},{"damage":25,"enemies":"Gremlin Nob","floor":6,"turns":5},{"damage":14,"enemies":"Gremlin Nob","floor":7,"turns":3},{"damage":47,"enemies":"The Guardian","floor":16,"turns":7}],"seed_played":"7645280021540005124","potions_obtained":[{"floor":1,"key":"SpeedPotion"},{"floor":6,"key":"SteroidPotion"}],"is_trial":false,"path_per_floor":["M","?","M","M","?","E","?","R","T","$","R","?","?","?","R","B"],"character_chosen":"IRONCLAD","items_purchased":["Bludgeon","Tiny Chest","Lantern"],"campfire_rested":1,"item_purchase_floors":[10,10,10],"current_hp_per_floor":[49,49,50,56,44,25,17,17,17,17,17,17,17,17,41,0],"gold":10,"neow_bonus":"ONE_RARE_RELIC","is_prod":false,"is_daily":false,"chose_seed":false,"campfire_upgraded":2,"win_rate":0.0,"timestamp":1562664486,"path_taken":["M","?","M","M","?","E","?","R","T","?","R","?","?","?","R","BOSS"],"build_version":"2019-07-05","purchased_purges":0,"victory":false,"max_hp_per_floor":[80,80,80,80,80,80,80,80,80,80,80,80,80,80,80,80],"card_choices":[{"not_picked":["Feel No Pain","Anger"],"picked":"Carnage","floor":1},{"not_picked":["Clothesline","Twin Strike"],"picked":"Pommel Strike","floor":3},{"not_picked":["Flex","Anger"],"picked":"Spot Weakness","floor":4},{"not_picked":["Seeing Red","Cleave"],"picked":"Uppercut","floor":6},{"not_picked":["Sever Soul","Heavy Blade"],"picked":"Flex","floor":7}],"player_experience":29408,"relics_obtained":[{"floor":6,"key":"Juzu Bracelet"},{"floor":7,"key":"Smiling Mask"},{"floor":9,"key":"Happy Flower"}],"event_choices":[{"damage_healed":0,"gold_gain":59,"player_choice":"Gained Gold","damage_taken":0,"max_hp_gain":0,"max_hp_loss":0,"event_name":"Golden Wing","floor":2,"gold_loss":0},{"damage_healed":0,"gold_gain":0,"player_choice":"Success","damage_taken":12,"relics_obtained":["Bag of Marbles"],"max_hp_gain":0,"max_hp_loss":0,"event_name":"Scrap Ooze","floor":5,"gold_loss":0},{"damage_healed":0,"gold_gain":30,"player_choice":"Searched \u00272\u0027 times","damage_taken":0,"max_hp_gain":0,"max_hp_loss":0,"event_name":"Dead Adventurer","floor":7,"gold_loss":0},{"damage_healed":0,"gold_gain":0,"player_choice":"Ignored","damage_taken":0,"max_hp_gain":0,"max_hp_loss":0,"event_name":"Liars Game","floor":12,"gold_loss":0},{"cards_removed":["Flex"],"damage_healed":0,"gold_gain":0,"player_choice":"Gave Card","damage_taken":0,"relics_obtained":["Orichalcum"],"max_hp_gain":0,"max_hp_loss":0,"event_name":"WeMeetAgain","floor":13,"gold_loss":0},{"damage_healed":0,"gold_gain":0,"player_choice":"1 cards matched","damage_taken":0,"max_hp_gain":0,"max_hp_loss":0,"event_name":"Match and Keep!","floor":14,"gold_loss":0,"cards_obtained":["Deep Breath"]}],"is_beta":false,"boss_relics":[],"items_purged_floors":[],"is_endless":false,"potions_floor_spawned":[1,6],"killed_by":"The Guardian","ascension_level":0}