{"gold_per_floor":[111,124,124,94,108,108,139,139],"floor_reached":8,"playtime":196,"items_purged":[],"score":112,"play_id":"007c7a39-4c4d-410a-b75f-7c663f130c6c","local_time":"20190417182310","is_ascension_mode":true,"campfire_choices":[{"data":"Fusion","floor":6,"key":"SMITH"}],"neow_cost":"TEN_PERCENT_HP_LOSS","seed_source_timestamp":711935563912931,"circlet_count":0,"master_deck":["AscendersBane","Strike_B","Defend_B","Defend_B","Defend_B","Defend_B","Zap","Dualcast","Fusion+1","FTL","Ball Lightning","Chaos","Gash","Consume"],"relics":["Cracked Core","Ornamental Fan"],"potions_floor_usage":[],"damage_taken":[{"damage":0,"enemies":"2 Louse","floor":1,"turns":2},{"damage":7,"enemies":"Jaw Worm","floor":2,"turns":3},{"damage":1,"enemies":"Cultist","floor":5,"turns":3},{"damage":50,"enemies":"3 Sentries","floor":7,"turns":9},{"damage":0,"enemies":"3 Louse","floor":8,"turns":1}],"seed_played":"-2721658804153381101","potions_obtained":[{"floor":4,"key":"LiquidBronze"},{"floor":4,"key":"PowerPotion"}],"is_trial":false,"path_per_floor":["M","M","?","?","M","R","E","M"],"character_chosen":"DEFECT","items_purchased":[],"campfire_rested":0,"item_purchase_floors":[],"current_hp_per_floor":[64,57,57,57,56,56,6,6],"gold":139,"neow_bonus":"TRANSFORM_TWO_CARDS","is_prod":false,"is_daily":false,"chose_seed":false,"campfire_upgraded":1,"win_rate":0,"timestamp":1555496590,"path_taken":["M","M","?","?","?","R","E","M"],"build_version":"2019-01-23","purchased_purges":0,"victory":false,"max_hp_per_floor":[64,64,64,64,64,64,64,64],"card_choices":[{"not_picked":["Sweeping Beam","Barrage"],"picked":"Ball Lightning","floor":1},{"not_picked":["Self Repair","Sweeping Beam"],"picked":"Chaos","floor":2},{"not_picked":["Sweeping Beam","Beam Cell","Streamline"],"picked":"SKIP","floor":5},{"not_picked":["Fission","BootSequence"],"picked":"Consume","floor":7}],"player_experience":1425438,"relics_obtained":[{"floor":7,"key":"Ornamental Fan"}],"event_choices":[{"damage_healed":0,"gold_gain":0,"cards_transformed":["Strike_B"],"player_choice":"Change","damage_taken":0,"max_hp_gain":0,"max_hp_loss":0,"event_name":"Living Wall","floor":3,"gold_loss":0,"cards_obtained":["Gash"]},{"damage_healed":0,"gold_gain":0,"player_choice":"Bought 2 Potions","damage_taken":0,"max_hp_gain":0,"max_hp_loss":0,"event_name":"The Woman in Blue","floor":4,"gold_loss":0}],"is_beta":false,"boss_relics":[],"items_purged_floors":[],"is_endless":false,"potions_floor_spawned":[7],"killed_by":"3 Louse","ascension_level":20}