{"gold_per_floor":[112,112,127,46,65,92,92,8,86,86,101,101,101],"floor_reached":13,"playtime":248,"items_purged":[],"score":166,"play_id":"a0a8990f-19bf-42bd-9d76-910d6e6f09c8","local_time":"20190116212714","is_ascension_mode":true,"campfire_choices":[{"data":"Glass Knife","floor":7,"key":"SMITH"},{"data":"Noxious Fumes","floor":10,"key":"SMITH"},{"data":"Catalyst","floor":12,"key":"SMITH"}],"neow_cost":"NONE","seed_source_timestamp":37886899523617,"circlet_count":0,"master_deck":["AscendersBane","Defend_G","Defend_G","Defend_G","Defend_G","Defend_G","Strike_G","Strike_G","Strike_G","Strike_G","Strike_G","Survivor","Neutralize","Catalyst+1","Well Laid Plans","Glass Knife+1","Noxious Fumes+1","Bane+1"],"relics":["Ring of the Snake","NeowsBlessing","Potion Belt","Molten Egg 2"],"potions_floor_usage":[6,11],"damage_taken":[{"damage":0,"enemies":"Cultist","floor":1,"turns":1},{"damage":0,"enemies":"Jaw Worm","floor":3,"turns":1},{"damage":0,"enemies":"Small Slimes","floor":5,"turns":1},{"damage":38,"enemies":"Gremlin Nob","floor":6,"turns":6},{"damage":12,"enemies":"Exordium Thugs","floor":11,"turns":4},{"damage":2,"enemies":"Lagavulin","floor":13,"turns":5}],"seed_played":"-5177051005690442092","potions_obtained":[{"floor":5,"key":"Block Potion"},{"floor":6,"key":"Energy Potion"}],"is_trial":false,"path_per_floor":["M","T","M","$","M","E","R","$","T","R","M","R","E"],"character_chosen":"THE_SILENT","items_purchased":["Well Laid Plans","Noxious Fumes"],"campfire_rested":0,"item_purchase_floors":[4,8],"current_hp_per_floor":[59,59,59,59,59,21,21,21,21,21,9,9,7],"gold":101,"neow_bonus":"THREE_ENEMY_KILL","is_prod":false,"is_daily":false,"chose_seed":false,"campfire_upgraded":3,"win_rate":0,"timestamp":1547645234,"path_taken":["M","?","?","?","M","E","R","$","T","R","?","R","E"],"build_version":"2019-01-10","purchased_purges":0,"victory":false,"max_hp_per_floor":[66,66,66,66,66,66,66,66,66,66,66,66,66],"card_choices":[{"not_picked":["Blade Dance","Acrobatics"],"picked":"Catalyst","floor":1},{"not_picked":["Blade Dance","Quick Slash","Underhanded Strike"],"picked":"SKIP","floor":3},{"not_picked":["Flying Knee","Blade Dance"],"picked":"Glass Knife","floor":5},{"not_picked":["Underhanded Strike","Terror","Deflect"],"picked":"SKIP","floor":6},{"not_picked":["Blur","Endless Agony+1","Bane+1"],"picked":"SKIP","floor":11},{"not_picked":["Blur","Endless Agony+1"],"picked":"Bane+1","floor":11}],"player_experience":1961188,"relics_obtained":[{"floor":6,"key":"Potion Belt"},{"floor":9,"key":"Molten Egg 2"}],"event_choices":[],"is_beta":false,"boss_relics":[],"items_purged_floors":[],"is_endless":false,"potions_floor_spawned":[5,6],"killed_by":"Lagavulin","ascension_level":20}