{"gold_per_floor":[365,382,398,428,444,444,456,476,549,400,400,252,265,265,265,386,386,401,414,414,429,354,354,9,9,34,107,132,132,132,150,150,281,281,296,296,57,77,77,77,100,143,189,189,205,6,6,22,22,22],"floor_reached":51,"playtime":1812,"items_purged":["Strike_B","Strike_B","Defend_B"],"score":744,"play_id":"6e9e359d-5d28-4ca9-aefd-2ec4739c666d","local_time":"20190615200337","is_ascension_mode":false,"campfire_choices":[{"data":"Dualcast","floor":6.0,"key":"SMITH"},{"data":"Defragment","floor":11.0,"key":"SMITH"},{"data":"Loop","floor":15.0,"key":"SMITH"},{"data":"Coolheaded","floor":23.0,"key":"SMITH"},{"data":"Creative AI","floor":25.0,"key":"SMITH"},{"data":"Heatsinks","floor":29.0,"key":"SMITH"},{"data":"Amplify","floor":32.0,"key":"SMITH"},{"floor":44,"key":"REST"},{"floor":47,"key":"REST"},{"floor":49,"key":"REST"}],"neow_cost":"PERCENT_DAMAGE","seed_source_timestamp":3474265394680,"circlet_count":0,"master_deck":["Defend_B","Defend_B","Zap","Dualcast+1","Hologram","Core Surge","Capacitor","Double Energy","Defragment+1","Electrodynamics","Loop+1","Coolheaded+1","Chill","Creative AI+1","Recycle+1","Heatsinks+1","Double Energy+1","Amplify+1","Defragment","Consume+1","Coolheaded+1"],"special_seed":0,"relics":["Cracked Core","Tiny Chest","Pantograph","Golden Idol","Empty Cage","Shovel","Lantern","Blood Vial","Matryoshka","Velvet Choker","Mummified Hand","Gremlin Horn","Toxic Egg 2","Pen Nib","Bag of Marbles","Strawberry","ClockworkSouvenir"],"potions_floor_usage":[41,41,45,50,50],"damage_taken":[{"damage":1.0,"enemies":"Cultist","floor":1.0,"turns":3.0},{"damage":0.0,"enemies":"2 Louse","floor":2.0,"turns":2.0},{"damage":0.0,"enemies":"Small Slimes","floor":3.0,"turns":2.0},{"damage":4.0,"enemies":"Blue Slaver","floor":5.0,"turns":3.0},{"damage":0.0,"enemies":"2 Fungi Beasts","floor":7.0,"turns":2.0},{"damage":0.0,"enemies":"Exordium Wildlife","floor":8.0,"turns":3.0},{"damage":13.0,"enemies":"Lots of Slimes","floor":13.0,"turns":3.0},{"damage":0.0,"enemies":"Slime Boss","floor":16.0,"turns":6.0},{"damage":0.0,"enemies":"3 Byrds","floor":18.0,"turns":1.0},{"damage":0.0,"enemies":"Shell Parasite","floor":19.0,"turns":11.0},{"damage":9.0,"enemies":"Sentry and Sphere","floor":21.0,"turns":6.0},{"damage":21.0,"enemies":"Snake Plant","floor":28.0,"turns":4.0},{"damage":0.0,"enemies":"3 Cultists","floor":31.0,"turns":2.0},{"damage":25.0,"enemies":"Automaton","floor":33.0,"turns":12.0},{"damage":0,"enemies":"3 Shapes","floor":35,"turns":2},{"damage":12,"enemies":"3 Darklings","floor":38,"turns":6},{"damage":13,"enemies":"Transient","floor":41,"turns":5},{"damage":24,"enemies":"Giant Head","floor":42,"turns":9},{"damage":11,"enemies":"Writhing Mass","floor":45,"turns":5},{"damage":31,"enemies":"3 Darklings","floor":48,"turns":3},{"damage":28,"enemies":"Time Eater","floor":50,"turns":8}],"seed_played":"-4694634035339435982","potions_obtained":[{"floor":2.0,"key":"Fire Potion"},{"floor":3.0,"key":"SkillPotion"},{"floor":7.0,"key":"Block Potion"},{"floor":21.0,"key":"Fire Potion"},{"floor":31.0,"key":"LiquidBronze"},{"floor":38,"key":"PowerPotion"},{"floor":41,"key":"Swift Potion"},{"floor":48,"key":"LiquidBronze"}],"is_trial":false,"path_per_floor":["M","M","M","?","M","R","M","M","T","$","R","$","M","?","R","B",null,"M","M","?","M","?","R","$","R","T","T","M","R","$","M","R","B",null,"M","?","$","M","T","?","M","E","T","R","M","$","R","M","R","B",null],"character_chosen":"DEFECT","items_purchased":["Loop","Coolheaded","Heatsinks","Lantern","Mummified Hand","ClockworkSouvenir"],"campfire_rested":3,"item_purchase_floors":[10,12,24,24,37,46],"current_hp_per_floor":[53,53,53,41,37,37,37,37,37,37,37,37,24,6,6,31,75,75,75,75,66,66,66,66,66,66,66,47,47,47,49,49,50,75,75,75,75,63,63,63,52,30,37,61,52,52,76,47,71,54],"gold":22,"neow_bonus":"TWO_FIFTY_GOLD","is_prod":false,"is_daily":false,"chose_seed":false,"campfire_upgraded":7,"win_rate":0,"timestamp":1560600217,"path_taken":["M","M","M","?","M","R","M","M","T","$","R","$","M","?","R","BOSS","M","M","?","M","?","R","$","R","T","?","M","R","$","M","R","BOSS","M","?","$","M","?","?","?","E","T","R","M","?","R","M","R","BOSS"],"build_version":"2019-01-23","purchased_purges":3,"victory":true,"max_hp_per_floor":[75,75,75,75,75,75,75,75,75,75,75,75,75,75,75,75,75,75,75,75,75,75,75,75,75,75,75,75,75,75,75,75,75,75,75,75,75,75,75,75,75,75,82,82,82,82,82,82,82,82],"card_choices":[{"not_picked":["Steam","Steam Power"],"picked":"Hologram","floor":1.0},{"not_picked":["Skim","Barrage"],"picked":"Core Surge","floor":2.0},{"not_picked":["Rebound","Redo"],"picked":"Capacitor","floor":3.0},{"not_picked":["Go for the Eyes","Leap"],"picked":"Double Energy","floor":5.0},{"not_picked":["Steam","Turbo"],"picked":"Defragment","floor":7.0},{"not_picked":["Consume","Rebound"],"picked":"Electrodynamics","floor":8.0},{"not_picked":["Double Energy","Compile Driver"],"picked":"Chill","floor":13.0},{"not_picked":["Reboot","All For One"],"picked":"Creative AI","floor":16.0},{"not_picked":["Rip and Tear+1","Gash","Chaos"],"picked":"SKIP","floor":18.0},{"not_picked":["Hologram+1","Leap+1","Conserve Battery"],"picked":"SKIP","floor":19.0},{"not_picked":["Hologram","Rebound"],"picked":"Recycle+1","floor":21.0},{"not_picked":["Static Discharge","Conserve Battery"],"picked":"Double Energy+1","floor":28.0},{"not_picked":["Streamline","Coolheaded+1"],"picked":"Amplify","floor":31.0},{"not_picked":["Gash+1","Rip and Tear+1","Rebound"],"picked":"SKIP","floor":35},{"not_picked":["FTL","Steam+1"],"picked":"Defragment","floor":38},{"not_picked":["Scrape","Reprogram+1","Hologram+1"],"picked":"SKIP","floor":41},{"not_picked":["Conserve Battery+1","Chaos+1"],"picked":"Consume+1","floor":42},{"not_picked":["Conserve Battery+1","Barrage","Lockon"],"picked":"SKIP","floor":45},{"not_picked":["Chill+1","Redo+1"],"picked":"Coolheaded+1","floor":48}],"player_experience":5258309,"relics_obtained":[{"floor":9.0,"key":"Pantograph"},{"floor":26.0,"key":"Blood Vial"},{"floor":27.0,"key":"Matryoshka"},{"floor":39,"key":"Gremlin Horn"},{"floor":39,"key":"Toxic Egg 2"},{"floor":42,"key":"Pen Nib"},{"floor":43,"key":"Bag of Marbles"},{"floor":43,"key":"Strawberry"}],"event_choices":[{"damage_healed":0.0,"max_hp_gain":0.0,"max_hp_loss":0.0,"gold_gain":0.0,"event_name":"Scrap Ooze","player_choice":"Success","floor":4.0,"gold_loss":0.0,"damage_taken":12.0,"relics_obtained":["Tiny Chest"]},{"damage_healed":0.0,"max_hp_gain":0.0,"max_hp_loss":0.0,"gold_gain":0.0,"event_name":"Golden Idol","player_choice":"Take Damage","floor":14.0,"gold_loss":0.0,"damage_taken":18.0,"relics_obtained":["Golden Idol"]},{"damage_healed":0.0,"max_hp_gain":0.0,"max_hp_loss":0.0,"gold_gain":0.0,"event_name":"The Mausoleum","player_choice":"Opened","floor":20.0,"gold_loss":0.0,"damage_taken":0.0,"relics_obtained":["Shovel"]},{"cards_removed":["Defend_B"],"damage_healed":0.0,"max_hp_gain":0.0,"max_hp_loss":0.0,"gold_gain":0.0,"event_name":"Beggar","player_choice":"Gave Gold","floor":22.0,"gold_loss":75.0,"damage_taken":0.0},{"damage_healed":0,"gold_gain":0,"player_choice":"Memory 1","damage_taken":0,"max_hp_gain":0,"max_hp_loss":0,"event_name":"SensoryStone","floor":36,"gold_loss":0},{"damage_healed":0,"gold_gain":0,"player_choice":"Ignored","damage_taken":0,"max_hp_gain":0,"max_hp_loss":0,"event_name":"Mysterious Sphere","floor":40,"gold_loss":0}],"is_beta":false,"boss_relics":[{"not_picked":["Ectoplasm","Snecko Eye"],"picked":"Empty Cage"},{"not_picked":["White Beast Statue","Pandora\u0027s Box"],"picked":"Velvet Choker"}],"items_purged_floors":[10,12,24],"is_endless":false,"potions_floor_spawned":[2,3,7,16,21,31,38,41,48],"ascension_level":0}