{"gold_per_floor":[115,128,145,158,174,174,193,193,193,193,146,164,89,89,89,163,163,178,0,12,12,30,30,30,30,55,55,69,96,110,35,35,110,110,129,140,140,158,174,174,203,203,203,214,214,227,227,241,241,241],"floor_reached":50,"playtime":4824,"items_purged":["Strike_G"],"score":927,"play_id":"b085d596-4a0a-47d0-83ba-0d6739b04afb","local_time":"20181013124150","is_ascension_mode":true,"campfire_choices":[{"data":"Noxious Fumes","floor":6,"key":"SMITH"},{"data":"Neutralize","floor":8,"key":"SMITH"},{"data":"Bouncing Flask","floor":15,"key":"SMITH"},{"data":"Wraith Form v2","floor":23,"key":"SMITH"},{"data":"Noxious Fumes","floor":25,"key":"SMITH"},{"floor":27,"key":"REST"},{"floor":32,"key":"REST"},{"floor":40,"key":"REST"},{"floor":42,"key":"REST"},{"floor":45,"key":"REST"},{"floor":49,"key":"REST"}],"neow_cost":"NONE","seed_source_timestamp":9194569010314,"circlet_count":0,"master_deck":["Defend_G+1","Defend_G+1","Defend_G+1","Defend_G+1","Defend_G+1","Strike_G+1","Strike_G+1","Strike_G+1","Strike_G+1","Neutralize+1","AscendersBane","Dagger Throw","Noxious Fumes+1","Sucker Punch+1","Noxious Fumes+1","Bouncing Flask+1","Wraith Form v2+1","Sucker Punch+1","Night Terror"],"relics":["Ring of the Snake","Bag of Preparation","Blue Candle","Busted Crown","Anchor","Dead Branch","Fusion Hammer","The Specimen","Bird Faced Urn"],"potions_floor_usage":[5,22,33,33,44,50,50],"damage_taken":[{"damage":0,"enemies":"2 Louse","floor":1,"turns":4},{"damage":1,"enemies":"Cultist","floor":2,"turns":4},{"damage":11,"enemies":"Jaw Worm","floor":3,"turns":7},{"damage":0,"enemies":"2 Fungi Beasts","floor":4,"turns":3},{"damage":7,"enemies":"Exordium Wildlife","floor":5,"turns":5},{"damage":4,"enemies":"Blue Slaver","floor":7,"turns":4},{"damage":0,"enemies":"2 Fungi Beasts","floor":12,"turns":3},{"damage":7,"enemies":"The Guardian","floor":16,"turns":8},{"damage":18,"enemies":"Chosen","floor":18,"turns":4},{"damage":0,"enemies":"2 Thieves","floor":20,"turns":4},{"damage":13,"enemies":"Snake Plant","floor":22,"turns":4},{"damage":18,"enemies":"Chosen and Byrds","floor":28,"turns":6},{"damage":8,"enemies":"Slavers","floor":29,"turns":6},{"damage":2,"enemies":"Centurion and Healer","floor":30,"turns":5},{"damage":22,"enemies":"Champ","floor":33,"turns":10},{"damage":3,"enemies":"3 Shapes","floor":35,"turns":7},{"damage":3,"enemies":"Orb Walker","floor":36,"turns":5},{"damage":17,"enemies":"Transient","floor":38,"turns":6},{"damage":22,"enemies":"3 Darklings","floor":39,"turns":5},{"damage":11,"enemies":"2 Orb Walkers","floor":41,"turns":6},{"damage":37,"enemies":"Maw","floor":44,"turns":9},{"damage":27,"enemies":"Spire Growth","floor":46,"turns":5},{"damage":6,"enemies":"3 Darklings","floor":48,"turns":5},{"damage":34,"enemies":"Time Eater","floor":50,"turns":4}],"seed_played":"5180709125906570713","potions_obtained":[{"floor":1,"key":"LiquidBronze"},{"floor":3,"key":"SkillPotion"},{"floor":5,"key":"Dexterity Potion"},{"floor":28,"key":"PowerPotion"},{"floor":39,"key":"Strength Potion"},{"floor":41,"key":"Strength Potion"},{"floor":46,"key":"Block Potion"}],"is_trial":false,"path_per_floor":["M","M","M","M","M","R","M","R","T","?","$","M","$","?","R","B",null,"M","?","M","?","M","R","?","R","T","R","M","E","M","?","R","B",null,"M","M","$","M","M","R","E","R","T","M","R","M","?","M","R"],"character_chosen":"THE_SILENT","items_purchased":["Noxious Fumes"],"campfire_rested":6,"item_purchase_floors":[11],"current_hp_per_floor":[59,58,47,47,40,40,36,36,36,36,36,36,36,52,52,45,61,43,43,43,43,30,30,30,30,30,49,31,23,21,21,40,18,54,51,48,48,31,9,28,17,36,36,5,24,3,3,9,27,0],"gold":241,"neow_bonus":"RANDOM_COMMON_RELIC","is_prod":false,"is_daily":false,"chose_seed":false,"campfire_upgraded":5,"win_rate":0,"timestamp":1539405710,"path_taken":["M","M","M","M","M","R","M","R","T","?","$","M","$","?","R","BOSS","M","?","M","?","M","R","?","R","T","R","M","E","M","?","R","BOSS","M","M","$","?","M","R","E","R","T","?","R","M","?","M","R","BOSS"],"build_version":"2018-10-11","purchased_purges":1,"victory":false,"max_hp_per_floor":[66,66,66,66,66,66,66,66,66,66,66,66,66,66,66,66,66,66,66,66,66,66,66,66,66,66,66,66,66,66,66,66,66,66,66,66,66,66,66,66,66,66,66,66,66,66,63,63,63,63],"card_choices":[{"not_picked":["Dodge and Roll","Finisher","Reflex"],"picked":"SKIP","floor":1},{"not_picked":["PiercingWail","Dagger Throw","Calculated Gamble"],"picked":"SKIP","floor":2},{"not_picked":["Calculated Gamble","Accuracy"],"picked":"Dagger Throw","floor":3},{"not_picked":["Dodge and Roll","Riddle With Holes"],"picked":"Noxious Fumes","floor":4},{"not_picked":["Flying Knee","Poisoned Stab"],"picked":"Sucker Punch","floor":5},{"not_picked":["Bane","Slice","Dagger Throw"],"picked":"SKIP","floor":7},{"not_picked":["Finisher","Masterful Stab"],"picked":"Bouncing Flask","floor":12},{"not_picked":["Glass Knife","Doppelganger"],"picked":"Wraith Form v2","floor":16},{"not_picked":["Quick Slash+1"],"picked":"SKIP","floor":18},{"not_picked":["Outmaneuver+1"],"picked":"SKIP","floor":20},{"not_picked":["Quick Slash"],"picked":"SKIP","floor":22},{"not_picked":["Bane+1"],"picked":"SKIP","floor":28},{"not_picked":[],"picked":"Sucker Punch+1","floor":29},{"not_picked":["Tactician"],"picked":"SKIP","floor":30},{"not_picked":[],"picked":"Night Terror","floor":33},{"not_picked":["Prepared"],"picked":"SKIP","floor":35},{"not_picked":["Prepared"],"picked":"SKIP","floor":36},{"not_picked":["Acrobatics"],"picked":"SKIP","floor":38},{"not_picked":["Riddle With Holes"],"picked":"SKIP","floor":39},{"not_picked":["Riddle With Holes"],"picked":"SKIP","floor":39},{"not_picked":["Outmaneuver"],"picked":"SKIP","floor":41},{"not_picked":["Dagger Spray"],"picked":"SKIP","floor":44},{"not_picked":["Poisoned Stab+1"],"picked":"SKIP","floor":46},{"not_picked":["Poisoned Stab+1"],"picked":"SKIP","floor":48}],"player_experience":149334,"relics_obtained":[{"floor":9,"key":"Blue Candle"},{"floor":26,"key":"Anchor"},{"floor":29,"key":"Dead Branch"},{"floor":41,"key":"The Specimen"},{"floor":43,"key":"Bird Faced Urn"}],"event_choices":[{"event_name":"Living Wall","player_choice":"Grow","floor":10,"damage_taken":0},{"event_name":"Mushrooms","player_choice":"Healed and dodged fight","floor":14,"damage_taken":0},{"event_name":"Masked Bandits","player_choice":"Paid Fearfully","floor":19,"damage_taken":0},{"event_name":"Forgotten Altar","player_choice":"Smashed Altar","floor":21,"damage_taken":0},{"event_name":"Back to Basics","player_choice":"Simplicity","floor":24,"damage_taken":0},{"event_name":"Beggar","player_choice":"Gave Gold","floor":31,"damage_taken":0},{"event_name":"Fountain of Cleansing","player_choice":"Removed Curse","floor":47,"damage_taken":0}],"is_beta":false,"boss_relics":[{"not_picked":["Tiny House","Empty Cage"],"picked":"Busted Crown"},{"not_picked":["Eternal Feather","White Beast Statue"],"picked":"Fusion Hammer"}],"items_purged_floors":[13],"is_endless":false,"potions_floor_spawned":[1,3,5,20,28,30,39,41,46,48],"killed_by":"Time Eater","ascension_level":18}