{"gold_per_floor":[110,110,123,143,143,143,173,173,198,198,198,211,161,4,4,127,127,148,58,78,203,203,203,243,261,341,341,341,365,380,424,424,544,544,557,557,575,594,613,613,2,2,84,107,107,120,120,135,135,135],"floor_reached":51,"playtime":1549,"items_purged":["Defend_B","Sweeping Beam"],"score":777,"play_id":"bc540750-e2e3-4cbe-8c3e-fef0ad514163","local_time":"20190614125110","is_ascension_mode":false,"campfire_choices":[{"data":"Recycle","floor":6.0,"key":"SMITH"},{"data":"Skim","floor":8.0,"key":"SMITH"},{"data":"Dualcast","floor":11.0,"key":"SMITH"},{"data":"Skim","floor":15.0,"key":"SMITH"},{"data":"Darkness","floor":23.0,"key":"SMITH"},{"data":"Gash","floor":27.0,"key":"SMITH"},{"data":"Ball Lightning","floor":32.0,"key":"SMITH"},{"data":"Skim","floor":40.0,"key":"SMITH"},{"data":"Turbo","floor":42.0,"key":"SMITH"},{"data":"Seek","floor":45,"key":"SMITH"},{"data":"Glacier","floor":47,"key":"SMITH"},{"data":"All For One","floor":49,"key":"SMITH"}],"neow_cost":"NONE","seed_source_timestamp":7444637173382,"circlet_count":0,"master_deck":["Defend_B+1","Dualcast+1","Glacier+1","Skim+1","Recycle+1","Gash+1","All For One+1","Darkness+1","Redo+1","Ball Lightning+1","Gash+1","Seek+1","Skim+1","Turbo+1"],"special_seed":0,"relics":["Cracked Core","Golden Idol","Pen Nib","Empty Cage","Incense Burner","Bottled Lightning","Blue Candle","Omamori","Lizard Tail","ClockworkSouvenir","Gambling Chip","Singing Bowl"],"potions_floor_usage":[50,50],"damage_taken":[{"damage":4.0,"enemies":"Small Slimes","floor":1.0,"turns":4.0},{"damage":1.0,"enemies":"Jaw Worm","floor":3.0,"turns":5.0},{"damage":1.0,"enemies":"Cultist","floor":4.0,"turns":4.0},{"damage":7.0,"enemies":"2 Fungi Beasts","floor":12.0,"turns":3.0},{"damage":0.0,"enemies":"Slime Boss","floor":16.0,"turns":3.0},{"damage":1.0,"enemies":"Shell Parasite","floor":18.0,"turns":2.0},{"damage":0.0,"enemies":"3 Byrds","floor":20.0,"turns":2.0},{"damage":6.0,"enemies":"Colosseum Slavers","floor":21.0,"turns":2.0},{"damage":0.0,"enemies":"Colosseum Nobs","floor":21.0,"turns":2.0},{"damage":9.0,"enemies":"Gremlin Leader","floor":24.0,"turns":3.0},{"damage":5.0,"enemies":"Snake Plant","floor":25.0,"turns":4.0},{"damage":0.0,"enemies":"Sentry and Sphere","floor":29.0,"turns":1.0},{"damage":0.0,"enemies":"3 Cultists","floor":30.0,"turns":2.0},{"damage":0.0,"enemies":"Slavers","floor":31.0,"turns":1.0},{"damage":14.0,"enemies":"Automaton","floor":33.0,"turns":3.0},{"damage":0.0,"enemies":"3 Darklings","floor":35.0,"turns":2.0},{"damage":0.0,"enemies":"Orb Walker","floor":37.0,"turns":3.0},{"damage":0.0,"enemies":"3 Darklings","floor":38.0,"turns":4.0},{"damage":2.0,"enemies":"Sphere and 2 Shapes","floor":39.0,"turns":3.0},{"damage":0,"enemies":"Spire Growth","floor":44,"turns":1},{"damage":0,"enemies":"Maw","floor":46,"turns":3},{"damage":0,"enemies":"Sphere and 2 Shapes","floor":48,"turns":3},{"damage":15,"enemies":"Time Eater","floor":50,"turns":4}],"seed_played":"-3245293860791417654","potions_obtained":[{"floor":3.0,"key":"Block Potion"},{"floor":16.0,"key":"Block Potion"},{"floor":18.0,"key":"Dexterity Potion"},{"floor":21.0,"key":"PowerPotion"},{"floor":29.0,"key":"SpeedPotion"},{"floor":33.0,"key":"PowerPotion"},{"floor":39.0,"key":"Energy Potion"}],"is_trial":false,"path_per_floor":["M","?","M","M","?","R","?","R","T","?","R","M","?","$","R","B",null,"M","?","M","?","?","R","E","M","T","R","?","M","M","E","R","B",null,"M","?","M","M","M","R","$","R","T","M","R","M","R","M","R","B",null],"character_chosen":"DEFECT","items_purchased":["Skim","ClockworkSouvenir","Gambling Chip"],"campfire_rested":0,"item_purchase_floors":[14,41,41],"current_hp_per_floor":[71,53,52,51,36,36,36,36,36,41,41,34,34,34,34,34,80,79,79,79,73,73,73,64,59,59,59,59,59,59,59,59,45,80,80,80,80,80,78,78,78,78,78,80,80,82,82,84,84,69],"gold":135,"neow_bonus":"TRANSFORM_CARD","is_prod":false,"is_daily":false,"chose_seed":false,"campfire_upgraded":12,"win_rate":0,"timestamp":1560487870,"path_taken":["M","?","M","M","?","R","?","R","T","?","R","M","?","$","R","BOSS","M","?","?","?","?","R","E","M","T","R","?","?","M","E","R","BOSS","M","?","?","M","M","R","$","R","T","M","R","M","R","M","R","BOSS"],"build_version":"2019-01-23","purchased_purges":2,"victory":true,"max_hp_per_floor":[75,75,75,75,75,75,75,75,75,80,80,80,80,80,80,80,80,80,80,80,80,80,80,80,80,80,80,80,80,80,80,80,80,80,80,80,80,80,80,80,80,80,80,82,82,84,84,86,86,86],"card_choices":[{"not_picked":["Streamline","Steam"],"picked":"Skim","floor":1.0},{"not_picked":["Melter","Go for the Eyes"],"picked":"Recycle","floor":3.0},{"not_picked":["Conserve Battery","Force Field"],"picked":"Gash","floor":4.0},{"not_picked":["Steam Power","Ball Lightning","Fusion"],"picked":"SKIP","floor":12.0},{"not_picked":["Hyperbeam","Echo Form"],"picked":"All For One","floor":16.0},{"not_picked":["Steam","Reprogram","Stack"],"picked":"SKIP","floor":18.0},{"not_picked":["Chaos","Barrage"],"picked":"Darkness","floor":20.0},{"not_picked":["Ball Lightning+1","Leap"],"picked":"Redo+1","floor":21.0},{"not_picked":["Conserve Battery","Streamline","Force Field+1"],"picked":"SKIP","floor":24.0},{"not_picked":["Storm","All For One","Double Energy"],"picked":"SKIP","floor":25.0},{"not_picked":["Conserve Battery+1","Barrage","Loop"],"picked":"SKIP","floor":29.0},{"not_picked":["Redo","White Noise+1","Go for the Eyes"],"picked":"SKIP","floor":30.0},{"not_picked":["Stack+1","Gash+1","Ball Lightning"],"picked":"SKIP","floor":31.0},{"not_picked":["Stack+1","Ball Lightning"],"picked":"Gash+1","floor":31.0},{"not_picked":["Machine Learning","Amplify"],"picked":"Seek","floor":33.0},{"not_picked":["Compile Driver+1","Storm","Stack"],"picked":"SKIP","floor":35.0},{"not_picked":["Streamline","Coolheaded"],"picked":"Turbo","floor":37.0},{"not_picked":["Steam+1","Streamline","Glacier+1"],"picked":"SKIP","floor":38.0},{"not_picked":["Defragment+1","Consume","Reinforced Body"],"picked":"SKIP","floor":39.0},{"not_picked":["Gash","Capacitor","Go for the Eyes+1"],"picked":"Singing Bowl","floor":44},{"not_picked":["Sweeping Beam","Ball Lightning","Stack"],"picked":"Singing Bowl","floor":46},{"not_picked":["Coolheaded+1","Beam Cell+1","Double Energy+1"],"picked":"Singing Bowl","floor":48}],"player_experience":5186996,"relics_obtained":[{"floor":9.0,"key":"Pen Nib"},{"floor":21.0,"key":"Incense Burner"},{"floor":24.0,"key":"Bottled Lightning"},{"floor":26.0,"key":"Blue Candle"},{"floor":31.0,"key":"Omamori"},{"floor":43.0,"key":"Singing Bowl"}],"event_choices":[{"damage_healed":0.0,"max_hp_gain":0.0,"max_hp_loss":0.0,"gold_gain":0.0,"event_name":"Golden Idol","player_choice":"Take Damage","floor":2.0,"gold_loss":0.0,"damage_taken":18.0,"relics_obtained":["Golden Idol"]},{"damage_healed":0.0,"max_hp_gain":0.0,"max_hp_loss":0.0,"gold_gain":0.0,"event_name":"Shining Light","player_choice":"Entered Light","floor":5.0,"gold_loss":0.0,"damage_taken":15.0,"cards_upgraded":["Strike_B","Strike_B"]},{"damage_healed":0.0,"max_hp_gain":0.0,"max_hp_loss":0.0,"gold_gain":30.0,"event_name":"Dead Adventurer","player_choice":"Searched \u00271\u0027 times","floor":7.0,"gold_loss":0.0,"damage_taken":0.0},{"damage_healed":0.0,"max_hp_gain":5.0,"max_hp_loss":0.0,"gold_gain":0.0,"event_name":"Big Fish","player_choice":"Donut","floor":10.0,"gold_loss":0.0,"damage_taken":0.0},{"cards_removed":["Strike_B"],"damage_healed":0.0,"max_hp_gain":0.0,"max_hp_loss":0.0,"gold_gain":0.0,"event_name":"The Cleric","player_choice":"Card Removal","floor":13.0,"gold_loss":50.0,"damage_taken":0.0},{"cards_removed":["Defend_B"],"damage_healed":0.0,"max_hp_gain":0.0,"max_hp_loss":0.0,"gold_gain":0.0,"event_name":"Designer","player_choice":"Upgrade and Remove","floor":19.0,"gold_loss":90.0,"damage_taken":0.0,"cards_upgraded":["Defend_B"]},{"damage_healed":0.0,"max_hp_gain":0.0,"max_hp_loss":0.0,"gold_gain":0.0,"event_name":"Colosseum","player_choice":"Fight","floor":21.0,"gold_loss":0.0,"damage_taken":0.0},{"damage_healed":0.0,"max_hp_gain":0.0,"max_hp_loss":0.0,"gold_gain":0.0,"event_name":"Colosseum","player_choice":"Fought Nobs","floor":21.0,"gold_loss":0.0,"damage_taken":0.0},{"damage_healed":0.0,"max_hp_gain":0.0,"max_hp_loss":0.0,"gold_gain":0.0,"event_name":"The Mausoleum","player_choice":"Ignored","floor":22.0,"gold_loss":0.0,"damage_taken":0.0},{"damage_healed":0.0,"max_hp_gain":0.0,"max_hp_loss":0.0,"gold_gain":0.0,"cards_transformed":["Defend_B","Zap"],"event_name":"Drug Dealer","player_choice":"Became Test Subject","floor":28.0,"gold_loss":0.0,"damage_taken":0.0,"cards_obtained":["Sweeping Beam","Ball Lightning"]},{"cards_removed":["Skim"],"damage_healed":0.0,"max_hp_gain":0.0,"max_hp_loss":0.0,"gold_gain":0.0,"event_name":"NoteForYourself","player_choice":"Took Card","floor":36.0,"gold_loss":0.0,"damage_taken":0.0,"cards_obtained":["Skim"]}],"is_beta":false,"boss_relics":[{"not_picked":["Calling Bell","Black Star"],"picked":"Empty Cage"},{"not_picked":["Inserter","FrozenCore"],"picked":"Lizard Tail"}],"items_purged_floors":[14,41],"is_endless":false,"potions_floor_spawned":[3,16,18,21,29,31,33,37,39,44],"ascension_level":0}