{"path_per_floor":["M","M","M","M","$","R","E","?","T","M","M","M","R","?","R","B",null,"M","M","M","?","$","R","?","R","T"],"character_chosen":"DEFECT","items_purchased":["Shovel","Hello World"],"gold_per_floor":[114,129,144,159,159,159,189,264,289,304,319,334,334,334,334,434,434,449,464,479,479,144,144,69,69,69,69],"floor_reached":27,"campfire_rested":0,"playtime":927,"item_purchase_floors":[22,22],"current_hp_per_floor":[75,75,74,74,74,74,62,51,51,51,51,51,51,51,51,41,75,61,46,31,31,31,31,31,31,31,0],"items_purged":[],"gold":69,"score":240,"play_id":"39c57e62-65c2-4c3a-a589-0b020d67834d","local_time":"20180610102256","daily_mods":["Specialized","Uncertain Future","Night Terrors"],"is_prod":false,"is_daily":true,"chose_seed":false,"is_ascension_mode":false,"campfire_upgraded":3,"win_rate":0,"timestamp":1528597376,"campfire_choices":[{"data":"Zap","floor":6,"key":"SMITH"},{"data":"Dualcast","floor":13,"key":"SMITH"},{"data":"Seek","floor":15,"key":"SMITH"},{"floor":23,"key":"DIG"},{"floor":25,"key":"DIG"}],"path_taken":["M","?","M","M","$","R","E","?","T","M","M","M","R","?","R","BOSS","M","M","M","?","$","R","?","R","T","E"],"build_version":"2018-06-08","seed_source_timestamp":0,"purchased_purges":0,"victory":false,"master_deck":["Strike_B","Strike_B","Defend_B","Defend_B","Defend_B","Defend_B","Zap+1","Dualcast+1","Seek+1","Seek","Seek","Seek","Seek","Conserve Battery","Scrape","Storm","FTL","Lockon","Ball Lightning","Hologram","Machine Learning","Skim+1","Capacitor","Beam Cell","Hello World"],"max_hp_per_floor":[75,75,75,75,75,75,75,75,75,75,75,75,75,75,75,75,75,75,75,75,75,75,75,75,75,75,75],"relics":["Cracked Core","Mercury Hourglass","Art of War","Black Star","Shovel","Happy Flower","Bird Faced Urn","Orichalcum"],"card_choices":[{"not_picked":["Capacitor","Compile Driver"],"picked":"Conserve Battery","floor":1},{"not_picked":["Barrage","Coolheaded"],"picked":"Scrape","floor":2},{"not_picked":["Redo","Go for the Eyes","Compile Driver"],"picked":"SKIP","floor":3},{"not_picked":["Coolheaded","Go for the Eyes"],"picked":"Storm","floor":4},{"not_picked":["Barrage","Ball Lightning"],"picked":"FTL","floor":7},{"not_picked":["Conserve Battery","Chill"],"picked":"Lockon","floor":10},{"not_picked":["Leap","Sweeping Beam","Conserve Battery"],"picked":"SKIP","floor":11},{"not_picked":["FTL","Blizzard"],"picked":"Ball Lightning","floor":12},{"not_picked":["Hyperbeam","Seek"],"picked":"Machine Learning","floor":16},{"not_picked":["Turbo","Beam Cell"],"picked":"Skim+1","floor":18},{"not_picked":["Turbo","Cold Snap+1"],"picked":"Capacitor","floor":19},{"not_picked":["Sweeping Beam+1","Rebound"],"picked":"Beam Cell","floor":20}],"player_experience":552682,"potions_floor_usage":[7,16,16,27,27],"damage_taken":[{"damage":0,"enemies":"Cultist","floor":1,"turns":3},{"damage":0,"enemies":"2 Louse","floor":2,"turns":2},{"damage":1,"enemies":"Jaw Worm","floor":3,"turns":4},{"damage":0,"enemies":"2 Fungi Beasts","floor":4,"turns":3},{"damage":12,"enemies":"3 Sentries","floor":7,"turns":7},{"damage":0,"enemies":"Exordium Thugs","floor":10,"turns":3},{"damage":0,"enemies":"Looter","floor":11,"turns":2},{"damage":0,"enemies":"3 Louse","floor":12,"turns":2},{"damage":10,"enemies":"The Guardian","floor":16,"turns":10},{"damage":14,"enemies":"Spheric Guardian","floor":18,"turns":4},{"damage":15,"enemies":"Chosen","floor":19,"turns":4},{"damage":15,"enemies":"Snake Plant","floor":20,"turns":4},{"damage":39,"enemies":"Slavers","floor":27,"turns":2}],"relics_obtained":[{"floor":7,"key":"Mercury Hourglass"},{"floor":9,"key":"Art of War"},{"floor":23,"key":"Happy Flower"},{"floor":25,"key":"Bird Faced Urn"},{"floor":26,"key":"Orichalcum"}],"event_choices":[{"event_name":"World of Goop","player_choice":"Gather Gold","floor":8,"damage_taken":0},{"event_name":"Living Wall","player_choice":"Change","floor":14,"damage_taken":0},{"event_name":"Drug Dealer","player_choice":"Ignored","floor":21,"damage_taken":0},{"event_name":"Beggar","player_choice":"Gave Gold","floor":24,"damage_taken":0}],"boss_relics":[{"not_picked":["Busted Crown","Runic Pyramid"],"picked":"Black Star"}],"items_purged_floors":[],"potions_floor_spawned":[2,3,11,18,19],"seed_played":"3483754520663097572","killed_by":"Slavers","ascension_level":0,"potions_obtained":[{"floor":2,"key":"PowerPotion"},{"floor":3,"key":"Ancient Potion"},{"floor":11,"key":"SpeedPotion"},{"floor":18,"key":"Explosive Potion"},{"floor":19,"key":"PowerPotion"}],"is_trial":false}