{"gold_per_floor":[112,130,144,163,88,88,100,0,0,16,16,16,16,16,16,115,115,125,125,44,0,0,0,0,0,0,15,15,15,25,43,43,138,138,148,158,33,49,69,69,169,169,169,19,33,50,50,50,50,50],"floor_reached":51,"playtime":1514,"items_purged":["Strike_G","Defend_G","Strike_G","Defend_G"],"score":664,"play_id":"43e01305-ff36-428e-886e-19d0d786c71a","local_time":"20181019232022","is_ascension_mode":false,"campfire_choices":[{"data":"Bouncing Flask","floor":6.0,"key":"SMITH"},{"data":"Catalyst","floor":12.0,"key":"SMITH"},{"data":"Leg Sweep","floor":15.0,"key":"SMITH"},{"data":"Footwork","floor":23.0,"key":"SMITH"},{"data":"Noxious Fumes","floor":25.0,"key":"SMITH"},{"data":"Survivor","floor":32.0,"key":"SMITH"},{"data":"Forethought","floor":40,"key":"SMITH"},{"data":"Neutralize","floor":47,"key":"SMITH"},{"data":"Defend_G","floor":49,"key":"SMITH"}],"neow_cost":"NONE","seed_source_timestamp":15228321740122,"circlet_count":0,"master_deck":["Defend_G+1","Defend_G","Defend_G","Strike_G","Strike_G","Strike_G","Survivor+1","Neutralize+1","Forethought+1","Poisoned Stab","Bouncing Flask+1","Leg Sweep+1","Catalyst+1","Burst+1","Noxious Fumes+1","Footwork+1","Bouncing Flask+1","Leg Sweep+1","Deadly Poison+1","Corpse Explosion+1","Crippling Poison+1","Noxious Fumes+1","PiercingWail+1","Outmaneuver+1"],"special_seed":0,"relics":["Ring of the Serpent","The Specimen","Toxic Egg 2","Ninja Scroll","Runic Pyramid","Dodecahedron"],"potions_floor_usage":[38,39,45,48,50,50],"damage_taken":[{"damage":2.0,"enemies":"Cultist","floor":1.0,"turns":6.0},{"damage":0.0,"enemies":"Jaw Worm","floor":2.0,"turns":3.0},{"damage":0.0,"enemies":"Small Slimes","floor":3.0,"turns":5.0},{"damage":1.0,"enemies":"Red Slaver","floor":4.0,"turns":3.0},{"damage":2.0,"enemies":"2 Fungi Beasts","floor":7.0,"turns":3.0},{"damage":10.0,"enemies":"Gremlin Gang","floor":10.0,"turns":5.0},{"damage":17.0,"enemies":"Slime Boss","floor":16.0,"turns":5.0},{"damage":0.0,"enemies":"Shell Parasite","floor":18.0,"turns":4.0},{"damage":20.0,"enemies":"Colosseum Slavers","floor":19.0,"turns":4.0},{"damage":6.0,"enemies":"2 Thieves","floor":21.0,"turns":4.0},{"damage":13.0,"enemies":"Sentry and Sphere","floor":27.0,"turns":5.0},{"damage":3.0,"enemies":"Centurion and Healer","floor":30.0,"turns":6.0},{"damage":1.0,"enemies":"Snake Plant","floor":31.0,"turns":4.0},{"damage":32.0,"enemies":"Collector","floor":33.0,"turns":3.0},{"damage":0.0,"enemies":"Orb Walker","floor":35.0,"turns":2.0},{"damage":0.0,"enemies":"3 Shapes","floor":36.0,"turns":2.0},{"damage":0,"enemies":"Transient","floor":38,"turns":5},{"damage":0,"enemies":"4 Shapes","floor":39,"turns":3},{"damage":0,"enemies":"Spire Growth","floor":45,"turns":2},{"damage":0,"enemies":"Transient","floor":46,"turns":5},{"damage":0,"enemies":"3 Darklings","floor":48,"turns":1},{"damage":28,"enemies":"Time Eater","floor":50,"turns":6}],"seed_played":"2079684868585836204","potions_obtained":[{"floor":1.0,"key":"Regen Potion"},{"floor":7.0,"key":"FearPotion"},{"floor":10.0,"key":"FearPotion"},{"floor":33.0,"key":"SmokeBomb"},{"floor":36.0,"key":"FearPotion"},{"floor":38,"key":"Block Potion"},{"floor":42,"key":"Fruit Juice"},{"floor":42,"key":"EntropicBrew"},{"floor":45,"key":"Regen Potion"}],"is_trial":false,"path_per_floor":["M","M","M","M","$","R","M","$","T","M","$","R","$","?","R","B",null,"M","?","$","M","?","R","?","R","T","M","$","$","M","M","R","B",null,"M","M","$","M","M","R","?","?","T","$","M","M","R","M","R","B"],"character_chosen":"THE_SILENT","items_purchased":["Footwork"],"campfire_rested":0,"item_purchase_floors":[20],"current_hp_per_floor":[68,68,68,67,67,67,65,65,65,55,55,55,55,52,52,35,70,70,50,50,58,58,58,58,58,58,45,45,45,42,41,41,9,70,70,70,70,70,70,70,70,70,70,70,75,75,75,75,75,59],"gold":50,"neow_bonus":"RANDOM_COLORLESS","is_prod":false,"is_daily":false,"chose_seed":false,"campfire_upgraded":9,"win_rate":0,"timestamp":1539962422,"path_taken":["M","M","M","M","$","R","M","?","T","M","$","R","$","?","R","BOSS","M","?","$","M","?","R","?","R","T","M","?","$","M","M","R","BOSS","M","M","$","M","M","R","?","?","T","$","M","M","R","M","R","BOSS"],"build_version":"2018-10-18","purchased_purges":4,"victory":true,"max_hp_per_floor":[70,70,70,70,70,70,70,70,70,70,70,70,70,70,70,70,70,70,70,70,70,70,70,70,70,70,70,70,70,70,70,70,70,70,70,70,70,70,70,70,70,70,70,70,75,75,75,75,75,75],"card_choices":[{"not_picked":["Escape Plan","PiercingWail"],"picked":"Poisoned Stab","floor":1.0},{"not_picked":["Underhanded Strike","Distraction","Quick Slash"],"picked":"SKIP","floor":2.0},{"not_picked":["Flechettes","Backflip"],"picked":"Bouncing Flask","floor":3.0},{"not_picked":["Deflect","Dagger Throw","Flying Knee"],"picked":"SKIP","floor":4.0},{"not_picked":["Calculated Gamble","Outmaneuver"],"picked":"Leg Sweep","floor":7.0},{"not_picked":["Outmaneuver","Dagger Throw"],"picked":"Catalyst","floor":10.0},{"not_picked":["Grand Finale","Die Die Die"],"picked":"Burst+1","floor":16.0},{"not_picked":["Deflect+1","Bane"],"picked":"Noxious Fumes","floor":18.0},{"not_picked":["Predator","Poisoned Stab+1","Expertise+1"],"picked":"SKIP","floor":21.0},{"not_picked":["Slice","Flechettes"],"picked":"Bouncing Flask+1","floor":27.0},{"not_picked":["Dodge and Roll+1","Outmaneuver+1"],"picked":"Leg Sweep+1","floor":30.0},{"not_picked":["Dagger Throw+1","PiercingWail+1"],"picked":"Deadly Poison+1","floor":31.0},{"not_picked":["Die Die Die","Glass Knife"],"picked":"Corpse Explosion+1","floor":33.0},{"not_picked":["Masterful Stab+1","Underhanded Strike"],"picked":"Crippling Poison+1","floor":35.0},{"not_picked":["Infinite Blades+1","Sucker Punch+1"],"picked":"Noxious Fumes+1","floor":36.0},{"not_picked":["Heel Hook","Blade Dance+1","Escape Plan+1"],"picked":"SKIP","floor":38},{"not_picked":["Terror+1","Underhanded Strike+1"],"picked":"PiercingWail+1","floor":39},{"not_picked":["Doppelganger+1","Poisoned Stab+1"],"picked":"Outmaneuver+1","floor":45},{"not_picked":["Slice","Backstab+1","Blur+1"],"picked":"SKIP","floor":46}],"player_experience":383697,"relics_obtained":[{"floor":9.0,"key":"The Specimen"},{"floor":26.0,"key":"Ninja Scroll"},{"floor":43,"key":"Dodecahedron"}],"event_choices":[{"damage_healed":0.0,"max_hp_gain":0.0,"max_hp_loss":0.0,"gold_gain":0.0,"event_name":"Scrap Ooze","player_choice":"Success","floor":14.0,"gold_loss":0.0,"damage_taken":3.0,"relics_obtained":["Toxic Egg 2"]},{"damage_healed":0.0,"max_hp_gain":0.0,"max_hp_loss":0.0,"gold_gain":0.0,"event_name":"Colosseum","player_choice":"Fight","floor":19.0,"gold_loss":0.0,"damage_taken":0.0},{"damage_healed":0.0,"max_hp_gain":0.0,"max_hp_loss":0.0,"gold_gain":0.0,"event_name":"Colosseum","player_choice":"Fled From Nobs","floor":19.0,"gold_loss":0.0,"damage_taken":0.0},{"damage_healed":0,"gold_gain":100,"player_choice":"Pray","damage_taken":0,"max_hp_gain":0,"max_hp_loss":0,"event_name":"Golden Shrine","floor":41,"gold_loss":0},{"damage_healed":0,"gold_gain":0,"player_choice":"Got Potions","damage_taken":0,"max_hp_gain":0,"max_hp_loss":0,"event_name":"The Lab","floor":42,"gold_loss":0}],"is_beta":false,"boss_relics":[{"not_picked":["Pandora\u0027s Box","White Beast Statue"],"picked":"Ring of the Serpent"},{"not_picked":["Cursed Key","Coffee Dripper"],"picked":"Runic Pyramid"}],"items_purged_floors":[5,8,37,44],"is_endless":false,"potions_floor_spawned":[1,7,10,18,19,33,36,38,45],"ascension_level":0}