{"gold_per_floor":[366,383,383,112,125,125,125,144,198,231,256,279,279,26,26,121,121,141,155,174,174],"floor_reached":21,"playtime":1143,"items_purged":["Strike_B"],"score":366,"play_id":"824853b9-5ba1-4f64-98ec-f45e4d80076c","local_time":"20190308000916","is_ascension_mode":true,"campfire_choices":[{"data":"Zap","floor":6.0,"key":"SMITH"},{"floor":13.0,"key":"REST"},{"data":"Dualcast","floor":15.0,"key":"SMITH"}],"neow_cost":"PERCENT_DAMAGE","seed_source_timestamp":450010678339921,"circlet_count":0,"master_deck":["AscendersBane","Strike_B","Strike_B","Defend_B","Defend_B","Defend_B","Defend_B+1","Zap+1","Dualcast+1","Coolheaded","Compile Driver","Glacier","Loop","Hologram+1","FTL","Conserve Battery","Heatsinks","Coolheaded","Reinforced Body","Biased Cognition","Defragment","Recycle","Glacier","Consume","Stack","Steam","Self Repair","Multi-Cast"],"special_seed":0,"relics":["Cracked Core","Golden Idol","Bronze Scales","War Paint","Chemical X","Orrery"],"potions_floor_usage":[21],"damage_taken":[{"damage":2.0,"enemies":"Jaw Worm","floor":1.0,"turns":5.0},{"damage":4.0,"enemies":"Small Slimes","floor":2.0,"turns":4.0},{"damage":0.0,"enemies":"Cultist","floor":5.0,"turns":3.0},{"damage":23.0,"enemies":"Gremlin Gang","floor":8.0,"turns":5.0},{"damage":10.0,"enemies":"Lagavulin","floor":10.0,"turns":8.0},{"damage":3.0,"enemies":"Exordium Thugs","floor":11.0,"turns":4.0},{"damage":1.0,"enemies":"2 Fungi Beasts","floor":12.0,"turns":3.0},{"damage":21.0,"enemies":"Slime Boss","floor":16.0,"turns":14.0},{"damage":0.0,"enemies":"Chosen","floor":18.0,"turns":7.0},{"damage":0.0,"enemies":"Spheric Guardian","floor":19.0,"turns":10.0},{"damage":32.0,"enemies":"3 Cultists","floor":20.0,"turns":8.0},{"damage":18,"enemies":"Cultist and Chosen","floor":21,"turns":6}],"seed_played":"-1019977094144851339","potions_obtained":[{"floor":2.0,"key":"GamblersBrew"},{"floor":10.0,"key":"Fire Potion"},{"floor":16.0,"key":"Dexterity Potion"},{"floor":18.0,"key":"LiquidBronze"}],"is_trial":false,"path_per_floor":["M","M","?","$","M","R","?","M","T","E","M","M","R","$","R","B",null,"M","M","M","M"],"character_chosen":"DEFECT","items_purchased":["Glacier","Loop","FocusPotion","Chemical X","Reinforced Body"],"campfire_rested":1,"item_purchase_floors":[4,4,4,14,14],"current_hp_per_floor":[44,40,40,40,40,40,40,17,17,7,4,3,22,22,22,1,48,48,48,23,5],"gold":174,"neow_bonus":"TWO_FIFTY_GOLD","is_prod":false,"is_daily":false,"chose_seed":false,"campfire_upgraded":2,"win_rate":0,"timestamp":1551974956,"path_taken":["M","M","?","$","M","R","?","M","T","E","?","M","R","$","R","BOSS","M","M","M","M"],"build_version":"2019-01-23","purchased_purges":1,"victory":false,"max_hp_per_floor":[71,71,64,64,64,64,64,64,64,64,64,64,64,64,64,64,64,64,64,64,64],"card_choices":[{"not_picked":["Stack","Sweeping Beam"],"picked":"Coolheaded","floor":1.0},{"not_picked":["Doom and Gloom","Beam Cell"],"picked":"Compile Driver","floor":2.0},{"not_picked":["Sweeping Beam","Conserve Battery"],"picked":"Hologram","floor":5.0},{"not_picked":["Gash","Hello World"],"picked":"FTL","floor":8.0},{"not_picked":["Stack","Redo"],"picked":"Conserve Battery","floor":10.0},{"not_picked":["Hello World","Stack"],"picked":"Heatsinks","floor":11.0},{"not_picked":["Chill","Leap"],"picked":"Coolheaded","floor":12.0},{"not_picked":["Meteor Strike","Amplify"],"picked":"Biased Cognition","floor":16.0},{"not_picked":["Coolheaded","Compile Driver"],"picked":"Defragment","floor":17.0},{"not_picked":["Leap","Tempest"],"picked":"Recycle","floor":17.0},{"not_picked":["Beam Cell","Gash"],"picked":"Glacier","floor":17.0},{"not_picked":["Redo","Sweeping Beam"],"picked":"Consume","floor":17.0},{"not_picked":["Barrage","Sweeping Beam"],"picked":"Stack","floor":17.0},{"not_picked":["Ball Lightning","Go for the Eyes"],"picked":"Steam","floor":18.0},{"not_picked":["FTL","Go for the Eyes"],"picked":"Self Repair","floor":19.0},{"not_picked":["Scrape","Compile Driver"],"picked":"Multi-Cast","floor":20.0}],"player_experience":1154070,"relics_obtained":[{"floor":9.0,"key":"Bronze Scales"},{"floor":10.0,"key":"War Paint"}],"event_choices":[{"damage_healed":0.0,"max_hp_gain":0.0,"max_hp_loss":7.0,"gold_gain":0.0,"event_name":"Golden Idol","player_choice":"Lose Max HP","floor":3.0,"gold_loss":0.0,"damage_taken":0.0,"relics_obtained":["Golden Idol"]},{"cards_removed":["Strike_B"],"damage_healed":0.0,"max_hp_gain":0.0,"max_hp_loss":0.0,"gold_gain":0.0,"event_name":"Purifier","player_choice":"Purged","floor":7.0,"gold_loss":0.0,"damage_taken":0.0}],"is_beta":false,"boss_relics":[{"not_picked":["Velvet Choker","Sozu"],"picked":"Orrery"}],"items_purged_floors":[4],"is_endless":false,"potions_floor_spawned":[2,8,10,16,18],"killed_by":"Cultist and Chosen","ascension_level":20}