{"gold_per_floor":[112,32,182,182,257,286,286,315,341,354,354,374,389,54,54,128,128,143,143,43,61,61,61,61,78,133,133,133],"floor_reached":28,"playtime":1126,"items_purged":["Doubt","Strike_G"],"score":480,"play_id":"c1e4b0e5-a1b0-450a-b6e9-e9d40532410f","local_time":"20190220131337","is_ascension_mode":true,"campfire_choices":[{"data":"Well Laid Plans","floor":7.0,"key":"SMITH"},{"data":"Tactician","floor":11.0,"key":"SMITH"},{"data":"Footwork","floor":15.0,"key":"SMITH"},{"data":"Eviscerate","floor":23.0,"key":"SMITH"},{"data":"Acrobatics","floor":27.0,"key":"SMITH"}],"neow_cost":"NONE","seed_source_timestamp":233728371658108,"circlet_count":0,"master_deck":["AscendersBane","Defend_G","Defend_G","Defend_G","Defend_G","Defend_G","Strike_G","Survivor","Neutralize","Well Laid Plans+1","Footwork+1","Tactician+1","Acrobatics+1","After Image","Eviscerate+1","Acrobatics+1"],"special_seed":0,"relics":["Ring of the Snake","NeowsBlessing","Paper Crane","Juzu Bracelet","Blood Vial","Toxic Egg 2","Empty Cage","Smiling Mask"],"potions_floor_usage":[28,28],"damage_taken":[{"damage":0.0,"enemies":"2 Louse","floor":1.0,"turns":1.0},{"damage":0.0,"enemies":"Gremlin Nob","floor":6.0,"turns":1.0},{"damage":0.0,"enemies":"Lagavulin","floor":8.0,"turns":1.0},{"damage":1.0,"enemies":"Jaw Worm","floor":10.0,"turns":6.0},{"damage":4.0,"enemies":"Small Slimes","floor":12.0,"turns":6.0},{"damage":3.0,"enemies":"3 Louse","floor":13.0,"turns":4.0},{"damage":38.0,"enemies":"Slime Boss","floor":16.0,"turns":24.0},{"damage":0.0,"enemies":"Spheric Guardian","floor":18.0,"turns":14.0},{"damage":17.0,"enemies":"3 Byrds","floor":21.0,"turns":9.0},{"damage":6.0,"enemies":"Snecko","floor":25.0,"turns":7.0},{"damage":56,"enemies":"Slavers","floor":28,"turns":4}],"seed_played":"9146513607441841604","potions_obtained":[{"floor":1.0,"key":"Poison Potion"},{"floor":8.0,"key":"AttackPotion"},{"floor":13.0,"key":"Block Potion"},{"floor":16.0,"key":"SpeedPotion"},{"floor":21.0,"key":"Regen Potion"}],"is_trial":false,"path_per_floor":["M","$","?","?","?","E","R","E","T","M","R","M","M","$","R","B",null,"M","?","$","M","?","R","?","M","T","R","E"],"character_chosen":"THE_SILENT","items_purchased":["Footwork","Toxic Egg 2"],"campfire_rested":0,"item_purchase_floors":[2,14],"current_hp_per_floor":[59,59,59,64,53,53,53,53,53,54,54,52,51,51,51,15,57,59,59,59,44,44,44,44,40,40,40,0],"gold":133,"neow_bonus":"THREE_ENEMY_KILL","is_prod":false,"is_daily":false,"chose_seed":false,"campfire_upgraded":5,"win_rate":0,"timestamp":1550639617,"path_taken":["M","$","?","?","?","E","R","E","T","M","R","M","M","$","R","BOSS","M","?","$","M","?","R","?","M","T","R","E"],"build_version":"2019-01-23","purchased_purges":2,"victory":false,"max_hp_per_floor":[66,66,66,71,71,71,71,71,71,71,71,71,71,71,71,71,71,71,71,71,71,71,71,71,71,71,71,71],"card_choices":[{"not_picked":["Flying Knee","Slice"],"picked":"Well Laid Plans","floor":1.0},{"not_picked":["Deflect","Well Laid Plans"],"picked":"Tactician","floor":6.0},{"not_picked":["Escape Plan","Sucker Punch"],"picked":"Acrobatics","floor":8.0},{"not_picked":["Heel Hook","Tactician","Poisoned Stab"],"picked":"SKIP","floor":10.0},{"not_picked":["PiercingWail","Distraction","Choke"],"picked":"SKIP","floor":12.0},{"not_picked":["Dagger Throw","Setup","Dagger Spray"],"picked":"SKIP","floor":13.0},{"not_picked":["Unload","Doppelganger+1"],"picked":"After Image","floor":16.0},{"not_picked":["Slice","Flying Knee"],"picked":"Eviscerate","floor":18.0},{"not_picked":["Slice","Dagger Throw"],"picked":"Acrobatics+1","floor":21.0},{"not_picked":["Tactician+1","Eviscerate","Blade Dance+1"],"picked":"SKIP","floor":25.0}],"player_experience":853050,"relics_obtained":[{"floor":6.0,"key":"Paper Crane"},{"floor":8.0,"key":"Juzu Bracelet"},{"floor":9.0,"key":"Blood Vial"},{"floor":26.0,"key":"Smiling Mask"}],"event_choices":[{"damage_healed":0.0,"max_hp_gain":0.0,"max_hp_loss":0.0,"gold_gain":150.0,"event_name":"Liars Game","player_choice":"AGREE","floor":3.0,"gold_loss":0.0,"damage_taken":0.0,"cards_obtained":["Doubt"]},{"damage_healed":0.0,"max_hp_gain":5.0,"max_hp_loss":0.0,"gold_gain":0.0,"event_name":"Big Fish","player_choice":"Donut","floor":4.0,"gold_loss":0.0,"damage_taken":0.0},{"damage_healed":0.0,"max_hp_gain":0.0,"max_hp_loss":0.0,"gold_gain":75.0,"event_name":"World of Goop","player_choice":"Gather Gold","floor":5.0,"gold_loss":0.0,"damage_taken":11.0},{"damage_healed":0.0,"max_hp_gain":0.0,"max_hp_loss":0.0,"gold_gain":0.0,"event_name":"Ghosts","player_choice":"Ignored","floor":19.0,"gold_loss":0.0,"damage_taken":0.0},{"damage_healed":0.0,"max_hp_gain":0.0,"max_hp_loss":0.0,"gold_gain":0.0,"event_name":"The Mausoleum","player_choice":"Ignored","floor":22.0,"gold_loss":0.0,"damage_taken":0.0},{"cards_removed":["Strike_G"],"damage_healed":0.0,"max_hp_gain":0.0,"max_hp_loss":0.0,"gold_gain":0.0,"event_name":"Purifier","player_choice":"Purged","floor":24.0,"gold_loss":0.0,"damage_taken":0.0}],"is_beta":false,"boss_relics":[{"not_picked":["Tiny House","Runic Pyramid"],"picked":"Empty Cage"}],"items_purged_floors":[14,20],"is_endless":false,"potions_floor_spawned":[1,8,13,16,21],"killed_by":"Slavers","ascension_level":15}