{"gold_per_floor":[116,133,147,167,167,167,132,167,190,223,223,239,258,271,271,347,347,359,377,377,72,72,72,98,98,98,125,136,136,136,136,136,211,211,229,229,229,504,189,216,233,263,345,220,235,235,235,263,263,263,263,263,263,44,75,75],"floor_reached":57,"playtime":4195,"items_purged":["Leap","Regret","Ball Lightning+1"],"score":3347,"play_id":"ff93446c-cb82-4a8c-a4fc-c735638eb004","local_time":"20190402130301","is_ascension_mode":true,"campfire_choices":[{"data":"Biased Cognition","floor":6.0,"key":"SMITH"},{"data":"Recycle","floor":11.0,"key":"SMITH"},{"data":"Turbo","floor":15.0,"key":"SMITH"},{"data":"Double Energy","floor":23.0,"key":"SMITH"},{"data":"Skim","floor":25.0,"key":"SMITH"},{"data":"Dualcast","floor":32.0,"key":"SMITH"},{"floor":46.0,"key":"RECALL"},{"data":"Hologram","floor":49.0,"key":"SMITH"},{"data":"Turbo","floor":53.0,"key":"SMITH"}],"neow_cost":"TEN_PERCENT_HP_LOSS","seed_source_timestamp":17443780601099,"circlet_count":0,"master_deck":["AscendersBane","Dualcast+1","Biased Cognition+1","Coolheaded","Recycle+1","Hologram+1","Sunder+1","Skim+1","Double Energy+1","Multi-Cast","Turbo+1","Electrodynamics","Rainbow","Turbo+1","Self Repair","Consume+1","Glacier","All For One","Fission","Skim+1","Skim","Consume+1","Electrodynamics","AscendersBane","Redo"],"special_seed":0,"relics":["Cracked Core","Dream Catcher","Ancient Tea Set","Pandora\u0027s Box","Runic Capacitor","Du-Vu Doll","Juzu Bracelet","Lantern","Enchiridion","Coffee Dripper","Chemical X","Anchor","Shovel","Letter Opener","Strawberry","DollysMirror"],"potions_floor_usage":[56,56],"damage_taken":[{"damage":0.0,"enemies":"Cultist","floor":1.0,"turns":2.0},{"damage":0.0,"enemies":"Small Slimes","floor":2.0,"turns":2.0},{"damage":7.0,"enemies":"Jaw Worm","floor":3.0,"turns":2.0},{"damage":9.0,"enemies":"3 Louse","floor":4.0,"turns":4.0},{"damage":0.0,"enemies":"Gremlin Nob","floor":8.0,"turns":3.0},{"damage":11.0,"enemies":"3 Sentries","floor":10.0,"turns":7.0},{"damage":4.0,"enemies":"Red Slaver","floor":12.0,"turns":3.0},{"damage":1.0,"enemies":"Looter","floor":13.0,"turns":3.0},{"damage":0.0,"enemies":"Exordium Thugs","floor":14.0,"turns":3.0},{"damage":0.0,"enemies":"Slime Boss","floor":16.0,"turns":4.0},{"damage":0.0,"enemies":"3 Byrds","floor":18.0,"turns":1.0},{"damage":16.0,"enemies":"2 Thieves","floor":19.0,"turns":4.0},{"damage":34.0,"enemies":"Slavers","floor":24.0,"turns":4.0},{"damage":0.0,"enemies":"Book of Stabbing","floor":27.0,"turns":3.0},{"damage":0.0,"enemies":"3 Cultists","floor":28.0,"turns":3.0},{"damage":0.0,"enemies":"Automaton","floor":33.0,"turns":4.0},{"damage":29.0,"enemies":"Orb Walker","floor":35.0,"turns":3.0},{"damage":0.0,"enemies":"Giant Head","floor":40.0,"turns":4.0},{"damage":0.0,"enemies":"3 Shapes","floor":41.0,"turns":3.0},{"damage":0.0,"enemies":"Reptomancer","floor":42.0,"turns":2.0},{"damage":0.0,"enemies":"Writhing Mass","floor":45.0,"turns":2.0},{"damage":17.0,"enemies":"Nemesis","floor":48.0,"turns":7.0},{"damage":0.0,"enemies":"Donu and Deca","floor":50.0,"turns":1.0},{"damage":26.0,"enemies":"Time Eater","floor":51.0,"turns":6.0},{"damage":40.0,"enemies":"Shield and Spear","floor":55.0,"turns":3.0},{"damage":12,"enemies":"The Heart","floor":56,"turns":9}],"seed_played":"4693532685473477588","potions_obtained":[{"floor":1.0,"key":"Strength Potion"},{"floor":4.0,"key":"FearPotion"},{"floor":8.0,"key":"FearPotion"},{"floor":12.0,"key":"Fire Potion"},{"floor":18.0,"key":"Ancient Potion"},{"floor":41.0,"key":"PowerPotion"}],"is_trial":false,"path_per_floor":["M","M","M","M","?","R","?","E","T","E","R","M","M","M","R","B",null,"M","M","?","$","?","R","E","R","T","E","M","?","?","?","R","B",null,"M","?","?","?","$","E","M","E","T","$","M","R","?","E","R","B","B",null,"R","$","E","B",null],"character_chosen":"DEFECT","items_purchased":["Runic Capacitor","Chemical X","DollysMirror"],"campfire_rested":0,"item_purchase_floors":[21,39,54],"current_hp_per_floor":[64,64,57,48,29,29,45,45,45,34,34,30,29,29,29,29,55,55,46,46,46,46,46,19,19,19,26,26,5,5,64,64,64,64,42,42,42,42,42,49,56,61,61,61,61,61,61,58,58,65,46,63,63,63,23,18],"gold":75,"neow_bonus":"TRANSFORM_TWO_CARDS","is_prod":false,"is_daily":false,"chose_seed":false,"campfire_upgraded":8,"win_rate":0,"timestamp":1554181381,"path_taken":["M","M","M","?","?","R","?","E","T","E","R","M","M","M","R","BOSS","M","M","?","$","?","R","E","R","T","E","M","?","?","?","R","BOSS","M","?","?","?","$","E","M","E","T","?","M","R","?","E","R","BOSS","BOSS","R","$","E","BOSS"],"build_version":"2019-01-23","purchased_purges":3,"victory":true,"max_hp_per_floor":[64,64,64,64,64,64,64,64,64,64,64,64,64,64,64,64,64,64,64,64,64,64,64,64,64,64,64,64,64,64,64,64,64,64,64,61,61,61,61,61,61,61,61,61,61,61,61,68,68,68,68,68,68,68,68,68],"card_choices":[{"not_picked":["Turbo","Steam"],"picked":"Ball Lightning","floor":1.0},{"not_picked":["Melter","Fusion"],"picked":"Recycle","floor":2.0},{"not_picked":["Leap","Hello World"],"picked":"Hologram","floor":3.0},{"not_picked":["Heatsinks","Reprogram"],"picked":"Sunder","floor":4.0},{"not_picked":["Gash","Go for the Eyes"],"picked":"Skim","floor":8.0},{"not_picked":["BootSequence","Beam Cell"],"picked":"Double Energy","floor":10.0},{"not_picked":["Storm","Gash"],"picked":"Multi-Cast","floor":12.0},{"not_picked":["Hologram","Auto Shields"],"picked":"Turbo","floor":13.0},{"not_picked":["Go for the Eyes","Sweeping Beam","Doom and Gloom"],"picked":"SKIP","floor":14.0},{"not_picked":["Echo Form","Hyperbeam"],"picked":"Electrodynamics","floor":16.0},{"not_picked":["Loop","Gash"],"picked":"Glacier","floor":18.0},{"not_picked":["Barrage","Genetic Algorithm","Go for the Eyes"],"picked":"SKIP","floor":19.0},{"not_picked":["Steam","Go for the Eyes"],"picked":"All For One","floor":24.0},{"not_picked":["Beam Cell","Sweeping Beam","Rebound"],"picked":"SKIP","floor":27.0},{"not_picked":["Conserve Battery","Streamline","Turbo"],"picked":"SKIP","floor":28.0},{"not_picked":["Echo Form","All For One"],"picked":"Fission","floor":33.0},{"not_picked":["Go for the Eyes","Turbo","Rebound"],"picked":"SKIP","floor":35.0},{"not_picked":["Hologram","Force Field","Cold Snap"],"picked":"SKIP","floor":40.0},{"not_picked":["Defragment","Rebound"],"picked":"Skim","floor":41.0},{"not_picked":["Rebound","Storm","Redo"],"picked":"SKIP","floor":42.0},{"not_picked":["Hologram+1","Lockon+1"],"picked":"Consume+1","floor":45.0},{"not_picked":["Redo","Leap"],"picked":"Electrodynamics","floor":48.0},{"not_picked":["Undo","Leap+1"],"picked":"Redo","floor":55.0}],"player_experience":4013272,"relics_obtained":[{"floor":8.0,"key":"Dream Catcher"},{"floor":10.0,"key":"Ancient Tea Set"},{"floor":24.0,"key":"Du-Vu Doll"},{"floor":26.0,"key":"Juzu Bracelet"},{"floor":27.0,"key":"Lantern"},{"floor":29.0,"key":"Enchiridion"},{"floor":40.0,"key":"Anchor"},{"floor":42.0,"key":"Shovel"},{"floor":43.0,"key":"Letter Opener"},{"floor":48.0,"key":"Strawberry"}],"event_choices":[{"damage_healed":0.0,"max_hp_gain":0.0,"max_hp_loss":0.0,"gold_gain":0.0,"event_name":"Shining Light","player_choice":"Entered Light","floor":5.0,"gold_loss":0.0,"damage_taken":19.0,"cards_upgraded":["Sunder","Ball Lightning"]},{"damage_healed":16.0,"max_hp_gain":0.0,"max_hp_loss":0.0,"gold_gain":0.0,"event_name":"The Cleric","player_choice":"Healed","floor":7.0,"gold_loss":35.0,"damage_taken":0.0},{"cards_removed":["Zap"],"damage_healed":0.0,"max_hp_gain":0.0,"max_hp_loss":0.0,"gold_gain":0.0,"event_name":"Back to Basics","player_choice":"Elegance","floor":20.0,"gold_loss":0.0,"damage_taken":0.0},{"damage_healed":0.0,"max_hp_gain":0.0,"max_hp_loss":0.0,"gold_gain":0.0,"event_name":"Cursed Tome","player_choice":"Obtained Book","floor":29.0,"gold_loss":0.0,"damage_taken":21.0},{"damage_healed":0.0,"max_hp_gain":0.0,"max_hp_loss":0.0,"gold_gain":0.0,"event_name":"Upgrade Shrine","player_choice":"Upgraded","floor":30.0,"gold_loss":0.0,"damage_taken":0.0,"cards_upgraded":["Consume"]},{"cards_removed":["Static Discharge"],"damage_healed":59.0,"max_hp_gain":0.0,"max_hp_loss":0.0,"gold_gain":0.0,"event_name":"Bonfire Elementals","player_choice":"Offered Uncommon","floor":31.0,"gold_loss":0.0,"damage_taken":0.0},{"damage_healed":0.0,"max_hp_gain":0.0,"max_hp_loss":3.0,"gold_gain":0.0,"event_name":"Winding Halls","player_choice":"Max HP","floor":36.0,"gold_loss":0.0,"damage_taken":0.0},{"damage_healed":0.0,"max_hp_gain":0.0,"max_hp_loss":0.0,"gold_gain":0.0,"event_name":"Duplicator","player_choice":"Copied","floor":37.0,"gold_loss":0.0,"damage_taken":0.0,"cards_obtained":["Skim"]},{"damage_healed":0.0,"max_hp_gain":0.0,"max_hp_loss":0.0,"gold_gain":275.0,"event_name":"Golden Shrine","player_choice":"Desecrate","floor":38.0,"gold_loss":0.0,"damage_taken":0.0,"cards_obtained":["Regret"]},{"damage_healed":0.0,"max_hp_gain":0.0,"max_hp_loss":0.0,"gold_gain":0.0,"event_name":"Tomb of Lord Red Mask","player_choice":"Ignored","floor":47.0,"gold_loss":0.0,"damage_taken":0.0}],"is_beta":false,"boss_relics":[{"not_picked":["Runic Dome","Nuclear Battery"],"picked":"Pandora\u0027s Box"},{"not_picked":["Fusion Hammer","Orrery"],"picked":"Coffee Dripper"}],"items_purged_floors":[21,39,44],"is_endless":false,"potions_floor_spawned":[1,4,8,12,13,18,19,27,28,41,42,45,55],"ascension_level":20}