{"gold_per_floor":[16,36,46,46,65,65,79,79,151,151,162,162,162,177,177,270,270,294,294,80,63,63,63,101,101,101,101,2,2,25,25],"floor_reached":31,"playtime":898,"items_purged":[],"score":515,"play_id":"bf223da1-4716-49a1-8a71-1a34d3c0d79d","local_time":"20190221175823","is_ascension_mode":true,"campfire_choices":[{"data":"Dualcast","floor":6.0,"key":"SMITH"},{"data":"Lockon","floor":8.0,"key":"SMITH"},{"data":"Zap","floor":10.0,"key":"SMITH"},{"data":"Buffer","floor":15.0,"key":"SMITH"},{"data":"Defragment","floor":23.0,"key":"SMITH"},{"floor":25.0,"key":"DIG"},{"floor":27.0,"key":"DIG"}],"neow_cost":"NO_GOLD","seed_source_timestamp":19070970501772,"circlet_count":0,"master_deck":["AscendersBane","Strike_B+1","Strike_B+1","Strike_B+1","Strike_B+1","Defend_B+1","Defend_B+1","Defend_B+1","Defend_B+1","Zap+1","Dualcast+1","Ball Lightning","Lockon+1","Conserve Battery","Echo Form","Hologram","Genetic Algorithm","Chill","Leap","Chill","Stack","Aggregate","Buffer+1","Echo Form","Zap","Steam Power","Beam Cell","Turbo","Stack","All For One","Redo","Beam Cell+1","Undo","Defragment+1","Rainbow","Streamline","FTL","Sunder","Cold Snap","Steam Power","Darkness"],"special_seed":0,"relics":["Cracked Core","Prayer Wheel","Pantograph","Golden Idol","Busted Crown","Shovel","Whetstone","Cables","Pocketwatch"],"potions_floor_usage":[30],"damage_taken":[{"damage":0.0,"enemies":"2 Louse","floor":1.0,"turns":3.0},{"damage":7.0,"enemies":"Jaw Worm","floor":2.0,"turns":3.0},{"damage":1.0,"enemies":"Cultist","floor":3.0,"turns":3.0},{"damage":4.0,"enemies":"Looter","floor":5.0,"turns":3.0},{"damage":0.0,"enemies":"2 Fungi Beasts","floor":7.0,"turns":2.0},{"damage":0.0,"enemies":"Blue Slaver","floor":11.0,"turns":2.0},{"damage":19.0,"enemies":"Exordium Wildlife","floor":14.0,"turns":4.0},{"damage":3.0,"enemies":"Hexaghost","floor":16.0,"turns":11.0},{"damage":0.0,"enemies":"Chosen","floor":18.0,"turns":6.0},{"damage":4.0,"enemies":"2 Thieves","floor":21.0,"turns":5.0},{"damage":31.0,"enemies":"Slavers","floor":24.0,"turns":5.0},{"damage":18,"enemies":"Chosen and Byrds","floor":30,"turns":6},{"damage":23,"enemies":"Snake Plant","floor":31,"turns":2}],"seed_played":"-6203870642342435023","potions_obtained":[{"floor":3.0,"key":"FearPotion"},{"floor":7.0,"key":"PowerPotion"},{"floor":16.0,"key":"FocusPotion"},{"floor":24.0,"key":"Regen Potion"}],"is_trial":false,"path_per_floor":["M","M","M","?","M","R","M","R","T","R","M","?","?","M","R","B",null,"M","?","$","M","?","R","E","R","T","R","$","?","M","M"],"character_chosen":"DEFECT","items_purchased":["Defragment","Rainbow","Sunder","Cold Snap"],"campfire_rested":0,"item_purchase_floors":[20,20,28,28],"current_hp_per_floor":[64,57,56,35,31,31,31,31,31,31,31,31,31,12,12,34,57,57,57,57,53,53,53,22,22,22,22,22,22,19,0],"gold":25,"neow_bonus":"ONE_RARE_RELIC","is_prod":false,"is_daily":false,"chose_seed":false,"campfire_upgraded":5,"win_rate":0,"timestamp":1550743103,"path_taken":["M","M","M","?","M","R","M","R","T","R","M","?","?","?","R","BOSS","M","?","$","M","?","R","E","R","T","R","$","?","M","M"],"build_version":"2019-01-23","purchased_purges":0,"victory":false,"max_hp_per_floor":[71,71,71,71,71,71,71,71,71,71,71,64,64,64,64,64,64,64,64,64,64,64,64,64,64,64,64,64,64,64,64],"card_choices":[{"not_picked":["Blizzard","Skim"],"picked":"Ball Lightning","floor":1.0},{"not_picked":["Steam","Rebound"],"picked":"Lockon","floor":1.0},{"not_picked":["Sweeping Beam","Steam"],"picked":"Conserve Battery","floor":2.0},{"not_picked":["Go for the Eyes","Reinforced Body"],"picked":"Echo Form","floor":2.0},{"not_picked":["Storm","Tempest"],"picked":"Hologram","floor":3.0},{"not_picked":["Compile Driver","BootSequence"],"picked":"Genetic Algorithm","floor":3.0},{"not_picked":["Gash","Static Discharge"],"picked":"Chill","floor":5.0},{"not_picked":["Force Field","Redo"],"picked":"Leap","floor":5.0},{"not_picked":["Hologram","Heatsinks"],"picked":"Chill","floor":7.0},{"not_picked":["Coolheaded","Leap"],"picked":"Stack","floor":7.0},{"not_picked":["Hologram","Sweeping Beam"],"picked":"Aggregate","floor":11.0},{"not_picked":["Recycle","Chill"],"picked":"Buffer","floor":11.0},{"not_picked":["Redo","Darkness"],"picked":"Turbo","floor":14.0},{"not_picked":["Barrage","Reinforced Body"],"picked":"Stack","floor":14.0},{"not_picked":["Creative AI","Electrodynamics"],"picked":"All For One","floor":16.0},{"not_picked":[],"picked":"Redo","floor":18.0},{"not_picked":[],"picked":"Beam Cell","floor":18.0},{"not_picked":[],"picked":"Streamline","floor":21.0},{"not_picked":["Sweeping Beam"],"picked":"SKIP","floor":21.0},{"not_picked":[],"picked":"FTL","floor":24.0},{"not_picked":[],"picked":"Steam Power","floor":30},{"not_picked":[],"picked":"Darkness","floor":30}],"player_experience":3008939,"relics_obtained":[{"floor":9.0,"key":"Pantograph"},{"floor":24.0,"key":"Shovel"},{"floor":25.0,"key":"Whetstone"},{"floor":26.0,"key":"Cables"},{"floor":27.0,"key":"Pocketwatch"}],"event_choices":[{"damage_healed":0.0,"max_hp_gain":0.0,"max_hp_loss":0.0,"gold_gain":0.0,"event_name":"Shining Light","player_choice":"Entered Light","floor":4.0,"gold_loss":0.0,"damage_taken":21.0,"cards_upgraded":["Strike_B","Defend_B"]},{"damage_healed":0.0,"max_hp_gain":0.0,"max_hp_loss":7.0,"gold_gain":0.0,"event_name":"Golden Idol","player_choice":"Lose Max HP","floor":12.0,"gold_loss":0.0,"damage_taken":0.0,"relics_obtained":["Golden Idol"]},{"damage_healed":0.0,"max_hp_gain":0.0,"max_hp_loss":0.0,"gold_gain":0.0,"event_name":"Match and Keep!","player_choice":"4 cards matched","floor":13.0,"gold_loss":0.0,"damage_taken":0.0,"cards_obtained":["Echo Form","Zap","Steam Power","Beam Cell"]},{"damage_healed":0.0,"max_hp_gain":0.0,"max_hp_loss":0.0,"gold_gain":0.0,"event_name":"The Library","player_choice":"Read","floor":19.0,"gold_loss":0.0,"damage_taken":0.0,"cards_obtained":["Undo"]},{"damage_healed":0.0,"max_hp_gain":0.0,"max_hp_loss":0.0,"gold_gain":0.0,"event_name":"The Mausoleum","player_choice":"Ignored","floor":22.0,"gold_loss":0.0,"damage_taken":0.0},{"damage_healed":0.0,"max_hp_gain":0.0,"max_hp_loss":0.0,"gold_gain":0.0,"event_name":"Back to Basics","player_choice":"Simplicity","floor":29.0,"gold_loss":0.0,"damage_taken":0.0,"cards_upgraded":["Strike_B","Strike_B","Defend_B","Defend_B","Defend_B"]}],"is_beta":false,"boss_relics":[{"not_picked":["Orrery","Pandora\u0027s Box"],"picked":"Busted Crown"}],"items_purged_floors":[],"is_endless":false,"potions_floor_spawned":[3,7,11,16,21,24],"killed_by":"Snake Plant","ascension_level":20}