{"gold_per_floor":[109,109,109,127,147,147,167,198,198,198,209,209,75,89,89,184,184,202,69,119,9,25,25,48,48,48,86,86,102,143,40,40,131,131,146,146,96,110,184,184,134,134,134,158,181,221,235,255,255,255,255,255,255,45,85,85],"floor_reached":57,"playtime":3355,"items_purged":["Normality","Strike_B","Strike_B","Defend_B","Defend_B"],"score":2654,"play_id":"3557a338-32e3-4972-86ca-650d73aff8d2","local_time":"20190328004627","is_ascension_mode":true,"campfire_choices":[{"data":"Hyperbeam","floor":6.0,"key":"SMITH"},{"data":"Consume","floor":10.0,"key":"SMITH"},{"data":"Hologram","floor":15.0,"key":"SMITH"},{"data":"Dualcast","floor":23.0,"key":"SMITH"},{"data":"Skim","floor":28.0,"key":"SMITH"},{"floor":32.0,"key":"REST"},{"data":"Biased Cognition","floor":40.0,"key":"SMITH"},{"floor":49.0,"key":"RECALL"},{"data":"Skim","floor":53.0,"key":"SMITH"}],"neow_cost":"CURSE","seed_source_timestamp":43171546267861,"circlet_count":0,"master_deck":["AscendersBane","Defend_B","Defend_B","Zap+1","Dualcast+1","Core Surge","Chill","Hyperbeam+1","Coolheaded+1","Consume+1","White Noise","Cold Snap","Ball Lightning","Hologram+1","Glacier","Self Repair","Turbo+1","Skim+1","Echo Form","Biased Cognition+1","Self Repair","Echo Form","Chill+1","Skim+1","Redo+1","Hologram+1"],"special_seed":0,"relics":["Cracked Core","Orichalcum","Smiling Mask","Golden Idol","Nuclear Battery","Sundial","Red Mask","Coffee Dripper","Letter Opener","Bottled Tornado","Pen Nib","ClockworkSouvenir","War Paint"],"potions_floor_usage":[56,56],"damage_taken":[{"damage":5.0,"enemies":"Small Slimes","floor":1.0,"turns":3.0},{"damage":0.0,"enemies":"2 Louse","floor":4.0,"turns":2.0},{"damage":6.0,"enemies":"Cultist","floor":5.0,"turns":3.0},{"damage":2.0,"enemies":"Lots of Slimes","floor":7.0,"turns":3.0},{"damage":36.0,"enemies":"Gremlin Nob","floor":8.0,"turns":4.0},{"damage":0.0,"enemies":"Looter","floor":11.0,"turns":4.0},{"damage":0.0,"enemies":"Large Slime","floor":14.0,"turns":4.0},{"damage":7.0,"enemies":"Hexaghost","floor":16.0,"turns":6.0},{"damage":9.0,"enemies":"Chosen","floor":18.0,"turns":7.0},{"damage":8.0,"enemies":"3 Byrds","floor":22.0,"turns":4.0},{"damage":3.0,"enemies":"Snecko","floor":24.0,"turns":9.0},{"damage":9.0,"enemies":"Book of Stabbing","floor":27.0,"turns":7.0},{"damage":6.0,"enemies":"Snake Plant","floor":29.0,"turns":3.0},{"damage":42.0,"enemies":"Masked Bandits","floor":30.0,"turns":5.0},{"damage":0.0,"enemies":"Collector","floor":33.0,"turns":12.0},{"damage":0.0,"enemies":"3 Darklings","floor":35.0,"turns":2.0},{"damage":5.0,"enemies":"3 Shapes","floor":38.0,"turns":4.0},{"damage":4.0,"enemies":"Writhing Mass","floor":44.0,"turns":6.0},{"damage":0.0,"enemies":"Sphere and 2 Shapes","floor":45.0,"turns":2.0},{"damage":12.0,"enemies":"Reptomancer","floor":46.0,"turns":4.0},{"damage":2.0,"enemies":"3 Darklings","floor":47.0,"turns":3.0},{"damage":0.0,"enemies":"Writhing Mass","floor":48.0,"turns":4.0},{"damage":28.0,"enemies":"Time Eater","floor":50.0,"turns":17.0},{"damage":19.0,"enemies":"Awakened One","floor":51.0,"turns":10.0},{"damage":8.0,"enemies":"Shield and Spear","floor":55.0,"turns":8.0},{"damage":63,"enemies":"The Heart","floor":56,"turns":15}],"seed_played":"2045348592917297455","potions_obtained":[{"floor":4.0,"key":"Fruit Juice"},{"floor":7.0,"key":"EssenceOfSteel"},{"floor":8.0,"key":"LiquidBronze"},{"floor":22.0,"key":"Block Potion"},{"floor":29.0,"key":"Regen Potion"},{"floor":35.0,"key":"GamblersBrew"},{"floor":46.0,"key":"Energy Potion"}],"is_trial":false,"path_per_floor":["M","?","?","M","M","R","M","E","T","R","M","?","$","M","R","B",null,"M","$","?","?","M","R","M","?","T","E","R","M","?","$","R","B",null,"M","?","$","M","T","R","$","?","T","M","M","E","M","M","R","B","B",null,"R","$","E","B",null],"character_chosen":"DEFECT","items_purchased":["Cold Snap","Ball Lightning","Self Repair","SkillPotion","ClockworkSouvenir"],"campfire_rested":1,"item_purchase_floors":[13,13,19,31,54],"current_hp_per_floor":[59,59,59,59,53,53,56,20,20,20,20,20,20,20,20,13,55,46,46,46,46,45,45,49,49,49,47,47,48,13,13,33,55,66,66,66,66,68,68,68,68,68,68,69,69,69,69,69,69,62,64,68,68,68,69,20],"gold":85,"neow_bonus":"THREE_RARE_CARDS","is_prod":false,"is_daily":false,"chose_seed":false,"campfire_upgraded":7,"win_rate":0,"timestamp":1553705187,"path_taken":["M","?","?","?","M","R","?","E","T","R","M","?","$","M","R","BOSS","M","$","?","?","?","R","M","?","T","E","R","M","?","$","R","BOSS","M","?","$","?","?","R","?","?","T","M","M","E","M","M","R","BOSS","BOSS","R","$","E","BOSS"],"build_version":"2019-01-23","purchased_purges":5,"victory":true,"max_hp_per_floor":[71,71,71,71,71,71,76,76,76,76,76,69,69,69,69,69,69,69,69,69,69,69,69,69,69,69,69,69,69,69,69,69,69,69,69,69,69,69,69,69,69,69,69,69,69,69,69,69,69,69,69,69,69,69,69,69],"card_choices":[{"not_picked":["Fission","Seek"],"picked":"Core Surge","floor":0.0},{"not_picked":["Stack","Leap"],"picked":"Chill","floor":1.0},{"not_picked":["Conserve Battery","Compile Driver"],"picked":"Coolheaded","floor":4.0},{"not_picked":["Go for the Eyes","Conserve Battery","Sunder"],"picked":"SKIP","floor":5.0},{"not_picked":["Steam Power","Force Field"],"picked":"Consume","floor":7.0},{"not_picked":["Undo","Beam Cell"],"picked":"White Noise","floor":8.0},{"not_picked":["Blizzard","Sweeping Beam","Redo"],"picked":"SKIP","floor":11.0},{"not_picked":["Meteor Strike","Conserve Battery"],"picked":"Hologram","floor":14.0},{"not_picked":["All For One","Creative AI"],"picked":"Core Surge","floor":16.0},{"not_picked":["Stack+1","Cold Snap"],"picked":"Glacier","floor":18.0},{"not_picked":["Streamline","Beam Cell"],"picked":"Turbo+1","floor":22.0},{"not_picked":["Conserve Battery","Hello World"],"picked":"Skim","floor":24.0},{"not_picked":["Gash","Rainbow","Rebound"],"picked":"SKIP","floor":27.0},{"not_picked":["Steam","Darkness","Storm"],"picked":"SKIP","floor":29.0},{"not_picked":["Meteor Strike","Hyperbeam"],"picked":"Biased Cognition","floor":33.0},{"not_picked":["Streamline","Barrage"],"picked":"Self Repair","floor":35.0},{"not_picked":["Beam Cell","Tempest"],"picked":"Chill","floor":38.0},{"not_picked":["Go for the Eyes","Coolheaded","Ball Lightning"],"picked":"SKIP","floor":44.0},{"not_picked":["Blizzard","Genetic Algorithm","Steam"],"picked":"SKIP","floor":45.0},{"not_picked":["Rainbow","Static Discharge"],"picked":"Skim","floor":46.0},{"not_picked":["Coolheaded","Beam Cell"],"picked":"Redo+1","floor":47.0},{"not_picked":["Undo","Compile Driver"],"picked":"Hologram+1","floor":48.0},{"not_picked":["Fusion","Auto Shields+1","Leap+1"],"picked":"SKIP","floor":55.0}],"player_experience":3912671,"relics_obtained":[{"floor":8.0,"key":"Orichalcum"},{"floor":9.0,"key":"Smiling Mask"},{"floor":27.0,"key":"Sundial"},{"floor":30.0,"key":"Red Mask"},{"floor":39.0,"key":"Letter Opener"},{"floor":43.0,"key":"Bottled Tornado"},{"floor":46.0,"key":"Pen Nib"},{"floor":55.0,"key":"War Paint"}],"event_choices":[{"damage_healed":0.0,"max_hp_gain":0.0,"max_hp_loss":0.0,"gold_gain":0.0,"event_name":"Liars Game","player_choice":"Ignored","floor":2.0,"gold_loss":0.0,"damage_taken":0.0},{"damage_healed":0.0,"max_hp_gain":0.0,"max_hp_loss":0.0,"gold_gain":0.0,"cards_transformed":["Strike_B"],"event_name":"Transmorgrifier","player_choice":"Transformed","floor":3.0,"gold_loss":0.0,"damage_taken":0.0,"cards_obtained":["Hyperbeam"]},{"damage_healed":0.0,"max_hp_gain":0.0,"max_hp_loss":7.0,"gold_gain":0.0,"event_name":"Golden Idol","player_choice":"Lose Max HP","floor":12.0,"gold_loss":0.0,"damage_taken":0.0,"relics_obtained":["Golden Idol"]},{"damage_healed":0.0,"max_hp_gain":0.0,"max_hp_loss":0.0,"gold_gain":50.0,"event_name":"Nest","player_choice":"Stole From Cult","floor":20.0,"gold_loss":0.0,"damage_taken":0.0},{"cards_removed":["Strike_B"],"damage_healed":0.0,"max_hp_gain":0.0,"max_hp_loss":0.0,"gold_gain":0.0,"event_name":"Designer","player_choice":"Upgrade and Remove","floor":21.0,"gold_loss":110.0,"damage_taken":0.0,"cards_upgraded":["Coolheaded"]},{"damage_healed":0.0,"max_hp_gain":0.0,"max_hp_loss":0.0,"gold_gain":0.0,"event_name":"The Library","player_choice":"Read","floor":25.0,"gold_loss":0.0,"damage_taken":0.0,"cards_obtained":["Echo Form"]},{"damage_healed":0.0,"max_hp_gain":0.0,"max_hp_loss":0.0,"gold_gain":0.0,"event_name":"Masked Bandits","player_choice":"Fought Bandits","floor":30.0,"gold_loss":0.0,"damage_taken":0.0},{"damage_healed":0.0,"max_hp_gain":0.0,"max_hp_loss":0.0,"gold_gain":0.0,"event_name":"Duplicator","player_choice":"Copied","floor":36.0,"gold_loss":0.0,"damage_taken":0.0,"cards_obtained":["Echo Form"]},{"cards_removed":["Core Surge"],"damage_healed":0.0,"max_hp_gain":0.0,"max_hp_loss":0.0,"gold_gain":0.0,"event_name":"Falling","player_choice":"Removed Attack","floor":42.0,"gold_loss":0.0,"damage_taken":0.0}],"is_beta":false,"boss_relics":[{"not_picked":["Orrery","Eternal Feather"],"picked":"Nuclear Battery"},{"not_picked":["Sozu","Calling Bell"],"picked":"Coffee Dripper"}],"items_purged_floors":[13,19,31,37,41],"is_endless":false,"potions_floor_spawned":[4,7,8,22,29,35,46],"ascension_level":20}