{"gold_per_floor":[110,110,127,145,145,145,175,175,175,200,216,242,32,42,42,116,166,181,55,54,1,1,1,35,35,35,35,35,51,69,85,85,164,164,177,77,93,106,106,106,106,126,126,137,137,137,137,12,12,12,12,12,12,12,12],"floor_reached":55,"playtime":2284,"items_purged":["Strike_R","Strike_R","Strike_R"],"score":1985,"play_id":"224755e3-deb9-462f-b7b9-4817306181d0","local_time":"20190202155913","is_ascension_mode":true,"campfire_choices":[{"data":"Carnage","floor":6.0,"key":"SMITH"},{"data":"Spot Weakness","floor":8.0,"key":"SMITH"},{"data":"Bash","floor":15.0,"key":"SMITH"},{"data":"Fiend Fire","floor":23.0,"key":"SMITH"},{"floor":25.0,"key":"RECALL"},{"data":"Defend_R","floor":28.0,"key":"SMITH"},{"data":"Defend_R","floor":32.0,"key":"SMITH"},{"floor":40.0,"key":"REST"},{"data":"Strike_R","floor":46.0,"key":"SMITH"},{"floor":49.0,"key":"REST"},{"floor":53,"key":"REST"}],"neow_cost":"NONE","seed_source_timestamp":9817567535986,"circlet_count":0,"master_deck":["AscendersBane","Strike_R+1","Strike_R+1","Defend_R+1","Defend_R+1","Defend_R+1","Defend_R+1","Bash+1","Spot Weakness+1","Armaments+1","Carnage+1","Havoc+1","Berserk+1","Havoc+1","Fiend Fire+1","Flex+1","Limit Break+1","Infernal Blade+1","Second Wind+1","Shrug It Off+1","Warcry+1","Ghostly+1","Ghostly+1","Ghostly+1","Flex+1","Inflame+1","Inflame+1","Disarm+1","Limit Break+1","Inflame+1","Power Through+1","Shrug It Off+1","Barricade+1","Deep Breath+1","Finesse+1","Master of Strategy+1","Second Wind+1","True Grit+1"],"special_seed":0,"relics":["Burning Blood","NeowsBlessing","Toxic Egg 2","FossilizedHelix","Ornamental Fan","Frozen Egg 2","Juzu Bracelet","ClockworkSouvenir","Tiny House","Question Card","Sozu","Paper Frog"],"potions_floor_usage":[],"damage_taken":[{"damage":0.0,"enemies":"Jaw Worm","floor":1.0,"turns":1.0},{"damage":0.0,"enemies":"Cultist","floor":3.0,"turns":1.0},{"damage":0.0,"enemies":"Small Slimes","floor":4.0,"turns":1.0},{"damage":44.0,"enemies":"Gremlin Nob","floor":7.0,"turns":4.0},{"damage":10.0,"enemies":"3 Sentries","floor":10.0,"turns":8.0},{"damage":0.0,"enemies":"Exordium Wildlife","floor":11.0,"turns":4.0},{"damage":0.0,"enemies":"Lagavulin","floor":12.0,"turns":4.0},{"damage":0.0,"enemies":"Looter","floor":14.0,"turns":2.0},{"damage":9.0,"enemies":"Hexaghost","floor":16.0,"turns":9.0},{"damage":6.0,"enemies":"Shell Parasite","floor":18.0,"turns":3.0},{"damage":11.0,"enemies":"2 Thieves","floor":20.0,"turns":4.0},{"damage":0.0,"enemies":"Slavers","floor":24.0,"turns":5.0},{"damage":32.0,"enemies":"Colosseum Slavers","floor":27.0,"turns":7.0},{"damage":0.0,"enemies":"Cultist and Chosen","floor":29.0,"turns":5.0},{"damage":0.0,"enemies":"Sentry and Sphere","floor":30.0,"turns":6.0},{"damage":3.0,"enemies":"Shelled Parasite and Fungi","floor":31.0,"turns":4.0},{"damage":16.0,"enemies":"Collector","floor":33.0,"turns":8.0},{"damage":33.0,"enemies":"3 Darklings","floor":35.0,"turns":7.0},{"damage":0.0,"enemies":"Orb Walker","floor":37.0,"turns":3.0},{"damage":7.0,"enemies":"4 Shapes","floor":38.0,"turns":9.0},{"damage":5.0,"enemies":"Sphere and 2 Shapes","floor":42.0,"turns":7.0},{"damage":0.0,"enemies":"3 Darklings","floor":44.0,"turns":5.0},{"damage":0.0,"enemies":"Awakened One","floor":50.0,"turns":11.0},{"damage":38,"enemies":"Time Eater","floor":51,"turns":15},{"damage":46,"enemies":"Shield and Spear","floor":55,"turns":6}],"seed_played":"3886042029508294184","potions_obtained":[{"floor":1.0,"key":"Dexterity Potion"},{"floor":3.0,"key":"Fruit Juice"},{"floor":11.0,"key":"SteroidPotion"},{"floor":14.0,"key":"FearPotion"},{"floor":17.0,"key":"Fruit Juice"},{"floor":20.0,"key":"SteroidPotion"},{"floor":29.0,"key":"GamblersBrew"},{"floor":31.0,"key":"Strength Potion"},{"floor":33.0,"key":"Strength Potion"}],"is_trial":false,"path_per_floor":["M","?","M","M","?","R","E","R","T","E","M","E","$","M","R","B",null,"M","$","M","$","?","R","E","R","T","?","R","M","M","M","R","B",null,"M","$","M","M","?","R","?","M","T","M","?","R","$","$","R","B","B",null,"R","$","E"],"character_chosen":"IRONCLAD","items_purchased":["ClockworkSouvenir","Shrug It Off+1","PowerPotion"],"campfire_rested":3,"item_purchase_floors":[13,19,21],"current_hp_per_floor":[74,74,80,80,56,56,18,18,18,14,20,26,26,32,32,29,77,77,77,72,72,45,45,45,45,45,19,19,25,31,34,34,24,40,13,13,19,18,18,31,21,22,22,28,28,28,28,28,41,45,13,37,45,45,0],"gold":12,"neow_bonus":"THREE_ENEMY_KILL","is_prod":false,"is_daily":false,"chose_seed":false,"campfire_upgraded":7,"win_rate":0,"timestamp":1549094353,"path_taken":["M","?","?","M","?","R","E","R","T","E","M","E","$","M","R","BOSS","M","$","M","$","?","R","E","R","T","?","R","M","M","M","R","BOSS","M","$","M","M","?","R","?","M","T","M","?","R","?","$","R","BOSS","BOSS","R","$","E"],"build_version":"2019-01-23","purchased_purges":3,"victory":false,"max_hp_per_floor":[75,75,80,80,80,80,80,80,80,80,80,80,80,80,80,80,90,90,90,90,90,45,45,45,45,45,45,45,45,45,45,45,45,45,45,45,45,45,45,45,45,45,45,45,45,45,45,45,45,45,45,45,45,45,45],"card_choices":[{"not_picked":["Anger","Flex"],"picked":"Spot Weakness","floor":1.0},{"not_picked":["Perfected Strike","Sword Boomerang"],"picked":"Armaments+1","floor":3.0},{"not_picked":["Wild Strike","Thunderclap"],"picked":"Carnage","floor":4.0},{"not_picked":["Headbutt","Anger"],"picked":"Havoc+1","floor":7.0},{"not_picked":["Blood for Blood","Clothesline"],"picked":"Berserk","floor":10.0},{"not_picked":["Rupture+1","Corruption+1"],"picked":"Havoc+1","floor":11.0},{"not_picked":["Sword Boomerang","Twin Strike"],"picked":"Fiend Fire","floor":12.0},{"not_picked":["Sword Boomerang","Wild Strike"],"picked":"Flex+1","floor":14.0},{"not_picked":["Dark Embrace+1","Bludgeon"],"picked":"Limit Break+1","floor":16.0},{"not_picked":["Cleave","Thunderclap"],"picked":"Infernal Blade+1","floor":17.0},{"not_picked":["Thunderclap","Body Slam"],"picked":"Second Wind+1","floor":18.0},{"not_picked":["Sword Boomerang","Intimidate+1"],"picked":"Warcry+1","floor":20.0},{"not_picked":["Anger","Clothesline"],"picked":"Flex+1","floor":24.0},{"not_picked":["Carnage","Feel No Pain+1","Body Slam"],"picked":"Inflame+1","floor":29.0},{"not_picked":["Corruption+1","Clothesline","Rage+1"],"picked":"Inflame+1","floor":30.0},{"not_picked":["True Grit+1","Sword Boomerang","Fire Breathing+1"],"picked":"Disarm+1","floor":31.0},{"not_picked":["Bludgeon","Brutality+1","Exhume+1"],"picked":"Limit Break+1","floor":33.0},{"not_picked":["Searing Blow+1","Shockwave+1","Thunderclap+1"],"picked":"Inflame+1","floor":35.0},{"not_picked":["Flex+1","Bloodletting+1","Infernal Blade+1"],"picked":"Power Through+1","floor":37.0},{"not_picked":["Hemokinesis","Warcry+1","Pommel Strike"],"picked":"Shrug It Off+1","floor":38.0},{"not_picked":["Impatience+1","Jack Of All Trades+1","Purity+1"],"picked":"Deep Breath+1","floor":41.0},{"not_picked":["Forethought+1","PanicButton+1","Enlightenment+1"],"picked":"Finesse+1","floor":41.0},{"not_picked":["Deep Breath+1","Good Instincts+1","Metamorphosis+1"],"picked":"Master of Strategy+1","floor":41.0},{"not_picked":["Thunderclap+1","Fire Breathing+1","Iron Wave"],"picked":"Second Wind+1","floor":42.0},{"not_picked":["Cleave","Anger","Armaments+1"],"picked":"True Grit+1","floor":44.0}],"player_experience":2454460,"relics_obtained":[{"floor":7.0,"key":"FossilizedHelix"},{"floor":9.0,"key":"Ornamental Fan"},{"floor":10.0,"key":"Frozen Egg 2"},{"floor":12.0,"key":"Juzu Bracelet"},{"floor":24.0,"key":"Question Card"},{"floor":43.0,"key":"Paper Frog"}],"event_choices":[{"damage_healed":0.0,"max_hp_gain":0.0,"max_hp_loss":0.0,"gold_gain":0.0,"event_name":"WeMeetAgain","player_choice":"Gave Potion","floor":2.0,"gold_loss":0.0,"damage_taken":0.0,"relics_obtained":["Toxic Egg 2"]},{"damage_healed":0.0,"max_hp_gain":0.0,"max_hp_loss":0.0,"gold_gain":0.0,"event_name":"Shining Light","player_choice":"Entered Light","floor":5.0,"gold_loss":0.0,"damage_taken":24.0,"cards_upgraded":["Strike_R","Defend_R"]},{"damage_healed":0.0,"max_hp_gain":0.0,"max_hp_loss":45.0,"gold_gain":0.0,"event_name":"Ghosts","player_choice":"Became a Ghost","floor":22.0,"gold_loss":0.0,"damage_taken":0.0,"cards_obtained":["Ghostly","Ghostly","Ghostly"]},{"damage_healed":0.0,"max_hp_gain":0.0,"max_hp_loss":0.0,"gold_gain":0.0,"event_name":"Colosseum","player_choice":"Fight","floor":27.0,"gold_loss":0.0,"damage_taken":0.0},{"damage_healed":0.0,"max_hp_gain":0.0,"max_hp_loss":0.0,"gold_gain":0.0,"event_name":"Colosseum","player_choice":"Fled From Nobs","floor":27.0,"gold_loss":0.0,"damage_taken":0.0},{"damage_healed":0.0,"max_hp_gain":0.0,"max_hp_loss":0.0,"gold_gain":0.0,"event_name":"Match and Keep!","player_choice":"1 cards matched","floor":39.0,"gold_loss":0.0,"damage_taken":0.0,"cards_obtained":["Barricade"]},{"damage_healed":0.0,"max_hp_gain":0.0,"max_hp_loss":0.0,"gold_gain":0.0,"event_name":"SensoryStone","player_choice":"Memory 3","floor":41.0,"gold_loss":0.0,"damage_taken":10.0},{"damage_healed":0.0,"max_hp_gain":0.0,"max_hp_loss":0.0,"gold_gain":0.0,"event_name":"Tomb of Lord Red Mask","player_choice":"Ignored","floor":45.0,"gold_loss":0.0,"damage_taken":0.0}],"is_beta":false,"boss_relics":[{"not_picked":["Velvet Choker","Orrery"],"picked":"Tiny House"},{"not_picked":["White Beast Statue","Astrolabe"],"picked":"Sozu"}],"items_purged_floors":[19,36,48],"is_endless":false,"potions_floor_spawned":[1,3,11,14,20,29,31,33,37,42,44],"killed_by":"Shield and Spear","ascension_level":20}