{"gold_per_floor":[119,132,146,71,85,85,85,85,85,85,85,111,165,165,165,165],"floor_reached":16,"playtime":211,"items_purged":["Strike_B"],"score":200,"play_id":"db933161-e22c-432b-b76c-ea559a85377c","local_time":"20190425022321","is_ascension_mode":true,"campfire_choices":[{"data":"Darkness","floor":6.0,"key":"SMITH"},{"data":"Dualcast","floor":8.0,"key":"SMITH"},{"data":"Skim","floor":10.0,"key":"SMITH"},{"data":"Loop","floor":15.0,"key":"SMITH"}],"neow_cost":"NONE","seed_source_timestamp":209651175486034,"circlet_count":0,"master_deck":["AscendersBane","Strike_B","Strike_B","Defend_B","Defend_B","Defend_B","Defend_B","Zap","Dualcast+1","Darkness+1","White Noise","Skim+1","Loop+1"],"special_seed":0,"relics":["Cracked Core","NeowsBlessing","Omamori","Meat on the Bone","Orichalcum"],"potions_floor_usage":[],"damage_taken":[{"damage":0.0,"enemies":"Cultist","floor":1.0,"turns":1.0},{"damage":0.0,"enemies":"Jaw Worm","floor":2.0,"turns":1.0},{"damage":0.0,"enemies":"2 Louse","floor":3.0,"turns":1.0},{"damage":6.0,"enemies":"Blue Slaver","floor":5.0,"turns":4.0},{"damage":17.0,"enemies":"Gremlin Nob","floor":12.0,"turns":3.0},{"damage":0.0,"enemies":"Lots of Slimes","floor":14.0,"turns":1.0},{"damage":0,"enemies":"Slime Boss","floor":16,"turns":3}],"seed_played":"-3369470797354386091","potions_obtained":[{"floor":3.0,"key":"SmokeBomb"},{"floor":12.0,"key":"SteroidPotion"}],"is_trial":false,"path_per_floor":["M","M","M","$","M","R","?","R","T","R","?","E","T","M","R","B"],"character_chosen":"DEFECT","items_purchased":[],"campfire_rested":0,"item_purchase_floors":[],"current_hp_per_floor":[64,64,64,64,58,58,51,51,51,51,25,8,8,20,20,20],"gold":165,"neow_bonus":"THREE_ENEMY_KILL","is_prod":false,"is_daily":false,"chose_seed":false,"campfire_upgraded":4,"win_rate":0,"timestamp":1556130201,"path_taken":["M","M","?","$","M","R","?","R","T","R","?","E","?","M","R","BOSS"],"build_version":"2019-01-23","purchased_purges":1,"victory":false,"max_hp_per_floor":[71,71,71,71,71,71,71,71,71,71,71,71,71,71,71,71],"card_choices":[{"not_picked":["Ball Lightning","Steam"],"picked":"Darkness","floor":1.0},{"not_picked":["Auto Shields","Beam Cell"],"picked":"White Noise","floor":2.0},{"not_picked":["Rebound","Steam Power"],"picked":"Skim","floor":3.0},{"not_picked":["Static Discharge","Leap","Ball Lightning"],"picked":"SKIP","floor":5.0},{"not_picked":["Cold Snap","Auto Shields"],"picked":"Loop","floor":12.0}],"player_experience":4503785,"relics_obtained":[{"floor":12.0,"key":"Meat on the Bone"},{"floor":13.0,"key":"Orichalcum"}],"event_choices":[{"cards_removed":["Strike_B"],"damage_healed":0.0,"max_hp_gain":0.0,"max_hp_loss":0.0,"gold_gain":0.0,"event_name":"Golden Wing","player_choice":"Card Removal","floor":7.0,"gold_loss":0.0,"damage_taken":7.0},{"damage_healed":0.0,"max_hp_gain":0.0,"max_hp_loss":0.0,"gold_gain":0.0,"event_name":"Scrap Ooze","player_choice":"Success","floor":11.0,"gold_loss":0.0,"damage_taken":26.0,"relics_obtained":["Omamori"]}],"is_beta":false,"boss_relics":[],"items_purged_floors":[4],"is_endless":false,"potions_floor_spawned":[3,12],"killed_by":"Slime Boss","ascension_level":20}