{"gold_per_floor":[115,125,140,140,153,153,168,168,223,110,126,151,151,164,164,260,260,280,380,380,380,81,81,94,94,170,170,45,57,69,168,168,272,322,334,334,334,184,184,184,212,212,212,37,37,67,67,67,67,67],"floor_reached":51,"playtime":1549,"items_purged":["Strike_G","Strike_G","Defend_G","Defend_G","Defend_G"],"score":849,"play_id":"bbfaefe0-cf3b-402c-92f0-b56150f7c549","local_time":"20181021193931","is_ascension_mode":false,"campfire_choices":[{"data":"Noxious Fumes","floor":6.0,"key":"SMITH"},{"data":"Well Laid Plans","floor":8.0,"key":"SMITH"},{"data":"Well Laid Plans","floor":13.0,"key":"SMITH"},{"data":"Footwork","floor":15.0,"key":"SMITH"},{"data":"Grand Finale","floor":23.0,"key":"SMITH"},{"data":"Grand Finale","floor":32.0,"key":"SMITH"},{"data":"Grand Finale","floor":40,"key":"SMITH"},{"data":"Survivor","floor":42,"key":"SMITH"},{"data":"Defend_G","floor":45,"key":"SMITH"},{"data":"Backflip","floor":47,"key":"SMITH"},{"data":"Neutralize","floor":49,"key":"SMITH"}],"neow_cost":"NONE","seed_source_timestamp":40485367815630,"circlet_count":0,"master_deck":["Defend_G+1","Defend_G+1","Strike_G","Strike_G","Survivor+1","Neutralize+1","Poisoned Stab+1","Noxious Fumes+1","Footwork+1","Well Laid Plans+1","Well Laid Plans+1","Well Laid Plans","Grand Finale+1","Grand Finale+1","Backflip+1","Grand Finale+1","Backflip+1"],"special_seed":0,"relics":["Ring of the Snake","Juzu Bracelet","Bronze Scales","Runic Pyramid","Tough Bandages","Pear","Strawberry","DollysMirror","Nilry\u0027s Codex","Kunai","Tiny House","Ginger","Pen Nib","Dream Catcher","Dodecahedron"],"potions_floor_usage":[],"damage_taken":[{"damage":1.0,"enemies":"Jaw Worm","floor":1.0,"turns":6.0},{"damage":0.0,"enemies":"2 Louse","floor":2.0,"turns":3.0},{"damage":0.0,"enemies":"Small Slimes","floor":3.0,"turns":4.0},{"damage":3.0,"enemies":"2 Fungi Beasts","floor":5.0,"turns":4.0},{"damage":0.0,"enemies":"Large Slime","floor":7.0,"turns":8.0},{"damage":4.0,"enemies":"Exordium Wildlife","floor":11.0,"turns":5.0},{"damage":17.0,"enemies":"3 Sentries","floor":12.0,"turns":6.0},{"damage":14.0,"enemies":"Lots of Slimes","floor":14.0,"turns":3.0},{"damage":0.0,"enemies":"Hexaghost","floor":16.0,"turns":10.0},{"damage":0.0,"enemies":"3 Byrds","floor":18.0,"turns":1.0},{"damage":0.0,"enemies":"Colosseum Slavers","floor":19.0,"turns":1.0},{"damage":34.0,"enemies":"Colosseum Nobs","floor":19.0,"turns":5.0},{"damage":0.0,"enemies":"Chosen","floor":24.0,"turns":3.0},{"damage":13.0,"enemies":"Snake Plant","floor":29.0,"turns":3.0},{"damage":5.0,"enemies":"Sentry and Sphere","floor":30.0,"turns":3.0},{"damage":5.0,"enemies":"Collector","floor":33.0,"turns":5.0},{"damage":0.0,"enemies":"3 Shapes","floor":35.0,"turns":6.0},{"damage":0,"enemies":"Mind Bloom Boss Battle","floor":37,"turns":3},{"damage":0,"enemies":"Giant Head","floor":41,"turns":5},{"damage":0,"enemies":"Nemesis","floor":46,"turns":3},{"damage":28,"enemies":"Time Eater","floor":50,"turns":4}],"seed_played":"5607228061902663349","potions_obtained":[{"floor":1.0,"key":"LiquidBronze"},{"floor":5.0,"key":"Swift Potion"},{"floor":7.0,"key":"Poison Potion"},{"floor":16.0,"key":"GamblersBrew"},{"floor":18.0,"key":"LiquidBronze"},{"floor":24.0,"key":"Swift Potion"},{"floor":34.0,"key":"SpeedPotion"},{"floor":35.0,"key":"GamblersBrew"}],"is_trial":false,"path_per_floor":["M","M","M","?","M","R","M","R","T","$","M","E","R","M","R","B",null,"M","?","?","?","$","R","M","?","T","?","$","M","M","?","R","B",null,"M","?","?","$","T","R","E","R","T","$","R","E","R","?","R","B"],"character_chosen":"THE_SILENT","items_purchased":["Well Laid Plans","DollysMirror"],"campfire_rested":0,"item_purchase_floors":[10,22],"current_hp_per_floor":[69,69,69,62,59,59,59,59,59,59,55,38,38,24,24,24,70,70,46,53,82,82,82,82,66,66,66,66,53,48,48,48,43,92,92,92,92,92,92,92,92,92,92,92,92,92,92,92,92,64],"gold":67,"neow_bonus":"RANDOM_COMMON_RELIC","is_prod":false,"is_daily":false,"chose_seed":false,"campfire_upgraded":11,"win_rate":0,"timestamp":1540121971,"path_taken":["M","M","M","?","M","R","M","R","T","$","M","E","R","M","R","BOSS","M","?","?","?","$","R","M","?","T","?","$","M","M","?","R","BOSS","M","?","?","$","?","R","E","R","T","?","R","E","R","?","R","BOSS"],"build_version":"2018-10-18","purchased_purges":5,"victory":true,"max_hp_per_floor":[70,70,70,70,70,70,70,70,70,70,70,70,70,70,70,70,70,70,80,87,87,87,87,87,87,87,87,87,87,87,87,87,87,92,92,92,92,92,92,92,92,92,92,92,92,92,92,92,92,92],"card_choices":[{"not_picked":["Skewer","Slice","Sucker Punch"],"picked":"SKIP","floor":1.0},{"not_picked":["Cloak And Dagger","Tactician"],"picked":"Poisoned Stab","floor":2.0},{"not_picked":["Prepared","Poisoned Stab"],"picked":"Noxious Fumes","floor":3.0},{"not_picked":["Flechettes","PiercingWail"],"picked":"Footwork","floor":5.0},{"not_picked":["Infinite Blades","All Out Attack"],"picked":"Well Laid Plans","floor":7.0},{"not_picked":["Eviscerate","Dagger Throw","Dagger Spray"],"picked":"SKIP","floor":11.0},{"not_picked":["Bullet Time","Envenom"],"picked":"Well Laid Plans","floor":12.0},{"not_picked":["Slice","Blade Dance","Poisoned Stab"],"picked":"SKIP","floor":14.0},{"not_picked":["A Thousand Cuts","Unload"],"picked":"Grand Finale","floor":16.0},{"not_picked":["Acrobatics","Deadly Poison","Caltrops"],"picked":"SKIP","floor":18.0},{"not_picked":["Deadly Poison","Bane","Blur"],"picked":"SKIP","floor":24.0},{"not_picked":["Choke","Backflip+1","Masterful Stab"],"picked":"SKIP","floor":29.0},{"not_picked":["Choke","Masterful Stab"],"picked":"Backflip+1","floor":29.0},{"not_picked":["Dodge and Roll+1","Bouncing Flask","Bane"],"picked":"SKIP","floor":30.0},{"not_picked":["Storm of Steel","Corpse Explosion"],"picked":"Grand Finale","floor":33.0},{"not_picked":["Infinite Blades","Blade Dance"],"picked":"Backflip","floor":35.0},{"not_picked":["Endless Agony","Dodge and Roll","Dagger Spray+1"],"picked":"SKIP","floor":41},{"not_picked":["Cloak And Dagger+1","Crippling Poison","Underhanded Strike"],"picked":"SKIP","floor":46}],"player_experience":470022,"relics_obtained":[{"floor":9.0,"key":"Bronze Scales"},{"floor":19.0,"key":"Tough Bandages"},{"floor":19.0,"key":"Pear"},{"floor":25.0,"key":"Nilry\u0027s Codex"},{"floor":26.0,"key":"Kunai"},{"floor":37,"key":"Ginger"},{"floor":39,"key":"Pen Nib"},{"floor":43,"key":"Dream Catcher"},{"floor":46,"key":"Dodecahedron"}],"event_choices":[{"cards_removed":["Strike_G"],"damage_healed":0.0,"max_hp_gain":0.0,"max_hp_loss":0.0,"gold_gain":0.0,"event_name":"Golden Wing","player_choice":"Card Removal","floor":4.0,"gold_loss":0.0,"damage_taken":7.0},{"damage_healed":0.0,"max_hp_gain":0.0,"max_hp_loss":0.0,"gold_gain":0.0,"event_name":"Colosseum","player_choice":"Fight","floor":19.0,"gold_loss":0.0,"damage_taken":0.0},{"damage_healed":0.0,"max_hp_gain":0.0,"max_hp_loss":0.0,"gold_gain":0.0,"event_name":"Colosseum","player_choice":"Fought Nobs","floor":19.0,"gold_loss":0.0,"damage_taken":0.0},{"damage_healed":0.0,"max_hp_gain":0.0,"max_hp_loss":0.0,"gold_gain":0.0,"event_name":"The Mausoleum","player_choice":"Opened","floor":20.0,"gold_loss":0.0,"damage_taken":0.0,"relics_obtained":["Strawberry"]},{"damage_healed":29.0,"max_hp_gain":0.0,"max_hp_loss":0.0,"gold_gain":0.0,"event_name":"The Library","player_choice":"Heal","floor":21.0,"gold_loss":0.0,"damage_taken":0.0},{"damage_healed":0.0,"max_hp_gain":0.0,"max_hp_loss":0.0,"gold_gain":0.0,"event_name":"Cursed Tome","player_choice":"Obtained Book","floor":25.0,"gold_loss":0.0,"damage_taken":16.0},{"damage_healed":0.0,"max_hp_gain":0.0,"max_hp_loss":0.0,"gold_gain":0.0,"event_name":"Vampires","player_choice":"Ignored","floor":27.0,"gold_loss":0.0,"damage_taken":0.0},{"damage_healed":0.0,"max_hp_gain":0.0,"max_hp_loss":0.0,"gold_gain":99.0,"event_name":"Nest","player_choice":"Stole From Cult","floor":31.0,"gold_loss":0.0,"damage_taken":0.0},{"damage_healed":0.0,"max_hp_gain":0.0,"max_hp_loss":0.0,"gold_gain":0.0,"event_name":"The Lab","player_choice":"Got Potions","floor":36.0,"gold_loss":0.0,"damage_taken":0.0},{"damage_healed":0,"gold_gain":0,"player_choice":"Fight","damage_taken":0,"max_hp_gain":0,"max_hp_loss":0,"event_name":"MindBloom","floor":37,"gold_loss":0},{"damage_healed":0,"gold_gain":0,"player_choice":"Forge","damage_taken":0,"max_hp_gain":0,"max_hp_loss":0,"event_name":"Accursed Blacksmith","floor":48,"gold_loss":0,"cards_upgraded":["Defend_G"]}],"is_beta":false,"boss_relics":[{"not_picked":["White Beast Statue","Ectoplasm"],"picked":"Runic Pyramid"},{"not_picked":["Orrery","HoveringKite"],"picked":"Tiny House"}],"items_purged_floors":[10,22,28,38,44],"is_endless":false,"potions_floor_spawned":[1,5,7,16,18,19,24,35,46],"ascension_level":0}