{"gold_per_floor":[112,123,143,68,78,143,143,143,143,193,193],"floor_reached":11,"playtime":222,"items_purged":["Strike_R"],"score":146,"play_id":"47dacc00-0b96-4531-a4f6-e856f9d15308","local_time":"20190320113218","is_ascension_mode":true,"campfire_choices":[{"data":"Fiend Fire","floor":7,"key":"SMITH"}],"neow_cost":"PERCENT_DAMAGE","seed_source_timestamp":1249142840481,"circlet_count":0,"master_deck":["AscendersBane","Strike_R","Strike_R","Defend_R","Defend_R","Defend_R","Defend_R","Bash","Carnage","Fiend Fire+1","Ghostly Armor"],"relics":["Burning Blood","Tiny Chest","Paper Frog"],"potions_floor_usage":[],"damage_taken":[{"damage":14,"enemies":"Jaw Worm","floor":1,"turns":4},{"damage":1,"enemies":"Cultist","floor":2,"turns":3},{"damage":5,"enemies":"Small Slimes","floor":3,"turns":3},{"damage":11,"enemies":"Blue Slaver","floor":5,"turns":3},{"damage":32,"enemies":"Gremlin Nob","floor":6,"turns":4},{"damage":30,"enemies":"Lagavulin","floor":11,"turns":4}],"seed_played":"-6414215471691827415","potions_obtained":[{"floor":1,"key":"GamblersBrew"},{"floor":5,"key":"SpeedPotion"}],"is_trial":false,"path_per_floor":["M","M","M","$","M","E","R","?","T","?","E"],"character_chosen":"IRONCLAD","items_purchased":[],"campfire_rested":0,"item_purchase_floors":[],"current_hp_per_floor":[42,47,48,48,43,17,17,17,17,17,0],"gold":193,"neow_bonus":"TRANSFORM_TWO_CARDS","is_prod":false,"is_daily":false,"chose_seed":false,"campfire_upgraded":1,"win_rate":0,"timestamp":1553052738,"path_taken":["M","M","M","$","M","E","R","?","T","?","E"],"build_version":"2019-01-23","purchased_purges":1,"victory":false,"max_hp_per_floor":[75,75,75,75,75,75,75,75,75,75,75],"card_choices":[{"not_picked":["Cleave","Armaments","Heavy Blade"],"picked":"SKIP","floor":1},{"not_picked":["Flex","Cleave","Blood for Blood"],"picked":"SKIP","floor":2},{"not_picked":["Heavy Blade","Rage","Clash"],"picked":"SKIP","floor":3},{"not_picked":["Thunderclap","Pummel","Entrench"],"picked":"SKIP","floor":5},{"not_picked":["Inflame","Wild Strike"],"picked":"Ghostly Armor","floor":6}],"player_experience":3742970,"relics_obtained":[{"floor":6,"key":"Tiny Chest"},{"floor":9,"key":"Paper Frog"}],"event_choices":[{"damage_healed":0,"gold_gain":0,"player_choice":"Ignored","damage_taken":0,"max_hp_gain":0,"max_hp_loss":0,"event_name":"Shining Light","floor":8,"gold_loss":0},{"damage_healed":0,"gold_gain":50,"player_choice":"Pray","damage_taken":0,"max_hp_gain":0,"max_hp_loss":0,"event_name":"Golden Shrine","floor":10,"gold_loss":0}],"is_beta":false,"boss_relics":[],"items_purged_floors":[4],"is_endless":false,"potions_floor_spawned":[1,5],"killed_by":"Lagavulin","ascension_level":20}