{"gold_per_floor":[118,118,135,146,156,156,170,197,197,1,31,31,31,58,58,136,136,147,147,147,162,87,103,114,114,114,134,134,159,27,58,58,137,137,157,169,169,169,169,169,185,215,215,246,88,119,119,119,119,119,119,119,119,64,98,98],"floor_reached":57,"playtime":2197,"items_purged":["Defend_B","Defend_B"],"score":3522,"play_id":"7bc5743b-31ec-4e4c-8bc2-7068aafdf539","local_time":"20190615123704","is_ascension_mode":true,"campfire_choices":[{"data":"Sunder","floor":6.0,"key":"SMITH"},{"floor":13.0,"key":"REST"},{"data":"Recycle","floor":15.0,"key":"SMITH"},{"floor":25.0,"key":"RECALL"},{"data":"Seek","floor":32.0,"key":"SMITH"},{"data":"White Noise","floor":40.0,"key":"SMITH"},{"floor":49.0,"key":"DIG"},{"floor":53.0,"key":"DIG"}],"neow_cost":"NONE","seed_source_timestamp":96216223945068,"circlet_count":0,"master_deck":["AscendersBane","Defend_B","Zap","Dualcast","Sunder+1","Storm","White Noise+1","Seek+1","Apotheosis+1","Recycle+1","Biased Cognition","Coolheaded","Auto Shields","Self Repair","Echo Form","Echo Form","Ghostly","Ghostly","Ghostly","White Noise","Storm","Core Surge","Double Energy","Glacier","Turbo","Blizzard+1","White Noise+1","Coolheaded","Reboot"],"special_seed":0,"relics":["Cracked Core","NeowsBlessing","FossilizedHelix","Oddly Smooth Stone","PreservedInsect","Darkstone Periapt","Bronze Scales","Empty Cage","Bag of Preparation","Juzu Bracelet","Philosopher\u0027s Stone","Shovel","Sundial","Blood Vial","Letter Opener","Ornamental Fan","Cables"],"potions_floor_usage":[],"damage_taken":[{"damage":0.0,"enemies":"2 Louse","floor":1.0,"turns":1.0},{"damage":0.0,"enemies":"Small Slimes","floor":3.0,"turns":1.0},{"damage":0.0,"enemies":"Cultist","floor":4.0,"turns":1.0},{"damage":8.0,"enemies":"Exordium Wildlife","floor":5.0,"turns":5.0},{"damage":8.0,"enemies":"Blue Slaver","floor":7.0,"turns":3.0},{"damage":15.0,"enemies":"3 Sentries","floor":8.0,"turns":4.0},{"damage":0.0,"enemies":"Gremlin Nob","floor":14.0,"turns":3.0},{"damage":0.0,"enemies":"Slime Boss","floor":16.0,"turns":6.0},{"damage":21.0,"enemies":"Shell Parasite","floor":18.0,"turns":5.0},{"damage":22.0,"enemies":"2 Thieves","floor":21.0,"turns":3.0},{"damage":0.0,"enemies":"Snake Plant","floor":23.0,"turns":3.0},{"damage":0.0,"enemies":"Snecko","floor":24.0,"turns":5.0},{"damage":8.0,"enemies":"Cultist and Chosen","floor":27.0,"turns":4.0},{"damage":0.0,"enemies":"Slavers","floor":29.0,"turns":6.0},{"damage":0.0,"enemies":"Book of Stabbing","floor":31.0,"turns":4.0},{"damage":0.0,"enemies":"Automaton","floor":33.0,"turns":6.0},{"damage":0.0,"enemies":"3 Darklings","floor":35.0,"turns":3.0},{"damage":0.0,"enemies":"3 Shapes","floor":36.0,"turns":4.0},{"damage":4.0,"enemies":"Writhing Mass","floor":41.0,"turns":5.0},{"damage":0.0,"enemies":"Giant Head","floor":42.0,"turns":6.0},{"damage":0.0,"enemies":"Reptomancer","floor":44.0,"turns":5.0},{"damage":0.0,"enemies":"Giant Head","floor":46.0,"turns":8.0},{"damage":0.0,"enemies":"Time Eater","floor":50.0,"turns":10.0},{"damage":0.0,"enemies":"Donu and Deca","floor":51.0,"turns":7.0},{"damage":4.0,"enemies":"Shield and Spear","floor":55.0,"turns":6.0},{"damage":32,"enemies":"The Heart","floor":56,"turns":10}],"seed_played":"7309149004338668470","potions_obtained":[{"floor":1.0,"key":"EssenceOfSteel"},{"floor":7.0,"key":"AttackPotion"},{"floor":14.0,"key":"Explosive Potion"},{"floor":16.0,"key":"FairyPotion"},{"floor":21.0,"key":"SteroidPotion"},{"floor":27.0,"key":"EssenceOfSteel"},{"floor":35.0,"key":"LiquidBronze"},{"floor":38.0,"key":"SmokeBomb"},{"floor":38.0,"key":"GamblersBrew"},{"floor":41.0,"key":"Swift Potion"},{"floor":55.0,"key":"SteroidPotion"}],"is_trial":false,"path_per_floor":["M","?","M","M","M","R","M","E","T","$","?","?","R","E","R","B",null,"M","?","?","M","?","M","M","R","T","M","?","E","$","E","R","B",null,"M","M","?","?","?","R","M","E","T","E","$","E","?","?","R","B","B",null,"R","$","E","B",null],"character_chosen":"DEFECT","items_purchased":["Apotheosis","PowerPotion","Turbo","Coolheaded"],"campfire_rested":1,"item_purchase_floors":[10,30,45,54],"current_hp_per_floor":[64,46,46,46,38,38,30,15,15,15,15,15,36,36,36,36,62,41,41,21,7,7,17,37,37,37,29,29,29,29,38,38,38,38,38,38,38,38,36,36,36,36,36,36,36,36,36,36,36,36,36,36,36,36,36,14],"gold":98,"neow_bonus":"THREE_ENEMY_KILL","is_prod":false,"is_daily":false,"chose_seed":false,"campfire_upgraded":4,"win_rate":0,"timestamp":1560569824,"path_taken":["M","?","M","M","M","R","M","E","T","$","?","?","R","E","R","BOSS","M","?","?","?","?","?","M","R","T","M","?","E","$","E","R","BOSS","M","M","?","?","?","R","M","E","T","E","$","E","?","?","R","BOSS","BOSS","R","$","E","BOSS"],"build_version":"2019-01-23","purchased_purges":2,"victory":true,"max_hp_per_floor":[71,71,71,71,71,71,71,71,71,71,71,71,71,71,71,71,71,71,71,76,76,76,76,76,76,76,76,38,38,38,38,38,38,38,38,38,38,38,36,36,36,36,36,36,36,36,36,36,36,36,36,36,36,36,36,36],"card_choices":[{"not_picked":["Beam Cell","Ball Lightning"],"picked":"Sunder","floor":1.0},{"not_picked":["Rebound","Stack"],"picked":"Storm","floor":3.0},{"not_picked":["Aggregate","Force Field"],"picked":"White Noise","floor":4.0},{"not_picked":["Steam","Beam Cell"],"picked":"Seek","floor":5.0},{"not_picked":["Compile Driver","Static Discharge"],"picked":"Ball Lightning","floor":7.0},{"not_picked":["Beam Cell","Lockon","Redo"],"picked":"SKIP","floor":8.0},{"not_picked":["Chaos","Leap"],"picked":"Recycle","floor":14.0},{"not_picked":["All For One","Multi-Cast"],"picked":"Biased Cognition","floor":16.0},{"not_picked":["Aggregate","Conserve Battery+1"],"picked":"Coolheaded","floor":18.0},{"not_picked":["Steam","Ball Lightning"],"picked":"Auto Shields","floor":21.0},{"not_picked":["Capacitor","Gash","Redo"],"picked":"SKIP","floor":23.0},{"not_picked":["Undo","Aggregate"],"picked":"Echo Form","floor":24.0},{"not_picked":["Fusion","Go for the Eyes","Gash"],"picked":"SKIP","floor":27.0},{"not_picked":["Storm","Static Discharge+1"],"picked":"White Noise","floor":29.0},{"not_picked":["Melter","Loop"],"picked":"Storm","floor":31.0},{"not_picked":["Multi-Cast","Thunder Strike"],"picked":"Core Surge","floor":33.0},{"not_picked":["Rip and Tear","Stack","Darkness"],"picked":"SKIP","floor":35.0},{"not_picked":["Leap","Cold Snap+1","Rebound+1"],"picked":"SKIP","floor":36.0},{"not_picked":["Sweeping Beam","Genetic Algorithm","Steam"],"picked":"SKIP","floor":41.0},{"not_picked":["Go for the Eyes+1","Coolheaded+1"],"picked":"Double Energy","floor":42.0},{"not_picked":["Redo+1","Ball Lightning"],"picked":"Glacier","floor":44.0},{"not_picked":["Gash","Sweeping Beam"],"picked":"Blizzard+1","floor":46.0},{"not_picked":["Rip and Tear","Barrage"],"picked":"Reboot","floor":55.0}],"player_experience":601142,"relics_obtained":[{"floor":8.0,"key":"Oddly Smooth Stone"},{"floor":9.0,"key":"PreservedInsect"},{"floor":14.0,"key":"Bronze Scales"},{"floor":26.0,"key":"Bag of Preparation"},{"floor":31.0,"key":"Juzu Bracelet"},{"floor":42.0,"key":"Shovel"},{"floor":44.0,"key":"Sundial"},{"floor":46.0,"key":"Blood Vial"},{"floor":49.0,"key":"Letter Opener"},{"floor":53.0,"key":"Ornamental Fan"},{"floor":55.0,"key":"Cables"}],"event_choices":[{"damage_healed":0.0,"max_hp_gain":0.0,"max_hp_loss":0.0,"gold_gain":0.0,"event_name":"Scrap Ooze","player_choice":"Success","floor":2.0,"gold_loss":0.0,"damage_taken":18.0,"relics_obtained":["FossilizedHelix"]},{"damage_healed":0.0,"max_hp_gain":0.0,"max_hp_loss":0.0,"gold_gain":30.0,"event_name":"Dead Adventurer","player_choice":"Searched \u00272\u0027 times","floor":11.0,"gold_loss":0.0,"damage_taken":0.0,"relics_obtained":["Darkstone Periapt"]},{"damage_healed":0.0,"max_hp_gain":0.0,"max_hp_loss":0.0,"gold_gain":0.0,"event_name":"Upgrade Shrine","player_choice":"Upgraded","floor":12.0,"gold_loss":0.0,"damage_taken":0.0,"cards_upgraded":["Apotheosis"]},{"cards_removed":["Strike_B"],"damage_healed":0.0,"max_hp_gain":0.0,"max_hp_loss":0.0,"gold_gain":0.0,"event_name":"Back to Basics","player_choice":"Elegance","floor":19.0,"gold_loss":0.0,"damage_taken":0.0},{"damage_healed":0.0,"max_hp_gain":5.0,"max_hp_loss":0.0,"gold_gain":0.0,"event_name":"Forgotten Altar","player_choice":"Shed Blood","floor":20.0,"gold_loss":0.0,"damage_taken":25.0},{"damage_healed":0.0,"max_hp_gain":0.0,"max_hp_loss":0.0,"gold_gain":0.0,"cards_transformed":["Strike_B","Defend_B"],"event_name":"Designer","player_choice":"Transformed Cards","floor":22.0,"gold_loss":75.0,"damage_taken":0.0,"cards_obtained":["Self Repair","Echo Form"]},{"damage_healed":0.0,"max_hp_gain":0.0,"max_hp_loss":38.0,"gold_gain":0.0,"event_name":"Ghosts","player_choice":"Became a Ghost","floor":28.0,"gold_loss":0.0,"damage_taken":0.0,"cards_obtained":["Ghostly","Ghostly","Ghostly"]},{"cards_removed":["Ball Lightning"],"damage_healed":0.0,"max_hp_gain":0.0,"max_hp_loss":0.0,"gold_gain":0.0,"event_name":"Falling","player_choice":"Removed Attack","floor":37.0,"gold_loss":0.0,"damage_taken":0.0},{"damage_healed":0.0,"max_hp_gain":0.0,"max_hp_loss":0.0,"gold_gain":0.0,"event_name":"Lab","player_choice":"Got Potions","floor":38.0,"gold_loss":0.0,"damage_taken":0.0},{"damage_healed":0.0,"max_hp_gain":0.0,"max_hp_loss":2.0,"gold_gain":0.0,"event_name":"Winding Halls","player_choice":"Max HP","floor":39.0,"gold_loss":0.0,"damage_taken":0.0},{"damage_healed":0.0,"max_hp_gain":0.0,"max_hp_loss":0.0,"gold_gain":0.0,"event_name":"Duplicator","player_choice":"Copied","floor":47.0,"gold_loss":0.0,"damage_taken":0.0,"cards_obtained":["White Noise"]},{"damage_healed":0.0,"max_hp_gain":0.0,"max_hp_loss":0.0,"gold_gain":0.0,"event_name":"Wheel of Change","player_choice":"Full Heal","floor":48.0,"gold_loss":0.0,"damage_taken":0.0}],"is_beta":false,"boss_relics":[{"not_picked":["Sozu","Ectoplasm"],"picked":"Empty Cage"},{"not_picked":["Inserter","Runic Pyramid"],"picked":"Philosopher\u0027s Stone"}],"items_purged_floors":[30,45],"is_endless":false,"potions_floor_spawned":[1,7,14,16,21,27,31,35,41,55],"ascension_level":20}