{"gold_per_floor":[119,135,135,135,60,60,71,71,71,71,100,110,126,26,26,122,122,88,88,88,88,105,105,105,105,128,151,162,189,189,201,201,298,298,310,185,185,195,45,45,55,75,100,118,129,157,157,157,157,157],"floor_reached":51,"playtime":888,"items_purged":["Strike_G","Defend_G","Noxious Fumes","Survivor"],"score":785,"play_id":"96ebbe6f-c735-4cf5-9ddf-d9bbdbba4e94","local_time":"20181112223433","is_ascension_mode":false,"campfire_choices":[{"data":"Defend_G","floor":6.0,"key":"PURGE"},{"data":"Defend_G","floor":8.0,"key":"PURGE"},{"data":"Strike_G","floor":15.0,"key":"PURGE"},{"data":"Defend_G","floor":23,"key":"PURGE"},{"data":"Strike_G","floor":25,"key":"PURGE"},{"data":"Defend_G","floor":30,"key":"PURGE"},{"data":"Strike_G","floor":32,"key":"PURGE"},{"data":"Neutralize","floor":40,"key":"PURGE"},{"floor":47,"key":"REST"},{"floor":49,"key":"REST"}],"neow_cost":"NONE","seed_source_timestamp":0,"circlet_count":0,"master_deck":["Grand Finale+1","Grand Finale+1","Grand Finale+1"],"special_seed":0,"relics":["Ring of the Snake","Peace Pipe","Nunchaku","Molten Egg 2","Odd Mushroom","Eternal Feather","Anchor","Oddly Smooth Stone","PreservedInsect","WristBlade","Strawberry","Darkstone Periapt","Vajra"],"potions_floor_usage":[22],"damage_taken":[{"damage":0.0,"enemies":"Small Slimes","floor":1.0,"turns":4.0},{"damage":0.0,"enemies":"2 Louse","floor":2.0,"turns":2.0},{"damage":0.0,"enemies":"Jaw Worm","floor":7.0,"turns":6.0},{"damage":22.0,"enemies":"The Mushroom Lair","floor":11.0,"turns":5.0},{"damage":18.0,"enemies":"Exordium Thugs","floor":12.0,"turns":7.0},{"damage":1.0,"enemies":"Blue Slaver","floor":13.0,"turns":4.0},{"damage":18.0,"enemies":"Hexaghost","floor":16.0,"turns":10.0},{"damage":2.0,"enemies":"2 Thieves","floor":18.0,"turns":5.0},{"damage":0,"enemies":"3 Byrds","floor":22,"turns":3},{"damage":0,"enemies":"Shelled Parasite and Fungi","floor":28,"turns":1},{"damage":0,"enemies":"Slavers","floor":29,"turns":1},{"damage":0,"enemies":"Sentry and Sphere","floor":31,"turns":1},{"damage":0,"enemies":"Champ","floor":33,"turns":4},{"damage":0,"enemies":"3 Shapes","floor":35,"turns":1},{"damage":0,"enemies":"Orb Walker","floor":38,"turns":1},{"damage":0,"enemies":"Transient","floor":41,"turns":5},{"damage":0,"enemies":"3 Darklings","floor":42,"turns":1},{"damage":0,"enemies":"Writhing Mass","floor":44,"turns":1},{"damage":0,"enemies":"Maw","floor":45,"turns":2},{"damage":0,"enemies":"Reptomancer","floor":46,"turns":1},{"damage":50,"enemies":"Awakened One","floor":50,"turns":4}],"seed_played":"6141484692567496407","potions_obtained":[{"floor":0.0,"key":"FairyPotion"},{"floor":0.0,"key":"SkillPotion"},{"floor":0.0,"key":"EntropicBrew"},{"floor":12.0,"key":"PowerPotion"},{"floor":13.0,"key":"Fruit Juice"},{"floor":16.0,"key":"Dexterity Potion"},{"floor":22,"key":"SpeedPotion"},{"floor":29,"key":"LiquidBronze"},{"floor":41,"key":"GhostInAJar"}],"is_trial":false,"path_per_floor":["M","M","?","?","$","R","M","R","T","?","?","M","M","$","R","B",null,"M","?","$","?","M","R","?","R","T","T","M","E","R","M","R","B",null,"M","$","?","M","$","R","M","M","T","M","M","E","R","?","R","B",null],"character_chosen":"THE_SILENT","items_purchased":[],"campfire_rested":2,"item_purchase_floors":[],"current_hp_per_floor":[70,70,63,63,63,63,63,63,63,63,41,23,27,27,27,9,75,73,73,73,73,73,75,75,75,75,75,75,75,75,75,75,75,75,75,75,75,75,75,75,75,75,82,82,82,82,82,82,82,32],"gold":157,"neow_bonus":"THREE_SMALL_POTIONS","is_prod":false,"is_daily":false,"chose_seed":true,"campfire_upgraded":0,"win_rate":0,"timestamp":1542033273,"path_taken":["M","M","?","?","$","R","M","R","T","?","?","M","M","$","R","BOSS","M","?","?","?","M","R","?","R","T","?","?","E","R","M","R","BOSS","M","$","?","?","$","R","?","M","T","M","M","E","R","?","R","BOSS"],"build_version":"2018-11-08","purchased_purges":4,"victory":true,"max_hp_per_floor":[70,70,70,70,70,70,70,70,70,70,70,70,75,75,75,75,75,75,75,75,75,75,75,75,75,75,75,75,75,75,75,75,75,75,75,75,75,75,75,75,75,75,82,82,82,82,82,82,82,82],"card_choices":[{"not_picked":["Terror","Deflect"],"picked":"Noxious Fumes","floor":1.0},{"not_picked":["Prepared","Riddle With Holes","Accuracy"],"picked":"SKIP","floor":2.0},{"not_picked":["Backflip","All Out Attack","Dagger Throw"],"picked":"SKIP","floor":7.0},{"not_picked":["Skewer+1","Outmaneuver","Quick Slash+1"],"picked":"SKIP","floor":12.0},{"not_picked":["Flying Knee+1","Flechettes+1"],"picked":"Grand Finale+1","floor":13.0},{"not_picked":["Blade Dance","Skewer+1","Choke+1"],"picked":"SKIP","floor":18.0},{"not_picked":["Well Laid Plans","Eviscerate+1","Skewer+1"],"picked":"SKIP","floor":22},{"not_picked":["Outmaneuver+1","Bane+1","Quick Slash+1"],"picked":"SKIP","floor":28},{"not_picked":["Unload+1","Deflect+1","PiercingWail"],"picked":"SKIP","floor":29},{"not_picked":["Sucker Punch+1","Escape Plan+1","Flying Knee+1"],"picked":"SKIP","floor":31},{"not_picked":["Backflip+1","Catalyst","Dagger Spray+1"],"picked":"SKIP","floor":35},{"not_picked":["Finisher+1","Underhanded Strike+1","Endless Agony+1"],"picked":"SKIP","floor":38},{"not_picked":["Setup","Flying Knee+1","PiercingWail"],"picked":"SKIP","floor":41},{"not_picked":["Setup","Flying Knee+1","PiercingWail"],"picked":"SKIP","floor":41},{"not_picked":["Prepared","Backstab+1","Quick Slash+1"],"picked":"SKIP","floor":42},{"not_picked":["Choke+1","Terror","Outmaneuver+1"],"picked":"SKIP","floor":44},{"not_picked":["All Out Attack+1","Dagger Spray+1","After Image"],"picked":"SKIP","floor":45},{"not_picked":["Setup","Well Laid Plans","Blur"],"picked":"SKIP","floor":46}],"player_experience":989359,"relics_obtained":[{"floor":9.0,"key":"Nunchaku"},{"floor":11.0,"key":"Odd Mushroom"},{"floor":26,"key":"Anchor"},{"floor":27,"key":"Oddly Smooth Stone"},{"floor":29,"key":"PreservedInsect"},{"floor":43,"key":"Strawberry"},{"floor":46,"key":"Darkstone Periapt"}],"event_choices":[{"damage_healed":0.0,"max_hp_gain":0.0,"max_hp_loss":0.0,"gold_gain":0.0,"event_name":"Scrap Ooze","player_choice":"Success","floor":3.0,"gold_loss":0.0,"damage_taken":7.0,"relics_obtained":["Peace Pipe"]},{"cards_removed":["Strike_G"],"damage_healed":0.0,"max_hp_gain":0.0,"max_hp_loss":0.0,"gold_gain":0.0,"event_name":"Living Wall","player_choice":"Forget","floor":4.0,"gold_loss":0.0,"damage_taken":0.0},{"damage_healed":0.0,"max_hp_gain":0.0,"max_hp_loss":0.0,"gold_gain":0.0,"event_name":"Dead Adventurer","player_choice":"Searched \u00271\u0027 times","floor":10.0,"gold_loss":0.0,"damage_taken":0.0,"relics_obtained":["Molten Egg 2"]},{"damage_healed":0.0,"max_hp_gain":0.0,"max_hp_loss":0.0,"gold_gain":0.0,"event_name":"Mushrooms","player_choice":"Fought Mushrooms","floor":11.0,"gold_loss":0.0,"damage_taken":0.0},{"damage_healed":0.0,"max_hp_gain":0.0,"max_hp_loss":0.0,"gold_gain":0.0,"event_name":"Duplicator","player_choice":"Copied","floor":19.0,"gold_loss":0.0,"damage_taken":0.0,"cards_obtained":["Grand Finale"]},{"damage_healed":0,"gold_gain":0,"player_choice":"Ignored","damage_taken":0,"max_hp_gain":0,"max_hp_loss":0,"event_name":"Vampires","floor":24,"gold_loss":0},{"damage_healed":0,"gold_gain":0,"player_choice":"1 cards matched","damage_taken":0,"max_hp_gain":0,"max_hp_loss":0,"event_name":"Match and Keep!","floor":37,"gold_loss":0,"cards_obtained":["Grand Finale"]},{"damage_healed":0,"gold_gain":0,"player_choice":"Gave Potion","damage_taken":0,"relics_obtained":["Vajra"],"max_hp_gain":0,"max_hp_loss":0,"event_name":"WeMeetAgain","floor":48,"gold_loss":0}],"is_beta":false,"boss_relics":[{"not_picked":["Sozu","Calling Bell"],"picked":"Eternal Feather"},{"not_picked":["Busted Crown","Runic Pyramid"],"picked":"WristBlade"}],"items_purged_floors":[5,14,36,39],"is_endless":false,"potions_floor_spawned":[12,13,16,22,29,41,42,44,45],"ascension_level":0}