{"gold_per_floor":[111,128,128,142,69,102,102,115,138,138,138,159,159,159,159,159],"floor_reached":16,"playtime":575,"items_purged":[],"score":200,"play_id":"eb8f27c5-ee76-4a28-8d01-4c6952e6a2ad","local_time":"20190213162356","is_ascension_mode":true,"campfire_choices":[{"data":"Dualcast","floor":7.0,"key":"SMITH"},{"floor":11,"key":"REST"},{"data":"Coolheaded","floor":13,"key":"SMITH"},{"data":"Coolheaded","floor":15,"key":"SMITH"}],"neow_cost":"NONE","seed_source_timestamp":29783641606049,"circlet_count":0,"master_deck":["AscendersBane","Strike_B+1","Strike_B","Strike_B+1","Defend_B","Defend_B","Defend_B","Defend_B","Zap","Dualcast+1","Cold Snap","Coolheaded+1","Fusion","Chill","Coolheaded+1"],"special_seed":0,"relics":["Cracked Core","Regal Pillow","Golden Idol","Whetstone","Juzu Bracelet"],"potions_floor_usage":[12,16,16],"damage_taken":[{"damage":12.0,"enemies":"Small Slimes","floor":1.0,"turns":3.0},{"damage":0.0,"enemies":"Jaw Worm","floor":2.0,"turns":4.0},{"damage":7.0,"enemies":"2 Louse","floor":4.0,"turns":2.0},{"damage":36.0,"enemies":"Lagavulin","floor":6.0,"turns":10.0},{"damage":8.0,"enemies":"Exordium Thugs","floor":8.0,"turns":6.0},{"damage":1,"enemies":"Lots of Slimes","floor":12,"turns":5},{"damage":35,"enemies":"Slime Boss","floor":16,"turns":11}],"seed_played":"-3340736017431918474","potions_obtained":[{"floor":2.0,"key":"Strength Potion"},{"floor":6.0,"key":"GamblersBrew"},{"floor":8.0,"key":"Fire Potion"},{"floor":12,"key":"Block Potion"}],"is_trial":false,"path_per_floor":["M","M","?","M","?","E","R","M","T","?","R","M","R","?","R","B"],"character_chosen":"DEFECT","items_purchased":[],"campfire_rested":1,"item_purchase_floors":[],"current_hp_per_floor":[52,52,52,45,45,9,9,1,1,1,35,34,34,34,34,0],"gold":159,"neow_bonus":"RANDOM_COMMON_RELIC","is_prod":false,"is_daily":false,"chose_seed":false,"campfire_upgraded":3,"win_rate":0,"timestamp":1550046236,"path_taken":["M","M","?","M","?","E","R","M","T","?","R","M","R","?","R","BOSS"],"build_version":"2019-01-23","purchased_purges":0,"victory":false,"max_hp_per_floor":[71,71,64,64,64,64,64,64,64,64,64,64,64,64,64,64],"card_choices":[{"not_picked":["BootSequence","Heatsinks"],"picked":"Cold Snap","floor":1.0},{"not_picked":["BootSequence","Double Energy"],"picked":"Coolheaded","floor":2.0},{"not_picked":["Recycle","Steam"],"picked":"Fusion","floor":4.0},{"not_picked":["Coolheaded","Fusion"],"picked":"Chill","floor":6.0},{"not_picked":["Force Field","Auto Shields"],"picked":"Coolheaded","floor":8.0},{"not_picked":["Steam Power","Beam Cell","Cold Snap"],"picked":"SKIP","floor":12}],"player_experience":2685044,"relics_obtained":[{"floor":6.0,"key":"Whetstone"},{"floor":9.0,"key":"Juzu Bracelet"}],"event_choices":[{"damage_healed":0.0,"max_hp_gain":0.0,"max_hp_loss":7.0,"gold_gain":0.0,"event_name":"Golden Idol","player_choice":"Lose Max HP","floor":3.0,"gold_loss":0.0,"damage_taken":0.0,"relics_obtained":["Golden Idol"]},{"damage_healed":0.0,"max_hp_gain":0.0,"max_hp_loss":0.0,"gold_gain":0.0,"event_name":"World of Goop","player_choice":"Left Gold","floor":5.0,"gold_loss":73.0,"damage_taken":0.0},{"damage_healed":0,"gold_gain":0,"player_choice":"Leave","damage_taken":0,"max_hp_gain":0,"max_hp_loss":0,"event_name":"FaceTrader","floor":10,"gold_loss":0},{"cards_removed":["Strike_B"],"damage_healed":0,"gold_gain":0,"player_choice":"Purged","damage_taken":0,"max_hp_gain":0,"max_hp_loss":0,"event_name":"Purifier","floor":14,"gold_loss":0}],"is_beta":false,"boss_relics":[],"items_purged_floors":[],"is_endless":false,"potions_floor_spawned":[2,6,8,12],"killed_by":"Slime Boss","ascension_level":20}