{"gold_per_floor":[110,125,34,34,44,74,74,104,104,131,131,148,148,7,7,78,78,98,114,134,134,150,150,75,85,161,178,178,178,178,195,195,273,273,288,132,142,152,170,170,45,45,68,85,105,137,137,137,137,137,137,137,39,73,73],"floor_reached":55,"playtime":1636,"items_purged":["Strike_R","Strike_R","Strike_R"],"score":1386,"play_id":"2882670f-4ddd-4fc8-a713-0fe448071f65","local_time":"20181218125536","is_ascension_mode":true,"campfire_choices":[{"data":"Inflame","floor":7.0,"key":"SMITH"},{"data":"Armaments","floor":11.0,"key":"SMITH"},{"data":"True Grit","floor":13.0,"key":"SMITH"},{"data":"Inflame","floor":15.0,"key":"SMITH"},{"data":"Fiend Fire","floor":23.0,"key":"SMITH"},{"floor":28.0,"key":"REST"},{"data":"Trip","floor":30.0,"key":"SMITH"},{"data":"Bash","floor":32.0,"key":"SMITH"},{"data":"Limit Break","floor":40.0,"key":"SMITH"},{"floor":42.0,"key":"REST"},{"floor":47.0,"key":"RECALL"},{"floor":49.0,"key":"REST"},{"floor":52.0,"key":"REST"}],"neow_cost":"NONE","seed_source_timestamp":2133519491251,"circlet_count":0,"master_deck":["AscendersBane","Strike_R","Strike_R","Defend_R","Defend_R","Defend_R","Defend_R","Bash+1","Shrug It Off","Trip+1","Fiend Fire+1","Carnage","True Grit+1","Inflame+1","Armaments+1","Inflame+1","Sword Boomerang+1","Fiend Fire+1","Limit Break+1","Whirlwind+1","Flex","Sword Boomerang+1","Heavy Blade+1","Inflame","Shrug It Off","Flame Barrier+1"],"special_seed":0,"relics":["Burning Blood","NeowsBlessing","Molten Egg 2","Champion Belt","Pocketwatch","Darkstone Periapt","Runic Pyramid","Runic Dome","Regal Pillow","Oddly Smooth Stone","Mercury Hourglass"],"potions_floor_usage":[55],"damage_taken":[{"damage":0.0,"enemies":"Jaw Worm","floor":1.0,"turns":1.0},{"damage":0.0,"enemies":"Cultist","floor":2.0,"turns":1.0},{"damage":0.0,"enemies":"2 Louse","floor":5.0,"turns":1.0},{"damage":37.0,"enemies":"Gremlin Nob","floor":6.0,"turns":5.0},{"damage":20.0,"enemies":"Lagavulin","floor":8.0,"turns":4.0},{"damage":13.0,"enemies":"Gremlin Nob","floor":10.0,"turns":3.0},{"damage":5.0,"enemies":"2 Fungi Beasts","floor":12.0,"turns":3.0},{"damage":3.0,"enemies":"Slime Boss","floor":16.0,"turns":4.0},{"damage":0.0,"enemies":"Chosen","floor":18.0,"turns":2.0},{"damage":0.0,"enemies":"Shell Parasite","floor":19.0,"turns":2.0},{"damage":9.0,"enemies":"Snake Plant","floor":20.0,"turns":3.0},{"damage":5.0,"enemies":"Colosseum Slavers","floor":21.0,"turns":3.0},{"damage":35.0,"enemies":"Snecko","floor":22.0,"turns":6.0},{"damage":23.0,"enemies":"Shelled Parasite and Fungi","floor":25.0,"turns":3.0},{"damage":13.0,"enemies":"Snake Plant","floor":27.0,"turns":2.0},{"damage":0.0,"enemies":"Centurion and Healer","floor":31.0,"turns":3.0},{"damage":64.0,"enemies":"Automaton","floor":33.0,"turns":8.0},{"damage":21.0,"enemies":"3 Darklings","floor":35.0,"turns":5.0},{"damage":4.0,"enemies":"3 Shapes","floor":37.0,"turns":5.0},{"damage":0.0,"enemies":"Transient","floor":38.0,"turns":6.0},{"damage":36.0,"enemies":"3 Darklings","floor":39.0,"turns":4.0},{"damage":8.0,"enemies":"Sphere and 2 Shapes","floor":44.0,"turns":4.0},{"damage":33.0,"enemies":"Jaw Worm Horde","floor":45.0,"turns":3.0},{"damage":6.0,"enemies":"Giant Head","floor":46.0,"turns":4.0},{"damage":67.0,"enemies":"Time Eater","floor":50.0,"turns":7.0},{"damage":83,"enemies":"Shield and Spear","floor":54,"turns":4},{"damage":22,"enemies":"The Heart","floor":55,"turns":2}],"seed_played":"4329245312685740966","potions_obtained":[{"floor":8.0,"key":"Poison Potion"},{"floor":10.0,"key":"Block Potion"},{"floor":16.0,"key":"FearPotion"},{"floor":22.0,"key":"EntropicBrew"},{"floor":31.0,"key":"LiquidBronze"},{"floor":33.0,"key":"EntropicBrew"},{"floor":37.0,"key":"Ancient Potion"},{"floor":38.0,"key":"Fruit Juice"},{"floor":45.0,"key":"LiquidBronze"}],"is_trial":false,"path_per_floor":["M","M","$","?","M","E","R","E","T","E","R","M","R","$","R","B",null,"M","M","M","?","M","R","$","M","T","M","R","?","R","M","R","B",null,"M","$","M","M","M","R","$","R","T","M","M","E","R","?","R","B",null,"R","$","E","B"],"character_chosen":"IRONCLAD","items_purchased":["Trip","Inflame","Sword Boomerang+1","Flex","Inflame","Shrug It Off"],"campfire_rested":4,"item_purchase_floors":[3,14,14,36,53,53],"current_hp_per_floor":[74,75,75,75,75,44,44,30,30,23,23,24,24,24,24,27,63,69,75,72,73,44,44,44,27,27,20,42,85,85,85,85,27,71,56,56,58,69,39,39,39,66,66,64,37,37,37,37,79,18,72,90,90,13,0],"gold":73,"neow_bonus":"THREE_ENEMY_KILL","is_prod":false,"is_daily":false,"chose_seed":false,"campfire_upgraded":8,"win_rate":0,"timestamp":1545108936,"path_taken":["M","M","$","?","?","E","R","E","T","E","R","M","R","?","R","BOSS","M","M","M","?","M","R","$","M","T","M","R","?","R","?","R","BOSS","M","$","M","M","M","R","$","R","T","M","M","E","R","?","R","BOSS","R","$","E","BOSS"],"build_version":"2018-12-13","purchased_purges":3,"victory":false,"max_hp_per_floor":[75,75,75,75,75,75,75,75,75,75,75,75,75,75,75,75,75,75,75,75,75,75,75,75,75,75,75,75,85,85,85,85,85,85,85,85,85,90,90,90,90,90,90,90,90,90,90,90,90,90,90,90,90,90,90],"card_choices":[{"not_picked":["Armaments","Feel No Pain"],"picked":"Shrug It Off","floor":1.0},{"not_picked":["Clothesline","Cleave","Bloodletting"],"picked":"SKIP","floor":2.0},{"not_picked":["Hemokinesis","Heavy Blade"],"picked":"True Grit","floor":5.0},{"not_picked":["Combust","Iron Wave"],"picked":"Inflame","floor":6.0},{"not_picked":["Havoc","Iron Wave+1"],"picked":"Armaments","floor":8.0},{"not_picked":["Warcry","Perfected Strike+1","Pommel Strike+1"],"picked":"SKIP","floor":10.0},{"not_picked":["Wild Strike+1","Sword Boomerang+1"],"picked":"Brutality","floor":12.0},{"not_picked":["Impervious","Feed+1"],"picked":"Fiend Fire+1","floor":16.0},{"not_picked":["Havoc","Sever Soul+1","Blood for Blood+1"],"picked":"SKIP","floor":18.0},{"not_picked":["Seeing Red","Sentinel","Fire Breathing"],"picked":"SKIP","floor":19.0},{"not_picked":["Seeing Red","Sentinel","Fire Breathing"],"picked":"SKIP","floor":19.0},{"not_picked":["Perfected Strike+1","True Grit","Rampage+1"],"picked":"SKIP","floor":20.0},{"not_picked":["Ghostly Armor","Havoc","Flex"],"picked":"SKIP","floor":22.0},{"not_picked":["Whirlwind+1","Perfected Strike+1","Headbutt+1"],"picked":"SKIP","floor":25.0},{"not_picked":["Shrug It Off","Wild Strike+1","Anger+1"],"picked":"SKIP","floor":27.0},{"not_picked":["Hemokinesis+1","Twin Strike+1","Warcry"],"picked":"SKIP","floor":31.0},{"not_picked":["Exhume","Brutality"],"picked":"Limit Break","floor":33.0},{"not_picked":["Intimidate","Rage"],"picked":"Whirlwind+1","floor":35.0},{"not_picked":["Wild Strike+1","Sever Soul+1","Ghostly Armor"],"picked":"SKIP","floor":37.0},{"not_picked":["Body Slam+1","Entrench","Heavy Blade+1"],"picked":"SKIP","floor":38.0},{"not_picked":["Thunderclap+1","Armaments","Rage"],"picked":"SKIP","floor":39.0},{"not_picked":["Clash+1","Cleave+1","Sentinel"],"picked":"SKIP","floor":44.0},{"not_picked":["Rupture","Warcry+1"],"picked":"Sword Boomerang+1","floor":45.0},{"not_picked":["Anger+1","Pommel Strike+1"],"picked":"Heavy Blade+1","floor":46.0},{"not_picked":["Fire Breathing","Bludgeon+1"],"picked":"Flame Barrier+1","floor":54}],"player_experience":1338009,"relics_obtained":[{"floor":6.0,"key":"Molten Egg 2"},{"floor":8.0,"key":"Champion Belt"},{"floor":9.0,"key":"Pocketwatch"},{"floor":10.0,"key":"Darkstone Periapt"},{"floor":43.0,"key":"Regal Pillow"},{"floor":46.0,"key":"Oddly Smooth Stone"},{"floor":54,"key":"Mercury Hourglass"}],"event_choices":[{"damage_healed":0.0,"max_hp_gain":0.0,"max_hp_loss":0.0,"gold_gain":0.0,"event_name":"Match and Keep!","player_choice":"2 cards matched","floor":4.0,"gold_loss":0.0,"damage_taken":0.0,"cards_obtained":["Fiend Fire","Carnage"]},{"damage_healed":0.0,"max_hp_gain":0.0,"max_hp_loss":0.0,"gold_gain":0.0,"event_name":"Colosseum","player_choice":"Fight","floor":21.0,"gold_loss":0.0,"damage_taken":0.0},{"damage_healed":0.0,"max_hp_gain":0.0,"max_hp_loss":0.0,"gold_gain":0.0,"event_name":"Colosseum","player_choice":"Fled From Nobs","floor":21.0,"gold_loss":0.0,"damage_taken":0.0},{"cards_removed":["Brutality"],"damage_healed":33.0,"max_hp_gain":10.0,"max_hp_loss":0.0,"gold_gain":0.0,"event_name":"Bonfire Elementals","player_choice":"Offered Rare","floor":29.0,"gold_loss":0.0,"damage_taken":0.0},{"damage_healed":0.0,"max_hp_gain":0.0,"max_hp_loss":0.0,"gold_gain":0.0,"event_name":"Tomb of Lord Red Mask","player_choice":"Ignored","floor":48.0,"gold_loss":0.0,"damage_taken":0.0}],"is_beta":false,"boss_relics":[{"not_picked":["Eternal Feather","Pandora\u0027s Box"],"picked":"Runic Pyramid"},{"not_picked":["Orrery","Sozu"],"picked":"Runic Dome"}],"items_purged_floors":[24,36,41],"is_endless":false,"potions_floor_spawned":[8,10,16,21,22,31,33,37,38,45,46],"killed_by":"The Heart","ascension_level":17}