{"gold_per_floor":[111,111,126,51,126,126,3,38,38,38,38,48,48,66,66,66],"floor_reached":16,"playtime":319,"items_purged":["Strike_R"],"score":186,"play_id":"b518a8fd-7c31-4cfe-90de-40bd1d8a580f","local_time":"20180923170529","is_ascension_mode":true,"campfire_choices":[{"floor":6.0,"key":"REST"},{"floor":10.0,"key":"REST"},{"data":"Discovery","floor":15,"key":"SMITH"}],"neow_cost":"NONE","seed_source_timestamp":189337366556651,"circlet_count":0,"master_deck":["Strike_R","Strike_R","Strike_R","Strike_R+1","Defend_R","Defend_R","Defend_R","Defend_R","Bash+1","AscendersBane","Brutality","Spot Weakness+1","Battle Trance+1","Discovery+1","Offering","Cleave"],"special_seed":0,"relics":["Burning Blood","War Paint","Mummified Hand","Bag of Preparation"],"potions_floor_usage":[16,16],"damage_taken":[{"damage":8.0,"enemies":"2 Louse","floor":1.0,"turns":3.0},{"damage":9.0,"enemies":"Jaw Worm","floor":3.0,"turns":3.0},{"damage":42.0,"enemies":"Gremlin Nob","floor":8.0,"turns":4.0},{"damage":0.0,"enemies":"Cultist","floor":12.0,"turns":2.0},{"damage":6,"enemies":"Blue Slaver","floor":14,"turns":2},{"damage":43,"enemies":"Hexaghost","floor":16,"turns":8}],"seed_played":"4114487552520172064","potions_obtained":[{"floor":8.0,"key":"Energy Potion"},{"floor":12.0,"key":"Swift Potion"}],"is_trial":false,"path_per_floor":["M","?","M","$","?","R","$","E","T","R","$","M","?","M","R"],"character_chosen":"IRONCLAD","items_purchased":["Discovery"],"campfire_rested":2,"item_purchase_floors":[7],"current_hp_per_floor":[66,43,40,40,29,51,51,15,15,37,37,43,43,43,43,0],"gold":66,"neow_bonus":"ONE_RANDOM_RARE_CARD","is_prod":false,"is_daily":false,"chose_seed":false,"campfire_upgraded":1,"win_rate":0,"timestamp":1537693529,"path_taken":["M","?","M","$","?","R","$","E","T","R","$","M","?","M","R","BOSS"],"build_version":"2018-09-20","purchased_purges":1,"victory":false,"max_hp_per_floor":[75,75,75,75,75,75,75,75,75,75,75,75,75,75,75,75],"card_choices":[{"not_picked":["Headbutt","Clash"],"picked":"Spot Weakness","floor":1.0},{"not_picked":["Sword Boomerang","Iron Wave"],"picked":"Battle Trance","floor":3.0},{"not_picked":["Headbutt","Clothesline"],"picked":"Offering","floor":8.0},{"not_picked":["Body Slam","Havoc"],"picked":"Cleave","floor":12.0},{"not_picked":["Pommel Strike","Anger","Entrench"],"picked":"SKIP","floor":14}],"player_experience":109265,"relics_obtained":[{"floor":8.0,"key":"War Paint"},{"floor":9.0,"key":"Mummified Hand"}],"event_choices":[{"event_name":"Shining Light","player_choice":"Entered Light","floor":2.0,"damage_taken":0.0},{"event_name":"World of Goop","player_choice":"Gather Gold","floor":5.0,"damage_taken":0.0},{"event_name":"Dead Adventurer","player_choice":"Searched \u00271\u0027 times","floor":13,"damage_taken":0}],"is_beta":false,"boss_relics":[],"items_purged_floors":[4],"is_endless":false,"potions_floor_spawned":[8,12],"killed_by":"Hexaghost","ascension_level":18}