{"gold_per_floor":[369,386,16,16,27,27,54,64,64,64,75,75,94,113,113,215,215,231,146,178,78,3,3,16,16,16,16,28,60,60,76,76,174,174,193,210,85,102,102,102,131,141,141,141,141,158,158,168,168,168],"floor_reached":51,"playtime":4580,"items_purged":["Writhe","Strike_B","Strike_B"],"score":749,"play_id":"d0b86768-edba-4ccb-a12e-99f7cd7b2cdc","local_time":"20190612001916","is_ascension_mode":false,"campfire_choices":[{"data":"Zap","floor":6.0,"key":"SMITH"},{"data":"Loop","floor":10.0,"key":"SMITH"},{"data":"Sunder","floor":15.0,"key":"SMITH"},{"data":"White Noise","floor":23.0,"key":"SMITH"},{"data":"Buffer","floor":25.0,"key":"SMITH"},{"data":"Undo","floor":30.0,"key":"SMITH"},{"data":"Biased Cognition","floor":32.0,"key":"SMITH"},{"data":"Capacitor","floor":40.0,"key":"SMITH"},{"data":"Biased Cognition","floor":45,"key":"SMITH"},{"data":"Auto Shields","floor":47,"key":"SMITH"},{"data":"Glacier","floor":49,"key":"SMITH"}],"neow_cost":"CURSE","seed_source_timestamp":44957392957424,"circlet_count":0,"master_deck":["Defend_B","Defend_B","Defend_B","Defend_B","Zap+1","Dualcast+1","Ball Lightning+1","Glacier+1","Loop+1","Auto Shields+1","White Noise+1","Sunder+1","Buffer+1","Electrodynamics+1","Chill+1","Undo+1","Biased Cognition+1","Biased Cognition+1","Recycle+1","Capacitor+1","Defragment+1"],"special_seed":0,"relics":["Cracked Core","Whetstone","Centennial Puzzle","Darkstone Periapt","Mercury Hourglass","Cursed Key","Cables","Red Mask","Question Card","Runic Pyramid","Pen Nib"],"potions_floor_usage":[50,50,50],"damage_taken":[{"damage":10.0,"enemies":"Jaw Worm","floor":1.0,"turns":4.0},{"damage":0.0,"enemies":"Cultist","floor":2.0,"turns":2.0},{"damage":0.0,"enemies":"Small Slimes","floor":5.0,"turns":2.0},{"damage":12.0,"enemies":"Lagavulin","floor":7.0,"turns":7.0},{"damage":7.0,"enemies":"Blue Slaver","floor":8.0,"turns":2.0},{"damage":0.0,"enemies":"Looter","floor":11.0,"turns":3.0},{"damage":0.0,"enemies":"Lots of Slimes","floor":13.0,"turns":1.0},{"damage":3.0,"enemies":"Red Slaver","floor":14.0,"turns":2.0},{"damage":16.0,"enemies":"The Guardian","floor":16.0,"turns":9.0},{"damage":0.0,"enemies":"3 Byrds","floor":18.0,"turns":2.0},{"damage":0.0,"enemies":"Masked Bandits","floor":20.0,"turns":2.0},{"damage":0.0,"enemies":"Spheric Guardian","floor":24.0,"turns":3.0},{"damage":0.0,"enemies":"3 Cultists","floor":28.0,"turns":3.0},{"damage":0.0,"enemies":"Slavers","floor":29.0,"turns":2.0},{"damage":0.0,"enemies":"Snecko","floor":31.0,"turns":4.0},{"damage":25.0,"enemies":"Automaton","floor":33.0,"turns":9.0},{"damage":0.0,"enemies":"Orb Walker","floor":35.0,"turns":3.0},{"damage":0.0,"enemies":"3 Shapes","floor":36.0,"turns":5.0},{"damage":0.0,"enemies":"Jaw Worm Horde","floor":38.0,"turns":3.0},{"damage":0.0,"enemies":"Reptomancer","floor":41.0,"turns":5.0},{"damage":0.0,"enemies":"Maw","floor":42.0,"turns":5.0},{"damage":0,"enemies":"Transient","floor":46,"turns":5},{"damage":0,"enemies":"Jaw Worm Horde","floor":48,"turns":4},{"damage":0,"enemies":"Donu and Deca","floor":50,"turns":6}],"seed_played":"8054709895657853004","potions_obtained":[{"floor":1.0,"key":"Dexterity Potion"},{"floor":8.0,"key":"SteroidPotion"},{"floor":11.0,"key":"Explosive Potion"},{"floor":14.0,"key":"Block Potion"},{"floor":35.0,"key":"Energy Potion"},{"floor":41.0,"key":"GamblersBrew"}],"is_trial":false,"path_per_floor":["M","M","$","?","M","R","E","M","T","R","M","?","M","M","R","B",null,"M","?","?","$","?","R","M","R","T","?","M","E","R","M","R","B",null,"M","M","$","M","?","R","E","M","T","?","R","M","R","M","R","B",null],"character_chosen":"DEFECT","items_purchased":["Whetstone","Centennial Puzzle"],"campfire_rested":0,"item_purchase_floors":[3,3],"current_hp_per_floor":[65,65,65,65,65,65,53,46,46,46,46,51,51,48,48,32,80,80,80,80,80,80,80,80,80,80,80,80,80,80,80,80,55,80,80,80,80,80,80,80,80,80,80,80,80,80,80,80,80,80],"gold":168,"neow_bonus":"TWO_FIFTY_GOLD","is_prod":false,"is_daily":false,"chose_seed":false,"campfire_upgraded":11,"win_rate":0,"timestamp":1560269956,"path_taken":["M","M","$","?","M","R","E","?","T","R","M","?","M","M","R","BOSS","M","?","?","$","?","R","M","R","T","?","M","E","R","M","R","BOSS","M","?","?","M","?","R","E","M","T","?","R","?","R","M","R","BOSS"],"build_version":"2019-01-23","purchased_purges":3,"victory":true,"max_hp_per_floor":[75,75,75,75,75,75,75,75,75,75,75,80,80,80,80,80,80,80,80,80,80,80,80,80,80,80,80,80,80,80,80,80,80,80,80,80,80,80,80,80,80,80,80,80,80,80,80,80,80,80],"card_choices":[{"not_picked":["Stack","Steam"],"picked":"Ball Lightning","floor":1.0},{"not_picked":["Conserve Battery","Streamline"],"picked":"Glacier","floor":2.0},{"not_picked":["Redo","Streamline","Beam Cell"],"picked":"SKIP","floor":5.0},{"not_picked":["Rebound","Multi-Cast"],"picked":"Loop","floor":7.0},{"not_picked":["Beam Cell","Turbo"],"picked":"Auto Shields","floor":8.0},{"not_picked":["Ball Lightning","Compile Driver"],"picked":"White Noise","floor":11.0},{"not_picked":["Turbo","Coolheaded"],"picked":"Sunder","floor":13.0},{"not_picked":["Steam","Fusion"],"picked":"Buffer","floor":14.0},{"not_picked":["Core Surge","Fission"],"picked":"Electrodynamics","floor":16.0},{"not_picked":["Beam Cell","Gash","Glacier"],"picked":"SKIP","floor":18.0},{"not_picked":["Conserve Battery","Compile Driver+1"],"picked":"Chill+1","floor":20.0},{"not_picked":["Scrape","Double Energy"],"picked":"Undo","floor":24.0},{"not_picked":["Barrage+1","Hologram","Glacier+1"],"picked":"SKIP","floor":28.0},{"not_picked":["Barrage+1","Hologram","Glacier+1"],"picked":"SKIP","floor":28.0},{"not_picked":["Reinforced Body","Force Field+1","Rebound"],"picked":"SKIP","floor":29.0},{"not_picked":["FTL+1","Redo","BootSequence"],"picked":"Biased Cognition","floor":31.0},{"not_picked":["Echo Form","Hyperbeam","Thunder Strike"],"picked":"Biased Cognition","floor":33.0},{"not_picked":["Chaos+1","Rebound","Double Energy+1"],"picked":"Recycle+1","floor":35.0},{"not_picked":["Gash","Sweeping Beam+1","Rebound+1"],"picked":"Capacitor","floor":36.0},{"not_picked":["Sunder+1","Turbo+1","Reprogram","Go for the Eyes"],"picked":"SKIP","floor":38.0},{"not_picked":["Turbo+1","BootSequence","Undo+1"],"picked":"Defragment+1","floor":41.0},{"not_picked":["Rebound","Static Discharge","Auto Shields+1","Self Repair+1"],"picked":"SKIP","floor":42.0},{"not_picked":["Sunder+1","Auto Shields+1","Reprogram+1","Hologram+1"],"picked":"SKIP","floor":46},{"not_picked":["FTL","Rebound+1","Hologram+1","Fusion+1"],"picked":"SKIP","floor":48}],"player_experience":5072571,"relics_obtained":[{"floor":7.0,"key":"Darkstone Periapt"},{"floor":9.0,"key":"Mercury Hourglass"},{"floor":20.0,"key":"Red Mask"},{"floor":29.0,"key":"Question Card"},{"floor":41.0,"key":"Pen Nib"}],"event_choices":[{"damage_healed":0.0,"max_hp_gain":0.0,"max_hp_loss":0.0,"gold_gain":0.0,"event_name":"Accursed Blacksmith","player_choice":"Forge","floor":4.0,"gold_loss":0.0,"damage_taken":0.0,"cards_upgraded":["Dualcast"]},{"damage_healed":0.0,"max_hp_gain":5.0,"max_hp_loss":0.0,"gold_gain":0.0,"event_name":"Big Fish","player_choice":"Donut","floor":12.0,"gold_loss":0.0,"damage_taken":0.0},{"damage_healed":0.0,"max_hp_gain":0.0,"max_hp_loss":0.0,"gold_gain":0.0,"event_name":"Addict","player_choice":"Obtained Relic","floor":19.0,"gold_loss":85.0,"damage_taken":0.0,"relics_obtained":["Cables"]},{"damage_healed":0.0,"max_hp_gain":0.0,"max_hp_loss":0.0,"gold_gain":0.0,"event_name":"Masked Bandits","player_choice":"Fought Bandits","floor":20.0,"gold_loss":0.0,"damage_taken":0.0},{"cards_removed":["Strike_B"],"damage_healed":0.0,"max_hp_gain":0.0,"max_hp_loss":0.0,"gold_gain":0.0,"event_name":"Beggar","player_choice":"Gave Gold","floor":22.0,"gold_loss":75.0,"damage_taken":0.0},{"damage_healed":0.0,"max_hp_gain":0.0,"max_hp_loss":0.0,"gold_gain":0.0,"event_name":"Upgrade Shrine","player_choice":"Upgraded","floor":27.0,"gold_loss":0.0,"damage_taken":0.0,"cards_upgraded":["Electrodynamics"]},{"cards_removed":["Strike_B"],"damage_healed":0.0,"max_hp_gain":0.0,"max_hp_loss":0.0,"gold_gain":0.0,"event_name":"Falling","player_choice":"Removed Attack","floor":39.0,"gold_loss":0.0,"damage_taken":0.0},{"damage_healed":0,"gold_gain":0,"player_choice":"0 cards matched","damage_taken":0,"max_hp_gain":0,"max_hp_loss":0,"event_name":"Match and Keep!","floor":44,"gold_loss":0,"cards_obtained":[]}],"is_beta":false,"boss_relics":[{"not_picked":["Nuclear Battery","Lizard Tail"],"picked":"Cursed Key"},{"not_picked":["Pandora\u0027s Box","Velvet Choker"],"picked":"Runic Pyramid"}],"items_purged_floors":[3,21,37],"is_endless":false,"potions_floor_spawned":[1,8,11,14,16,24,29,33,35,41,42],"ascension_level":0}