{"gold_per_floor":[118,118,34,54,204,204,234,11,11,11,11,11,11,54,54,147,147,170,95,110,35,48,48,71,71,71,71,71,90,143,163,163,259,259,272,88,109,442,542,577,577,577,577,607,634,645,359,90,90,90,90,90,90,1,31,31],"floor_reached":57,"playtime":3777,"items_purged":["Ball Lightning","Shame","Melter"],"score":2814,"play_id":"02ddce40-a688-4cf2-938e-81d9349e7374","local_time":"20190329064103","is_ascension_mode":true,"campfire_choices":[{"data":"Zap","floor":6.0,"key":"SMITH"},{"data":"Apotheosis","floor":13.0,"key":"SMITH"},{"floor":15.0,"key":"RECALL"},{"floor":23.0,"key":"REST"},{"floor":25.0,"key":"REST"},{"data":"Heatsinks","floor":28.0,"key":"SMITH"},{"floor":32.0,"key":"REST"},{"floor":41.0,"key":"REST"},{"floor":42.0,"key":"REST"},{"floor":49.0,"key":"REST"},{"floor":53.0,"key":"REST"}],"neow_cost":"NONE","seed_source_timestamp":66063810305253,"circlet_count":0,"master_deck":["AscendersBane","Zap+1","Dualcast","Loop","Creative AI","Capacitor","Glacier","Apotheosis+1","Double Energy","Biased Cognition","Genetic Algorithm","Hello World","Coolheaded","Heatsinks+1","Hello World","Storm","White Noise","Turbo","Skim","Genetic Algorithm","Coolheaded","Glacier","Creative AI","Chill","Skim","Buffer","Turbo","Hologram+1","Go for the Eyes","Fusion+1","Fusion","Chill+1","Hologram","Go for the Eyes+1","Purity","Recycle+1"],"special_seed":0,"relics":["Cracked Core","NeowsBlessing","Odd Mushroom","Mercury Hourglass","Vajra","Bag of Marbles","Pandora\u0027s Box","Dream Catcher","Tiny Chest","Runic Pyramid","WingedGreaves","DataDisk","Pear","Molten Egg 2","Bottled Lightning","Centennial Puzzle","ClockworkSouvenir","Pantograph"],"potions_floor_usage":[56,56],"damage_taken":[{"damage":0.0,"enemies":"Jaw Worm","floor":1.0,"turns":1.0},{"damage":0.0,"enemies":"2 Louse","floor":4.0,"turns":1.0},{"damage":0.0,"enemies":"The Mushroom Lair","floor":7.0,"turns":2.0},{"damage":0.0,"enemies":"Lagavulin","floor":14.0,"turns":8.0},{"damage":22.0,"enemies":"Slime Boss","floor":16.0,"turns":7.0},{"damage":22.0,"enemies":"Shell Parasite","floor":18.0,"turns":5.0},{"damage":8.0,"enemies":"Spheric Guardian","floor":20.0,"turns":3.0},{"damage":19.0,"enemies":"Snake Plant","floor":22.0,"turns":3.0},{"damage":0.0,"enemies":"Chosen and Byrds","floor":24.0,"turns":3.0},{"damage":7.0,"enemies":"Centurion and Healer","floor":29.0,"turns":4.0},{"damage":27.0,"enemies":"Shelled Parasite and Fungi","floor":31.0,"turns":3.0},{"damage":18.0,"enemies":"Collector","floor":33.0,"turns":6.0},{"damage":17.0,"enemies":"3 Darklings","floor":35.0,"turns":5.0},{"damage":0.0,"enemies":"Orb Walker","floor":37.0,"turns":5.0},{"damage":0.0,"enemies":"Mind Bloom Boss Battle","floor":39.0,"turns":7.0},{"damage":6.0,"enemies":"Nemesis","floor":40.0,"turns":6.0},{"damage":0.0,"enemies":"Giant Head","floor":44.0,"turns":7.0},{"damage":13.0,"enemies":"Nemesis","floor":45.0,"turns":5.0},{"damage":0.0,"enemies":"Jaw Worm Horde","floor":46.0,"turns":6.0},{"damage":7.0,"enemies":"Awakened One","floor":50.0,"turns":9.0},{"damage":29.0,"enemies":"Time Eater","floor":51.0,"turns":12.0},{"damage":0.0,"enemies":"Shield and Spear","floor":55.0,"turns":9.0},{"damage":30,"enemies":"The Heart","floor":56,"turns":8}],"seed_played":"4626330855807727400","potions_obtained":[{"floor":1.0,"key":"Dexterity Potion"},{"floor":14.0,"key":"Dexterity Potion"},{"floor":18.0,"key":"GamblersBrew"}],"is_trial":false,"path_per_floor":["M","?","$","M","?","R","?","$","T","?","$","?","R","E","R","B",null,"M","?","M","$","M","R","M","R","T","?","R","M","T","M","R","B",null,"M","$","M","?","?","E","R","R","T","E","E","M","$","$","R","B","B",null,"R","$","E","B",null],"character_chosen":"DEFECT","items_purchased":["Creative AI","Apotheosis","Double Energy","Skim","Centennial Puzzle","ClockworkSouvenir","Hologram","Purity"],"campfire_rested":7,"item_purchase_floors":[3,8,8,36,47,48,48,54],"current_hp_per_floor":[64,69,69,69,69,69,69,69,69,58,58,58,58,58,58,36,61,39,39,31,31,12,32,32,52,52,52,52,45,45,18,38,20,57,40,40,40,40,40,34,54,69,79,79,66,66,66,66,79,72,43,70,79,79,79,49],"gold":31,"neow_bonus":"THREE_ENEMY_KILL","is_prod":false,"is_daily":false,"chose_seed":false,"campfire_upgraded":3,"win_rate":0,"timestamp":1553812863,"path_taken":["M","?","$","M","?","R","?","$","T","?","?","?","R","E","R","BOSS","M","?","M","$","M","R","M","R","T","?","R","M","?","M","R","BOSS","M","$","M","?","?","E","R","R","T","E","E","M","$","$","R","BOSS","BOSS","R","$","E","BOSS"],"build_version":"2019-01-23","purchased_purges":3,"victory":true,"max_hp_per_floor":[71,76,76,76,76,76,76,76,76,76,76,69,69,69,69,69,69,69,69,69,69,69,69,69,69,69,69,69,69,69,69,69,69,69,69,69,69,69,69,69,69,69,79,79,79,79,79,79,79,79,79,79,79,79,79,79],"card_choices":[{"not_picked":["Compile Driver","Conserve Battery"],"picked":"Loop","floor":1.0},{"not_picked":["Steam","Gash"],"picked":"Capacitor","floor":4.0},{"not_picked":["Recycle","Compile Driver"],"picked":"Glacier","floor":7.0},{"not_picked":["Barrage","Sweeping Beam","Compile Driver"],"picked":"SKIP","floor":14.0},{"not_picked":["Reboot","All For One"],"picked":"Biased Cognition","floor":16.0},{"not_picked":["Ball Lightning","Rebound"],"picked":"White Noise","floor":18.0},{"not_picked":["Doom and Gloom","Streamline"],"picked":"Turbo","floor":20.0},{"not_picked":["Barrage","Tempest+1","Ball Lightning+1"],"picked":"SKIP","floor":22.0},{"not_picked":["Steam Power","Hologram"],"picked":"Skim","floor":24.0},{"not_picked":["Streamline","Leap"],"picked":"Genetic Algorithm","floor":29.0},{"not_picked":["Reprogram","Compile Driver"],"picked":"Coolheaded","floor":31.0},{"not_picked":["Coolheaded","Stack"],"picked":"Glacier","floor":32.0},{"not_picked":["Hyperbeam","Meteor Strike"],"picked":"Creative AI","floor":33.0},{"not_picked":["Gash","Ball Lightning"],"picked":"Chill","floor":35.0},{"not_picked":["Leap","Hologram"],"picked":"Buffer","floor":37.0},{"not_picked":["Gash+1","Rebound"],"picked":"Turbo","floor":39.0},{"not_picked":["Go for the Eyes+1","Streamline+1"],"picked":"Hologram+1","floor":40.0},{"not_picked":["Conserve Battery+1","Force Field+1"],"picked":"Go for the Eyes","floor":41.0},{"not_picked":["Coolheaded","Compile Driver"],"picked":"Fusion+1","floor":42.0},{"not_picked":["Rebound","Melter"],"picked":"Fusion","floor":44.0},{"not_picked":["Machine Learning","Go for the Eyes+1"],"picked":"Chill+1","floor":45.0},{"not_picked":["Steam","Auto Shields","Scrape+1"],"picked":"SKIP","floor":46.0},{"not_picked":["Conserve Battery","Self Repair"],"picked":"Go for the Eyes+1","floor":49.0},{"not_picked":["Cold Snap+1","Compile Driver+1"],"picked":"Recycle+1","floor":55.0}],"player_experience":3933689,"relics_obtained":[{"floor":7.0,"key":"Odd Mushroom"},{"floor":9.0,"key":"Mercury Hourglass"},{"floor":14.0,"key":"Bag of Marbles"},{"floor":30.0,"key":"Tiny Chest"},{"floor":39.0,"key":"WingedGreaves"},{"floor":40.0,"key":"DataDisk"},{"floor":43.0,"key":"Pear"},{"floor":44.0,"key":"Molten Egg 2"},{"floor":45.0,"key":"Bottled Lightning"},{"floor":55.0,"key":"Pantograph"}],"event_choices":[{"damage_healed":0.0,"max_hp_gain":5.0,"max_hp_loss":0.0,"gold_gain":0.0,"event_name":"Big Fish","player_choice":"Donut","floor":2.0,"gold_loss":0.0,"damage_taken":0.0},{"damage_healed":0.0,"max_hp_gain":0.0,"max_hp_loss":0.0,"gold_gain":150.0,"event_name":"Liars Game","player_choice":"AGREE","floor":5.0,"gold_loss":0.0,"damage_taken":0.0,"cards_obtained":["Doubt"]},{"damage_healed":0.0,"max_hp_gain":0.0,"max_hp_loss":0.0,"gold_gain":0.0,"event_name":"Mushrooms","player_choice":"Fought Mushrooms","floor":7.0,"gold_loss":0.0,"damage_taken":0.0},{"damage_healed":0.0,"max_hp_gain":0.0,"max_hp_loss":0.0,"gold_gain":0.0,"event_name":"Scrap Ooze","player_choice":"Success","floor":10.0,"gold_loss":0.0,"damage_taken":11.0,"relics_obtained":["Vajra"]},{"damage_healed":0.0,"max_hp_gain":0.0,"max_hp_loss":7.0,"gold_gain":0.0,"event_name":"Golden Idol","player_choice":"Lose Max HP","floor":12.0,"gold_loss":0.0,"damage_taken":0.0,"relics_obtained":["Golden Idol"]},{"cards_removed":["Doubt"],"damage_healed":0.0,"max_hp_gain":0.0,"max_hp_loss":0.0,"gold_gain":0.0,"event_name":"Beggar","player_choice":"Gave Gold","floor":19.0,"gold_loss":75.0,"damage_taken":0.0},{"damage_healed":0.0,"max_hp_gain":0.0,"max_hp_loss":0.0,"gold_gain":0.0,"event_name":"Addict","player_choice":"Stole Relic","floor":27.0,"gold_loss":0.0,"damage_taken":0.0,"relics_obtained":["Dream Catcher"],"cards_obtained":["Shame"]},{"damage_healed":0.0,"max_hp_gain":0.0,"max_hp_loss":0.0,"gold_gain":333.0,"event_name":"The Moai Head","player_choice":"Gave Idol","floor":38.0,"relics_lost":["Golden Idol"],"gold_loss":0.0,"damage_taken":0.0},{"damage_healed":0.0,"max_hp_gain":0.0,"max_hp_loss":0.0,"gold_gain":0.0,"event_name":"MindBloom","player_choice":"Fight","floor":39.0,"gold_loss":0.0,"damage_taken":0.0}],"is_beta":false,"boss_relics":[{"not_picked":["Runic Dome","Empty Cage"],"picked":"Pandora\u0027s Box"},{"not_picked":["Tiny House","Busted Crown"],"picked":"Runic Pyramid"}],"items_purged_floors":[21,36,47],"is_endless":false,"potions_floor_spawned":[1,14,18,20,31,35,40,44],"ascension_level":20}