{"gold_per_floor":[116,116,133,208,208,208,223,223,295,295,334,204,217,117,117,213,213,228,103,127,71,96,96,129,129,182,218,218,243,150,47,47,141,141,166,166,166],"floor_reached":37,"playtime":1224,"items_purged":["Strike_G","Strike_G","Strike_G","Strike_G","Defend_G"],"score":866,"play_id":"c7c5aaa0-7e31-4604-9e03-7ffd7fbd92db","local_time":"20190210105019","is_ascension_mode":true,"campfire_choices":[{"data":"Predator","floor":6.0,"key":"SMITH"},{"data":"Neutralize","floor":8.0,"key":"SMITH"},{"data":"Footwork","floor":10.0,"key":"SMITH"},{"data":"Noxious Fumes","floor":15.0,"key":"SMITH"},{"data":"Blade Dance","floor":23.0,"key":"SMITH"},{"data":"Grand Finale","floor":25.0,"key":"SMITH"},{"data":"Expertise","floor":32,"key":"SMITH"}],"neow_cost":"NONE","seed_source_timestamp":7139710797721,"circlet_count":0,"master_deck":["AscendersBane","Defend_G","Defend_G","Defend_G","Survivor","Neutralize+1","Concentrate","Footwork+1","Predator+1","Noxious Fumes+1","Blade Dance+1","Blur","Grand Finale+1","Backflip","Expertise+1","Venomology"],"special_seed":0,"relics":["Ring of the Serpent","Golden Idol","Mercury Hourglass","Shuriken","Busted Crown","Ninja Scroll","Smiling Mask","Red Mask"],"potions_floor_usage":[33],"damage_taken":[{"damage":8.0,"enemies":"Jaw Worm","floor":1.0,"turns":9.0},{"damage":0.0,"enemies":"2 Louse","floor":3.0,"turns":4.0},{"damage":6.0,"enemies":"Small Slimes","floor":7.0,"turns":5.0},{"damage":16.0,"enemies":"Lagavulin","floor":11.0,"turns":6.0},{"damage":0.0,"enemies":"2 Fungi Beasts","floor":13.0,"turns":3.0},{"damage":16.0,"enemies":"Slime Boss","floor":16.0,"turns":10.0},{"damage":2.0,"enemies":"Shell Parasite","floor":18.0,"turns":7.0},{"damage":4.0,"enemies":"Spheric Guardian","floor":20.0,"turns":5.0},{"damage":5.0,"enemies":"Snake Plant","floor":22.0,"turns":5.0},{"damage":42.0,"enemies":"Slavers","floor":24.0,"turns":11.0},{"damage":9.0,"enemies":"Masked Bandits","floor":27.0,"turns":3.0},{"damage":0,"enemies":"3 Cultists","floor":29,"turns":2},{"damage":0,"enemies":"Champ","floor":33,"turns":8},{"damage":0,"enemies":"3 Darklings","floor":35,"turns":2},{"damage":36,"enemies":"Time Eater","floor":37,"turns":5}],"seed_played":"-5994876472638184828","potions_obtained":[{"floor":7.0,"key":"Fruit Juice"},{"floor":16.0,"key":"SteroidPotion"},{"floor":20.0,"key":"Regen Potion"},{"floor":27.0,"key":"LiquidBronze"},{"floor":35,"key":"Poison Potion"}],"is_trial":false,"path_per_floor":["M","?","M","?","?","R","M","R","T","R","E","$","M","$","R","B",null,"M","$","M","$","M","R","E","R","T","?","?","M","$","$","R","B",null,"M","?","B"],"character_chosen":"THE_SILENT","items_purchased":["Blade Dance","Backflip","Expertise","Dexterity Potion"],"campfire_rested":0,"item_purchase_floors":[12,21,30,31],"current_hp_per_floor":[51,51,51,40,40,40,34,34,34,39,23,23,23,23,23,7,51,49,49,45,45,54,54,12,12,12,3,16,16,16,16,16,16,53,53,53,17],"gold":166,"neow_bonus":"REMOVE_CARD","is_prod":false,"is_daily":false,"chose_seed":false,"campfire_upgraded":7,"win_rate":0,"timestamp":1549767019,"path_taken":["M","?","M","?","?","R","M","R","T","R","E","$","M","$","R","BOSS","M","$","M","$","M","R","E","R","T","?","?","?","?","$","R","BOSS","M","?","BOSS"],"build_version":"2019-01-23","purchased_purges":5,"victory":false,"max_hp_per_floor":[66,66,66,66,60,60,60,60,60,65,65,65,65,65,65,65,65,65,65,65,65,65,65,65,65,65,65,65,65,65,65,65,65,65,65,65,65],"card_choices":[{"not_picked":["Dodge and Roll","Dagger Spray"],"picked":"Concentrate","floor":1.0},{"not_picked":["Poisoned Stab","Quick Slash"],"picked":"Predator","floor":3.0},{"not_picked":["Deadly Poison","Dagger Spray","Prepared"],"picked":"SKIP","floor":7.0},{"not_picked":["Caltrops","PiercingWail"],"picked":"Noxious Fumes","floor":11.0},{"not_picked":["Dagger Throw","Poisoned Stab"],"picked":"Blur","floor":13.0},{"not_picked":["Tools of the Trade","Unload"],"picked":"Grand Finale","floor":16.0},{"not_picked":["Flechettes+1"],"picked":"SKIP","floor":18.0},{"not_picked":["Sucker Punch"],"picked":"SKIP","floor":20.0},{"not_picked":["Dodge and Roll"],"picked":"SKIP","floor":22.0},{"not_picked":["Backstab"],"picked":"SKIP","floor":24.0},{"not_picked":["Slice"],"picked":"SKIP","floor":29},{"not_picked":[],"picked":"Venomology","floor":33},{"not_picked":["Cloak And Dagger"],"picked":"SKIP","floor":35}],"player_experience":2563191,"relics_obtained":[{"floor":9.0,"key":"Mercury Hourglass"},{"floor":11.0,"key":"Shuriken"},{"floor":24.0,"key":"Ninja Scroll"},{"floor":26.0,"key":"Smiling Mask"},{"floor":27.0,"key":"Red Mask"}],"event_choices":[{"damage_healed":0.0,"max_hp_gain":0.0,"max_hp_loss":0.0,"gold_gain":0.0,"cards_transformed":["Defend_G"],"event_name":"Living Wall","player_choice":"Change","floor":2.0,"gold_loss":0.0,"damage_taken":0.0,"cards_obtained":["Footwork"]},{"damage_healed":0.0,"max_hp_gain":0.0,"max_hp_loss":0.0,"gold_gain":75.0,"event_name":"World of Goop","player_choice":"Gather Gold","floor":4.0,"gold_loss":0.0,"damage_taken":11.0},{"damage_healed":0.0,"max_hp_gain":0.0,"max_hp_loss":6.0,"gold_gain":0.0,"event_name":"Golden Idol","player_choice":"Lose Max HP","floor":5.0,"gold_loss":0.0,"damage_taken":0.0,"relics_obtained":["Golden Idol"]},{"damage_healed":0.0,"max_hp_gain":0.0,"max_hp_loss":0.0,"gold_gain":0.0,"event_name":"Masked Bandits","player_choice":"Fought Bandits","floor":27.0,"gold_loss":0.0,"damage_taken":0.0},{"damage_healed":13,"gold_gain":0,"player_choice":"Heal","damage_taken":0,"max_hp_gain":0,"max_hp_loss":0,"event_name":"The Library","floor":28,"gold_loss":0},{"damage_healed":0,"gold_gain":0,"player_choice":"Took Portal","damage_taken":0,"max_hp_gain":0,"max_hp_loss":0,"event_name":"SecretPortal","floor":36,"gold_loss":0}],"is_beta":false,"boss_relics":[{"not_picked":["Pandora\u0027s Box","Tiny House"],"picked":"Busted Crown"},{"not_picked":["Sozu","Black Star"],"picked":"Ring of the Serpent"}],"items_purged_floors":[12,14,19,30,31],"is_endless":false,"potions_floor_spawned":[7,16,20,27,35],"killed_by":"Time Eater","ascension_level":20}