{"gold_per_floor":[117,128,146,146,166,166,176,101,128,145,145,45,59,79,79,182,182,198,198,117,117,130,130,158,158,158,158,176,176,51,71,71,173,173,185,201,50,70,89,89,101,101,101,101,101,101,0,10,10,10],"floor_reached":51,"playtime":1333,"items_purged":["Strike_G","Strike_G","Defend_G"],"score":811,"play_id":"dd3becfc-b994-4302-a8a7-013ca1bb333d","local_time":"20181028002859","is_ascension_mode":false,"campfire_choices":[{"data":"Noxious Fumes","floor":6.0,"key":"SMITH"},{"data":"Catalyst","floor":11.0,"key":"SMITH"},{"data":"Deadly Poison","floor":15.0,"key":"SMITH"},{"data":"Catalyst","floor":23.0,"key":"SMITH"},{"data":"Ghostly","floor":25.0,"key":"SMITH"},{"data":"Ghostly","floor":29,"key":"SMITH"},{"data":"Ghostly","floor":32,"key":"SMITH"},{"data":"Well Laid Plans","floor":40,"key":"SMITH"},{"data":"Ghostly","floor":42,"key":"SMITH"},{"data":"Poisoned Stab","floor":46,"key":"SMITH"},{"data":"Neutralize","floor":49,"key":"SMITH"}],"neow_cost":"PERCENT_DAMAGE","seed_source_timestamp":49889360775030,"circlet_count":0,"master_deck":["Strike_G","Strike_G","Strike_G","Survivor","Neutralize+1","Poisoned Stab+1","Noxious Fumes+1","Deadly Poison+1","Backflip","Catalyst+1","Backflip","Venomology","Ghostly+1","Ghostly+1","Ghostly+1","Ghostly+1","Ghostly+1","Catalyst+1","Flying Knee+1","Night Terror+1","Catalyst+1","Catalyst+1","Well Laid Plans+1","Noxious Fumes+1"],"special_seed":0,"relics":["Ring of the Snake","Torii","Lantern","Ancient Tea Set","Busted Crown","Bag of Marbles","Toxic Egg 2","Astrolabe","Orichalcum","Red Mask"],"potions_floor_usage":[28,31,33,36,39,48,50,50,50,50],"damage_taken":[{"damage":0.0,"enemies":"Cultist","floor":1.0,"turns":6.0},{"damage":0.0,"enemies":"2 Louse","floor":2.0,"turns":2.0},{"damage":1.0,"enemies":"Jaw Worm","floor":3.0,"turns":4.0},{"damage":3.0,"enemies":"Large Slime","floor":5.0,"turns":7.0},{"damage":1.0,"enemies":"2 Fungi Beasts","floor":7.0,"turns":3.0},{"damage":2.0,"enemies":"Gremlin Gang","floor":10.0,"turns":4.0},{"damage":0.0,"enemies":"3 Louse","floor":13.0,"turns":3.0},{"damage":1.0,"enemies":"Large Slime","floor":14.0,"turns":5.0},{"damage":2.0,"enemies":"The Guardian","floor":16.0,"turns":6.0},{"damage":3.0,"enemies":"2 Thieves","floor":18.0,"turns":4.0},{"damage":0.0,"enemies":"Chosen","floor":22.0,"turns":3.0},{"damage":0.0,"enemies":"Gremlin Leader","floor":24.0,"turns":4.0},{"damage":0,"enemies":"Sentry and Sphere","floor":28,"turns":5},{"damage":1,"enemies":"Snecko","floor":31,"turns":4},{"damage":27,"enemies":"Collector","floor":33,"turns":4},{"damage":0,"enemies":"Orb Walker","floor":35,"turns":2},{"damage":0,"enemies":"3 Shapes","floor":36,"turns":4},{"damage":0,"enemies":"3 Darklings","floor":38,"turns":4},{"damage":0,"enemies":"Jaw Worm Horde","floor":39,"turns":4},{"damage":2,"enemies":"Spire Growth","floor":41,"turns":3},{"damage":2,"enemies":"4 Shapes","floor":48,"turns":3},{"damage":0,"enemies":"Donu and Deca","floor":50,"turns":7}],"seed_played":"-697085614092173072","potions_obtained":[{"floor":3.0,"key":"Block Potion"},{"floor":5.0,"key":"AttackPotion"},{"floor":7.0,"key":"FearPotion"},{"floor":16.0,"key":"Block Potion"},{"floor":28,"key":"Poison Potion"},{"floor":48,"key":"Strength Potion"}],"is_trial":false,"path_per_floor":["M","M","M","?","M","R","M","$","T","M","R","$","M","M","R","B",null,"M","?","$","?","M","R","E","R","T","?","M","R","$","M","R","B",null,"M","M","$","M","M","R","M","R","T","?","?","R","?","M","R","B"],"character_chosen":"THE_SILENT","items_purchased":["Catalyst","Catalyst+1","Well Laid Plans"],"campfire_rested":0,"item_purchase_floors":[20,37,37],"current_hp_per_floor":[49,49,48,41,38,38,37,37,37,35,35,35,35,34,34,32,70,67,35,35,35,35,35,35,35,35,35,35,35,35,34,34,7,35,35,35,35,35,35,35,33,33,33,33,33,33,33,35,35,35],"gold":10,"neow_bonus":"ONE_RARE_RELIC","is_prod":false,"is_daily":false,"chose_seed":false,"campfire_upgraded":11,"win_rate":0,"timestamp":1540657739,"path_taken":["M","M","?","?","M","R","M","$","T","M","R","$","M","M","R","BOSS","M","?","$","?","M","R","E","R","T","?","?","R","$","M","R","BOSS","M","M","$","M","M","R","M","R","T","?","?","R","?","?","R","BOSS"],"build_version":"2018-10-25v2","purchased_purges":3,"victory":true,"max_hp_per_floor":[70,70,70,70,70,70,70,70,70,70,70,70,70,70,70,70,70,70,35,35,35,35,35,35,35,35,35,35,35,35,35,35,35,35,35,35,35,35,35,35,35,35,35,35,35,35,35,35,35,35],"card_choices":[{"not_picked":["Underhanded Strike","Backstab"],"picked":"Poisoned Stab","floor":1.0},{"not_picked":["Dagger Spray","Prepared","Endless Agony"],"picked":"SKIP","floor":2.0},{"not_picked":["Bane","Escape Plan"],"picked":"Noxious Fumes","floor":3.0},{"not_picked":["Flying Knee","Poisoned Stab"],"picked":"Deadly Poison","floor":5.0},{"not_picked":["Backstab","Distraction"],"picked":"Backflip","floor":7.0},{"not_picked":["Tactician","Blade Dance"],"picked":"Catalyst","floor":10.0},{"not_picked":["Accuracy","Tactician","Dodge and Roll"],"picked":"SKIP","floor":13.0},{"not_picked":["Prepared","PiercingWail"],"picked":"Backflip","floor":14.0},{"not_picked":["A Thousand Cuts","Die Die Die"],"picked":"Venomology","floor":16.0},{"not_picked":["Prepared"],"picked":"SKIP","floor":18.0},{"not_picked":["Tactician"],"picked":"SKIP","floor":22.0},{"not_picked":["Expertise"],"picked":"SKIP","floor":24.0},{"not_picked":["Slice"],"picked":"SKIP","floor":28},{"not_picked":["Terror+1"],"picked":"SKIP","floor":31},{"not_picked":["Dodge and Roll+1"],"picked":"SKIP","floor":35},{"not_picked":["Terror+1"],"picked":"SKIP","floor":36},{"not_picked":["Dagger Spray"],"picked":"SKIP","floor":38},{"not_picked":[],"picked":"Noxious Fumes+1","floor":39},{"not_picked":["Deflect+1"],"picked":"SKIP","floor":41},{"not_picked":["Bane"],"picked":"SKIP","floor":48}],"player_experience":685538,"relics_obtained":[{"floor":9.0,"key":"Ancient Tea Set"},{"floor":24.0,"key":"Bag of Marbles"},{"floor":26.0,"key":"Toxic Egg 2"},{"floor":43,"key":"Orichalcum"}],"event_choices":[{"damage_healed":0.0,"max_hp_gain":0.0,"max_hp_loss":0.0,"gold_gain":0.0,"event_name":"Scrap Ooze","player_choice":"Success","floor":4.0,"gold_loss":0.0,"damage_taken":7.0,"relics_obtained":["Lantern"]},{"damage_healed":0.0,"max_hp_gain":0.0,"max_hp_loss":35.0,"gold_gain":0.0,"event_name":"Ghosts","player_choice":"Became a Ghost","floor":19.0,"gold_loss":0.0,"damage_taken":0.0,"cards_obtained":["Ghostly","Ghostly","Ghostly","Ghostly","Ghostly"]},{"cards_removed":["Defend_G"],"damage_healed":0.0,"max_hp_gain":0.0,"max_hp_loss":0.0,"gold_gain":0.0,"event_name":"Purifier","player_choice":"Purged","floor":21.0,"gold_loss":0.0,"damage_taken":0.0},{"damage_healed":0,"gold_gain":0,"player_choice":"Ignored","damage_taken":0,"max_hp_gain":0,"max_hp_loss":0,"event_name":"Cursed Tome","floor":27,"gold_loss":0},{"damage_healed":0,"gold_gain":0,"player_choice":"Upgraded","damage_taken":0,"max_hp_gain":0,"max_hp_loss":0,"event_name":"Upgrade Shrine","floor":44,"gold_loss":0,"cards_upgraded":["Ghostly"]},{"damage_healed":0,"gold_gain":0,"player_choice":"0 cards matched","damage_taken":0,"max_hp_gain":0,"max_hp_loss":0,"event_name":"Match and Keep!","floor":45,"gold_loss":0,"cards_obtained":[]},{"damage_healed":0,"gold_gain":0,"player_choice":"Paid","damage_taken":0,"relics_obtained":["Red Mask"],"max_hp_gain":0,"max_hp_loss":0,"event_name":"Tomb of Lord Red Mask","floor":47,"gold_loss":101}],"is_beta":false,"boss_relics":[{"not_picked":["Ectoplasm","Lizard Tail"],"picked":"Busted Crown"},{"not_picked":["Cursed Key","White Beast Statue"],"picked":"Astrolabe"}],"items_purged_floors":[8,12,30],"is_endless":false,"potions_floor_spawned":[3,5,7,16,28,33,41,48],"ascension_level":0}