{"gold_per_floor":[109,109,109,125,50,83,83,102,102,102,122,122,132,157,157,228,228,245,245,35,35,35,35,54,54,54,54,66,66],"floor_reached":29,"playtime":857,"items_purged":["Strike_B","Strike_B"],"score":537,"play_id":"30ddedb6-0994-4cf3-b73c-fdcd934092f4","local_time":"20190116184541","is_ascension_mode":true,"campfire_choices":[{"data":"Creative AI","floor":7.0,"key":"SMITH"},{"data":"Defragment","floor":10.0,"key":"SMITH"},{"data":"Coolheaded","floor":12.0,"key":"SMITH"},{"data":"Streamline","floor":15.0,"key":"SMITH"},{"data":"Seek","floor":23.0,"key":"SMITH"},{"data":"Dualcast","floor":25.0,"key":"SMITH"},{"data":"Zap","floor":27,"key":"SMITH"}],"neow_cost":"NONE","seed_source_timestamp":27499439673707,"circlet_count":0,"master_deck":["AscendersBane","Strike_B","Strike_B","Defend_B","Defend_B","Defend_B","Defend_B","Zap+1","Dualcast+1","Streamline+1","Creative AI+1","Auto Shields","Defragment+1","Coolheaded+1","Seek+1","Echo Form"],"special_seed":0,"relics":["Cracked Core","NeowsBlessing","Singing Bowl","Smiling Mask","Bag of Marbles","Coffee Dripper","Potion Belt"],"potions_floor_usage":[28,28],"damage_taken":[{"damage":0.0,"enemies":"Cultist","floor":1.0,"turns":1.0},{"damage":0.0,"enemies":"2 Louse","floor":4.0,"turns":1.0},{"damage":0.0,"enemies":"Gremlin Nob","floor":6.0,"turns":1.0},{"damage":0.0,"enemies":"Small Slimes","floor":8.0,"turns":5.0},{"damage":8.0,"enemies":"3 Louse","floor":11.0,"turns":4.0},{"damage":0.0,"enemies":"2 Fungi Beasts","floor":13.0,"turns":3.0},{"damage":1.0,"enemies":"Lagavulin","floor":14.0,"turns":10.0},{"damage":8.0,"enemies":"The Guardian","floor":16.0,"turns":11.0},{"damage":20.0,"enemies":"Chosen","floor":18.0,"turns":5.0},{"damage":8.0,"enemies":"3 Byrds","floor":24.0,"turns":5.0},{"damage":10,"enemies":"Snake Plant","floor":28,"turns":3},{"damage":13,"enemies":"Chosen and Byrds","floor":29,"turns":3}],"seed_played":"-3028467109591632780","potions_obtained":[{"floor":4.0,"key":"FocusPotion"},{"floor":6.0,"key":"PowerPotion"},{"floor":14.0,"key":"Fire Potion"},{"floor":24.0,"key":"Poison Potion"}],"is_trial":false,"path_per_floor":["M","?","?","M","$","E","R","M","T","R","M","R","M","E","R","B",null,"M","?","$","?","?","R","M","R","T","R","M","M"],"character_chosen":"DEFECT","items_purchased":["Potion Belt"],"campfire_rested":0,"item_purchase_floors":[20],"current_hp_per_floor":[64,69,69,69,69,71,71,73,73,73,65,65,67,66,66,58,76,58,58,58,34,34,34,28,28,28,28,20,7],"gold":66,"neow_bonus":"THREE_ENEMY_KILL","is_prod":false,"is_daily":false,"chose_seed":false,"campfire_upgraded":7,"win_rate":0,"timestamp":1547635541,"path_taken":["M","?","?","M","$","E","R","M","T","R","?","R","M","E","R","BOSS","M","?","$","?","?","R","M","R","T","R","M","M"],"build_version":"2019-01-10","purchased_purges":2,"victory":false,"max_hp_per_floor":[71,76,76,76,76,78,78,80,80,80,80,80,82,82,82,82,82,84,84,84,89,89,89,91,91,91,91,93,93],"card_choices":[{"not_picked":["Conserve Battery","Auto Shields"],"picked":"Streamline","floor":1.0},{"not_picked":["Consume","Coolheaded"],"picked":"Defragment","floor":4.0},{"not_picked":["Skim","Aggregate","Steam Power"],"picked":"Singing Bowl","floor":6.0},{"not_picked":["Blizzard","Amplify","Conserve Battery"],"picked":"Singing Bowl","floor":8.0},{"not_picked":["Compile Driver","Genetic Algorithm"],"picked":"Coolheaded","floor":11.0},{"not_picked":["Stack","Darkness","Redo"],"picked":"Singing Bowl","floor":13.0},{"not_picked":["Turbo","Reprogram"],"picked":"Seek","floor":14.0},{"not_picked":["Reboot","All For One"],"picked":"Echo Form","floor":16.0},{"not_picked":["Sunder","Double Energy","Redo"],"picked":"Singing Bowl","floor":18.0},{"not_picked":["Sweeping Beam+1","Genetic Algorithm","Turbo"],"picked":"Singing Bowl","floor":24.0},{"not_picked":["Genetic Algorithm","Sweeping Beam","Melter"],"picked":"Singing Bowl","floor":28}],"player_experience":1951779,"relics_obtained":[{"floor":6.0,"key":"Singing Bowl"},{"floor":9.0,"key":"Smiling Mask"},{"floor":14.0,"key":"Bag of Marbles"}],"event_choices":[{"damage_healed":0.0,"max_hp_gain":5.0,"max_hp_loss":0.0,"gold_gain":0.0,"event_name":"Big Fish","player_choice":"Donut","floor":2.0,"gold_loss":0.0,"damage_taken":0.0},{"damage_healed":0.0,"max_hp_gain":0.0,"max_hp_loss":0.0,"gold_gain":0.0,"event_name":"Match and Keep!","player_choice":"2 cards matched","floor":3.0,"gold_loss":0.0,"damage_taken":0.0,"cards_obtained":["Creative AI","Auto Shields"]},{"damage_healed":0.0,"max_hp_gain":0.0,"max_hp_loss":0.0,"gold_gain":0.0,"event_name":"Cursed Tome","player_choice":"Ignored","floor":19.0,"gold_loss":0.0,"damage_taken":0.0},{"damage_healed":0.0,"max_hp_gain":5.0,"max_hp_loss":0.0,"gold_gain":0.0,"event_name":"Forgotten Altar","player_choice":"Shed Blood","floor":21.0,"gold_loss":0.0,"damage_taken":29.0}],"is_beta":false,"boss_relics":[{"not_picked":["Velvet Choker","Astrolabe"],"picked":"Coffee Dripper"}],"items_purged_floors":[5,20],"is_endless":false,"potions_floor_spawned":[4,6,14,24],"killed_by":"Chosen and Byrds","ascension_level":20}