{"gold_per_floor":[114,39,54,54,54,70,85,85,85,99,99,118,141,175,175,300,300,321,150,165,178,194,194,21,21,96,27,27,27,27,27,27,132,132,146,196,196,215,215,215,226,89,89,109,109,109,0,0,0,0],"floor_reached":51,"playtime":1492,"items_purged":["Strike_B","Strike_B"],"score":660,"play_id":"582df75b-077c-4dfa-af9b-e3ab5c298842","local_time":"20181024235018","is_ascension_mode":false,"campfire_choices":[{"data":"Sunder","floor":8,"key":"SMITH"},{"data":"Fission","floor":11,"key":"SMITH"},{"data":"Loop","floor":15,"key":"SMITH"},{"data":"Hyperbeam","floor":23,"key":"SMITH"},{"data":"Apotheosis","floor":28,"key":"SMITH"},{"data":"Defragment","floor":30,"key":"SMITH"},{"data":"Machine Learning","floor":32,"key":"SMITH"},{"floor":40,"key":"REST"},{"data":"Seek","floor":45,"key":"SMITH"},{"data":"Redo","floor":49,"key":"SMITH"}],"neow_cost":"NONE","seed_source_timestamp":48549606261738,"circlet_count":0,"master_deck":["Strike_B","Strike_B","Defend_B","Defend_B","Zap","Dualcast","Fission+1","Reinforced Body","Sunder+1","Glacier","Undo","Loop+1","Glacier","Hyperbeam+1","Conserve Battery+1","Seek+1","Darkness+1","Conserve Battery+1","Machine Learning+1","Apotheosis+1","Defragment+1","Core Surge","Self Repair+1","Redo+1","Core Surge","Parasite","Leap+1"],"relics":["Cracked Core","Juzu Bracelet","Bloody Idol","Kunai","Odd Mushroom","Nuclear Battery","Bottled Flame","Velvet Choker","Nunchaku","Mercury Hourglass","Red Mask","Smiling Mask"],"potions_floor_usage":[50,50],"damage_taken":[{"damage":1,"enemies":"Cultist","floor":1,"turns":4},{"damage":0,"enemies":"Small Slimes","floor":3,"turns":2},{"damage":1,"enemies":"Jaw Worm","floor":6,"turns":3},{"damage":0,"enemies":"Large Slime","floor":7,"turns":4},{"damage":0,"enemies":"2 Fungi Beasts","floor":10,"turns":1},{"damage":0,"enemies":"Exordium Wildlife","floor":12,"turns":1},{"damage":0,"enemies":"Large Slime","floor":13,"turns":4},{"damage":5,"enemies":"The Mushroom Lair","floor":14,"turns":4},{"damage":35,"enemies":"Slime Boss","floor":16,"turns":11},{"damage":2,"enemies":"3 Byrds","floor":18,"turns":3},{"damage":0,"enemies":"Chosen","floor":20,"turns":3},{"damage":0,"enemies":"3 Cultists","floor":21,"turns":4},{"damage":0,"enemies":"Snake Plant","floor":22,"turns":3},{"damage":3,"enemies":"Champ","floor":33,"turns":9},{"damage":3,"enemies":"3 Shapes","floor":35,"turns":3},{"damage":50,"enemies":"2 Orb Walkers","floor":36,"turns":5},{"damage":3,"enemies":"3 Darklings","floor":38,"turns":5},{"damage":0,"enemies":"Sphere and 2 Shapes","floor":41,"turns":3},{"damage":0,"enemies":"Writhing Mass","floor":44,"turns":7},{"damage":38,"enemies":"Donu and Deca","floor":50,"turns":11}],"seed_played":"-5468302260482928637","potions_obtained":[{"floor":6,"key":"Ancient Potion"},{"floor":7,"key":"Dexterity Potion"},{"floor":10,"key":"Energy Potion"}],"is_trial":false,"path_per_floor":["M","$","M","?","?","M","M","R","T","M","R","M","M","?","R","B",null,"M","$","M","M","M","R","$","?","T","$","R","?","R","?","R","B",null,"M","?","?","M","?","R","M","$","T","M","R","$","?","T","R","B"],"character_chosen":"DEFECT","items_purchased":["Seek","Apotheosis","Defragment","Core Surge"],"campfire_rested":1,"item_purchase_floors":[19,24,27,42],"current_hp_per_floor":[74,74,74,56,56,55,55,55,55,55,55,55,55,50,50,15,75,73,73,73,73,73,73,73,73,75,75,75,75,75,75,75,75,75,75,40,40,42,42,63,68,68,68,71,71,71,71,71,71,43],"gold":0,"neow_bonus":"RANDOM_COMMON_RELIC","is_prod":false,"is_daily":false,"chose_seed":false,"campfire_upgraded":9,"win_rate":0,"timestamp":1540396218,"path_taken":["M","$","M","?","?","M","M","R","T","M","R","M","M","?","R","BOSS","M","$","M","M","M","R","$","?","T","$","R","?","R","?","R","BOSS","M","?","?","M","?","R","M","$","T","M","R","$","?","?","R","BOSS"],"build_version":"2018-10-18","purchased_purges":2,"victory":true,"max_hp_per_floor":[75,75,75,75,75,75,75,75,75,75,75,75,75,75,75,75,75,75,75,75,75,75,75,75,75,75,75,75,75,75,75,75,75,75,75,75,71,71,71,71,71,71,71,71,71,71,71,71,71,71],"card_choices":[{"not_picked":["Coolheaded","Streamline"],"picked":"Ball Lightning","floor":1},{"not_picked":["BootSequence","Beam Cell","Hello World"],"picked":"SKIP","floor":3},{"not_picked":["Rip and Tear","Steam Power"],"picked":"Reinforced Body","floor":6},{"not_picked":["Compile Driver","Coolheaded"],"picked":"Sunder","floor":7},{"not_picked":["Blizzard","Heatsinks"],"picked":"Glacier","floor":10},{"not_picked":["Go for the Eyes","BootSequence"],"picked":"Undo","floor":12},{"not_picked":["Hologram","Sweeping Beam"],"picked":"Loop","floor":13},{"not_picked":["Thunder Strike","Blizzard"],"picked":"Glacier","floor":14},{"not_picked":["Multi-Cast","Meteor Strike"],"picked":"Hyperbeam","floor":16},{"not_picked":["Sweeping Beam","Turbo"],"picked":"Conserve Battery+1","floor":18},{"not_picked":["Compile Driver","Barrage"],"picked":"Darkness+1","floor":20},{"not_picked":["Hologram","Streamline"],"picked":"Conserve Battery+1","floor":21},{"not_picked":["Redo","Conserve Battery+1"],"picked":"Machine Learning","floor":22},{"not_picked":["Creative AI","Seek"],"picked":"Core Surge","floor":33},{"not_picked":["Leap","Steam+1"],"picked":"Self Repair+1","floor":35},{"not_picked":["Fusion+1","Compile Driver"],"picked":"Redo","floor":36},{"not_picked":["Barrage","Steam Power","Genetic Algorithm+1"],"picked":"SKIP","floor":38},{"not_picked":["Turbo","Go for the Eyes","Hello World+1"],"picked":"SKIP","floor":41},{"not_picked":["Stack+1","Streamline+1"],"picked":"Leap+1","floor":44}],"player_experience":620675,"relics_obtained":[{"floor":9,"key":"Kunai"},{"floor":14,"key":"Odd Mushroom"},{"floor":26,"key":"Bottled Flame"},{"floor":36,"key":"Nunchaku"},{"floor":43,"key":"Mercury Hourglass"},{"floor":48,"key":"Smiling Mask"}],"event_choices":[{"damage_healed":0,"gold_gain":0,"player_choice":"Take Damage","damage_taken":18,"relics_obtained":["Golden Idol"],"max_hp_gain":0,"max_hp_loss":0,"event_name":"Golden Idol","floor":4,"gold_loss":0},{"damage_healed":0,"gold_gain":0,"cards_transformed":["Defend_B"],"player_choice":"Change","damage_taken":0,"max_hp_gain":0,"max_hp_loss":0,"event_name":"Living Wall","floor":5,"gold_loss":0,"cards_obtained":["Fission"]},{"damage_healed":0,"gold_gain":0,"player_choice":"Fought Mushrooms","damage_taken":0,"max_hp_gain":0,"max_hp_loss":0,"event_name":"Mushrooms","floor":14,"gold_loss":0},{"damage_healed":0,"gold_gain":0,"player_choice":"Gave Idol","damage_taken":0,"relics_obtained":["Bloody Idol"],"max_hp_gain":0,"max_hp_loss":0,"event_name":"Forgotten Altar","floor":25,"relics_lost":["Golden Idol"],"gold_loss":0},{"damage_healed":0,"gold_gain":0,"player_choice":"Ignored","damage_taken":0,"max_hp_gain":0,"max_hp_loss":0,"event_name":"Beggar","floor":29,"gold_loss":0},{"cards_removed":["Defend_B"],"damage_healed":0,"gold_gain":0,"player_choice":"Elegance","damage_taken":0,"max_hp_gain":0,"max_hp_loss":0,"event_name":"Back to Basics","floor":31,"gold_loss":0},{"damage_healed":0,"gold_gain":0,"player_choice":"Fight","damage_taken":0,"max_hp_gain":0,"max_hp_loss":0,"event_name":"Mysterious Sphere","floor":36,"gold_loss":0},{"damage_healed":0,"gold_gain":0,"player_choice":"Max HP","damage_taken":0,"max_hp_gain":0,"max_hp_loss":4,"event_name":"Winding Halls","floor":37,"gold_loss":0},{"cards_removed":["Ball Lightning"],"damage_healed":0,"gold_gain":0,"player_choice":"Removed Attack","damage_taken":0,"max_hp_gain":0,"max_hp_loss":0,"event_name":"Falling","floor":39,"gold_loss":0},{"damage_healed":0,"gold_gain":0,"player_choice":"Paid","damage_taken":0,"relics_obtained":["Red Mask"],"max_hp_gain":0,"max_hp_loss":0,"event_name":"Tomb of Lord Red Mask","floor":47,"gold_loss":109}],"is_beta":false,"boss_relics":[{"not_picked":["Tiny House","Lizard Tail"],"picked":"Nuclear Battery"},{"not_picked":["Black Star","Busted Crown"],"picked":"Velvet Choker"}],"items_purged_floors":[2,19],"is_endless":false,"potions_floor_spawned":[6,7,10,13,16,35,44],"ascension_level":0}