{"gold_per_floor":[14,14,14,27,27,27,59,334,380,380,95,159,177,196,196,301,301,311,114,128,128,147,147,246,258,311,511,521,521,278,290,290,393,393,412,412,428,441,460,460,264,264,291,241,241,241,257,273,273,273],"floor_reached":51,"playtime":2695,"items_purged":["Regret","Strike_G","Strike_G","Strike_G","Defend_G"],"score":724,"play_id":"ce363c8c-bbb2-41e1-9b7d-c994c1930740","local_time":"20181015202624","is_ascension_mode":false,"campfire_choices":[{"data":"Corpse Explosion","floor":6.0,"key":"SMITH"},{"data":"Neutralize","floor":10.0,"key":"SMITH"},{"data":"Apotheosis","floor":15.0,"key":"SMITH"},{"data":"Well Laid Plans","floor":23.0,"key":"SMITH"},{"data":"Barricade","floor":32.0,"key":"SMITH"},{"floor":40.0,"key":"REST"},{"floor":42.0,"key":"REST"},{"floor":49.0,"key":"REST"}],"neow_cost":"NO_GOLD","seed_source_timestamp":34146395432956,"circlet_count":0,"master_deck":["Defend_G","Defend_G","Defend_G","Defend_G","Survivor","Neutralize+1","Corpse Explosion+1","Blur","Evolve","Bandage Up","Apotheosis+1","Barricade+1","Leap","Malaise","Well Laid Plans+1","Coolheaded","True Grit","Corpse Explosion","Go for the Eyes","Conserve Battery","Creative AI","Capacitor","Bandage Up","Purity","Mayhem","Defragment","Leap","Flash of Steel","Footwork","Catalyst","Thunderclap+1","Burst","Shrug It Off+1","Defragment+1"],"special_seed":0,"relics":["Ring of the Snake","Blood Vial","Art of War","PrismaticShard","Smiling Mask","Runic Dome","Dream Catcher","Pen Nib","Membership Card","Fusion Hammer","Bronze Scales"],"potions_floor_usage":[50],"damage_taken":[{"damage":0.0,"enemies":"Jaw Worm","floor":1.0,"turns":5.0},{"damage":0.0,"enemies":"Cultist","floor":4.0,"turns":4.0},{"damage":10.0,"enemies":"Lagavulin","floor":7.0,"turns":7.0},{"damage":4.0,"enemies":"3 Sentries","floor":12.0,"turns":4.0},{"damage":0.0,"enemies":"2 Louse","floor":13.0,"turns":3.0},{"damage":0.0,"enemies":"2 Fungi Beasts","floor":14.0,"turns":3.0},{"damage":17.0,"enemies":"The Guardian","floor":16.0,"turns":13.0},{"damage":5.0,"enemies":"2 Thieves","floor":18.0,"turns":4.0},{"damage":0.0,"enemies":"3 Byrds","floor":20.0,"turns":5.0},{"damage":0.0,"enemies":"3 Cultists","floor":22.0,"turns":4.0},{"damage":6.0,"enemies":"Snake Plant","floor":25.0,"turns":8.0},{"damage":0.0,"enemies":"Centurion and Healer","floor":28.0,"turns":7.0},{"damage":19.0,"enemies":"Colosseum Slavers","floor":29.0,"turns":7.0},{"damage":0.0,"enemies":"3 Cultists","floor":31.0,"turns":4.0},{"damage":6.0,"enemies":"Collector","floor":33.0,"turns":13.0},{"damage":0.0,"enemies":"3 Darklings","floor":35.0,"turns":7.0},{"damage":1.0,"enemies":"Orb Walker","floor":37.0,"turns":8.0},{"damage":46.0,"enemies":"Transient","floor":38.0,"turns":5.0},{"damage":13.0,"enemies":"4 Shapes","floor":39.0,"turns":5.0},{"damage":0.0,"enemies":"Maw","floor":45.0,"turns":2.0},{"damage":32.0,"enemies":"Reptomancer","floor":47.0,"turns":9.0},{"damage":3.0,"enemies":"Sphere and 2 Shapes","floor":48.0,"turns":3.0},{"damage":28,"enemies":"Donu and Deca","floor":50,"turns":21}],"seed_played":"1597883246358198113","potions_obtained":[{"floor":1.0,"key":"SkillPotion"},{"floor":3.0,"key":"Weak Potion"},{"floor":3.0,"key":"LiquidBronze"},{"floor":4.0,"key":"Weak Potion"},{"floor":12.0,"key":"EntropicBrew"},{"floor":12.0,"key":"Energy Potion"},{"floor":20.0,"key":"Poison Potion"},{"floor":25.0,"key":"Explosive Potion"},{"floor":39.0,"key":"Block Potion"}],"is_trial":false,"path_per_floor":["M","?","?","M","?","R","E","?","T","R","$","?","M","M","R","B",null,"M","$","M","?","M","R","?","M","T","?","M","?","$","M","R","B",null,"M","?","M","M","M","R","$","R","T","$","M","?","M","M","R","B"],"character_chosen":"THE_SILENT","items_purchased":["PrismaticShard","Malaise","Well Laid Plans","Membership Card","Footwork","Catalyst","SmokeBomb","Dexterity Potion"],"campfire_rested":3,"item_purchase_floors":[11,19,19,30,41,41,41,41],"current_hp_per_floor":[70,70,70,70,70,70,60,60,60,60,60,58,60,66,66,53,70,65,65,70,70,70,70,70,68,68,68,70,57,57,65,65,64,70,70,60,69,32,27,48,48,69,69,69,70,66,46,45,64,44],"gold":273,"neow_bonus":"THREE_RARE_CARDS","is_prod":false,"is_daily":false,"chose_seed":false,"campfire_upgraded":5,"win_rate":0,"timestamp":1539606384,"path_taken":["M","?","?","M","?","R","E","?","T","R","$","?","?","M","R","BOSS","M","$","M","?","M","R","?","?","T","?","M","?","$","M","R","BOSS","M","?","?","M","M","R","$","R","T","?","M","?","?","M","R","BOSS"],"build_version":"2018-10-11","purchased_purges":5,"victory":true,"max_hp_per_floor":[70,70,70,70,70,70,70,70,70,70,70,70,70,70,70,70,70,70,70,70,70,70,70,70,70,70,70,70,70,70,70,70,70,70,70,70,70,70,70,70,70,70,70,70,70,66,66,66,66,66],"card_choices":[{"not_picked":["Tools of the Trade","Bullet Time"],"picked":"Corpse Explosion","floor":0.0},{"not_picked":["Concentrate","Accuracy"],"picked":"Blur","floor":1.0},{"not_picked":["Endless Agony","Prepared","Accuracy"],"picked":"SKIP","floor":4.0},{"not_picked":["Deflect","Dagger Spray","Setup"],"picked":"SKIP","floor":7.0},{"not_picked":["Clothesline","Doom and Gloom"],"picked":"Evolve","floor":12.0},{"not_picked":["Conserve Battery","Sword Boomerang"],"picked":"Bandage Up","floor":13.0},{"not_picked":["Carnage","Flame Barrier"],"picked":"Apotheosis","floor":14.0},{"not_picked":["Sadistic Nature","Demon Form"],"picked":"Barricade","floor":16.0},{"not_picked":["Searing Blow+1","Backflip"],"picked":"Leap","floor":18.0},{"not_picked":["Streamline","Cold Snap"],"picked":"Coolheaded","floor":20.0},{"not_picked":["Iron Wave","Cold Snap"],"picked":"True Grit","floor":22.0},{"not_picked":["Hello World","Compile Driver"],"picked":"Corpse Explosion","floor":25.0},{"not_picked":["Flex","Cloak And Dagger+1"],"picked":"Go for the Eyes","floor":28.0},{"not_picked":["Caltrops","Warcry"],"picked":"Conserve Battery","floor":31.0},{"not_picked":["Envenom","Reboot"],"picked":"Creative AI","floor":33.0},{"not_picked":["Acrobatics+1","Shrug It Off"],"picked":"Capacitor","floor":35.0},{"not_picked":["Chrysalis","PanicButton"],"picked":"Bandage Up","floor":36.0},{"not_picked":["Deep Breath","Swift Strike"],"picked":"Purity","floor":36.0},{"not_picked":["Madness","Forethought"],"picked":"Mayhem","floor":36.0},{"not_picked":["Prepared","Slice+1"],"picked":"Defragment","floor":37.0},{"not_picked":["Headbutt+1","Steam Power"],"picked":"Leap","floor":38.0},{"not_picked":["Slice+1","Prepared","Barrage"],"picked":"SKIP","floor":39.0},{"not_picked":["PiercingWail+1","Quick Slash"],"picked":"Flash of Steel","floor":40.0},{"not_picked":["Rebound","Genetic Algorithm"],"picked":"Thunderclap+1","floor":42.0},{"not_picked":["Undo+1","Pommel Strike"],"picked":"Burst","floor":47.0},{"not_picked":["Sword Boomerang+1","Dodge and Roll+1"],"picked":"Shrug It Off+1","floor":48.0},{"not_picked":["Quick Slash","Flex+1"],"picked":"Defragment+1","floor":49.0}],"player_experience":225488,"relics_obtained":[{"floor":7.0,"key":"Blood Vial"},{"floor":9.0,"key":"Art of War"},{"floor":12.0,"key":"Smiling Mask"},{"floor":26.0,"key":"Pen Nib"},{"floor":43.0,"key":"Bronze Scales"}],"event_choices":[{"event_name":"Bonfire Elementals","player_choice":"BASIC","floor":2.0,"damage_taken":0.0},{"event_name":"The Lab","player_choice":"Got Potions","floor":3.0,"damage_taken":0.0},{"event_name":"Living Wall","player_choice":"Forget","floor":5.0,"damage_taken":0.0},{"event_name":"Golden Shrine","player_choice":"Desecrate","floor":8.0,"damage_taken":0.0},{"event_name":"Dead Adventurer","player_choice":"Searched \u00271\u0027 times","floor":12.0,"damage_taken":0.0},{"event_name":"The Mausoleum","player_choice":"Yes","floor":21.0,"damage_taken":0.0},{"event_name":"Nest","player_choice":"Stole From Cult","floor":24.0,"damage_taken":0.0},{"event_name":"The Joust","player_choice":"Bet on Owner","floor":27.0,"damage_taken":0.0},{"event_name":"Colosseum","player_choice":"Fight","floor":29.0,"damage_taken":0.0},{"event_name":"Colosseum","player_choice":"Fled From Nobs","floor":29.0,"damage_taken":0.0},{"event_name":"SensoryStone","player_choice":"Memory 3","floor":36.0,"damage_taken":0.0},{"event_name":"Winding Halls","player_choice":"Max HP","floor":46.0,"damage_taken":0.0}],"is_beta":false,"boss_relics":[{"not_picked":["Orrery","Ring of the Serpent"],"picked":"Runic Dome"},{"not_picked":["White Beast Statue","Pandora\u0027s Box"],"picked":"Fusion Hammer"}],"items_purged_floors":[11,19,30,41,44],"is_endless":false,"potions_floor_spawned":[1,4,12,12,20,25,33,39,45],"ascension_level":0}