{"gold_per_floor":[114,114,126,126,58,58,93,111,164,89,120,120,120,120],"floor_reached":14,"playtime":194,"items_purged":["Strike_G"],"score":212,"play_id":"44d38157-3b35-4844-b6ee-34f22c8bcee8","local_time":"20190218224015","is_ascension_mode":true,"campfire_choices":[{"data":"Neutralize","floor":6,"key":"SMITH"},{"data":"Footwork","floor":12,"key":"SMITH"}],"neow_cost":"NONE","seed_source_timestamp":96520233446784,"circlet_count":0,"master_deck":["AscendersBane","Defend_G","Defend_G","Defend_G+1","Defend_G+1","Defend_G","Strike_G+1","Strike_G","Strike_G+1","Survivor","Neutralize+1","Deadly Poison","Well Laid Plans","Footwork+1","Footwork"],"relics":["Ring of the Snake","NeowsBlessing","Whetstone","Tiny Chest","Paper Crane"],"potions_floor_usage":[11,11],"damage_taken":[{"damage":0,"enemies":"Small Slimes","floor":1,"turns":1},{"damage":0,"enemies":"Jaw Worm","floor":3,"turns":1},{"damage":0,"enemies":"Lagavulin","floor":7,"turns":1},{"damage":0,"enemies":"Cultist","floor":8,"turns":3},{"damage":27,"enemies":"Gremlin Nob","floor":11,"turns":5},{"damage":12,"enemies":"Exordium Thugs","floor":14,"turns":2}],"seed_played":"-1285543112887654618","potions_obtained":[{"floor":1,"key":"AttackPotion"},{"floor":8,"key":"Ancient Potion"}],"is_trial":false,"path_per_floor":["M","?","M","?","$","R","E","M","T","$","E","R","?","M"],"character_chosen":"THE_SILENT","items_purchased":["Well Laid Plans"],"campfire_rested":0,"item_purchase_floors":[5],"current_hp_per_floor":[59,39,39,32,32,32,32,32,32,32,5,5,5,0],"gold":120,"neow_bonus":"THREE_ENEMY_KILL","is_prod":false,"is_daily":false,"chose_seed":false,"campfire_upgraded":2,"win_rate":0,"timestamp":1550500815,"path_taken":["M","?","M","?","?","R","E","M","T","$","E","R","?","M"],"build_version":"2019-01-23","purchased_purges":1,"victory":false,"max_hp_per_floor":[66,66,66,66,66,66,66,66,66,66,66,66,66,66],"card_choices":[{"not_picked":["Catalyst","Riddle With Holes"],"picked":"Deadly Poison","floor":1},{"not_picked":["Dagger Throw","Cloak And Dagger","Distraction"],"picked":"SKIP","floor":3},{"not_picked":["Dagger Throw","Choke","Poisoned Stab"],"picked":"SKIP","floor":7},{"not_picked":["Outmaneuver","Blade Dance"],"picked":"Footwork","floor":8},{"not_picked":["Dash","Envenom"],"picked":"Footwork","floor":11}],"player_experience":827599,"relics_obtained":[{"floor":7,"key":"Whetstone"},{"floor":9,"key":"Tiny Chest"},{"floor":11,"key":"Paper Crane"}],"event_choices":[{"damage_healed":0,"gold_gain":0,"player_choice":"Entered Light","damage_taken":20,"max_hp_gain":0,"max_hp_loss":0,"event_name":"Shining Light","floor":2,"gold_loss":0,"cards_upgraded":["Defend_G","Defend_G"]},{"cards_removed":["Strike_G"],"damage_healed":0,"gold_gain":0,"player_choice":"Card Removal","damage_taken":7,"max_hp_gain":0,"max_hp_loss":0,"event_name":"Golden Wing","floor":4,"gold_loss":0},{"damage_healed":0,"gold_gain":0,"player_choice":"Ignored","damage_taken":0,"max_hp_gain":0,"max_hp_loss":0,"event_name":"WeMeetAgain","floor":13,"gold_loss":0}],"is_beta":false,"boss_relics":[],"items_purged_floors":[10],"is_endless":false,"potions_floor_spawned":[1,8],"killed_by":"Exordium Thugs","ascension_level":15}