{"path_per_floor":["M","$","?","M","?","R","E","R","T","R","E","M","M","E","R","B",null,"M","M","?","?","M"],"character_chosen":"DEFECT","items_purchased":["Cleave"],"gold_per_floor":[114,87,87,102,52,52,82,82,82,82,112,127,142,172,172,272,302,317,332,332,342,357,357],"floor_reached":23,"campfire_rested":0,"playtime":801,"item_purchase_floors":[2],"current_hp_per_floor":[75,75,75,75,75,75,61,61,61,61,35,37,40,41,41,4,89,76,60,60,60,39,0],"items_purged":[],"gold":357,"score":234,"play_id":"85c90a61-8dea-4eaa-ac3c-6d6862443975","local_time":"20180602081434","daily_mods":["Diverse","Elite Swarm","Night Terrors"],"is_prod":false,"is_daily":true,"chose_seed":false,"is_ascension_mode":false,"campfire_upgraded":4,"win_rate":0,"timestamp":1527898474,"campfire_choices":[{"data":"Zap","floor":6,"key":"SMITH"},{"data":"Double Tap","floor":8,"key":"SMITH"},{"data":"Dualcast","floor":10,"key":"SMITH"},{"data":"Feed","floor":15,"key":"SMITH"}],"path_taken":["M","$","?","M","?","R","E","R","T","R","E","M","M","E","R","BOSS","M","M","?","?","?","E"],"build_version":"2018-05-30v2","seed_source_timestamp":0,"purchased_purges":0,"victory":false,"master_deck":["Strike_B","Strike_B","Strike_B","Defend_B+1","Defend_B","Defend_B","Defend_B","Zap+1","Dualcast+1","Headbutt","Cleave","Double Tap+1","Feed+1","All Out Attack","Well Laid Plans","Grand Finale","Venomology","Warcry+1","FTL","Calculated Gamble"],"max_hp_per_floor":[75,75,75,75,75,75,75,75,75,75,75,78,81,84,84,84,89,89,93,93,93,93,93],"relics":["Cracked Core","Bag of Marbles","Question Card","Calipers","Regal Pillow","Tiny House","Red Mask"],"card_choices":[{"not_picked":["Hologram","Combust"],"picked":"Headbutt","floor":1},{"not_picked":["Prepared","Bloodletting","Body Slam"],"picked":"SKIP","floor":4},{"not_picked":["Tactician","Exhume"],"picked":"Double Tap","floor":7},{"not_picked":["Buffer","Envenom","Barricade"],"picked":"Feed","floor":11},{"not_picked":["Iron Wave","Havoc","Hemokinesis"],"picked":"All Out Attack","floor":12},{"not_picked":["Backstab","Thunderclap","Blur"],"picked":"Well Laid Plans","floor":13},{"not_picked":["Meteor Strike","Storm of Steel","Unload"],"picked":"Grand Finale","floor":14},{"not_picked":["Bullet Time","Fiend Fire","Multi-Cast"],"picked":"Venomology","floor":16},{"not_picked":["Tempest+1","Doom and Gloom","Power Through","Dodge and Roll"],"picked":"SKIP","floor":18},{"not_picked":["Leg Sweep","Dodge and Roll","Wild Strike+1"],"picked":"Warcry+1","floor":19},{"not_picked":["Redo","Outmaneuver","Armaments"],"picked":"Calculated Gamble","floor":21},{"not_picked":["Thunderclap+1","Riddle With Holes+1","Noxious Fumes","Dropkick"],"picked":"SKIP","floor":22}],"player_experience":520451,"potions_floor_usage":[16,18,18,18,22,22,23],"damage_taken":[{"damage":0,"enemies":"Small Slimes","floor":1,"turns":2},{"damage":0,"enemies":"2 Louse","floor":4,"turns":2},{"damage":14,"enemies":"Gremlin Nob","floor":7,"turns":3},{"damage":26,"enemies":"Lagavulin","floor":11,"turns":5},{"damage":1,"enemies":"Cultist","floor":12,"turns":3},{"damage":0,"enemies":"3 Louse","floor":13,"turns":1},{"damage":2,"enemies":"Gremlin Nob","floor":14,"turns":3},{"damage":37,"enemies":"The Guardian","floor":16,"turns":10},{"damage":13,"enemies":"Chosen","floor":18,"turns":5},{"damage":20,"enemies":"2 Thieves","floor":19,"turns":3},{"damage":0,"enemies":"√…√Ê«øµ¡","floor":21,"turns":2},{"damage":21,"enemies":"Snake Plant","floor":22,"turns":3},{"damage":42,"enemies":"Book of Stabbing","floor":23,"turns":4}],"relics_obtained":[{"floor":7,"key":"Bag of Marbles"},{"floor":9,"key":"Question Card"},{"floor":11,"key":"Calipers"},{"floor":14,"key":"Regal Pillow"},{"floor":21,"key":"Red Mask"}],"event_choices":[{"event_name":"Living Wall","player_choice":"Change","floor":3,"damage_taken":0},{"event_name":"The Cleric","player_choice":"Card Removal","floor":5,"damage_taken":0},{"event_name":"The Library","player_choice":"Read","floor":20,"damage_taken":0},{"event_name":"Masked Bandits","player_choice":"Fought over 332 gold","floor":21,"damage_taken":0}],"boss_relics":[{"not_picked":["Sozu","Calling Bell"],"picked":"Tiny House"}],"items_purged_floors":[],"potions_floor_spawned":[7,11,12,13,18,21,22],"seed_played":"8928587464129514231","killed_by":"Book of Stabbing","ascension_level":0,"potions_obtained":[{"floor":7,"key":"SpeedPotion"},{"floor":11,"key":"GamblersBrew"},{"floor":12,"key":"SkillPotion"},{"floor":13,"key":"AttackPotion"},{"floor":17,"key":"GamblersBrew"},{"floor":18,"key":"Strength Potion"},{"floor":21,"key":"Dexterity Potion"},{"floor":22,"key":"Explosive Potion"}],"is_trial":false}