{"gold_per_floor":[110,128,48,59,77,110,110,75,75,75,90,101,118,153,153,254,254,265,275,275,197,213,242,242,259,259,259,259,259,277,291,291,395,395,414,414,426,348,361,390,390,34,61,61,61,61,61,81,81,81],"floor_reached":51,"playtime":2141,"items_purged":["Writhe","Decay"],"score":834,"play_id":"7d4d818f-0b08-4302-bc0b-802584ee3830","local_time":"20181026091359","is_ascension_mode":false,"campfire_choices":[{"data":"Noxious Fumes","floor":7.0,"key":"SMITH"},{"data":"Deadly Poison","floor":10.0,"key":"SMITH"},{"data":"Neutralize","floor":15.0,"key":"SMITH"},{"data":"Wraith Form v2","floor":24.0,"key":"SMITH"},{"data":"Footwork","floor":29.0,"key":"SMITH"},{"data":"Survivor","floor":32.0,"key":"SMITH"},{"data":"Footwork","floor":41,"key":"SMITH"},{"data":"Well Laid Plans","floor":44,"key":"SMITH"},{"data":"Well Laid Plans","floor":45,"key":"SMITH"},{"floor":47,"key":"REST"},{"floor":49,"key":"REST"}],"neow_cost":"NONE","seed_source_timestamp":611997902821,"circlet_count":0,"master_deck":["Defend_G+1","Defend_G+1","Defend_G+1","Defend_G+1","Defend_G+1","Strike_G+1","Strike_G+1","Strike_G+1","Strike_G+1","Strike_G+1","Survivor+1","Neutralize+1","Noxious Fumes+1","Escape Plan+1","Deadly Poison+1","Adrenaline+1","Backstab+1","Wraith Form v2+1","Footwork+1","Die Die Die+1","Ghostly+1","Ghostly+1","Ghostly+1","Ghostly+1","Ghostly+1","Deflect+1","Calculated Gamble+1","Wraith Form v2+1","Deadly Poison+1","Backflip+1","Bouncing Flask+1","Acrobatics+1","Footwork+1","Prepared+1","Leg Sweep+1","Well Laid Plans+1","Well Laid Plans+1","PiercingWail+1","Footwork+1"],"special_seed":0,"relics":["Ring of the Snake","Ancient Tea Set","Vajra","The Courier","Gambling Chip","Sozu","Smiling Mask","Shuriken","Toxic Egg 2","Orrery","Mark of the Bloom","Pantograph","WingedGreaves","Art of War"],"potions_floor_usage":[50],"damage_taken":[{"damage":0.0,"enemies":"Small Slimes","floor":1.0,"turns":6.0},{"damage":0.0,"enemies":"2 Louse","floor":2.0,"turns":4.0},{"damage":1.0,"enemies":"Jaw Worm","floor":4.0,"turns":5.0},{"damage":7.0,"enemies":"Exordium Thugs","floor":5.0,"turns":7.0},{"damage":44.0,"enemies":"Gremlin Nob","floor":6.0,"turns":6.0},{"damage":0.0,"enemies":"2 Fungi Beasts","floor":11.0,"turns":4.0},{"damage":0.0,"enemies":"Lots of Slimes","floor":12.0,"turns":3.0},{"damage":1.0,"enemies":"3 Louse","floor":13.0,"turns":2.0},{"damage":17.0,"enemies":"3 Sentries","floor":14.0,"turns":7.0},{"damage":4.0,"enemies":"Hexaghost","floor":16.0,"turns":9.0},{"damage":0.0,"enemies":"Chosen","floor":18.0,"turns":4.0},{"damage":0.0,"enemies":"3 Byrds","floor":19.0,"turns":5.0},{"damage":11.0,"enemies":"3 Cultists","floor":22.0,"turns":6.0},{"damage":28.0,"enemies":"Slavers","floor":23.0,"turns":7.0},{"damage":2.0,"enemies":"Snake Plant","floor":25.0,"turns":4.0},{"damage":0.0,"enemies":"Snecko","floor":30.0,"turns":6.0},{"damage":1.0,"enemies":"Centurion and Healer","floor":31.0,"turns":8.0},{"damage":2.0,"enemies":"Automaton","floor":33.0,"turns":12.0},{"damage":4.0,"enemies":"Orb Walker","floor":35.0,"turns":5.0},{"damage":7.0,"enemies":"3 Darklings","floor":37.0,"turns":8.0},{"damage":0,"enemies":"Sphere and 2 Shapes","floor":39,"turns":6},{"damage":0,"enemies":"Reptomancer","floor":40,"turns":7},{"damage":0,"enemies":"Spire Growth","floor":48,"turns":5},{"damage":0,"enemies":"Time Eater","floor":50,"turns":14}],"seed_played":"2892634885490372027","potions_obtained":[{"floor":4.0,"key":"SpeedPotion"},{"floor":6.0,"key":"AttackPotion"},{"floor":11.0,"key":"Swift Potion"},{"floor":12.0,"key":"PowerPotion"}],"is_trial":false,"path_per_floor":["M","M","$","M","M","E","R","?","T","R","M","M","M","E","R","B",null,"M","M","?","$","M","E","R","M","T","?","?","R","M","M","R","B",null,"M","?","M","$","M","E","R","$","T","R","R","?","R","M","R","B"],"character_chosen":"THE_SILENT","items_purchased":["Noxious Fumes","Footwork","Footwork","Well Laid Plans","Well Laid Plans","WingedGreaves"],"campfire_rested":2,"item_purchase_floors":[3,21,38,42,42,42],"current_hp_per_floor":[70,70,70,69,62,18,18,35,35,35,35,35,34,17,17,13,70,70,70,70,70,59,31,31,29,29,29,29,29,29,28,28,26,35,31,31,24,24,24,24,24,24,24,24,24,24,24,24,24,24],"gold":81,"neow_bonus":"RANDOM_COMMON_RELIC","is_prod":false,"is_daily":false,"chose_seed":false,"campfire_upgraded":9,"win_rate":0,"timestamp":1540516439,"path_taken":["M","M","$","M","M","E","R","?","T","R","M","?","M","E","R","BOSS","M","M","?","$","M","E","R","M","T","?","?","R","M","M","R","BOSS","M","?","M","$","M","E","R","$","T","R","R","?","R","?","R","BOSS"],"build_version":"2018-10-25","purchased_purges":2,"victory":true,"max_hp_per_floor":[70,70,70,70,70,70,70,70,70,70,70,70,70,70,70,70,70,70,70,70,70,70,70,70,70,70,70,35,35,35,35,35,35,35,35,35,35,35,35,35,35,35,35,35,35,35,35,35,35,35],"card_choices":[{"not_picked":["Slice","Blade Dance","Deflect"],"picked":"SKIP","floor":1.0},{"not_picked":["Slice","PiercingWail","Underhanded Strike"],"picked":"SKIP","floor":2.0},{"not_picked":["Sucker Punch","Underhanded Strike"],"picked":"Escape Plan","floor":4.0},{"not_picked":["All Out Attack","Deflect"],"picked":"Deadly Poison","floor":5.0},{"not_picked":["All Out Attack","Prepared"],"picked":"Adrenaline","floor":6.0},{"not_picked":["Expertise","Reflex","Cloak And Dagger"],"picked":"SKIP","floor":11.0},{"not_picked":["Flechettes","Quick Slash","Slice"],"picked":"SKIP","floor":12.0},{"not_picked":["Accuracy","Deflect"],"picked":"Backstab","floor":13.0},{"not_picked":["Blade Dance","Endless Agony","Blur"],"picked":"SKIP","floor":14.0},{"not_picked":["Grand Finale","Bullet Time"],"picked":"Wraith Form v2","floor":16.0},{"not_picked":["Backstab","Quick Slash","Terror"],"picked":"SKIP","floor":18.0},{"not_picked":["Quick Slash","Blade Dance","Tactician"],"picked":"SKIP","floor":19.0},{"not_picked":["Setup","Poisoned Stab","Dagger Spray"],"picked":"SKIP","floor":22.0},{"not_picked":["Quick Slash","Dagger Throw"],"picked":"Die Die Die","floor":23.0},{"not_picked":["Reflex+1","Skewer","Dagger Spray"],"picked":"SKIP","floor":25.0},{"not_picked":["Underhanded Strike+1","Acrobatics+1"],"picked":"Deflect+1","floor":30.0},{"not_picked":["Choke+1","Underhanded Strike"],"picked":"Calculated Gamble+1","floor":31.0},{"not_picked":["Malaise+1","Glass Knife"],"picked":"Wraith Form v2","floor":33.0},{"not_picked":["Cloak And Dagger+1","Sucker Punch"],"picked":"Deadly Poison+1","floor":34.0},{"not_picked":["Escape Plan+1","Flying Knee"],"picked":"Backflip+1","floor":34.0},{"not_picked":["Grand Finale","Slice+1"],"picked":"Bouncing Flask+1","floor":35.0},{"not_picked":["Outmaneuver+1","Noxious Fumes"],"picked":"Acrobatics+1","floor":37.0},{"not_picked":["Slice+1","Flechettes+1"],"picked":"Prepared+1","floor":39},{"not_picked":["Setup+1","PiercingWail+1"],"picked":"Leg Sweep+1","floor":40},{"not_picked":["Deflect+1","Dash"],"picked":"Footwork+1","floor":48}],"player_experience":641088,"relics_obtained":[{"floor":6.0,"key":"Vajra"},{"floor":9.0,"key":"The Courier"},{"floor":14.0,"key":"Gambling Chip"},{"floor":23.0,"key":"Shuriken"},{"floor":26.0,"key":"Toxic Egg 2"},{"floor":40,"key":"Pantograph"},{"floor":43,"key":"Art of War"}],"event_choices":[{"damage_healed":17.0,"max_hp_gain":0.0,"max_hp_loss":0.0,"gold_gain":0.0,"event_name":"The Cleric","player_choice":"Healed","floor":8.0,"gold_loss":35.0,"damage_taken":0.0},{"damage_healed":0.0,"max_hp_gain":0.0,"max_hp_loss":0.0,"gold_gain":0.0,"event_name":"The Mausoleum","player_choice":"Opened","floor":20.0,"gold_loss":0.0,"damage_taken":0.0,"relics_obtained":["Smiling Mask"],"cards_obtained":["Writhe"]},{"damage_healed":0.0,"max_hp_gain":0.0,"max_hp_loss":0.0,"gold_gain":0.0,"event_name":"Forgotten Altar","player_choice":"Smashed Altar","floor":27.0,"gold_loss":0.0,"damage_taken":0.0,"cards_obtained":["Decay"]},{"damage_healed":0.0,"max_hp_gain":0.0,"max_hp_loss":35.0,"gold_gain":0.0,"event_name":"Ghosts","player_choice":"Became a Ghost","floor":28.0,"gold_loss":0.0,"damage_taken":0.0,"cards_obtained":["Ghostly","Ghostly","Ghostly","Ghostly","Ghostly"]},{"damage_healed":0.0,"max_hp_gain":0.0,"max_hp_loss":0.0,"gold_gain":0.0,"event_name":"MindBloom","player_choice":"Upgrade","floor":36.0,"gold_loss":0.0,"damage_taken":0.0,"cards_upgraded":["Defend_G","Defend_G","Defend_G","Defend_G","Defend_G","Strike_G","Strike_G","Strike_G","Strike_G","Strike_G","Escape Plan","Adrenaline","Backstab","Die Die Die","Wraith Form v2"],"relics_obtained":["Mark of the Bloom"]},{"damage_healed":0,"gold_gain":0,"player_choice":"1 cards matched","damage_taken":0,"max_hp_gain":0,"max_hp_loss":0,"event_name":"Match and Keep!","floor":46,"gold_loss":0,"cards_obtained":["PiercingWail"]},{"damage_healed":0,"gold_gain":0,"player_choice":"1 cards matched","damage_taken":0,"max_hp_gain":0,"max_hp_loss":0,"event_name":"Match and Keep!","floor":46,"gold_loss":0,"cards_obtained":["PiercingWail"]}],"is_beta":false,"boss_relics":[{"not_picked":["Black Star","Runic Dome"],"picked":"Sozu"},{"not_picked":["Tiny House","Busted Crown"],"picked":"Orrery"}],"items_purged_floors":[21,38],"is_endless":false,"potions_floor_spawned":[4,6,11,12,18,22,23,31,39,48],"ascension_level":0}