{"gold_per_floor":[112,36,36,36,51,51,51,64,64,64,81,81,81,99,99,197,197,221,136,136,150,166,166,189,59,59,59,59,59,59,59,59,158,158,177,97,430,443,460,488,488,506,506,532,548,599,599,627,627,627,627,627,627,36,66,66],"floor_reached":57,"playtime":2390,"items_purged":["Strike_G","Ghostly","Survivor"],"score":3331,"play_id":"a510488f-ff3c-47a4-afba-369d707a5e35","local_time":"20190313181819","is_ascension_mode":true,"campfire_choices":[{"data":"Deadly Poison","floor":6.0,"key":"SMITH"},{"data":"Well Laid Plans","floor":10.0,"key":"SMITH"},{"data":"Grand Finale","floor":13.0,"key":"SMITH"},{"data":"Neutralize","floor":15.0,"key":"SMITH"},{"data":"Blur","floor":23.0,"key":"SMITH"},{"data":"Acrobatics","floor":28.0,"key":"SMITH"},{"data":"Ghostly","floor":30.0,"key":"SMITH"},{"data":"Ghostly","floor":32.0,"key":"SMITH"},{"data":"Tactician","floor":41.0,"key":"SMITH"},{"floor":49.0,"key":"RECALL"},{"data":"Wraith Form v2","floor":53.0,"key":"SMITH"}],"neow_cost":"NONE","seed_source_timestamp":5766132537213,"circlet_count":0,"master_deck":["AscendersBane","Neutralize+1","Blur+1","Grand Finale+1","Deadly Poison+1","Well Laid Plans+1","Dagger Throw","After Image+1","PiercingWail+1","Outmaneuver+1","Backflip+1","Prepared+1","Escape Plan","Acrobatics+1","Ghostly+1","Ghostly+1","Terror+1","Wraith Form v2+1","Tactician+1","Well Laid Plans","Acrobatics+1"],"special_seed":0,"relics":["Ring of the Snake","Calipers","Paper Crane","The Courier","Astrolabe","Molten Egg 2","Pandora\u0027s Box","Mummified Hand","Singing Bowl","Lantern","Tough Bandages","Incense Burner","Frozen Eye","Ice Cream","War Paint"],"potions_floor_usage":[56,56],"damage_taken":[{"damage":5.0,"enemies":"Cultist","floor":1.0,"turns":6.0},{"damage":17.0,"enemies":"Jaw Worm","floor":5.0,"turns":8.0},{"damage":7.0,"enemies":"Small Slimes","floor":8.0,"turns":5.0},{"damage":8.0,"enemies":"Exordium Wildlife","floor":11.0,"turns":6.0},{"damage":1.0,"enemies":"Looter","floor":14.0,"turns":4.0},{"damage":32.0,"enemies":"The Guardian","floor":16.0,"turns":12.0},{"damage":4.0,"enemies":"Spheric Guardian","floor":18.0,"turns":5.0},{"damage":6.0,"enemies":"2 Thieves","floor":21.0,"turns":3.0},{"damage":3.0,"enemies":"Snake Plant","floor":22.0,"turns":5.0},{"damage":6.0,"enemies":"Sentry and Sphere","floor":24.0,"turns":8.0},{"damage":0.0,"enemies":"Collector","floor":33.0,"turns":8.0},{"damage":0.0,"enemies":"Orb Walker","floor":35.0,"turns":4.0},{"damage":0.0,"enemies":"3 Darklings","floor":38.0,"turns":2.0},{"damage":0.0,"enemies":"Spire Growth","floor":39.0,"turns":4.0},{"damage":0.0,"enemies":"Giant Head","floor":40.0,"turns":4.0},{"damage":0.0,"enemies":"Sphere and 2 Shapes","floor":42.0,"turns":3.0},{"damage":0.0,"enemies":"Nemesis","floor":44.0,"turns":6.0},{"damage":0.0,"enemies":"Writhing Mass","floor":45.0,"turns":4.0},{"damage":0.0,"enemies":"2 Orb Walkers","floor":46.0,"turns":5.0},{"damage":0.0,"enemies":"Reptomancer","floor":48.0,"turns":3.0},{"damage":0.0,"enemies":"Time Eater","floor":50.0,"turns":8.0},{"damage":0.0,"enemies":"Donu and Deca","floor":51.0,"turns":5.0},{"damage":0,"enemies":"Shield and Spear","floor":55,"turns":4},{"damage":0,"enemies":"The Heart","floor":56,"turns":6}],"seed_played":"5118820788544281336","potions_obtained":[{"floor":16.0,"key":"AttackPotion"},{"floor":18.0,"key":"PowerPotion"},{"floor":24.0,"key":"Ancient Potion"},{"floor":42.0,"key":"Block Potion"},{"floor":45.0,"key":"PowerPotion"}],"is_trial":false,"path_per_floor":["M","$","T","?","M","R","T","M","T","R","M","?","R","M","R","B",null,"M","?","?","M","M","R","M","$","T","?","R","?","R","$","R","B",null,"M","$","?","M","M","E","R","M","T","E","M","?","?","E","R","B","B",null,"R","$","E","B",null],"character_chosen":"THE_SILENT","items_purchased":["Grand Finale","Escape Plan","Acrobatics","Frozen Eye","Ice Cream","Acrobatics"],"campfire_rested":0,"item_purchase_floors":[2,25,25,54,54,54],"current_hp_per_floor":[54,54,54,66,49,49,49,42,42,42,34,34,34,33,33,1,45,41,41,41,35,32,32,26,26,26,26,26,26,26,26,26,26,29,29,29,29,29,29,29,29,29,29,31,33,35,35,37,37,37,37,38,38,38,40,40],"gold":66,"neow_bonus":"TRANSFORM_CARD","is_prod":false,"is_daily":false,"chose_seed":false,"campfire_upgraded":10,"win_rate":0,"timestamp":1552472299,"path_taken":["M","$","?","?","?","R","?","M","T","R","M","?","R","M","R","BOSS","M","?","?","M","?","R","M","$","T","?","R","?","R","?","R","BOSS","M","$","?","M","M","E","R","M","T","E","M","?","?","E","R","BOSS","BOSS","R","$","E","BOSS"],"build_version":"2019-01-23","purchased_purges":3,"victory":true,"max_hp_per_floor":[66,66,66,66,66,66,66,66,66,66,66,60,60,60,60,60,60,60,60,60,60,60,60,60,60,60,30,30,30,30,30,30,30,30,30,30,30,30,30,30,30,30,30,32,34,36,36,38,38,38,38,38,38,38,40,40],"card_choices":[{"not_picked":["Underhanded Strike","Bane","Dodge and Roll"],"picked":"SKIP","floor":1.0},{"not_picked":["Sucker Punch","Finisher"],"picked":"Deadly Poison","floor":5.0},{"not_picked":["Deflect","Deadly Poison"],"picked":"Well Laid Plans","floor":8.0},{"not_picked":["Quick Slash","Blur","Setup"],"picked":"SKIP","floor":11.0},{"not_picked":["Terror","Noxious Fumes"],"picked":"Dagger Throw","floor":14.0},{"not_picked":["Quick Slash","Distraction"],"picked":"Backflip+1","floor":18.0},{"not_picked":["Footwork","Backstab+1","Bane+1"],"picked":"SKIP","floor":21.0},{"not_picked":["Dash+1","Dodge and Roll"],"picked":"Prepared+1","floor":22.0},{"not_picked":["Endless Agony+1","Dash+1","Backflip"],"picked":"SKIP","floor":24.0},{"not_picked":["Slice+1","PiercingWail","Deflect"],"picked":"SKIP","floor":35.0},{"not_picked":["Sucker Punch+1","Acrobatics","All Out Attack+1"],"picked":"SKIP","floor":38.0},{"not_picked":["Noxious Fumes","Dodge and Roll+1","Bane+1"],"picked":"SKIP","floor":39.0},{"not_picked":["Catalyst","Choke+1","Outmaneuver+1"],"picked":"SKIP","floor":40.0},{"not_picked":["Blade Dance","Deflect","Underhanded Strike+1"],"picked":"SKIP","floor":42.0},{"not_picked":["Poisoned Stab+1","Cloak And Dagger","Burst"],"picked":"Singing Bowl","floor":44.0},{"not_picked":["Skewer+1","Poisoned Stab+1","Blade Dance"],"picked":"Singing Bowl","floor":45.0},{"not_picked":["Sucker Punch+1","Noxious Fumes","Cloak And Dagger"],"picked":"Singing Bowl","floor":46.0},{"not_picked":["Blade Dance","Acrobatics","Deadly Poison"],"picked":"Singing Bowl","floor":48.0},{"not_picked":["Venomology","Poisoned Stab+1","Backflip+1"],"picked":"Singing Bowl","floor":55}],"player_experience":3547410,"relics_obtained":[{"floor":3.0,"key":"Calipers"},{"floor":7.0,"key":"Paper Crane"},{"floor":9.0,"key":"The Courier"},{"floor":40.0,"key":"Mummified Hand"},{"floor":43.0,"key":"Singing Bowl"},{"floor":44.0,"key":"Lantern"},{"floor":46.0,"key":"Tough Bandages"},{"floor":48.0,"key":"Incense Burner"},{"floor":55,"key":"War Paint"}],"event_choices":[{"damage_healed":12.0,"max_hp_gain":0.0,"max_hp_loss":0.0,"gold_gain":0.0,"event_name":"Wheel of Change","player_choice":"Full Heal","floor":4.0,"gold_loss":0.0,"damage_taken":0.0},{"damage_healed":0.0,"max_hp_gain":0.0,"max_hp_loss":6.0,"gold_gain":0.0,"event_name":"Golden Idol","player_choice":"Lose Max HP","floor":12.0,"gold_loss":0.0,"damage_taken":0.0,"relics_obtained":["Golden Idol"]},{"damage_healed":0.0,"max_hp_gain":0.0,"max_hp_loss":0.0,"gold_gain":0.0,"event_name":"Addict","player_choice":"Obtained Relic","floor":19.0,"gold_loss":85.0,"damage_taken":0.0,"relics_obtained":["Molten Egg 2"]},{"damage_healed":0.0,"max_hp_gain":0.0,"max_hp_loss":0.0,"gold_gain":0.0,"event_name":"Match and Keep!","player_choice":"0 cards matched","floor":20.0,"gold_loss":0.0,"damage_taken":0.0,"cards_obtained":[]},{"damage_healed":0.0,"max_hp_gain":0.0,"max_hp_loss":30.0,"gold_gain":0.0,"event_name":"Ghosts","player_choice":"Became a Ghost","floor":27.0,"gold_loss":0.0,"damage_taken":0.0,"cards_obtained":["Ghostly","Ghostly","Ghostly"]},{"damage_healed":0.0,"max_hp_gain":0.0,"max_hp_loss":0.0,"gold_gain":0.0,"event_name":"The Mausoleum","player_choice":"Ignored","floor":29.0,"gold_loss":0.0,"damage_taken":0.0},{"damage_healed":0.0,"max_hp_gain":0.0,"max_hp_loss":0.0,"gold_gain":333.0,"event_name":"The Moai Head","player_choice":"Gave Idol","floor":37.0,"relics_lost":["Golden Idol"],"gold_loss":0.0,"damage_taken":0.0},{"damage_healed":0.0,"max_hp_gain":0.0,"max_hp_loss":0.0,"gold_gain":0.0,"event_name":"Mysterious Sphere","player_choice":"Fight","floor":46.0,"gold_loss":0.0,"damage_taken":0.0},{"cards_removed":["Dagger Spray"],"damage_healed":0.0,"max_hp_gain":0.0,"max_hp_loss":0.0,"gold_gain":0.0,"event_name":"Falling","player_choice":"Removed Attack","floor":47.0,"gold_loss":0.0,"damage_taken":0.0}],"is_beta":false,"boss_relics":[{"not_picked":["Ring of the Serpent","Runic Dome"],"picked":"Astrolabe"},{"not_picked":["Lizard Tail","WristBlade"],"picked":"Pandora\u0027s Box"}],"items_purged_floors":[25,36,54],"is_endless":false,"potions_floor_spawned":[16,18,24,35,42,45,48,55],"ascension_level":20}