{"gold_per_floor":[12,12,12,12,12,12,30,30,30,30,45,79,19],"floor_reached":13,"playtime":251,"items_purged":[],"score":162,"play_id":"d486e4c2-e80c-4648-a2ad-cde47975f446","local_time":"20181116193523","is_ascension_mode":true,"campfire_choices":[{"data":"A Thousand Cuts","floor":6.0,"key":"SMITH"},{"data":"Neutralize","floor":8.0,"key":"SMITH"},{"data":"Terror","floor":10.0,"key":"SMITH"}],"neow_cost":"NO_GOLD","seed_source_timestamp":1413820899151950,"circlet_count":0,"master_deck":["AscendersBane","Defend_G","Defend_G","Defend_G","Defend_G","Defend_G","Strike_G","Strike_G","Strike_G","Strike_G","Survivor","Neutralize+1","A Thousand Cuts+1","Prepared","Terror+1","PiercingWail","Well Laid Plans"],"special_seed":0,"relics":["Ring of the Snake","Question Card","Blue Candle","Pantograph","Ornamental Fan"],"potions_floor_usage":[],"damage_taken":[{"damage":1.0,"enemies":"2 Louse","floor":1.0,"turns":3.0},{"damage":6.0,"enemies":"Jaw Worm","floor":7.0,"turns":5.0},{"damage":0.0,"enemies":"Small Slimes","floor":11.0,"turns":4.0},{"damage":30.0,"enemies":"Gremlin Nob","floor":12.0,"turns":4.0},{"damage":5,"enemies":"Looter","floor":13,"turns":3}],"seed_played":"-4162452539560156808","potions_obtained":[{"floor":1.0,"key":"Explosive Potion"}],"is_trial":false,"path_per_floor":["M","?","?","?","T","R","M","R","T","R","M","E","M"],"character_chosen":"THE_SILENT","items_purchased":[],"campfire_rested":0,"item_purchase_floors":[],"current_hp_per_floor":[58,63,37,37,37,37,31,31,31,31,31,1,0],"gold":19,"neow_bonus":"THREE_RARE_CARDS","is_prod":false,"is_daily":false,"chose_seed":false,"campfire_upgraded":3,"win_rate":0,"timestamp":1542368123,"path_taken":["M","?","?","?","?","R","M","R","T","R","M","E","?"],"build_version":"2018-11-14","purchased_purges":0,"victory":false,"max_hp_per_floor":[66,71,71,71,71,71,71,71,71,71,71,71,71],"card_choices":[{"not_picked":["Phantasmal Killer","Storm of Steel"],"picked":"A Thousand Cuts","floor":0.0},{"not_picked":["Dagger Throw","Deflect"],"picked":"Prepared","floor":1.0},{"not_picked":["Terror","Cloak And Dagger","Caltrops","Skewer"],"picked":"SKIP","floor":7.0},{"not_picked":["Bane","Underhanded Strike","Poisoned Stab"],"picked":"PiercingWail","floor":11.0},{"not_picked":["Quick Slash","Sucker Punch","Flying Knee"],"picked":"Well Laid Plans","floor":12.0}],"player_experience":499183,"relics_obtained":[{"floor":5.0,"key":"Blue Candle"},{"floor":9.0,"key":"Pantograph"},{"floor":12.0,"key":"Ornamental Fan"}],"event_choices":[{"damage_healed":0.0,"max_hp_gain":5.0,"max_hp_loss":0.0,"gold_gain":0.0,"event_name":"Big Fish","player_choice":"Donut","floor":2.0,"gold_loss":0.0,"damage_taken":0.0},{"damage_healed":0.0,"max_hp_gain":0.0,"max_hp_loss":0.0,"gold_gain":0.0,"event_name":"Scrap Ooze","player_choice":"Success","floor":3.0,"gold_loss":0.0,"damage_taken":26.0,"relics_obtained":["Question Card"]},{"damage_healed":0.0,"max_hp_gain":0.0,"max_hp_loss":0.0,"gold_gain":0.0,"cards_transformed":["Strike_G"],"event_name":"Living Wall","player_choice":"Change","floor":4.0,"gold_loss":0.0,"damage_taken":0.0,"cards_obtained":["Terror"]}],"is_beta":true,"boss_relics":[],"items_purged_floors":[],"is_endless":false,"potions_floor_spawned":[1],"killed_by":"Looter","ascension_level":20}