{"gold_per_floor":[113,127,51,61,61,61,94,94,94,123,142,155,174,62,62,167,217,228,228,241,241,69,69,69,69,124,124,138,138,88,107,107,204,204,224,174,174,124,124,124,156,156,156,169,169,181,199,213,213,213],"floor_reached":51,"playtime":1331,"items_purged":["Strike_G","Strike_G","Defend_G","Strike_G","Defend_G"],"score":750,"play_id":"1aed9b83-4cf1-4b13-bdb2-c8ad5bf7afb1","local_time":"20181028140623","is_ascension_mode":false,"campfire_choices":[{"data":"Noxious Fumes","floor":6.0,"key":"SMITH"},{"data":"Well Laid Plans","floor":8.0,"key":"SMITH"},{"data":"Catalyst","floor":15,"key":"SMITH"},{"data":"Catalyst","floor":23,"key":"SMITH"},{"data":"Catalyst","floor":27,"key":"SMITH"},{"data":"Corpse Explosion","floor":29,"key":"SMITH"},{"data":"Well Laid Plans","floor":32,"key":"SMITH"},{"data":"Glass Knife","floor":40,"key":"SMITH"},{"data":"Night Terror","floor":42,"key":"SMITH"},{"data":"Deadly Poison","floor":45,"key":"SMITH"},{"data":"Neutralize","floor":49,"key":"SMITH"}],"neow_cost":"NONE","seed_source_timestamp":14009903567764,"circlet_count":0,"master_deck":["Defend_G+1","Survivor","Neutralize+1","Well Laid Plans+1","Noxious Fumes+1","Catalyst+1","Backflip","Well Laid Plans+1","Catalyst+1","Sucker Punch","Corpse Explosion+1","Catalyst+1","Deadly Poison+1","Glass Knife+1","Night Terror+1","Backflip+1","Parasite","Backflip","Bouncing Flask+1"],"special_seed":0,"relics":["Ring of the Snake","StoneCalendar","Strawberry","Darkstone Periapt","Odd Mushroom","Tiny House","Turnip","Smiling Mask","Velvet Choker","Paper Crane","Molten Egg 2"],"potions_floor_usage":[20,50],"damage_taken":[{"damage":0.0,"enemies":"Jaw Worm","floor":1.0,"turns":6.0},{"damage":0.0,"enemies":"Small Slimes","floor":2.0,"turns":5.0},{"damage":0.0,"enemies":"2 Louse","floor":4.0,"turns":2.0},{"damage":11.0,"enemies":"3 Sentries","floor":7.0,"turns":7.0},{"damage":11,"enemies":"The Mushroom Lair","floor":10,"turns":5},{"damage":0,"enemies":"Large Slime","floor":11,"turns":6},{"damage":0,"enemies":"Blue Slaver","floor":12,"turns":5},{"damage":11,"enemies":"Exordium Thugs","floor":13,"turns":5},{"damage":6,"enemies":"The Guardian","floor":16,"turns":11},{"damage":0,"enemies":"Chosen","floor":18,"turns":6},{"damage":14,"enemies":"3 Byrds","floor":20,"turns":7},{"damage":0,"enemies":"Snake Plant","floor":28,"turns":2},{"damage":12,"enemies":"Centurion and Healer","floor":31,"turns":3},{"damage":27,"enemies":"Collector","floor":33,"turns":3},{"damage":0,"enemies":"3 Shapes","floor":35,"turns":1},{"damage":0,"enemies":"Giant Head","floor":41,"turns":4},{"damage":1,"enemies":"Orb Walker","floor":44,"turns":2},{"damage":0,"enemies":"Writhing Mass","floor":46,"turns":2},{"damage":0,"enemies":"4 Shapes","floor":47,"turns":2},{"damage":0,"enemies":"3 Darklings","floor":48,"turns":2},{"damage":25,"enemies":"Donu and Deca","floor":50,"turns":4}],"seed_played":"-3123719774757602928","potions_obtained":[{"floor":4.0,"key":"LiquidBronze"},{"floor":11,"key":"Ancient Potion"},{"floor":12,"key":"LiquidBronze"},{"floor":16,"key":"Dexterity Potion"},{"floor":17,"key":"GhostInAJar"},{"floor":31,"key":"Regen Potion"}],"is_trial":false,"path_per_floor":["M","M","$","M","?","R","E","R","T","?","M","M","M","$","R","B",null,"M","?","M","?","$","R","?","$","T","R","M","R","$","M","R","B",null,"M","$","?","$","?","R","E","R","T","M","R","M","M","M","R","B"],"character_chosen":"THE_SILENT","items_purchased":["Noxious Fumes","Well Laid Plans","Catalyst"],"campfire_rested":0,"item_purchase_floors":[3,14,22],"current_hp_per_floor":[70,70,70,70,58,58,54,54,54,43,43,43,32,32,32,26,82,82,82,68,68,68,68,68,68,68,68,68,68,68,56,56,29,82,82,82,82,82,82,82,82,82,82,81,81,87,87,87,87,62],"gold":213,"neow_bonus":"REMOVE_CARD","is_prod":false,"is_daily":false,"chose_seed":false,"campfire_upgraded":11,"win_rate":0,"timestamp":1540706783,"path_taken":["M","M","$","M","?","R","E","R","T","?","M","M","M","$","R","BOSS","M","?","M","?","$","R","?","?","T","R","M","R","$","M","R","BOSS","M","$","?","$","?","R","E","R","T","M","R","M","M","M","R","BOSS"],"build_version":"2018-10-25v2","purchased_purges":5,"victory":true,"max_hp_per_floor":[70,70,70,70,70,70,77,77,77,77,77,77,77,77,77,77,82,82,82,82,82,82,82,82,82,82,82,82,82,82,82,82,82,82,82,82,82,82,82,82,82,82,82,82,82,88,88,88,88,88],"card_choices":[{"not_picked":["Cloak And Dagger","Deflect"],"picked":"Well Laid Plans","floor":1.0},{"not_picked":["Concentrate","Quick Slash","Expertise"],"picked":"SKIP","floor":2.0},{"not_picked":["Cloak And Dagger","Tactician","Choke"],"picked":"SKIP","floor":4.0},{"not_picked":["Reflex","Calculated Gamble","Tactician"],"picked":"SKIP","floor":7.0},{"not_picked":["Underhanded Strike","Prepared"],"picked":"Catalyst","floor":10},{"not_picked":["Blur","Prepared","Dash"],"picked":"SKIP","floor":11},{"not_picked":["Skewer","Underhanded Strike","Grand Finale"],"picked":"SKIP","floor":12},{"not_picked":["Slice","Prepared"],"picked":"Backflip","floor":13},{"not_picked":["Acrobatics","Bane","Caltrops+1"],"picked":"SKIP","floor":18},{"not_picked":["Infinite Blades+1","Dagger Spray","Outmaneuver"],"picked":"SKIP","floor":20},{"not_picked":["Calculated Gamble+1","Concentrate+1","Dagger Spray+1"],"picked":"SKIP","floor":28},{"not_picked":["Finisher","Flechettes"],"picked":"Deadly Poison","floor":31},{"not_picked":["Die Die Die","Doppelganger"],"picked":"Glass Knife","floor":33},{"not_picked":["Outmaneuver+1","Poisoned Stab","Underhanded Strike+1"],"picked":"SKIP","floor":35},{"not_picked":["Terror+1","Underhanded Strike"],"picked":"Night Terror","floor":41},{"not_picked":["Dagger Throw+1","PiercingWail"],"picked":"Backflip+1","floor":44},{"not_picked":["Prepared","Outmaneuver+1","Acrobatics"],"picked":"SKIP","floor":46},{"not_picked":["All Out Attack+1","Infinite Blades"],"picked":"Backflip","floor":47},{"not_picked":["Distraction","After Image"],"picked":"Bouncing Flask+1","floor":48}],"player_experience":699321,"relics_obtained":[{"floor":7.0,"key":"Strawberry"},{"floor":9.0,"key":"Darkstone Periapt"},{"floor":10,"key":"Odd Mushroom"},{"floor":26,"key":"Smiling Mask"},{"floor":41,"key":"Paper Crane"},{"floor":43,"key":"Molten Egg 2"}],"event_choices":[{"damage_healed":0.0,"max_hp_gain":0.0,"max_hp_loss":0.0,"gold_gain":0.0,"event_name":"Scrap Ooze","player_choice":"Success","floor":5.0,"gold_loss":0.0,"damage_taken":12.0,"relics_obtained":["StoneCalendar"]},{"damage_healed":0,"gold_gain":0,"player_choice":"Fought Mushrooms","damage_taken":0,"max_hp_gain":0,"max_hp_loss":0,"event_name":"Mushrooms","floor":10,"gold_loss":0},{"damage_healed":0,"gold_gain":0,"player_choice":"Read","damage_taken":0,"max_hp_gain":0,"max_hp_loss":0,"event_name":"The Library","floor":19,"gold_loss":0,"cards_obtained":["Catalyst"]},{"damage_healed":0,"gold_gain":0,"cards_transformed":["Strike_G","Defend_G"],"player_choice":"Became Test Subject","damage_taken":0,"max_hp_gain":0,"max_hp_loss":0,"event_name":"Drug Dealer","floor":21,"gold_loss":0,"cards_obtained":["Sucker Punch","Corpse Explosion"]},{"damage_healed":0,"gold_gain":0,"player_choice":"Opened","damage_taken":0,"relics_obtained":["Turnip"],"max_hp_gain":0,"max_hp_loss":0,"event_name":"The Mausoleum","floor":24,"gold_loss":0},{"damage_healed":0,"gold_gain":0,"player_choice":"Memory 1","damage_taken":0,"max_hp_gain":0,"max_hp_loss":0,"event_name":"SensoryStone","floor":37,"gold_loss":0},{"cards_removed":["Defend_G"],"damage_healed":0,"gold_gain":0,"player_choice":"Purged","damage_taken":0,"max_hp_gain":0,"max_hp_loss":0,"event_name":"Purifier","floor":39,"gold_loss":0}],"is_beta":false,"boss_relics":[{"not_picked":["Ring of the Serpent","Ectoplasm"],"picked":"Tiny House"},{"not_picked":["Busted Crown","Fusion Hammer"],"picked":"Velvet Choker"}],"items_purged_floors":[14,22,30,36,38],"is_endless":false,"potions_floor_spawned":[4,11,12,16,31,35],"ascension_level":0}