{"gold_per_floor":[119,119,119,135,158,158,189,189,189,37,37,37],"floor_reached":12,"playtime":252,"items_purged":["Strike_G"],"score":152,"play_id":"a58d7f8a-db52-417e-a19e-b429ce129382","local_time":"20181227175828","is_ascension_mode":true,"campfire_choices":[{"data":"Neutralize","floor":6,"key":"SMITH"},{"data":"Noxious Fumes","floor":8,"key":"SMITH"},{"data":"Calculated Gamble","floor":11,"key":"SMITH"}],"neow_cost":"NONE","seed_source_timestamp":19017021164240,"circlet_count":0,"master_deck":["AscendersBane","Defend_G","Defend_G","Defend_G","Defend_G","Defend_G","Strike_G","Strike_G","Strike_G","Survivor","Neutralize+1","Dash","Backflip","Acrobatics","Noxious Fumes+1","Calculated Gamble+1"],"special_seed":0,"relics":["Ring of the Snake","NeowsBlessing","Golden Idol"],"potions_floor_usage":[12],"damage_taken":[{"damage":0.0,"enemies":"Jaw Worm","floor":1.0,"turns":1.0},{"damage":0,"enemies":"2 Louse","floor":4,"turns":1},{"damage":0,"enemies":"Cultist","floor":5,"turns":1},{"damage":49,"enemies":"3 Sentries","floor":7,"turns":18},{"damage":0,"enemies":"3 Louse","floor":12,"turns":1}],"seed_played":"2772410413519108510","potions_obtained":[{"floor":5,"key":"SpeedPotion"},{"floor":7,"key":"Weak Potion"}],"is_trial":false,"path_per_floor":["M","?","M","M","R","E","R","T","$","R","M"],"character_chosen":"THE_SILENT","items_purchased":["Calculated Gamble"],"campfire_rested":0,"item_purchase_floors":[10],"current_hp_per_floor":[59,52,52,52,52,52,3,3,3,3,3,3],"gold":37,"neow_bonus":"THREE_ENEMY_KILL","is_prod":false,"is_daily":false,"chose_seed":false,"campfire_upgraded":3,"win_rate":0,"timestamp":1545904708,"path_taken":["M","?","?","M","M","R","E","R","T","$","R","M"],"build_version":"2018-12-25","purchased_purges":1,"victory":false,"max_hp_per_floor":[66,66,60,60,60,60,60,60,60,60,60,60],"card_choices":[{"not_picked":["PiercingWail","Calculated Gamble"],"picked":"Dash","floor":1.0},{"not_picked":["Prepared","Sucker Punch"],"picked":"Backflip","floor":4},{"not_picked":["Crippling Poison","Poisoned Stab"],"picked":"Acrobatics","floor":5},{"not_picked":["Doppelganger","Dagger Spray"],"picked":"Noxious Fumes","floor":7}],"player_experience":1241941,"relics_obtained":[],"event_choices":[{"cards_removed":["Strike_G"],"damage_healed":0,"gold_gain":0,"player_choice":"Card Removal","damage_taken":7,"max_hp_gain":0,"max_hp_loss":0,"event_name":"Golden Wing","floor":2,"gold_loss":0},{"damage_healed":0,"gold_gain":0,"player_choice":"Lose Max HP","damage_taken":0,"relics_obtained":["Golden Idol"],"max_hp_gain":0,"max_hp_loss":6,"event_name":"Golden Idol","floor":3,"gold_loss":0}],"is_beta":true,"boss_relics":[],"items_purged_floors":[10],"is_endless":false,"potions_floor_spawned":[5,7],"killed_by":"3 Louse","ascension_level":20}