{"gold_per_floor":[115,28,40,40,54,54,54,54,54,72,72,99,117,147,147,226,226,236,249,133,133,143,143,143],"floor_reached":24,"playtime":963,"items_purged":["Strike_G"],"score":412,"play_id":"8e4d2b7d-c7b1-4c43-a7fe-133c656f4ebc","local_time":"20181229232012","is_ascension_mode":true,"campfire_choices":[{"data":"Catalyst","floor":6.0,"key":"SMITH"},{"data":"Deadly Poison","floor":8.0,"key":"SMITH"},{"data":"Neutralize","floor":11.0,"key":"SMITH"},{"data":"Deadly Poison","floor":15.0,"key":"SMITH"},{"data":"Catalyst","floor":23,"key":"SMITH"}],"neow_cost":"NONE","seed_source_timestamp":44477902000600,"circlet_count":0,"master_deck":["AscendersBane","Defend_G","Defend_G","Defend_G","Defend_G","Defend_G","Strike_G","Strike_G","Strike_G","Survivor","Neutralize+1","Catalyst+1","Deadly Poison+1","Masterful Stab","Deadly Poison+1","Corpse Explosion","Well Laid Plans","Catalyst+1"],"special_seed":0,"relics":["Ring of the Snake","Tough Bandages","Strawberry","Mummified Hand","Sozu"],"potions_floor_usage":[],"damage_taken":[{"damage":0.0,"enemies":"2 Louse","floor":1.0,"turns":2.0},{"damage":11.0,"enemies":"Cultist","floor":3.0,"turns":6.0},{"damage":2.0,"enemies":"Small Slimes","floor":5.0,"turns":4.0},{"damage":14.0,"enemies":"Exordium Wildlife","floor":10.0,"turns":7.0},{"damage":18.0,"enemies":"Lagavulin","floor":12.0,"turns":5.0},{"damage":0.0,"enemies":"Blue Slaver","floor":13.0,"turns":3.0},{"damage":5.0,"enemies":"3 Sentries","floor":14.0,"turns":9.0},{"damage":7.0,"enemies":"Hexaghost","floor":16.0,"turns":7.0},{"damage":2,"enemies":"3 Byrds","floor":18,"turns":3},{"damage":28,"enemies":"Shell Parasite","floor":19,"turns":5},{"damage":16,"enemies":"Colosseum Slavers","floor":21,"turns":3},{"damage":7,"enemies":"Centurion and Healer","floor":22,"turns":3},{"damage":0,"enemies":"Slavers","floor":24,"turns":1}],"seed_played":"4976247668361992596","potions_obtained":[{"floor":12.0,"key":"Strength Potion"},{"floor":13.0,"key":"Fire Potion"}],"is_trial":false,"path_per_floor":["M","$","M","$","M","R","?","R","T","M","R","E","M","E","R","B",null,"M","M","$","?","M","R","E"],"character_chosen":"THE_SILENT","items_purchased":["Catalyst","Well Laid Plans"],"campfire_rested":0,"item_purchase_floors":[2,20],"current_hp_per_floor":[65,65,54,54,52,52,52,52,52,38,38,27,27,22,22,15,63,61,33,33,17,10,10,10],"gold":143,"neow_bonus":"TEN_PERCENT_HP_BONUS","is_prod":false,"is_daily":false,"chose_seed":false,"campfire_upgraded":5,"win_rate":0,"timestamp":1546096812,"path_taken":["M","$","M","$","M","R","?","R","T","M","R","E","M","E","R","BOSS","M","M","?","?","?","R","E"],"build_version":"2018-12-20","purchased_purges":1,"victory":false,"max_hp_per_floor":[72,72,72,72,72,72,72,72,72,72,72,79,79,79,79,79,79,79,79,79,79,79,79,79],"card_choices":[{"not_picked":["Bane","Reflex","Flying Knee"],"picked":"SKIP","floor":1.0},{"not_picked":["Distraction","Slice"],"picked":"Deadly Poison","floor":3.0},{"not_picked":["Dash","Outmaneuver","Deflect"],"picked":"SKIP","floor":5.0},{"not_picked":["Accuracy","Storm of Steel"],"picked":"Masterful Stab","floor":10.0},{"not_picked":["Flechettes","Riddle With Holes","Bane"],"picked":"SKIP","floor":12.0},{"not_picked":["Finisher","Sucker Punch","Terror"],"picked":"SKIP","floor":13.0},{"not_picked":["Slice","Blade Dance"],"picked":"Deadly Poison","floor":14.0},{"not_picked":["Malaise","After Image"],"picked":"Corpse Explosion","floor":16.0},{"not_picked":["Deadly Poison","Quick Slash","Underhanded Strike"],"picked":"SKIP","floor":18},{"not_picked":["Flechettes","PiercingWail","Finisher"],"picked":"SKIP","floor":19},{"not_picked":["Cloak And Dagger","Bane"],"picked":"Catalyst","floor":22}],"player_experience":1586019,"relics_obtained":[{"floor":9.0,"key":"Tough Bandages"},{"floor":12.0,"key":"Strawberry"},{"floor":14.0,"key":"Mummified Hand"}],"event_choices":[{"cards_removed":["Strike_G"],"damage_healed":0.0,"max_hp_gain":0.0,"max_hp_loss":0.0,"gold_gain":0.0,"event_name":"Bonfire Elementals","player_choice":"Offered Basic","floor":7.0,"gold_loss":0.0,"damage_taken":0.0},{"damage_healed":0,"gold_gain":0,"player_choice":"Fight","damage_taken":0,"max_hp_gain":0,"max_hp_loss":0,"event_name":"Colosseum","floor":21,"gold_loss":0},{"damage_healed":0,"gold_gain":0,"player_choice":"Fled From Nobs","damage_taken":0,"max_hp_gain":0,"max_hp_loss":0,"event_name":"Colosseum","floor":21,"gold_loss":0}],"is_beta":false,"boss_relics":[{"not_picked":["Lizard Tail","HoveringKite"],"picked":"Sozu"}],"items_purged_floors":[20],"is_endless":false,"potions_floor_spawned":[12,13,22],"killed_by":"Slavers","ascension_level":20}