{"gold_per_floor":[117,13,29,29,104,104,134,134,134,148,164,164,164,180,180,259,259,279,299,299],"floor_reached":20,"playtime":411,"items_purged":[],"score":498,"play_id":"8183c84f-9778-4a65-8e41-d07f6a5442e0","local_time":"20190301155714","is_ascension_mode":true,"campfire_choices":[{"data":"Darkness","floor":6,"key":"SMITH"},{"data":"Defragment","floor":8,"key":"SMITH"},{"data":"Zap","floor":13,"key":"SMITH"},{"data":"Coolheaded","floor":15,"key":"SMITH"}],"neow_cost":"NONE","seed_source_timestamp":87906522451380,"circlet_count":0,"master_deck":["AscendersBane","Strike_B","Strike_B","Strike_B","Defend_B","Defend_B","Defend_B","Defend_B","Zap+1","Dualcast","Darkness+1","Coolheaded+1","Go for the Eyes","Conserve Battery","Defragment+1","Cold Snap","Coolheaded","All For One","Redo","Coolheaded"],"relics":["Cracked Core","NeowsBlessing","Sundial","Matryoshka","Philosopher\u0027s Stone"],"potions_floor_usage":[16,16],"damage_taken":[{"damage":0,"enemies":"Cultist","floor":1,"turns":1},{"damage":0,"enemies":"2 Louse","floor":3,"turns":1},{"damage":0,"enemies":"Gremlin Nob","floor":7,"turns":1},{"damage":7,"enemies":"Jaw Worm","floor":10,"turns":4},{"damage":17,"enemies":"3 Louse","floor":11,"turns":3},{"damage":0,"enemies":"Exordium Thugs","floor":14,"turns":4},{"damage":0,"enemies":"Hexaghost","floor":16,"turns":8},{"damage":47,"enemies":"3 Byrds","floor":18,"turns":5},{"damage":13,"enemies":"Spheric Guardian","floor":19,"turns":6},{"damage":1,"enemies":"Chosen and Byrds","floor":20,"turns":1}],"seed_played":"-7500423017379717635","potions_obtained":[{"floor":3,"key":"FocusPotion"},{"floor":7,"key":"LiquidBronze"},{"floor":18,"key":"Strength Potion"},{"floor":19,"key":"Explosive Potion"}],"is_trial":false,"path_per_floor":["M","$","M","?","?","R","E","R","T","M","M","?","R","M","R","B",null,"M","M","M"],"character_chosen":"DEFECT","items_purchased":["Coolheaded","Go for the Eyes"],"campfire_rested":0,"item_purchase_floors":[2,2],"current_hp_per_floor":[64,64,64,64,53,53,53,53,53,46,29,29,29,29,29,29,61,14,1,0],"gold":299,"neow_bonus":"THREE_ENEMY_KILL","is_prod":false,"is_daily":false,"chose_seed":false,"campfire_upgraded":4,"win_rate":0,"timestamp":1551427034,"path_taken":["M","$","?","?","?","R","E","R","T","M","M","?","R","M","R","BOSS","M","M","M"],"build_version":"2019-01-23","purchased_purges":0,"victory":false,"max_hp_per_floor":[71,71,71,71,71,71,71,71,71,71,71,71,71,71,71,71,71,71,71,71],"card_choices":[{"not_picked":["Rebound","Redo"],"picked":"Darkness","floor":1},{"not_picked":["Redo","Go for the Eyes"],"picked":"Conserve Battery","floor":3},{"not_picked":["Hologram","Turbo"],"picked":"Defragment","floor":7},{"not_picked":["Conserve Battery","Doom and Gloom"],"picked":"Cold Snap","floor":10},{"not_picked":["Go for the Eyes","Cold Snap"],"picked":"Coolheaded","floor":11},{"not_picked":["Sunder","Lockon","Force Field"],"picked":"SKIP","floor":14},{"not_picked":["Amplify","Biased Cognition"],"picked":"All For One","floor":16},{"not_picked":["Chaos","Beam Cell"],"picked":"Redo","floor":18},{"not_picked":["Steam","Fusion"],"picked":"Coolheaded","floor":19}],"player_experience":1052436,"relics_obtained":[{"floor":7,"key":"Sundial"},{"floor":9,"key":"Matryoshka"}],"event_choices":[{"damage_healed":0,"gold_gain":0,"player_choice":"Ignored","damage_taken":0,"max_hp_gain":0,"max_hp_loss":0,"event_name":"Liars Game","floor":4,"gold_loss":0},{"damage_healed":0,"gold_gain":75,"player_choice":"Gather Gold","damage_taken":11,"max_hp_gain":0,"max_hp_loss":0,"event_name":"World of Goop","floor":5,"gold_loss":0},{"cards_removed":["Strike_B"],"damage_healed":0,"gold_gain":0,"player_choice":"Purged","damage_taken":0,"max_hp_gain":0,"max_hp_loss":0,"event_name":"Purifier","floor":12,"gold_loss":0}],"is_beta":false,"boss_relics":[{"not_picked":["FrozenCore","Fusion Hammer"],"picked":"Philosopher\u0027s Stone"}],"items_purged_floors":[],"is_endless":false,"potions_floor_spawned":[3,7,10,11,18,19],"killed_by":"Chosen and Byrds","ascension_level":20}