{"gold_per_floor":[118,118,42,54,74,34,34,50,97,108,108,122,122,137,137,233,233,206,217,142,155,174,189,189,189,189,89,89,89,100,129,129,228,228,246,258,270,44,54,54,54,54,54,70,86,115,115,130,130,130],"floor_reached":51,"playtime":2219,"items_purged":["Decay","Strike_G"],"score":795,"play_id":"c539c1a6-7a6d-454b-bffc-72ad6224f121","local_time":"20181014234707","is_ascension_mode":false,"campfire_choices":[{"data":"Bouncing Flask","floor":7,"key":"SMITH"},{"data":"Footwork","floor":11,"key":"SMITH"},{"data":"Footwork","floor":13,"key":"SMITH"},{"data":"Crippling Poison","floor":15,"key":"SMITH"},{"data":"Bouncing Flask","floor":24,"key":"SMITH"},{"data":"Deadly Poison","floor":29,"key":"SMITH"},{"data":"Crippling Poison","floor":32,"key":"SMITH"},{"data":"Corpse Explosion","floor":40,"key":"SMITH"},{"data":"Malaise","floor":42,"key":"SMITH"},{"data":"Envenom","floor":47,"key":"SMITH"},{"floor":49,"key":"REST"}],"neow_cost":"CURSE","seed_source_timestamp":4559854040244,"circlet_count":0,"master_deck":["Defend_G+1","Defend_G","Defend_G","Defend_G","Defend_G","Strike_G","Strike_G","Strike_G","Strike_G","Survivor","Neutralize+1","Footwork+1","Cloak And Dagger","Distraction","Bouncing Flask+1","Backflip","Footwork+1","Crippling Poison+1","Malaise+1","Bouncing Flask+1","Crippling Poison+1","Deadly Poison+1","Envenom+1","Sucker Punch+1","Ghostly","Ghostly","Ghostly","Ghostly","Ghostly","PiercingWail+1","Corpse Explosion+1","Footwork+1","Deadly Poison+1","Footwork+1","Storm of Steel","Storm of Steel","Backflip"],"relics":["Ring of the Snake","Dead Branch","Strawberry","Velvet Choker","Nilry\u0027s Codex","Frozen Egg 2","Pen Nib","Cursed Key","Membership Card","Bottled Tornado"],"potions_floor_usage":[10,21,23,37,48],"damage_taken":[{"damage":8,"enemies":"Jaw Worm","floor":1,"turns":6},{"damage":0,"enemies":"Small Slimes","floor":4,"turns":5},{"damage":0,"enemies":"2 Louse","floor":5,"turns":2},{"damage":0,"enemies":"Looter","floor":8,"turns":3},{"damage":0,"enemies":"Exordium Thugs","floor":10,"turns":5},{"damage":0,"enemies":"3 Louse","floor":12,"turns":5},{"damage":7,"enemies":"2 Fungi Beasts","floor":14,"turns":4},{"damage":20,"enemies":"The Guardian","floor":16,"turns":10},{"damage":4,"enemies":"2 Thieves","floor":18,"turns":5},{"damage":7,"enemies":"3 Byrds","floor":19,"turns":3},{"damage":2,"enemies":"Snake Plant","floor":21,"turns":5},{"damage":6,"enemies":"Cultist and Chosen","floor":22,"turns":6},{"damage":7,"enemies":"Shelled Parasite and Fungi","floor":23,"turns":6},{"damage":2,"enemies":"Centurion and Healer","floor":30,"turns":7},{"damage":1,"enemies":"Book of Stabbing","floor":31,"turns":5},{"damage":5,"enemies":"Collector","floor":33,"turns":10},{"damage":0,"enemies":"3 Darklings","floor":35,"turns":3},{"damage":0,"enemies":"3 Shapes","floor":36,"turns":3},{"damage":0,"enemies":"Reptomancer","floor":37,"turns":6},{"damage":0,"enemies":"Maw","floor":39,"turns":7},{"damage":5,"enemies":"Sphere and 2 Shapes","floor":44,"turns":5},{"damage":2,"enemies":"4 Shapes","floor":45,"turns":5},{"damage":3,"enemies":"Giant Head","floor":46,"turns":9},{"damage":4,"enemies":"Spire Growth","floor":48,"turns":6},{"damage":8,"enemies":"Donu and Deca","floor":50,"turns":7}],"seed_played":"-1829829543766518200","potions_obtained":[{"floor":5,"key":"Energy Potion"},{"floor":12,"key":"Regen Potion"},{"floor":14,"key":"GhostInAJar"},{"floor":16,"key":"Strength Potion"},{"floor":21,"key":"EssenceOfSteel"},{"floor":36,"key":"LiquidBronze"},{"floor":37,"key":"SkillPotion"},{"floor":44,"key":"Weak Potion"},{"floor":45,"key":"FairyPotion"}],"is_trial":false,"path_per_floor":["M","?","$","M","M","$","R","M","T","M","R","M","R","M","R","B",null,"M","M","$","M","M","M","R","?","T","$","?","R","M","E","R","B",null,"M","M","M","$","M","R","?","R","T","M","M","E","R","M","R","B"],"character_chosen":"THE_SILENT","items_purchased":["Footwork","Bouncing Flask","Membership Card","Footwork+1"],"campfire_rested":1,"item_purchase_floors":[3,6,38,38],"current_hp_per_floor":[62,48,48,48,48,48,48,48,55,55,55,55,55,48,48,28,77,73,66,66,77,71,64,64,48,48,48,38,38,36,35,35,30,38,38,38,38,38,38,38,38,38,38,33,31,28,28,24,35,27],"gold":130,"neow_bonus":"ONE_RARE_RELIC","is_prod":false,"is_daily":false,"chose_seed":false,"campfire_upgraded":10,"win_rate":0,"timestamp":1539532027,"path_taken":["M","?","$","M","M","$","R","M","T","M","R","M","R","M","R","BOSS","M","M","$","M","M","M","R","?","T","?","?","R","?","E","R","BOSS","M","M","?","$","M","R","?","R","T","M","M","E","R","?","R","BOSS"],"build_version":"2018-10-11","purchased_purges":2,"victory":true,"max_hp_per_floor":[70,70,70,70,70,70,70,70,77,77,77,77,77,77,77,77,77,77,77,77,77,77,77,77,77,77,77,38,38,38,38,38,38,38,38,38,38,38,38,38,38,38,38,38,38,38,38,38,38,38],"card_choices":[{"not_picked":["Sucker Punch","Acrobatics","Dagger Spray"],"picked":"SKIP","floor":1},{"not_picked":["Prepared","Outmaneuver"],"picked":"Cloak And Dagger","floor":4},{"not_picked":["Caltrops","Prepared"],"picked":"Distraction","floor":5},{"not_picked":["Expertise","Flying Knee"],"picked":"Backflip","floor":8},{"not_picked":["Masterful Stab","Outmaneuver"],"picked":"Footwork","floor":10},{"not_picked":["Prepared","Accuracy","Quick Slash"],"picked":"SKIP","floor":12},{"not_picked":["Poisoned Stab","Sucker Punch"],"picked":"Crippling Poison","floor":14},{"not_picked":["Wraith Form v2","Burst"],"picked":"Malaise","floor":16},{"not_picked":["Flying Knee","Poisoned Stab"],"picked":"Bouncing Flask","floor":18},{"not_picked":["Quick Slash","Outmaneuver+1"],"picked":"Crippling Poison","floor":19},{"not_picked":["Dash","Bane"],"picked":"Deadly Poison","floor":21},{"not_picked":["Distraction","Backflip"],"picked":"Envenom","floor":22},{"not_picked":["Reflex+1","Deflect"],"picked":"Sucker Punch+1","floor":23},{"not_picked":["Reflex","Underhanded Strike","Prepared"],"picked":"SKIP","floor":30},{"not_picked":["Terror","Bane"],"picked":"PiercingWail+1","floor":31},{"not_picked":["Malaise","Phantasmal Killer"],"picked":"Corpse Explosion","floor":33},{"not_picked":["Dodge and Roll+1","Bane+1"],"picked":"Footwork+1","floor":35},{"not_picked":["Infinite Blades+1","Blade Dance"],"picked":"Deadly Poison+1","floor":36},{"not_picked":["Skewer+1","Quick Slash","Accuracy+1"],"picked":"SKIP","floor":37},{"not_picked":["Deflect","Underhanded Strike","Quick Slash"],"picked":"SKIP","floor":39},{"not_picked":["Poisoned Stab","Quick Slash"],"picked":"Storm of Steel","floor":44},{"not_picked":["Outmaneuver","PiercingWail","Heel Hook+1"],"picked":"SKIP","floor":45},{"not_picked":["Underhanded Strike+1","Poisoned Stab"],"picked":"Storm of Steel","floor":46},{"not_picked":["Cloak And Dagger+1","Bane+1"],"picked":"Backflip","floor":48}],"player_experience":191648,"relics_obtained":[{"floor":9,"key":"Strawberry"},{"floor":25,"key":"Nilry\u0027s Codex"},{"floor":26,"key":"Frozen Egg 2"},{"floor":31,"key":"Pen Nib"},{"floor":46,"key":"Bottled Tornado"}],"event_choices":[{"event_name":"Shining Light","player_choice":"Entered Light","floor":2,"damage_taken":0},{"event_name":"Cursed Tome","player_choice":"Obtained Book","floor":25,"damage_taken":0},{"event_name":"Ghosts","player_choice":"Became a Ghost","floor":28,"damage_taken":0},{"event_name":"The Woman in Blue","player_choice":"Bought 0 Potions","floor":41,"damage_taken":0}],"is_beta":false,"boss_relics":[{"not_picked":["Coffee Dripper","Sozu"],"picked":"Velvet Choker"},{"not_picked":["Fusion Hammer","Eternal Feather"],"picked":"Cursed Key"}],"items_purged_floors":[20,27],"is_endless":false,"potions_floor_spawned":[5,12,14,16,18,21,22,36,37,44,45,46],"ascension_level":0}