{"gold_per_floor":[111,111,16,16,35,35,50,50,127,137,137,137,162,177,177,177],"floor_reached":16,"playtime":387,"items_purged":[],"score":200,"play_id":"b93437dd-9e9f-4514-977a-4c8983b2a420","local_time":"20190212133845","is_ascension_mode":true,"campfire_choices":[{"data":"Bouncing Flask","floor":6,"key":"SMITH"},{"data":"Skewer","floor":8,"key":"SMITH"},{"data":"Neutralize","floor":12,"key":"SMITH"},{"floor":15,"key":"REST"}],"neow_cost":"NONE","seed_source_timestamp":13974701335162,"circlet_count":0,"master_deck":["AscendersBane","Defend_G","Defend_G","Defend_G","Defend_G","Defend_G","Strike_G+1","Strike_G+1","Strike_G","Survivor","Neutralize+1","Skewer+1","Footwork","Backflip","Bouncing Flask+1"],"special_seed":0,"relics":["HoveringKite","Bottled Tornado"],"potions_floor_usage":[14,14],"damage_taken":[{"damage":10.0,"enemies":"Small Slimes","floor":1.0,"turns":7.0},{"damage":0,"enemies":"2 Louse","floor":5,"turns":2},{"damage":0,"enemies":"Cultist","floor":7,"turns":3},{"damage":2,"enemies":"3 Louse","floor":10,"turns":5},{"damage":16,"enemies":"Lagavulin","floor":13,"turns":7},{"damage":4,"enemies":"Large Slime","floor":14,"turns":3},{"damage":0,"enemies":"Slime Boss","floor":16,"turns":1}],"seed_played":"7124544139112661804","potions_obtained":[{"floor":1.0,"key":"Fire Potion"},{"floor":7,"key":"Fire Potion"}],"is_trial":false,"path_per_floor":["M","?","$","?","M","R","M","R","T","M","?","R","E","M","R","B"],"character_chosen":"THE_SILENT","items_purchased":["Footwork","Backflip"],"campfire_rested":1,"item_purchase_floors":[3,3],"current_hp_per_floor":[49,29,29,29,29,29,29,29,29,27,27,27,11,7,26,26],"gold":177,"neow_bonus":"BOSS_RELIC","is_prod":false,"is_daily":false,"chose_seed":false,"campfire_upgraded":3,"win_rate":0,"timestamp":1549949925,"path_taken":["M","?","$","?","M","R","M","R","T","M","?","R","E","M","R","BOSS"],"build_version":"2019-01-23","purchased_purges":0,"victory":false,"max_hp_per_floor":[66,66,66,66,66,66,66,66,66,66,66,66,66,66,66,66],"card_choices":[{"not_picked":["All Out Attack","Poisoned Stab"],"picked":"Skewer","floor":1.0},{"not_picked":["Flying Knee","Dash"],"picked":"Bouncing Flask","floor":5},{"not_picked":["Flying Knee","Setup","Blade Dance"],"picked":"SKIP","floor":7},{"not_picked":["Deflect","Cloak And Dagger","Masterful Stab"],"picked":"SKIP","floor":10},{"not_picked":["Escape Plan","Sucker Punch","Phantasmal Killer"],"picked":"SKIP","floor":13},{"not_picked":["Flechettes","Terror","Deflect"],"picked":"SKIP","floor":14}],"player_experience":2640001,"relics_obtained":[{"floor":13,"key":"Bottled Tornado"}],"event_choices":[{"damage_healed":0.0,"max_hp_gain":0.0,"max_hp_loss":0.0,"gold_gain":0.0,"event_name":"Shining Light","player_choice":"Entered Light","floor":2.0,"gold_loss":0.0,"damage_taken":20.0,"cards_upgraded":["Strike_G","Strike_G"]},{"cards_removed":["Strike_G"],"damage_healed":0,"gold_gain":0,"player_choice":"Forget","damage_taken":0,"max_hp_gain":0,"max_hp_loss":0,"event_name":"Living Wall","floor":4,"gold_loss":0},{"cards_removed":["Strike_G"],"damage_healed":0,"gold_gain":0,"player_choice":"Purged","damage_taken":0,"max_hp_gain":0,"max_hp_loss":0,"event_name":"Purifier","floor":11,"gold_loss":0}],"is_beta":false,"boss_relics":[],"items_purged_floors":[],"is_endless":false,"potions_floor_spawned":[1,7,13],"killed_by":"Slime Boss","ascension_level":20}