{"gold_per_floor":[114,114,126,152,169,204,204,218,218,168,46,60,60,78,78,78],"floor_reached":16,"playtime":728,"items_purged":["Defend_B"],"score":102,"play_id":"e7ee8193-3284-47fb-85d5-ae46b5410b49","local_time":"20180623200101","is_ascension_mode":false,"campfire_choices":[{"floor":7,"key":"REST"},{"floor":15,"key":"REST"}],"neow_cost":"NONE","seed_source_timestamp":20703545367674,"circlet_count":0,"master_deck":["Strike_B","Strike_B","Strike_B","Defend_B","Defend_B","Defend_B","Zap","Dualcast","Meteor Strike","Streamline","Turbo","Fusion","Double Energy","Hologram","FTL","Defragment"],"relics":["Cracked Core","Potion Belt","Lantern","Bottled Flame","Regal Pillow"],"potions_floor_usage":[6],"damage_taken":[{"damage":7,"enemies":"2 Louse","floor":1,"turns":3},{"damage":0,"enemies":"Small Slimes","floor":3,"turns":3},{"damage":1,"enemies":"Jaw Worm","floor":5,"turns":3},{"damage":27,"enemies":"Gremlin Nob","floor":6,"turns":4},{"damage":8,"enemies":"3 Louse","floor":8,"turns":2},{"damage":8,"enemies":"2 Fungi Beasts","floor":12,"turns":3},{"damage":11,"enemies":"Gremlin Gang","floor":14,"turns":4},{"damage":61,"enemies":"The Guardian","floor":16,"turns":8}],"seed_played":"-4928826720023140064","potions_obtained":[{"floor":1,"key":"EssenceOfSteel"},{"floor":3,"key":"Weak Potion"},{"floor":12,"key":"FocusPotion"},{"floor":14,"key":"Strength Potion"}],"is_trial":false,"path_per_floor":["M","?","M","T","M","E","R","M","T","?","$","M","$","M","R"],"character_chosen":"DEFECT","items_purchased":["Hologram"],"campfire_rested":2,"item_purchase_floors":[11],"current_hp_per_floor":[68,56,56,56,55,28,50,42,42,42,42,34,34,23,60,0],"gold":78,"neow_bonus":"ONE_RANDOM_RARE_CARD","is_prod":false,"is_daily":false,"chose_seed":false,"campfire_upgraded":0,"win_rate":0,"timestamp":1529776861,"path_taken":["M","?","M","?","M","E","R","M","T","?","$","?","?","M","R","BOSS"],"build_version":"2018-06-21v2","purchased_purges":1,"victory":false,"max_hp_per_floor":[75,75,75,75,75,75,75,75,75,75,75,75,75,75,75,75],"card_choices":[{"not_picked":["Scrape","Hello World"],"picked":"Streamline","floor":1},{"not_picked":["Conserve Battery","Rebound"],"picked":"Turbo","floor":3},{"not_picked":["Sweeping Beam","Lockon","Streamline"],"picked":"SKIP","floor":5},{"not_picked":["Reboot","Steam Power"],"picked":"Fusion","floor":6},{"not_picked":["Consume","Lockon"],"picked":"Double Energy","floor":8},{"not_picked":["Go for the Eyes","Force Field"],"picked":"FTL","floor":12},{"not_picked":["Force Field","Beam Cell"],"picked":"Defragment","floor":14}],"player_experience":270459,"relics_obtained":[{"floor":4,"key":"Lantern"},{"floor":6,"key":"Bottled Flame"},{"floor":9,"key":"Regal Pillow"}],"event_choices":[{"event_name":"Scrap Ooze","player_choice":"success","floor":2,"damage_taken":12},{"event_name":"The Cleric","player_choice":"Card Removal","floor":10,"damage_taken":0}],"boss_relics":[],"items_purged_floors":[11],"is_endless":false,"potions_floor_spawned":[1,3,12,14],"killed_by":"The Guardian","ascension_level":0}