{"gold_per_floor":[12,12,12,28,44,44,71,71,71,126,126,145,171,241,241,318,318,337,337,337,154,164,164,14,14,14,14,27,40,40,52,52,128,128,142,142,159,34,34,34,34,34,34,50,65,65,75,107,107,107],"floor_reached":50,"playtime":1808,"items_purged":["Strike_B","Strike_B","Cold Snap"],"score":1106,"play_id":"a46b3256-3bb6-4755-8e80-cb31e40ab100","local_time":"20190223000056","is_ascension_mode":true,"campfire_choices":[{"data":"Defragment","floor":6.0,"key":"SMITH"},{"data":"Coolheaded","floor":8.0,"key":"SMITH"},{"data":"Streamline","floor":11.0,"key":"SMITH"},{"data":"Recycle","floor":15.0,"key":"SMITH"},{"data":"Zap","floor":23.0,"key":"SMITH"},{"data":"Beam Cell","floor":27.0,"key":"SMITH"},{"data":"Coolheaded","floor":30.0,"key":"SMITH"},{"data":"Hologram","floor":32.0,"key":"SMITH"},{"data":"Dualcast","floor":40.0,"key":"SMITH"},{"data":"Turbo","floor":42.0,"key":"SMITH"},{"data":"Defend_B","floor":49.0,"key":"PURGE"}],"neow_cost":"NO_GOLD","seed_source_timestamp":444873461161519,"circlet_count":0,"master_deck":["AscendersBane","Defend_B","Zap+1","Dualcast+1","Buffer","Skim","Defragment+1","Coolheaded+1","Streamline+1","Recycle+1","FTL","Rainbow","Gash","Hologram+1","Beam Cell+1","Turbo+1","Echo Form","Leap+1","Capacitor+1"],"special_seed":0,"relics":["Cracked Core","Unceasing Top","Kunai","Centennial Puzzle","Vajra","Coffee Dripper","FaceOfCleric","Du-Vu Doll","Empty Cage","Sundial","Peace Pipe","Dodecahedron"],"potions_floor_usage":[50,50,50,50],"damage_taken":[{"damage":0.0,"enemies":"Small Slimes","floor":1.0,"turns":3.0},{"damage":4.0,"enemies":"2 Louse","floor":4.0,"turns":3.0},{"damage":1.0,"enemies":"Cultist","floor":5.0,"turns":4.0},{"damage":21.0,"enemies":"3 Sentries","floor":7.0,"turns":10.0},{"damage":24.0,"enemies":"Gremlin Nob","floor":10.0,"turns":4.0},{"damage":1.0,"enemies":"Blue Slaver","floor":12.0,"turns":5.0},{"damage":4.0,"enemies":"Lagavulin","floor":13.0,"turns":7.0},{"damage":0.0,"enemies":"Hexaghost","floor":16.0,"turns":9.0},{"damage":25.0,"enemies":"2 Thieves","floor":18.0,"turns":4.0},{"damage":2.0,"enemies":"Chosen","floor":22.0,"turns":4.0},{"damage":6.0,"enemies":"Snake Plant","floor":28.0,"turns":3.0},{"damage":4.0,"enemies":"Chosen and Byrds","floor":29.0,"turns":6.0},{"damage":2.0,"enemies":"Snecko","floor":31.0,"turns":4.0},{"damage":4.0,"enemies":"Automaton","floor":33.0,"turns":8.0},{"damage":5.0,"enemies":"3 Darklings","floor":35.0,"turns":5.0},{"damage":0.0,"enemies":"3 Shapes","floor":37.0,"turns":6.0},{"damage":29.0,"enemies":"Jaw Worm Horde","floor":44.0,"turns":4.0},{"damage":0.0,"enemies":"Sphere and 2 Shapes","floor":45.0,"turns":4.0},{"damage":0.0,"enemies":"Transient","floor":47.0,"turns":6.0},{"damage":8.0,"enemies":"Giant Head","floor":48.0,"turns":6.0},{"damage":64,"enemies":"Awakened One","floor":50,"turns":3}],"seed_played":"-6898246738746919288","potions_obtained":[{"floor":1.0,"key":"FearPotion"},{"floor":5.0,"key":"EssenceOfSteel"},{"floor":13.0,"key":"Energy Potion"},{"floor":18.0,"key":"Energy Potion"},{"floor":31.0,"key":"Strength Potion"},{"floor":44.0,"key":"EntropicBrew"},{"floor":48.0,"key":"SpeedPotion"}],"is_trial":false,"path_per_floor":["M","?","$","M","M","R","E","R","T","?","R","M","E","?","R","B",null,"M","?","?","$","M","R","$","?","T","R","M","M","R","M","R","B",null,"M","?","M","$","T","R","?","R","T","M","M","?","M","E","R","B"],"character_chosen":"DEFECT","items_purchased":["Gash","Hologram","Beam Cell"],"campfire_rested":0,"item_purchase_floors":[21,21,24],"current_hp_per_floor":[64,64,64,60,59,59,38,38,38,14,14,13,9,9,9,9,56,31,31,31,31,29,29,29,29,29,29,24,21,21,20,20,17,61,57,57,58,58,58,58,58,58,58,30,31,65,66,59,59,0],"gold":107,"neow_bonus":"THREE_RARE_CARDS","is_prod":false,"is_daily":false,"chose_seed":false,"campfire_upgraded":10,"win_rate":0,"timestamp":1550851256,"path_taken":["M","?","$","M","M","R","E","R","T","?","R","M","E","?","R","BOSS","M","?","?","$","M","R","$","?","T","R","?","M","R","M","R","BOSS","M","?","M","$","?","R","?","R","T","M","M","?","M","E","R","BOSS"],"build_version":"2019-01-23","purchased_purges":3,"victory":false,"max_hp_per_floor":[71,71,71,71,71,71,71,71,71,71,71,71,71,71,71,71,71,71,71,71,71,71,71,71,71,71,71,72,73,73,74,74,75,75,76,76,77,77,77,77,77,77,77,78,79,65,66,67,67,67],"card_choices":[{"not_picked":["Amplify","Machine Learning"],"picked":"Buffer","floor":0.0},{"not_picked":["Beam Cell","Reinforced Body"],"picked":"Skim","floor":1.0},{"not_picked":["Doom and Gloom","Melter"],"picked":"Defragment","floor":4.0},{"not_picked":["FTL","Sweeping Beam"],"picked":"Coolheaded","floor":5.0},{"not_picked":["Leap","Hyperbeam"],"picked":"Streamline","floor":7.0},{"not_picked":["Rip and Tear","Gash"],"picked":"Recycle","floor":10.0},{"not_picked":["Storm","Redo"],"picked":"Coolheaded","floor":12.0},{"not_picked":["Go for the Eyes","Redo"],"picked":"FTL","floor":13.0},{"not_picked":["Multi-Cast","Machine Learning"],"picked":"Rainbow","floor":16.0},{"not_picked":["Ball Lightning","Heatsinks"],"picked":"Cold Snap","floor":18.0},{"not_picked":["Leap","Consume+1","Barrage"],"picked":"SKIP","floor":22.0},{"not_picked":["Barrage+1","Core Surge"],"picked":"Turbo","floor":28.0},{"not_picked":["White Noise","Leap","Streamline+1"],"picked":"SKIP","floor":29.0},{"not_picked":["Turbo","Leap","Redo"],"picked":"SKIP","floor":31.0},{"not_picked":["Machine Learning","Seek"],"picked":"Echo Form","floor":33.0},{"not_picked":["Cold Snap","Scrape"],"picked":"Leap+1","floor":35.0},{"not_picked":["Go for the Eyes","Cold Snap","Auto Shields+1"],"picked":"SKIP","floor":37.0},{"not_picked":["Turbo","Sweeping Beam","Conserve Battery+1"],"picked":"SKIP","floor":44.0},{"not_picked":["Rebound","Beam Cell+1","Stack+1"],"picked":"SKIP","floor":45.0},{"not_picked":["Storm","Compile Driver+1"],"picked":"Capacitor+1","floor":47.0},{"not_picked":["Biased Cognition","Auto Shields","Recycle"],"picked":"SKIP","floor":48.0}],"player_experience":918561,"relics_obtained":[{"floor":7.0,"key":"Unceasing Top"},{"floor":9.0,"key":"Kunai"},{"floor":10.0,"key":"Centennial Puzzle"},{"floor":13.0,"key":"Vajra"},{"floor":26.0,"key":"Du-Vu Doll"},{"floor":39.0,"key":"Sundial"},{"floor":43.0,"key":"Peace Pipe"},{"floor":48.0,"key":"Dodecahedron"}],"event_choices":[{"cards_removed":["Strike_B"],"damage_healed":0.0,"max_hp_gain":0.0,"max_hp_loss":0.0,"gold_gain":0.0,"event_name":"Living Wall","player_choice":"Forget","floor":2.0,"gold_loss":0.0,"damage_taken":0.0},{"damage_healed":0.0,"max_hp_gain":0.0,"max_hp_loss":0.0,"gold_gain":0.0,"event_name":"Dead Adventurer","player_choice":"Searched \u00271\u0027 times","floor":10.0,"gold_loss":0.0,"damage_taken":0.0},{"damage_healed":0.0,"max_hp_gain":0.0,"max_hp_loss":0.0,"gold_gain":70.0,"event_name":"Golden Wing","player_choice":"Gained Gold","floor":14.0,"gold_loss":0.0,"damage_taken":0.0},{"damage_healed":0.0,"max_hp_gain":0.0,"max_hp_loss":0.0,"gold_gain":0.0,"event_name":"Vampires","player_choice":"Ignored","floor":19.0,"gold_loss":0.0,"damage_taken":0.0},{"damage_healed":0.0,"max_hp_gain":0.0,"max_hp_loss":0.0,"gold_gain":0.0,"event_name":"Cursed Tome","player_choice":"Ignored","floor":20.0,"gold_loss":0.0,"damage_taken":0.0},{"damage_healed":0.0,"max_hp_gain":0.0,"max_hp_loss":0.0,"gold_gain":0.0,"event_name":"FaceTrader","player_choice":"Trade","floor":25.0,"gold_loss":0.0,"damage_taken":0.0,"relics_obtained":["FaceOfCleric"]},{"cards_removed":["Defend_B"],"damage_healed":0.0,"max_hp_gain":0.0,"max_hp_loss":0.0,"gold_gain":0.0,"event_name":"Wheel of Change","player_choice":"Card Removal","floor":36.0,"gold_loss":0.0,"damage_taken":0.0},{"cards_removed":["Coolheaded"],"damage_healed":0.0,"max_hp_gain":0.0,"max_hp_loss":0.0,"gold_gain":0.0,"event_name":"Falling","player_choice":"Removed Skill","floor":41.0,"gold_loss":0.0,"damage_taken":0.0},{"damage_healed":65.0,"max_hp_gain":0.0,"max_hp_loss":14.0,"gold_gain":0.0,"event_name":"The Moai Head","player_choice":"Heal","floor":46.0,"gold_loss":0.0,"damage_taken":0.0}],"is_beta":false,"boss_relics":[{"not_picked":["Velvet Choker","Pandora\u0027s Box"],"picked":"Coffee Dripper"},{"not_picked":["Inserter","Black Star"],"picked":"Empty Cage"}],"items_purged_floors":[21,24,38],"is_endless":false,"potions_floor_spawned":[1,5,13,18,31,44,48],"killed_by":"Awakened One","ascension_level":20}