{"gold_per_floor":[17,17,17,17,41,41,41,41,119,119,119,140,68,84,84,84],"floor_reached":16,"playtime":570,"items_purged":[],"score":154,"play_id":"a788e8e2-5e24-4881-ab4f-a52762e2b657","local_time":"20190806193540","is_ascension_mode":true,"campfire_choices":[{"floor":6,"key":"REST"},{"data":"Cleave","floor":8,"key":"SMITH"},{"data":"Limit Break","floor":11,"key":"SMITH"},{"data":"Shrug It Off","floor":15,"key":"SMITH"}],"neow_cost":"NO_GOLD","seed_source_timestamp":44718300549272,"circlet_count":0,"master_deck":["AscendersBane","Strike_R","Strike_R","Strike_R","Strike_R","Strike_R","Defend_R","Defend_R","Defend_R","Defend_R","Bash","Limit Break+1","Cleave+1","Shrug It Off+1","Pommel Strike+1","Battle Trance"],"relics":["Burning Blood","Golden Idol","Singing Bowl","Molten Egg 2"],"potions_floor_usage":[],"damage_taken":[{"damage":13,"enemies":"Small Slimes","floor":1,"turns":5},{"damage":14,"enemies":"Jaw Worm","floor":5,"turns":5},{"damage":16,"enemies":"Cultist","floor":12,"turns":4},{"damage":10,"enemies":"Red Slaver","floor":14,"turns":3},{"damage":42,"enemies":"The Guardian","floor":16,"turns":10}],"seed_played":"5916107871516021182","potions_obtained":[{"floor":5,"key":"Energy Potion"},{"floor":12,"key":"LiquidBronze"}],"is_trial":false,"path_per_floor":["M","?","T","$","M","R","$","R","T","?","R","M","$","M","R","B"],"character_chosen":"IRONCLAD","items_purchased":["Battle Trance"],"campfire_rested":1,"item_purchase_floors":[13],"current_hp_per_floor":[61,35,35,35,27,49,49,49,49,54,54,44,44,42,42,0],"gold":84,"neow_bonus":"THREE_RARE_CARDS","is_prod":false,"is_daily":false,"chose_seed":false,"campfire_upgraded":3,"win_rate":0,"timestamp":1565138140,"path_taken":["M","?","?","$","?","R","?","R","T","?","R","M","$","M","R","BOSS"],"build_version":"2019-07-17","purchased_purges":0,"victory":false,"max_hp_per_floor":[75,75,75,75,75,75,75,75,75,80,80,80,80,82,82,82],"card_choices":[{"not_picked":["Immolate","Dark Embrace"],"picked":"Limit Break","floor":0},{"not_picked":["Perfected Strike","Warcry"],"picked":"Cleave","floor":1},{"not_picked":["Clash","Headbutt"],"picked":"Shrug It Off","floor":5},{"not_picked":["Twin Strike+1","Perfected Strike+1"],"picked":"Pommel Strike+1","floor":12},{"not_picked":["Warcry","Infernal Blade","Clash+1"],"picked":"Singing Bowl","floor":14}],"player_experience":458851,"relics_obtained":[{"floor":3,"key":"Singing Bowl"},{"floor":9,"key":"Molten Egg 2"}],"event_choices":[{"damage_healed":0,"gold_gain":0,"player_choice":"Take Damage","damage_taken":26,"relics_obtained":["Golden Idol"],"max_hp_gain":0,"max_hp_loss":0,"event_name":"Golden Idol","floor":2,"gold_loss":0},{"damage_healed":0,"gold_gain":0,"player_choice":"Donut","damage_taken":0,"max_hp_gain":5,"max_hp_loss":0,"event_name":"Big Fish","floor":10,"gold_loss":0}],"is_beta":false,"boss_relics":[],"items_purged_floors":[],"is_endless":false,"potions_floor_spawned":[5,12],"killed_by":"The Guardian","ascension_level":15}