{"gold_per_floor":[366,386,168,184,47,47,65,82,150,170,180,202,202,213,213,316,316,326,326,251,99,99,99,131,131,179,193,193,204,217,229,229,325,325,344,344,144,160,174,174,193,227,227,242,258,258,4,16,16,16],"floor_reached":51,"playtime":2939,"items_purged":["Strike_G","Defend_G","Parasite"],"score":695,"play_id":"b9d12b55-4a77-42ad-b45a-2f8d845b0310","local_time":"20181103164821","is_ascension_mode":false,"campfire_choices":[{"data":"Noxious Fumes","floor":6.0,"key":"SMITH"},{"data":"Noxious Fumes","floor":13.0,"key":"SMITH"},{"data":"Accuracy","floor":15.0,"key":"SMITH"},{"data":"Glass Knife","floor":23.0,"key":"SMITH"},{"data":"1","floor":25.0,"key":"LIFT"},{"data":"Catalyst","floor":28.0,"key":"SMITH"},{"data":"2","floor":32.0,"key":"LIFT"},{"data":"Well Laid Plans","floor":40.0,"key":"SMITH"},{"floor":46,"key":"REST"},{"data":"Night Terror","floor":49,"key":"SMITH"}],"neow_cost":"TEN_PERCENT_HP_LOSS","seed_source_timestamp":0,"circlet_count":0,"master_deck":["Defend_G","Defend_G","Defend_G","Defend_G","Strike_G","Strike_G","Strike_G","Survivor","Neutralize+1","Backflip","Terror","Noxious Fumes+1","Storm of Steel","Cloak And Dagger","Accuracy+1","Noxious Fumes+1","Deadly Poison","Glass Knife+1","Die Die Die","Catalyst+1","Adrenaline","Well Laid Plans+1","Deadly Poison+1","Footwork+1","PiercingWail","Night Terror+1","Leg Sweep+1"],"special_seed":0,"relics":["Ring of the Snake","Potion Belt","Pantograph","Odd Mushroom","Cursed Key","Oddly Smooth Stone","Girya","Eternal Feather","Boot"],"potions_floor_usage":[50],"damage_taken":[{"damage":0.0,"enemies":"Cultist","floor":1.0,"turns":3.0},{"damage":0.0,"enemies":"2 Louse","floor":2.0,"turns":4.0},{"damage":0.0,"enemies":"Jaw Worm","floor":4.0,"turns":7.0},{"damage":0.0,"enemies":"Blue Slaver","floor":7.0,"turns":5.0},{"damage":6.0,"enemies":"Exordium Wildlife","floor":8.0,"turns":6.0},{"damage":10.0,"enemies":"Gremlin Gang","floor":10.0,"turns":5.0},{"damage":2.0,"enemies":"Exordium Thugs","floor":11.0,"turns":6.0},{"damage":5.0,"enemies":"The Mushroom Lair","floor":12.0,"turns":4.0},{"damage":0.0,"enemies":"Large Slime","floor":14.0,"turns":5.0},{"damage":30.0,"enemies":"Slime Boss","floor":16.0,"turns":8.0},{"damage":7.0,"enemies":"2 Thieves","floor":18.0,"turns":4.0},{"damage":16.0,"enemies":"Slavers","floor":24.0,"turns":6.0},{"damage":8.0,"enemies":"Shell Parasite","floor":27.0,"turns":5.0},{"damage":8.0,"enemies":"Snake Plant","floor":29.0,"turns":3.0},{"damage":0.0,"enemies":"Cultist and Chosen","floor":30.0,"turns":4.0},{"damage":5.0,"enemies":"Centurion and Healer","floor":31.0,"turns":5.0},{"damage":1.0,"enemies":"Champ","floor":33.0,"turns":8.0},{"damage":8.0,"enemies":"3 Darklings","floor":35.0,"turns":5.0},{"damage":0.0,"enemies":"3 Shapes","floor":38.0,"turns":4.0},{"damage":21.0,"enemies":"Writhing Mass","floor":39.0,"turns":4.0},{"damage":0.0,"enemies":"Transient","floor":41.0,"turns":5.0},{"damage":29.0,"enemies":"Reptomancer","floor":42.0,"turns":7.0},{"damage":7,"enemies":"4 Shapes","floor":44,"turns":4},{"damage":1,"enemies":"3 Darklings","floor":45,"turns":4},{"damage":0,"enemies":"Maw","floor":48,"turns":5},{"damage":12,"enemies":"Time Eater","floor":50,"turns":5}],"seed_played":"-5843564842982696876","potions_obtained":[{"floor":7.0,"key":"Swift Potion"},{"floor":8.0,"key":"Weak Potion"},{"floor":12.0,"key":"SteroidPotion"},{"floor":18.0,"key":"Weak Potion"},{"floor":27.0,"key":"Strength Potion"},{"floor":30.0,"key":"Dexterity Potion"},{"floor":33.0,"key":"SpeedPotion"},{"floor":35.0,"key":"SpeedPotion"},{"floor":41.0,"key":"SpeedPotion"},{"floor":44,"key":"Poison Potion"}],"is_trial":false,"path_per_floor":["M","M","$","M","$","R","M","M","T","M","M","?","R","M","R","B",null,"M","?","?","$","$","R","E","R","T","M","R","M","M","M","R","B",null,"M","?","$","M","M","R","M","E","T","M","M","R","$","M","R","B",null],"character_chosen":"THE_SILENT","items_purchased":["Potion Belt","Noxious Fumes","Oddly Smooth Stone","Well Laid Plans","Night Terror","SmokeBomb"],"campfire_rested":1,"item_purchase_floors":[3,5,21,37,47,47],"current_hp_per_floor":[63,63,63,63,63,63,63,57,57,47,45,40,40,40,40,33,63,56,56,56,56,56,56,40,40,40,32,32,24,24,19,19,43,63,55,55,55,55,34,46,46,17,17,10,9,42,42,42,57,48],"gold":16,"neow_bonus":"TWO_FIFTY_GOLD","is_prod":false,"is_daily":false,"chose_seed":false,"campfire_upgraded":7,"win_rate":0,"timestamp":1541234901,"path_taken":["M","M","$","M","$","R","M","M","T","M","?","?","R","M","R","BOSS","M","?","?","?","$","R","E","R","T","M","R","M","?","M","R","BOSS","M","?","$","M","M","R","?","E","T","?","?","R","?","M","R","BOSS"],"build_version":"2018-11-01","purchased_purges":3,"victory":true,"max_hp_per_floor":[63,63,63,63,63,63,63,63,63,63,63,63,63,63,63,63,63,63,63,63,63,63,63,63,63,63,63,63,63,63,63,63,63,63,63,63,60,60,60,60,60,60,60,60,60,60,60,60,60,60],"card_choices":[{"not_picked":["Blade Dance","Acrobatics","Slice"],"picked":"SKIP","floor":1.0},{"not_picked":["Prepared","Sucker Punch"],"picked":"Backflip","floor":2.0},{"not_picked":["Outmaneuver","Finisher"],"picked":"Terror","floor":4.0},{"not_picked":["Acrobatics","Underhanded Strike","Blade Dance"],"picked":"SKIP","floor":7.0},{"not_picked":["Dagger Spray","PiercingWail"],"picked":"Storm of Steel","floor":8.0},{"not_picked":["Deflect","Underhanded Strike"],"picked":"Cloak And Dagger","floor":10.0},{"not_picked":["Backflip","Riddle With Holes"],"picked":"Accuracy","floor":11.0},{"not_picked":["All Out Attack","Prepared"],"picked":"Noxious Fumes","floor":12.0},{"not_picked":["Quick Slash","Dash"],"picked":"Deadly Poison","floor":14.0},{"not_picked":["Phantasmal Killer","Bullet Time"],"picked":"Glass Knife","floor":16.0},{"not_picked":["Slice+1","Caltrops","Tactician"],"picked":"SKIP","floor":18.0},{"not_picked":["Bane","Skewer"],"picked":"Die Die Die","floor":24.0},{"not_picked":["Eviscerate","Escape Plan+1"],"picked":"Catalyst","floor":27.0},{"not_picked":["Slice+1","All Out Attack","Flying Knee+1"],"picked":"SKIP","floor":29.0},{"not_picked":["Acrobatics","Deflect","Blade Dance"],"picked":"SKIP","floor":30.0},{"not_picked":["Dodge and Roll","Dagger Throw","Masterful Stab"],"picked":"SKIP","floor":31.0},{"not_picked":["Bullet Time","Tools of the Trade"],"picked":"Adrenaline","floor":33.0},{"not_picked":["Dagger Spray+1","Slice","Deflect+1"],"picked":"SKIP","floor":35.0},{"not_picked":["Slice","Infinite Blades+1"],"picked":"Deadly Poison+1","floor":38.0},{"not_picked":["Dagger Throw+1","Eviscerate","Terror+1"],"picked":"SKIP","floor":39.0},{"not_picked":["Caltrops+1","Dagger Throw+1"],"picked":"Footwork+1","floor":41.0},{"not_picked":["Storm of Steel","Dagger Spray+1"],"picked":"PiercingWail","floor":42.0},{"not_picked":["Riddle With Holes+1","Dagger Throw+1","Flechettes+1"],"picked":"SKIP","floor":44},{"not_picked":["Deadly Poison","Caltrops","Infinite Blades"],"picked":"SKIP","floor":45},{"not_picked":["Deflect","Quick Slash"],"picked":"Leg Sweep+1","floor":48}],"player_experience":828337,"relics_obtained":[{"floor":9.0,"key":"Pantograph"},{"floor":12.0,"key":"Odd Mushroom"},{"floor":24.0,"key":"Girya"},{"floor":42.0,"key":"Boot"}],"event_choices":[{"damage_healed":0.0,"max_hp_gain":0.0,"max_hp_loss":0.0,"gold_gain":0.0,"event_name":"Mushrooms","player_choice":"Fought Mushrooms","floor":12.0,"gold_loss":0.0,"damage_taken":0.0},{"damage_healed":0.0,"max_hp_gain":0.0,"max_hp_loss":0.0,"gold_gain":0.0,"event_name":"Vampires","player_choice":"Ignored","floor":19.0,"gold_loss":0.0,"damage_taken":0.0},{"cards_removed":["Strike_G"],"damage_healed":0.0,"max_hp_gain":0.0,"max_hp_loss":0.0,"gold_gain":0.0,"event_name":"Beggar","player_choice":"Gave Gold","floor":20.0,"gold_loss":75.0,"damage_taken":0.0},{"damage_healed":0.0,"max_hp_gain":0.0,"max_hp_loss":0.0,"gold_gain":0.0,"event_name":"Upgrade Shrine","player_choice":"Upgraded","floor":36.0,"gold_loss":0.0,"damage_taken":0.0,"cards_upgraded":["Neutralize"]}],"is_beta":false,"boss_relics":[{"not_picked":["Ectoplasm","Calling Bell"],"picked":"Cursed Key"},{"not_picked":["Philosopher\u0027s Stone","Lizard Tail"],"picked":"Eternal Feather"}],"items_purged_floors":[3,5,37],"is_endless":false,"potions_floor_spawned":[7,8,12,18,27,30,33,35,41,44],"ascension_level":0}