{"gold_per_floor":[114,31,31,31,31,64,87,120,120,120],"floor_reached":10,"playtime":172,"items_purged":[],"score":148,"play_id":"db7675d8-77be-4d09-9b37-4c03134d4907","local_time":"20190226232242","is_ascension_mode":true,"campfire_choices":[],"neow_cost":"NONE","seed_source_timestamp":790279767072201,"circlet_count":0,"master_deck":["AscendersBane","Strike_B","Strike_B","Strike_B","Defend_B","Defend_B","Defend_B","Defend_B","Zap","Dualcast","Hologram","Sunder","All For One","Ball Lightning","Gash","Hologram"],"special_seed":0,"relics":["Cursed Key","Golden Idol","Bronze Scales","Sundial"],"potions_floor_usage":[],"damage_taken":[{"damage":7.0,"enemies":"Jaw Worm","floor":1.0,"turns":4.0},{"damage":30.0,"enemies":"Lagavulin","floor":6.0,"turns":7.0},{"damage":0.0,"enemies":"2 Louse","floor":7.0,"turns":2.0},{"damage":24.0,"enemies":"Gremlin Nob","floor":8.0,"turns":4.0}],"seed_played":"5750348707768048486","potions_obtained":[{"floor":7.0,"key":"Weak Potion"}],"is_trial":false,"path_per_floor":["M","$","?","?","?","E","M","E","T","?"],"character_chosen":"DEFECT","items_purchased":["Sunder"],"campfire_rested":0,"item_purchase_floors":[2],"current_hp_per_floor":[57,57,62,62,62,32,32,8,8,0],"gold":120,"neow_bonus":"BOSS_RELIC","is_prod":false,"is_daily":false,"chose_seed":false,"campfire_upgraded":0,"win_rate":0,"timestamp":1551194562,"path_taken":["M","$","?","?","?","E","M","E","T","?"],"build_version":"2019-01-23","purchased_purges":0,"victory":false,"max_hp_per_floor":[71,71,76,76,69,69,69,69,69,69],"card_choices":[{"not_picked":["Sweeping Beam","Leap"],"picked":"Hologram","floor":1.0},{"not_picked":["Steam Power","Streamline"],"picked":"Ball Lightning","floor":6.0},{"not_picked":["Stack","Redo"],"picked":"Gash","floor":7.0},{"not_picked":["Double Energy","Hello World"],"picked":"Hologram","floor":8.0}],"player_experience":1010887,"relics_obtained":[{"floor":6.0,"key":"Bronze Scales"},{"floor":8.0,"key":"Sundial"}],"event_choices":[{"damage_healed":0.0,"max_hp_gain":5.0,"max_hp_loss":0.0,"gold_gain":0.0,"event_name":"Big Fish","player_choice":"Donut","floor":3.0,"gold_loss":0.0,"damage_taken":0.0},{"damage_healed":0.0,"max_hp_gain":0.0,"max_hp_loss":0.0,"gold_gain":0.0,"cards_transformed":["Strike_B"],"event_name":"Living Wall","player_choice":"Change","floor":4.0,"gold_loss":0.0,"damage_taken":0.0,"cards_obtained":["All For One"]},{"damage_healed":0.0,"max_hp_gain":0.0,"max_hp_loss":7.0,"gold_gain":0.0,"event_name":"Golden Idol","player_choice":"Lose Max HP","floor":5.0,"gold_loss":0.0,"damage_taken":0.0,"relics_obtained":["Golden Idol"]}],"is_beta":false,"boss_relics":[],"items_purged_floors":[],"is_endless":false,"potions_floor_spawned":[7],"ascension_level":20}