{"path_per_floor":["M","M","?","?","$","E","R","M","T","M","$","M","M","?","R","B",null,"M"],"character_chosen":"IRONCLAD","items_purchased":["Feel No Pain","Headbutt"],"gold_per_floor":[110,128,128,128,19,46,46,65,65,80,55,67,84,84,84,180,180,195],"floor_reached":19,"campfire_rested":1,"playtime":722,"current_hp_per_floor":[80,80,80,80,80,42,42,48,48,42,42,46,40,33,57,28,80,43],"items_purged":["Defend_R"],"gold":195,"score":169,"play_id":"d8cd8888-b9e7-4a58-8d6b-99d810a7a3be","local_time":"20180314213108","is_prod":false,"is_daily":false,"is_ascension_mode":false,"campfire_upgraded":1,"timestamp":1521059468,"path_taken":["M","M","?","?","?","E","R","?","T","M","?","M","?","?","R","BOSS","M","M"],"build_version":"2018-03-09","purchased_purges":1,"victory":false,"master_deck":["Bash","Disarm","Double Tap+1","Feel No Pain","Heavy Blade","Rage","Inflame","Headbutt","Iron Wave","Flex","Barricade","Cleave","Clash","Fire Breathing","Metallicize","Dual Wield","Whirlwind","Inflame","Heavy Blade","Inflame"],"max_hp_per_floor":[80,80,80,80,80,80,80,80,80,80,80,80,80,80,80,80,80,80],"relics":["Burning Blood","Blue Candle","Vajra","Ornamental Fan","Champion Belt","Pandora\u0027s Box"],"card_choices":[{"not_picked":["Havoc","Pommel Strike"],"picked":"Disarm"},{"not_picked":["Twin Strike","Sword Boomerang"],"picked":"Double Tap"},{"not_picked":["Thunderclap","Fire Breathing"],"picked":"Heavy Blade"},{"not_picked":["Headbutt","Fire Breathing"],"picked":"Rage"},{"not_picked":["Burning Pact","Clothesline"],"picked":"Inflame"},{"not_picked":["Clothesline","Pommel Strike"],"picked":"Iron Wave"},{"not_picked":["Headbutt","Havoc"],"picked":"Flex"},{"not_picked":["Immolate","Bludgeon"],"picked":"Barricade"},{"not_picked":["Flame Barrier","True Grit"],"picked":"Inflame"}],"player_experience":141831,"potions_floor_usage":[],"damage_taken":[{"damage":1,"enemies":"Jaw Worm","floor":1,"turns":5},{"damage":5,"enemies":"2 Louse","floor":2,"turns":3},{"damage":44,"enemies":"Lagavulin","floor":6,"turns":7},{"damage":0,"enemies":"Small Slimes","floor":8,"turns":2},{"damage":12,"enemies":"Blue Slaver","floor":10,"turns":3},{"damage":2,"enemies":"Lots of Slimes","floor":12,"turns":5},{"damage":12,"enemies":"Exordium Wildlife","floor":13,"turns":5},{"damage":35,"enemies":"Hexaghost","floor":16,"turns":10},{"damage":43,"enemies":"2 Thieves","floor":18,"turns":4},{"damage":51,"enemies":"Spheric Guardian","floor":19,"turns":5}],"event_choices":[{"event_name":"Big Fish","player_choice":"Box","floor":3,"damage_taken":0},{"event_name":"Fountain of Cleansing","player_choice":"Removed Curse","floor":4,"damage_taken":0},{"event_name":"Scrap Ooze","player_choice":"success","floor":14,"damage_taken":7}],"boss_relics":[{"not_picked":["Astrolabe","Black Blood"],"picked":"Pandora\u0027s Box"}],"potions_floor_spawned":[2,6,10,13],"seed_played":"-2503717954309933457","killed_by":"Spheric Guardian","ascension_level":0,"is_trial":false}