{"gold_per_floor":[113,113,188,203,203,203,222,238,290,306,231,243,259,272,272,371,371,384,101,101,116,31,31,31,31,31,31,45,58,58,77,77,177,177,197,197,208,208,208],"floor_reached":40,"playtime":1092,"items_purged":["Strike_G","Defend_G"],"score":705,"play_id":"8f3c37b7-01dd-493a-9cd4-b379e55bfd52","local_time":"20181024165619","is_ascension_mode":false,"campfire_choices":[{"data":"Deadly Poison","floor":6.0,"key":"SMITH"},{"data":"Catalyst","floor":15.0,"key":"SMITH"},{"data":"Apotheosis","floor":23.0,"key":"SMITH"},{"data":"Well Laid Plans","floor":25.0,"key":"SMITH"},{"data":"Footwork","floor":27.0,"key":"SMITH"},{"data":"Night Terror","floor":32.0,"key":"SMITH"}],"neow_cost":"TEN_PERCENT_HP_LOSS","seed_source_timestamp":24054524501962,"circlet_count":0,"master_deck":["Defend_G","Defend_G","Defend_G","Strike_G","Survivor","Neutralize","Deadly Poison+1","Leg Sweep","Catalyst+1","Footwork+1","Deadly Poison","Well Laid Plans+1","Night Terror+1","Backflip+1","Apotheosis+1","PiercingWail+1","Expertise+1","Wraith Form v2","Deadly Poison+1"],"special_seed":0,"relics":["Ring of the Snake","Omamori","Oddly Smooth Stone","Runic Dome","Bag of Preparation","Orichalcum","Gremlin Horn","Sozu"],"potions_floor_usage":[39],"damage_taken":[{"damage":4.0,"enemies":"Jaw Worm","floor":1.0,"turns":6.0},{"damage":0.0,"enemies":"Small Slimes","floor":4.0,"turns":2.0},{"damage":0.0,"enemies":"2 Louse","floor":7.0,"turns":2.0},{"damage":0.0,"enemies":"2 Fungi Beasts","floor":8.0,"turns":4.0},{"damage":0.0,"enemies":"Exordium Wildlife","floor":10.0,"turns":5.0},{"damage":0.0,"enemies":"Large Slime","floor":12.0,"turns":6.0},{"damage":0.0,"enemies":"Gremlin Gang","floor":13.0,"turns":3.0},{"damage":0.0,"enemies":"3 Louse","floor":14.0,"turns":4.0},{"damage":0.0,"enemies":"Hexaghost","floor":16.0,"turns":8.0},{"damage":0.0,"enemies":"Spheric Guardian","floor":18.0,"turns":2.0},{"damage":8.0,"enemies":"3 Byrds","floor":21.0,"turns":8.0},{"damage":0.0,"enemies":"Snecko","floor":28.0,"turns":4.0},{"damage":0.0,"enemies":"Snake Plant","floor":29.0,"turns":3.0},{"damage":1.0,"enemies":"Sentry and Sphere","floor":31.0,"turns":4.0},{"damage":26.0,"enemies":"Collector","floor":33.0,"turns":3.0},{"damage":0.0,"enemies":"3 Shapes","floor":35.0,"turns":4.0},{"damage":0,"enemies":"Orb Walker","floor":37,"turns":2},{"damage":0,"enemies":"Donu and Deca","floor":39,"turns":9}],"seed_played":"-1325997786049515407","potions_obtained":[{"floor":7.0,"key":"Block Potion"},{"floor":8.0,"key":"AttackPotion"},{"floor":10.0,"key":"SteroidPotion"},{"floor":21.0,"key":"Regen Potion"},{"floor":31.0,"key":"Fruit Juice"},{"floor":33.0,"key":"Energy Potion"}],"is_trial":false,"path_per_floor":["M","?","?","M","?","R","M","M","T","M","$","M","M","M","R","B",null,"M","$","?","M","?","R","?","R","T","R","M","M","?","M","R","B",null,"M","?","M","?","B"],"character_chosen":"THE_SILENT","items_purchased":["Apotheosis"],"campfire_rested":0,"item_purchase_floors":[19],"current_hp_per_floor":[59,41,30,30,23,23,23,23,23,23,23,23,23,23,23,23,63,63,63,63,55,55,55,55,55,55,55,55,55,44,43,43,22,73,73,73,73,73,73],"gold":208,"neow_bonus":"REMOVE_TWO","is_prod":false,"is_daily":false,"chose_seed":false,"campfire_upgraded":6,"win_rate":0,"timestamp":1540371379,"path_taken":["M","?","?","M","?","R","M","M","T","M","$","M","M","M","R","BOSS","M","$","?","?","?","R","?","R","T","R","?","M","?","M","R","BOSS","M","?","?","?","BOSS"],"build_version":"2018-10-18","purchased_purges":2,"victory":true,"max_hp_per_floor":[63,63,63,63,63,63,63,63,63,63,63,63,63,63,63,63,63,63,63,63,63,63,63,63,63,63,63,63,63,68,68,68,73,73,73,73,73,73,73],"card_choices":[{"not_picked":["PiercingWail","Underhanded Strike"],"picked":"Deadly Poison","floor":1.0},{"not_picked":["Flying Knee","Dodge and Roll","Outmaneuver"],"picked":"SKIP","floor":4.0},{"not_picked":["Dagger Spray","Backflip"],"picked":"Leg Sweep","floor":7.0},{"not_picked":["Dagger Spray","Expertise","Phantasmal Killer"],"picked":"SKIP","floor":8.0},{"not_picked":["Underhanded Strike","Quick Slash"],"picked":"Catalyst","floor":10.0},{"not_picked":["Crippling Poison","Eviscerate"],"picked":"Footwork","floor":12.0},{"not_picked":["Calculated Gamble","Choke"],"picked":"Deadly Poison","floor":13.0},{"not_picked":["Backflip","Flying Knee"],"picked":"Well Laid Plans","floor":14.0},{"not_picked":["Tools of the Trade","Venomology"],"picked":"Night Terror","floor":16.0},{"not_picked":["Poisoned Stab","Cloak And Dagger"],"picked":"Backflip+1","floor":18.0},{"not_picked":["Outmaneuver","Finisher"],"picked":"PiercingWail+1","floor":21.0},{"not_picked":["Bane","Blade Dance","Flying Knee"],"picked":"SKIP","floor":28.0},{"not_picked":["Infinite Blades+1","Tactician","Finisher"],"picked":"SKIP","floor":29.0},{"not_picked":["Prepared","Quick Slash"],"picked":"Expertise+1","floor":31.0},{"not_picked":["Adrenaline","Phantasmal Killer"],"picked":"Wraith Form v2","floor":33.0},{"not_picked":["Skewer+1","Deflect+1"],"picked":"Deadly Poison+1","floor":35.0},{"not_picked":["Cloak And Dagger+1","All Out Attack+1","Skewer"],"picked":"SKIP","floor":37}],"player_experience":607203,"relics_obtained":[{"floor":9.0,"key":"Oddly Smooth Stone"},{"floor":26.0,"key":"Gremlin Horn"}],"event_choices":[{"damage_healed":0.0,"max_hp_gain":0.0,"max_hp_loss":0.0,"gold_gain":0.0,"event_name":"Scrap Ooze","player_choice":"Success","floor":2.0,"gold_loss":0.0,"damage_taken":18.0,"relics_obtained":["Omamori"]},{"damage_healed":0.0,"max_hp_gain":0.0,"max_hp_loss":0.0,"gold_gain":75.0,"event_name":"World of Goop","player_choice":"Gather Gold","floor":3.0,"gold_loss":0.0,"damage_taken":11.0},{"cards_removed":["Strike_G"],"damage_healed":0.0,"max_hp_gain":0.0,"max_hp_loss":0.0,"gold_gain":0.0,"event_name":"Golden Wing","player_choice":"Card Removal","floor":5.0,"gold_loss":0.0,"damage_taken":7.0},{"damage_healed":0.0,"max_hp_gain":0.0,"max_hp_loss":0.0,"gold_gain":0.0,"event_name":"The Mausoleum","player_choice":"Opened","floor":20.0,"gold_loss":0.0,"damage_taken":0.0,"relics_obtained":["Bag of Preparation"],"cards_obtained":["Writhe"]},{"damage_healed":0.0,"max_hp_gain":0.0,"max_hp_loss":0.0,"gold_gain":0.0,"event_name":"Addict","player_choice":"Obtained Relic","floor":22.0,"gold_loss":85.0,"damage_taken":0.0,"relics_obtained":["Orichalcum"]},{"damage_healed":0.0,"max_hp_gain":0.0,"max_hp_loss":0.0,"gold_gain":0.0,"event_name":"Vampires","player_choice":"Ignored","floor":24.0,"gold_loss":0.0,"damage_taken":0.0},{"damage_healed":0.0,"max_hp_gain":5.0,"max_hp_loss":0.0,"gold_gain":0.0,"event_name":"Forgotten Altar","player_choice":"Shed Blood","floor":30.0,"gold_loss":0.0,"damage_taken":16.0},{"cards_removed":["Strike_G"],"damage_healed":0.0,"max_hp_gain":0.0,"max_hp_loss":0.0,"gold_gain":0.0,"event_name":"Falling","player_choice":"Removed Attack","floor":36.0,"gold_loss":0.0,"damage_taken":0.0},{"damage_healed":0,"gold_gain":0,"player_choice":"Took Portal","damage_taken":0,"max_hp_gain":0,"max_hp_loss":0,"event_name":"SecretPortal","floor":38,"gold_loss":0}],"is_beta":false,"boss_relics":[{"not_picked":["Orrery","Black Star"],"picked":"Runic Dome"},{"not_picked":["Calling Bell","Fusion Hammer"],"picked":"Sozu"}],"items_purged_floors":[11,19],"is_endless":false,"potions_floor_spawned":[7,8,10,21,31,33],"ascension_level":0}