{"path_per_floor":["M","$","?","?","M","R","M","M","T","M","E","R","E","M","R","B",null,"M","$","M","?","$","M","R","E","T","R","M","E","?","?","R","B",null,"M","M","?","$","M","?","?","?","T","$","M","?","R","M","R","B"],"character_chosen":"THE_SILENT","items_purchased":["Backflip","Trip","Lantern"],"gold_per_floor":[112,37,37,37,52,52,71,84,111,134,170,170,205,224,224,349,349,372,222,235,235,14,39,39,82,82,82,101,135,135,135,135,254,254,274,288,357,53,69,69,69,69,69,69,83,416,416,435,435,435],"floor_reached":51,"campfire_rested":1,"playtime":1862,"current_hp_per_floor":[70,70,70,53,53,53,53,53,53,53,33,33,33,33,33,16,70,70,70,69,69,69,69,69,64,64,64,56,56,38,38,38,4,38,36,35,35,35,34,29,29,29,29,29,29,29,29,29,38,38],"items_purged":["Defend_G","Strike_G","Strike_G","Defend_G"],"gold":435,"score":995,"play_id":"4e6b4db7-eab5-4f97-babe-9c384e57ea85","local_time":"20180330203759","is_prod":false,"is_daily":false,"is_ascension_mode":true,"campfire_upgraded":4,"timestamp":1522413479,"path_taken":["M","$","?","?","M","R","M","M","T","M","E","R","E","M","R","BOSS","M","$","M","?","$","M","R","E","T","R","M","E","?","?","R","BOSS","M","M","?","$","M","?","?","?","T","$","?","?","R","M","R","BOSS"],"build_version":"2018-03-29v2","purchased_purges":4,"victory":true,"master_deck":["Defend_G+1","Survivor","Neutralize+1","Cloak And Dagger","Blur","Terror+1","Endless Agony","Dash","Dagger Throw","Dagger Spray+1","Masterful Stab","Phantasmal Killer+1","Dash+1","Calculated Gamble+1","Backflip+1","Concentrate+1","Trip+1","Ghostly","Ghostly","Ghostly","Ghostly","Ghostly","Venomology","Cloak And Dagger+1","Well Laid Plans+1","Madness","Madness","Injury"],"max_hp_per_floor":[70,70,70,70,70,70,70,70,70,70,70,70,70,70,70,70,70,70,70,70,70,70,70,70,77,77,77,77,77,38,38,38,38,38,38,38,38,38,38,38,38,38,38,38,38,38,38,38,38,38],"relics":["Ring of the Snake","Bronze Scales","Paper Crane","Snake Skull","Astrolabe","Vajra","Strawberry","Girya","War Paint","Philosopher\u0027s Stone","Dead Branch","Lantern","Darkstone Periapt"],"card_choices":[{"not_picked":["Prepared","Dagger Spray"],"picked":"Terror","floor":1},{"not_picked":["Dodge and Roll","Storm of Steel"],"picked":"Endless Agony","floor":5},{"not_picked":["Dagger Throw","Outmaneuver"],"picked":"Dash","floor":7},{"not_picked":["Eviscerate","Quick Slash"],"picked":"Dagger Throw","floor":8},{"not_picked":["Slice","Deadly Poison"],"picked":"Dagger Spray","floor":11},{"not_picked":["Dagger Throw","Expertise"],"picked":"Masterful Stab","floor":13},{"not_picked":["Cloak And Dagger","Footwork"],"picked":"Calculated Gamble","floor":18},{"not_picked":["Deadly Poison","Calculated Gamble"],"picked":"Concentrate","floor":20},{"not_picked":["Burst","Die Die Die"],"picked":"Venomology","floor":33},{"not_picked":["Sucker Punch","Acrobatics"],"picked":"Cloak And Dagger","floor":37},{"not_picked":["Acrobatics","Leg Sweep"],"picked":"Well Laid Plans","floor":39}],"player_experience":358075,"potions_floor_usage":[13,13,28,29,33,33,36,37,39,48,48,50,50],"damage_taken":[{"damage":0,"enemies":"2 Louse","floor":1,"turns":5},{"damage":0,"enemies":"Cultist","floor":5,"turns":3},{"damage":0,"enemies":"Small Slimes","floor":7,"turns":3},{"damage":0,"enemies":"Blue Slaver","floor":8,"turns":3},{"damage":0,"enemies":"3 Louse","floor":10,"turns":3},{"damage":20,"enemies":"Lagavulin","floor":11,"turns":4},{"damage":0,"enemies":"3 Sentries","floor":13,"turns":6},{"damage":0,"enemies":"Large Slime","floor":14,"turns":3},{"damage":17,"enemies":"Slime Boss","floor":16,"turns":8},{"damage":0,"enemies":"Spheric Guardian","floor":18,"turns":3},{"damage":1,"enemies":"Shell Parasite","floor":20,"turns":2},{"damage":0,"enemies":"Snake Plant","floor":23,"turns":2},{"damage":12,"enemies":"Slavers","floor":25,"turns":2},{"damage":8,"enemies":"Cultist and Chosen","floor":28,"turns":5},{"damage":0,"enemies":"Book of Stabbing","floor":29,"turns":3},{"damage":34,"enemies":"Champ","floor":33,"turns":8},{"damage":2,"enemies":"Orb Walker","floor":35,"turns":5},{"damage":1,"enemies":"3 Shapes","floor":36,"turns":4},{"damage":0,"enemies":"…Ò√ÿ‘≤«Ú","floor":37,"turns":4},{"damage":1,"enemies":"Sphere and 2 Shapes","floor":39,"turns":4},{"damage":0,"enemies":"3 Darklings","floor":45,"turns":3},{"damage":0,"enemies":"Maw","floor":48,"turns":5},{"damage":0,"enemies":"Donu and Deca","floor":50,"turns":6}],"event_choices":[{"event_name":"Fountain of Cleansing","player_choice":"Removed Curse","floor":3,"damage_taken":0},{"event_name":"Golden Idol","player_choice":"Take Damage","floor":4,"damage_taken":0},{"event_name":"The Mausoleum","player_choice":"Yes","floor":21,"damage_taken":0},{"event_name":"Ghosts","player_choice":"Became a Ghost","floor":30,"damage_taken":0},{"event_name":"Drug Dealer","player_choice":"Ignored","floor":31,"damage_taken":0},{"event_name":"Mysterious Sphere","player_choice":"Fight","floor":37,"damage_taken":0},{"event_name":"Winding Halls","player_choice":"Embrace Madness","floor":40,"damage_taken":0},{"event_name":"Accursed Blacksmith","player_choice":"Forge","floor":42,"damage_taken":0},{"event_name":"The Moai Head","player_choice":"Gave Idol","floor":46,"damage_taken":0}],"boss_relics":[{"not_picked":["Lizard Tail","Tiny House"],"picked":"Astrolabe"},{"not_picked":["Calling Bell","Snecko Eye"],"picked":"Philosopher\u0027s Stone"}],"potions_floor_spawned":[1,7,8,11,16,25,28,33,35,37,39],"seed_played":"-7099823069469026509","ascension_level":4,"is_trial":false}