{"gold_per_floor":[110,110,120,45,45,45,79,79,79,95,95,105,137,148,148,223,223,223],"floor_reached":18,"playtime":1181,"items_purged":["Strike_B"],"score":390,"play_id":"03a31133-f73b-4029-96b8-40703012d8f5","local_time":"20190321180207","is_ascension_mode":true,"campfire_choices":[{"data":"Darkness","floor":6.0,"key":"SMITH"},{"data":"Streamline","floor":8.0,"key":"SMITH"},{"data":"Dualcast","floor":15.0,"key":"SMITH"}],"neow_cost":"NONE","seed_source_timestamp":22111045978366,"circlet_count":0,"master_deck":["AscendersBane","Zap","Dualcast+1","Darkness+1","Streamline+1","Capacitor","Coolheaded","White Noise","Echo Form","Hyperbeam","Amplify","Recycle","Capacitor","Darkness","Cold Snap"],"special_seed":0,"relics":["Cracked Core","NeowsBlessing","Regal Pillow","Turnip","Potion Belt","Bronze Scales","Pandora\u0027s Box"],"potions_floor_usage":[],"damage_taken":[{"damage":0.0,"enemies":"Cultist","floor":1.0,"turns":1.0},{"damage":0.0,"enemies":"Small Slimes","floor":3.0,"turns":1.0},{"damage":0.0,"enemies":"Gremlin Nob","floor":7.0,"turns":1.0},{"damage":9.0,"enemies":"Jaw Worm","floor":10.0,"turns":4.0},{"damage":4.0,"enemies":"3 Louse","floor":12.0,"turns":4.0},{"damage":18.0,"enemies":"Lagavulin","floor":13.0,"turns":8.0},{"damage":3.0,"enemies":"Blue Slaver","floor":14.0,"turns":4.0},{"damage":9.0,"enemies":"The Guardian","floor":16.0,"turns":7.0},{"damage":0,"enemies":"3 Byrds","floor":18,"turns":1}],"seed_played":"-4359693979189745402","potions_obtained":[{"floor":1.0,"key":"SpeedPotion"},{"floor":7.0,"key":"SpeedPotion"},{"floor":10.0,"key":"GamblersBrew"},{"floor":13.0,"key":"GamblersBrew"}],"is_trial":false,"path_per_floor":["M","?","M","$","?","R","E","R","T","M","$","M","E","M","R","B",null,"M"],"character_chosen":"DEFECT","items_purchased":[],"campfire_rested":0,"item_purchase_floors":[],"current_hp_per_floor":[64,46,46,46,46,46,46,46,46,37,37,33,15,12,12,3,54,54],"gold":223,"neow_bonus":"THREE_ENEMY_KILL","is_prod":false,"is_daily":false,"chose_seed":false,"campfire_upgraded":3,"win_rate":0,"timestamp":1553162527,"path_taken":["M","?","M","$","?","R","E","R","T","?","$","M","E","M","R","BOSS","M"],"build_version":"2019-01-23","purchased_purges":1,"victory":false,"max_hp_per_floor":[71,71,71,71,71,71,71,71,71,71,71,71,71,71,71,71,71,71],"card_choices":[{"not_picked":["Steam","Hologram"],"picked":"Darkness","floor":1.0},{"not_picked":["Stack","Barrage"],"picked":"Streamline","floor":3.0},{"not_picked":["Conserve Battery","Steam Power"],"picked":"Capacitor","floor":7.0},{"not_picked":["Hologram","Fusion"],"picked":"Coolheaded","floor":10.0},{"not_picked":["Go for the Eyes","Compile Driver","Steam Power"],"picked":"SKIP","floor":12.0},{"not_picked":["Conserve Battery","Streamline","Stack"],"picked":"SKIP","floor":13.0},{"not_picked":["Go for the Eyes","Storm"],"picked":"White Noise","floor":14.0},{"not_picked":["Buffer","Multi-Cast"],"picked":"Echo Form","floor":16.0}],"player_experience":3771699,"relics_obtained":[{"floor":7.0,"key":"Turnip"},{"floor":9.0,"key":"Potion Belt"},{"floor":13.0,"key":"Bronze Scales"}],"event_choices":[{"damage_healed":0.0,"max_hp_gain":0.0,"max_hp_loss":0.0,"gold_gain":0.0,"event_name":"Scrap Ooze","player_choice":"Success","floor":2.0,"gold_loss":0.0,"damage_taken":18.0,"relics_obtained":["Regal Pillow"]},{"cards_removed":["Strike_B"],"damage_healed":0.0,"max_hp_gain":0.0,"max_hp_loss":0.0,"gold_gain":0.0,"event_name":"Purifier","player_choice":"Purged","floor":5.0,"gold_loss":0.0,"damage_taken":0.0}],"is_beta":false,"boss_relics":[{"not_picked":["Inserter","Busted Crown"],"picked":"Pandora\u0027s Box"}],"items_purged_floors":[4],"is_endless":false,"potions_floor_spawned":[1,7,10,13],"killed_by":"3 Byrds","ascension_level":20}