{"gold_per_floor":[119,119,44,44,54,54,68,68,92,102,120,120,120,151,151,226,226,240,240,259,270,286,286,286,286,311,329,329,83,101,128,128,201,201,220,220,238,253,70,98,109,109,109,140,152,164,190,217,229,241,253,265,277,164,193,193],"floor_reached":57,"playtime":2805,"items_purged":["Strike_G","Strike_G","Defend_G"],"score":2953,"play_id":"6fdc0db0-6c05-4813-99dc-1acbac55031b","local_time":"20190514150544","is_ascension_mode":true,"campfire_choices":[{"data":"Dash","floor":6.0,"key":"SMITH"},{"data":"Neutralize","floor":8.0,"key":"SMITH"},{"data":"A Thousand Cuts","floor":12.0,"key":"SMITH"},{"data":"Calculated Gamble","floor":15.0,"key":"SMITH"},{"data":"Catalyst","floor":23.0,"key":"SMITH"},{"data":"Bouncing Flask","floor":25.0,"key":"SMITH"},{"data":"Strike_G","floor":28.0,"key":"PURGE"},{"data":"Strike_G","floor":32.0,"key":"PURGE"},{"data":"Tactician","floor":42,"key":"SMITH"},{"data":"Strike_G","floor":46,"key":"PURGE"},{"floor":49,"key":"RECALL"},{"data":"Defend_G","floor":53,"key":"PURGE"}],"neow_cost":"PERCENT_DAMAGE","seed_source_timestamp":20747301404581,"circlet_count":0,"master_deck":["AscendersBane","Defend_G","Defend_G","Survivor","Neutralize+1","Dash+1","Calculated Gamble","Calculated Gamble+1","Catalyst+1","A Thousand Cuts+1","Predator","Adrenaline","Bouncing Flask+1","Escape Plan+1","Acrobatics","Wraith Form v2","Acrobatics+1","Tactician+1","PiercingWail+1","Catalyst+1"],"special_seed":0,"relics":["Ring of the Snake","Peace Pipe","Omamori","Happy Flower","Orichalcum","Sozu","Nilry\u0027s Codex","Anchor","Centennial Puzzle","Red Mask","Runic Pyramid","CultistMask","Pen Nib","MawBank","Strawberry"],"potions_floor_usage":[56],"damage_taken":[{"damage":0.0,"enemies":"2 Louse","floor":1.0,"turns":4.0},{"damage":0.0,"enemies":"Small Slimes","floor":5.0,"turns":3.0},{"damage":0.0,"enemies":"Jaw Worm","floor":7.0,"turns":3.0},{"damage":1.0,"enemies":"Large Slime","floor":10.0,"turns":6.0},{"damage":0.0,"enemies":"Exordium Wildlife","floor":11.0,"turns":4.0},{"damage":12.0,"enemies":"3 Sentries","floor":14.0,"turns":5.0},{"damage":11.0,"enemies":"The Guardian","floor":16.0,"turns":13.0},{"damage":0.0,"enemies":"Spheric Guardian","floor":18.0,"turns":3.0},{"damage":0.0,"enemies":"Chosen","floor":20.0,"turns":4.0},{"damage":0.0,"enemies":"Snake Plant","floor":21.0,"turns":3.0},{"damage":2.0,"enemies":"Sentry and Sphere","floor":22.0,"turns":5.0},{"damage":0.0,"enemies":"3 Cultists","floor":27.0,"turns":3.0},{"damage":7.0,"enemies":"Snecko","floor":30.0,"turns":3.0},{"damage":0.0,"enemies":"Masked Bandits","floor":31.0,"turns":2.0},{"damage":0.0,"enemies":"Champ","floor":33.0,"turns":6.0},{"damage":0.0,"enemies":"Orb Walker","floor":35.0,"turns":3.0},{"damage":0.0,"enemies":"3 Darklings","floor":37.0,"turns":6.0},{"damage":0,"enemies":"Jaw Worm Horde","floor":38,"turns":3},{"damage":0,"enemies":"Reptomancer","floor":40,"turns":5},{"damage":0,"enemies":"Writhing Mass","floor":41,"turns":5},{"damage":0,"enemies":"Giant Head","floor":44,"turns":4},{"damage":0,"enemies":"3 Darklings","floor":47,"turns":3},{"damage":0,"enemies":"4 Shapes","floor":48,"turns":3},{"damage":7,"enemies":"Donu and Deca","floor":50,"turns":8},{"damage":0,"enemies":"Time Eater","floor":51,"turns":5},{"damage":0,"enemies":"Shield and Spear","floor":55,"turns":4},{"damage":47,"enemies":"The Heart","floor":56,"turns":6}],"seed_played":"-8321356141497010777","potions_obtained":[{"floor":1.0,"key":"SpeedPotion"},{"floor":5.0,"key":"Poison Potion"},{"floor":10.0,"key":"Strength Potion"}],"is_trial":false,"path_per_floor":["M","?","?","$","M","R","M","R","T","M","M","R","?","E","R","B",null,"M","?","M","M","M","R","?","R","T","M","R","$","M","?","R","B",null,"M","?","M","M","$","E","M","R","T","E","?","R","M","M","R","B","B",null,"R","$","E","B",null],"character_chosen":"THE_SILENT","items_purchased":["Centennial Puzzle","Tactician"],"campfire_rested":0,"item_purchase_floors":[29,39],"current_hp_per_floor":[44,39,39,39,39,39,39,39,39,38,38,38,38,26,26,15,53,53,32,32,32,30,30,12,12,12,12,12,12,5,5,5,5,55,55,55,55,55,55,55,55,55,55,55,55,55,55,55,55,48,48,65,65,65,72,25],"gold":193,"neow_bonus":"ONE_RARE_RELIC","is_prod":false,"is_daily":false,"chose_seed":false,"campfire_upgraded":7,"win_rate":0,"timestamp":1557817544,"path_taken":["M","?","?","$","M","R","M","R","T","M","M","R","?","E","R","BOSS","M","?","M","M","M","R","?","R","T","M","R","?","M","?","R","BOSS","M","?","M","?","$","E","M","R","T","E","?","R","?","M","R","BOSS","BOSS","R","$","E","BOSS"],"build_version":"2019-01-23","purchased_purges":3,"victory":true,"max_hp_per_floor":[66,66,66,66,66,66,66,66,66,66,66,66,66,66,66,66,66,66,66,66,66,66,66,71,71,71,71,71,71,71,71,71,71,71,71,71,71,71,71,71,71,71,71,71,71,71,71,71,71,71,71,71,71,71,78,78],"card_choices":[{"not_picked":["Deflect","Dagger Spray"],"picked":"Dash","floor":1.0},{"not_picked":["Blade Dance","Poisoned Stab"],"picked":"Calculated Gamble","floor":5.0},{"not_picked":["Blade Dance","Bane"],"picked":"Calculated Gamble","floor":7.0},{"not_picked":["Outmaneuver","Escape Plan"],"picked":"Catalyst","floor":10.0},{"not_picked":["Escape Plan","Bane"],"picked":"A Thousand Cuts","floor":11.0},{"not_picked":["Dagger Spray","Deflect"],"picked":"Predator","floor":14.0},{"not_picked":["Bullet Time","Unload"],"picked":"Adrenaline","floor":16.0},{"not_picked":["Accuracy","Acrobatics"],"picked":"Bouncing Flask","floor":18.0},{"not_picked":["Dagger Throw","Deadly Poison","PiercingWail"],"picked":"SKIP","floor":20.0},{"not_picked":["Dagger Spray","Deflect"],"picked":"Escape Plan+1","floor":21.0},{"not_picked":["Backflip","Blur"],"picked":"Acrobatics","floor":22.0},{"not_picked":["Underhanded Strike","Sucker Punch","Dash"],"picked":"SKIP","floor":27.0},{"not_picked":["All Out Attack","Noxious Fumes","Backstab"],"picked":"SKIP","floor":30.0},{"not_picked":["Tools of the Trade","Night Terror"],"picked":"Wraith Form v2","floor":33.0},{"not_picked":["Cloak And Dagger","Poisoned Stab+1"],"picked":"Acrobatics+1","floor":35.0},{"not_picked":["Deflect","Flying Knee","Dagger Spray"],"picked":"SKIP","floor":37.0},{"not_picked":["Acrobatics","Dash","Dagger Spray"],"picked":"SKIP","floor":38},{"not_picked":["Prepared","Deflect","Dagger Throw+1"],"picked":"SKIP","floor":40},{"not_picked":["Phantasmal Killer","Predator","Flying Knee+1"],"picked":"SKIP","floor":41},{"not_picked":["Crippling Poison","Deadly Poison","Corpse Explosion"],"picked":"SKIP","floor":44},{"not_picked":["PiercingWail+1","Outmaneuver","Deflect"],"picked":"SKIP","floor":47},{"not_picked":["Outmaneuver","Deflect"],"picked":"PiercingWail+1","floor":47},{"not_picked":["Deflect","Endless Agony+1"],"picked":"Catalyst+1","floor":48},{"not_picked":["Bane","Venomology","Endless Agony+1"],"picked":"SKIP","floor":55}],"player_experience":4750088,"relics_obtained":[{"floor":9.0,"key":"Happy Flower"},{"floor":14.0,"key":"Orichalcum"},{"floor":19.0,"key":"Nilry\u0027s Codex"},{"floor":26.0,"key":"Anchor"},{"floor":31.0,"key":"Red Mask"},{"floor":40,"key":"Pen Nib"},{"floor":44,"key":"MawBank"},{"floor":55,"key":"Strawberry"}],"event_choices":[{"damage_healed":0.0,"max_hp_gain":0.0,"max_hp_loss":0.0,"gold_gain":0.0,"event_name":"Scrap Ooze","player_choice":"Success","floor":2.0,"gold_loss":0.0,"damage_taken":5.0,"relics_obtained":["Omamori"]},{"cards_removed":["Defend_G"],"damage_healed":0.0,"max_hp_gain":0.0,"max_hp_loss":0.0,"gold_gain":0.0,"event_name":"The Cleric","player_choice":"Card Removal","floor":3.0,"gold_loss":75.0,"damage_taken":0.0},{"damage_healed":0.0,"max_hp_gain":0.0,"max_hp_loss":0.0,"gold_gain":0.0,"event_name":"Dead Adventurer","player_choice":"Searched \u00270\u0027 times","floor":13.0,"gold_loss":0.0,"damage_taken":0.0},{"damage_healed":0.0,"max_hp_gain":0.0,"max_hp_loss":0.0,"gold_gain":0.0,"event_name":"Cursed Tome","player_choice":"Obtained Book","floor":19.0,"gold_loss":0.0,"damage_taken":21.0},{"damage_healed":0.0,"max_hp_gain":5.0,"max_hp_loss":0.0,"gold_gain":0.0,"event_name":"Forgotten Altar","player_choice":"Shed Blood","floor":24.0,"gold_loss":0.0,"damage_taken":23.0},{"damage_healed":0.0,"max_hp_gain":0.0,"max_hp_loss":0.0,"gold_gain":0.0,"event_name":"Masked Bandits","player_choice":"Fought Bandits","floor":31.0,"gold_loss":0.0,"damage_taken":0.0},{"damage_healed":0.0,"max_hp_gain":0.0,"max_hp_loss":0.0,"gold_gain":0.0,"event_name":"FaceTrader","player_choice":"Trade","floor":36.0,"gold_loss":0.0,"damage_taken":0.0,"relics_obtained":["CultistMask"]},{"damage_healed":0,"gold_gain":0,"player_choice":"Got Potions","damage_taken":0,"max_hp_gain":0,"max_hp_loss":0,"event_name":"Lab","floor":45,"gold_loss":0}],"is_beta":false,"boss_relics":[{"not_picked":["White Beast Statue","Empty Cage"],"picked":"Sozu"},{"not_picked":["WristBlade","Astrolabe"],"picked":"Runic Pyramid"}],"items_purged_floors":[29,39,54],"is_endless":false,"potions_floor_spawned":[1,5,10,21,22,27,37,38,41,47],"ascension_level":20}