{"path_per_floor":["M","M","M","?","M","E","R","M","T","R","M","?","$","M","R","B",null,"M","M","$","M","?"],"character_chosen":"IRONCLAD","items_purchased":["Frozen Egg 2","Shrug It Off"],"gold_per_floor":[114,129,144,114,129,159,159,174,174,174,189,364,39,54,54,154,154,169,184,34,49,49],"floor_reached":23,"campfire_rested":0,"playtime":860,"current_hp_per_floor":[78,77,76,75,74,66,66,70,70,69,68,67,66,65,64,62,62,61,46,46,43,43],"items_purged":["Doubt","Strike_R"],"gold":49,"score":195,"play_id":"668dd420-04c5-46b6-8803-54c3e4545f5a","local_time":"20180318200205","daily_mods":["Allstar","Uncertain Future","Terminal"],"is_prod":false,"is_daily":true,"is_ascension_mode":false,"campfire_upgraded":3,"timestamp":1521374525,"path_taken":["M","M","?","?","M","E","R","M","T","R","M","?","$","M","R","BOSS","M","M","$","M","?","E"],"build_version":"2018-03-15v3","purchased_purges":2,"victory":false,"master_deck":["Strike_R","Strike_R","Strike_R","Strike_R","Defend_R","Defend_R","Defend_R","Defend_R","Bash","Dark Shackles","Secret Weapon","Shockwave+1","Carnage+1","Immolate","Rampage+1","Battle Trance","Headbutt","Shrug It Off","Impervious"],"max_hp_per_floor":[78,77,76,75,74,73,72,71,70,69,68,67,66,65,64,63,62,61,60,59,58,57],"relics":["Burning Blood","Ornamental Fan","Magic Flower","Frozen Egg 2","Orrery"],"card_choices":[{"not_picked":["Heavy Blade","Cleave"],"picked":"Shockwave"},{"not_picked":["Cleave","Clothesline"],"picked":"Carnage"},{"not_picked":["Dropkick","Thunderclap"],"picked":"Immolate"},{"not_picked":["Reckless Charge","Armaments"],"picked":"Rampage"},{"not_picked":["Intimidate","Cleave"],"picked":"Battle Trance"},{"not_picked":["Anger","Shockwave"],"picked":"Headbutt"},{"not_picked":["Headbutt","Sword Boomerang"],"picked":"Impervious"}],"player_experience":275923,"potions_floor_usage":[6,6,6,23],"damage_taken":[{"damage":1,"enemies":"Cultist","floor":1,"turns":4},{"damage":5,"enemies":"Small Slimes","floor":2,"turns":4},{"damage":0,"enemies":"2 Louse","floor":3,"turns":2},{"damage":0,"enemies":"2 Fungi Beasts","floor":5,"turns":4},{"damage":14,"enemies":"Lagavulin","floor":6,"turns":7},{"damage":2,"enemies":"3 Louse","floor":8,"turns":4},{"damage":4,"enemies":"Exordium Thugs","floor":11,"turns":5},{"damage":0,"enemies":"Blue Slaver","floor":14,"turns":2},{"damage":11,"enemies":"The Guardian","floor":16,"turns":10},{"damage":1,"enemies":"Chosen","floor":18,"turns":5},{"damage":24,"enemies":"2 Thieves","floor":19,"turns":4},{"damage":12,"enemies":"Snecko","floor":21,"turns":5},{"damage":54,"enemies":"Slavers","floor":23,"turns":4}],"event_choices":[{"event_name":"The Woman in Blue","player_choice":"Bought 2 Potions","floor":4,"damage_taken":0},{"event_name":"Liars Game","player_choice":"agreed","floor":12,"damage_taken":0},{"event_name":"Addict","player_choice":"Ignored","floor":22,"damage_taken":0}],"boss_relics":[{"not_picked":["Runic Cube","Astrolabe"],"picked":"Orrery"}],"potions_floor_spawned":[1,3,5,14,21],"seed_played":"2953517847957516684","killed_by":"Slavers","ascension_level":0,"is_trial":false}