{"gold_per_floor":[116,116,134,134,59,59,115,115,115,134,134,165,183,183,183,258,258,269,113,130,150,160,160,160,173,173,201,126,136,146,21,21,96,96,106,161,161,11,11,11,44,58,81,81,91,120,120,140,140,140,140,140,140,65,95,95],"floor_reached":57,"playtime":2673,"items_purged":["Strike_R","Strike_R","Defend_R","Bash"],"score":3130,"play_id":"da5f2533-d771-45d1-b259-522b6a29b54e","local_time":"20190808203649","is_ascension_mode":true,"campfire_choices":[{"data":"Body Slam","floor":6.0,"key":"SMITH"},{"data":"Shrug It Off","floor":8.0,"key":"SMITH"},{"data":"Power Through","floor":11.0,"key":"SMITH"},{"data":"Inflame","floor":15.0,"key":"SMITH"},{"data":"Armaments","floor":23.0,"key":"SMITH"},{"data":"Evolve","floor":32.0,"key":"SMITH"},{"data":"Fiend Fire","floor":40.0,"key":"SMITH"},{"data":"Havoc","floor":44.0,"key":"SMITH"},{"floor":49.0,"key":"RECALL"},{"data":"Barricade","floor":53.0,"key":"SMITH"}],"neow_cost":"NONE","seed_source_timestamp":1046743942030500,"circlet_count":0,"master_deck":["AscendersBane","Defend_R","Defend_R","Defend_R","Body Slam+1","Reckless Charge","Shrug It Off+1","Power Through+1","Impervious","Shrug It Off","Armaments+1","Offering","Evolve+1","True Grit+1","Feed","Fiend Fire+1","Havoc+1","Dark Shackles","Trip","Havoc","Pommel Strike+1","Regret","Battle Trance","Barricade+1","Feel No Pain"],"special_seed":0,"relics":["Burning Blood","NeowsBlessing","Tiny Chest","Bottled Lightning","Lantern","Calling Bell","Red Skull","Letter Opener","Turnip","Matryoshka","Dead Branch","Cursed Key","Torii","Centennial Puzzle","Ancient Tea Set","Ornamental Fan","Gambling Chip"],"potions_floor_usage":[56,56],"damage_taken":[{"damage":0.0,"enemies":"2 Louse","floor":1.0,"turns":1.0},{"damage":0.0,"enemies":"Jaw Worm","floor":3.0,"turns":1.0},{"damage":0.0,"enemies":"Gremlin Nob","floor":7.0,"turns":1.0},{"damage":2.0,"enemies":"Small Slimes","floor":10.0,"turns":4.0},{"damage":30.0,"enemies":"3 Sentries","floor":12.0,"turns":14.0},{"damage":3.0,"enemies":"Blue Slaver","floor":13.0,"turns":3.0},{"damage":40.0,"enemies":"The Guardian","floor":16.0,"turns":16.0},{"damage":12.0,"enemies":"Spheric Guardian","floor":18.0,"turns":5.0},{"damage":3.0,"enemies":"3 Byrds","floor":20.0,"turns":7.0},{"damage":10.0,"enemies":"Snecko","floor":21.0,"turns":7.0},{"damage":6.0,"enemies":"Centurion and Healer","floor":22.0,"turns":4.0},{"damage":9.0,"enemies":"Shelled Parasite and Fungi","floor":25.0,"turns":6.0},{"damage":6.0,"enemies":"Gremlin Leader","floor":27.0,"turns":3.0},{"damage":12.0,"enemies":"Chosen and Byrds","floor":29.0,"turns":4.0},{"damage":6.0,"enemies":"Snake Plant","floor":30.0,"turns":2.0},{"damage":46.0,"enemies":"Champ","floor":33.0,"turns":12.0},{"damage":12.0,"enemies":"3 Darklings","floor":35.0,"turns":4.0},{"damage":14.0,"enemies":"2 Orb Walkers","floor":36.0,"turns":4.0},{"damage":6.0,"enemies":"Giant Head","floor":41.0,"turns":4.0},{"damage":0.0,"enemies":"Orb Walker","floor":42.0,"turns":3.0},{"damage":13.0,"enemies":"Spire Growth","floor":45.0,"turns":3.0},{"damage":9.0,"enemies":"Nemesis","floor":46.0,"turns":5.0},{"damage":6.0,"enemies":"Transient","floor":48.0,"turns":6.0},{"damage":0.0,"enemies":"Awakened One","floor":50.0,"turns":20.0},{"damage":12.0,"enemies":"Donu and Deca","floor":51.0,"turns":12.0},{"damage":39.0,"enemies":"Shield and Spear","floor":55.0,"turns":6.0},{"damage":21,"enemies":"The Heart","floor":56,"turns":7}],"seed_played":"-9031779040276625531","potions_obtained":[{"floor":1.0,"key":"Energy Potion"},{"floor":3.0,"key":"EssenceOfSteel"},{"floor":18.0,"key":"Dexterity Potion"},{"floor":30.0,"key":"FearPotion"},{"floor":36.0,"key":"LiquidBronze"},{"floor":41.0,"key":"Dexterity Potion"}],"is_trial":false,"path_per_floor":["M","?","M","?","$","R","E","R","T","M","R","E","M","?","R","B",null,"M","$","M","M","M","R","?","M","T","E","?","M","M","$","R","B",null,"M","?","?","$","?","R","E","M","T","R","M","E","?","M","R","B","B",null,"R","$","E","B",null],"character_chosen":"IRONCLAD","items_purchased":["Shrug It Off","Feel No Pain"],"campfire_rested":0,"item_purchase_floors":[19,54],"current_hp_per_floor":[74,67,73,73,73,73,75,75,75,75,75,51,54,59,59,25,66,60,60,63,59,59,59,59,56,56,56,56,50,50,50,50,10,63,57,53,43,43,43,43,43,49,49,49,42,39,39,39,39,49,47,78,78,78,45,30],"gold":95,"neow_bonus":"THREE_ENEMY_KILL","is_prod":false,"is_daily":false,"chose_seed":false,"campfire_upgraded":9,"win_rate":0,"timestamp":1565267809,"path_taken":["M","?","M","?","$","R","E","R","T","M","R","E","M","?","R","BOSS","M","$","M","M","M","R","?","M","T","E","?","M","M","$","R","BOSS","M","?","?","$","?","R","E","M","T","R","M","E","?","M","R","BOSS","BOSS","R","$","E","BOSS"],"build_version":"2019-07-17","purchased_purges":4,"victory":true,"max_hp_per_floor":[75,75,75,75,75,75,75,75,75,75,75,75,75,80,80,80,80,80,80,80,80,80,80,80,80,80,80,80,80,80,80,80,80,80,80,84,84,84,80,80,80,80,80,80,80,80,80,80,80,84,88,88,88,88,88,88],"card_choices":[{"not_picked":["Blood for Blood","Combust","Flex"],"picked":"SKIP","floor":1.0},{"not_picked":["Wild Strike","Havoc"],"picked":"Body Slam","floor":3.0},{"not_picked":["Searing Blow","Spot Weakness"],"picked":"Shrug It Off","floor":7.0},{"not_picked":["Double Tap","True Grit"],"picked":"Power Through","floor":10.0},{"not_picked":["Headbutt","Twin Strike","Cleave"],"picked":"SKIP","floor":12.0},{"not_picked":["Whirlwind","Warcry"],"picked":"Inflame","floor":13.0},{"not_picked":["Immolate","Exhume"],"picked":"Impervious","floor":16.0},{"not_picked":["Clash","Headbutt","Shockwave"],"picked":"SKIP","floor":18.0},{"not_picked":["Flex+1","Pommel Strike"],"picked":"Armaments","floor":20.0},{"not_picked":["Cleave","Metallicize"],"picked":"Offering","floor":21.0},{"not_picked":["Dual Wield","Combust","Searing Blow"],"picked":"SKIP","floor":22.0},{"not_picked":["Thunderclap","Clothesline","Sword Boomerang+1"],"picked":"SKIP","floor":25.0},{"not_picked":["Iron Wave","Searing Blow+1"],"picked":"Evolve","floor":27.0},{"not_picked":["Bloodletting+1","Sword Boomerang"],"picked":"True Grit+1","floor":29.0},{"not_picked":["Body Slam","Intimidate"],"picked":"Feed","floor":30.0},{"not_picked":["Impervious","Demon Form"],"picked":"Fiend Fire","floor":33.0},{"not_picked":["Sword Boomerang","Thunderclap"],"picked":"Havoc","floor":35.0},{"not_picked":["Dramatic Entrance","Thinking Ahead"],"picked":"Dark Shackles","floor":37.0},{"not_picked":["Secret Technique","Mind Blast"],"picked":"Trip","floor":37.0},{"not_picked":["Cleave","Dual Wield"],"picked":"Havoc","floor":41.0},{"not_picked":["Thunderclap","Pommel Strike+1","True Grit+1"],"picked":"SKIP","floor":42.0},{"not_picked":["Thunderclap","True Grit+1"],"picked":"Pommel Strike+1","floor":42.0},{"not_picked":["Perfected Strike","Sever Soul"],"picked":"Battle Trance","floor":45.0},{"not_picked":["Clash","Sentinel"],"picked":"Barricade","floor":46.0},{"not_picked":["Twin Strike","Perfected Strike","Clash"],"picked":"SKIP","floor":48.0},{"not_picked":["Rupture","True Grit","Sword Boomerang"],"picked":"SKIP","floor":55.0}],"player_experience":755912,"relics_obtained":[{"floor":7.0,"key":"Tiny Chest"},{"floor":9.0,"key":"Bottled Lightning"},{"floor":12.0,"key":"Lantern"},{"floor":17.0,"key":"Red Skull"},{"floor":17.0,"key":"Letter Opener"},{"floor":17.0,"key":"Turnip"},{"floor":26.0,"key":"Matryoshka"},{"floor":27.0,"key":"Dead Branch"},{"floor":36.0,"key":"Torii"},{"floor":41.0,"key":"Centennial Puzzle"},{"floor":43.0,"key":"Ancient Tea Set"},{"floor":46.0,"key":"Ornamental Fan"},{"floor":55.0,"key":"Gambling Chip"}],"event_choices":[{"cards_removed":["Strike_R"],"damage_healed":0.0,"max_hp_gain":0.0,"max_hp_loss":0.0,"gold_gain":0.0,"event_name":"Golden Wing","player_choice":"Card Removal","floor":2.0,"gold_loss":0.0,"damage_taken":7.0},{"damage_healed":0.0,"max_hp_gain":0.0,"max_hp_loss":0.0,"gold_gain":0.0,"cards_transformed":["Strike_R"],"event_name":"Living Wall","player_choice":"Change","floor":4.0,"gold_loss":0.0,"damage_taken":0.0,"cards_obtained":["Reckless Charge"]},{"damage_healed":0.0,"max_hp_gain":5.0,"max_hp_loss":0.0,"gold_gain":0.0,"event_name":"Big Fish","player_choice":"Donut","floor":14.0,"gold_loss":0.0,"damage_taken":0.0},{"damage_healed":0.0,"max_hp_gain":0.0,"max_hp_loss":0.0,"gold_gain":0.0,"event_name":"Cursed Tome","player_choice":"Ignored","floor":24.0,"gold_loss":0.0,"damage_taken":0.0},{"cards_removed":["Strike_R"],"damage_healed":0.0,"max_hp_gain":0.0,"max_hp_loss":0.0,"gold_gain":0.0,"event_name":"Beggar","player_choice":"Gave Gold","floor":28.0,"gold_loss":75.0,"damage_taken":0.0},{"damage_healed":0.0,"max_hp_gain":0.0,"max_hp_loss":0.0,"gold_gain":0.0,"event_name":"Mysterious Sphere","player_choice":"Fight","floor":36.0,"gold_loss":0.0,"damage_taken":0.0},{"damage_healed":0.0,"max_hp_gain":0.0,"max_hp_loss":0.0,"gold_gain":0.0,"event_name":"SensoryStone","player_choice":"Memory 3","floor":37.0,"gold_loss":0.0,"damage_taken":10.0},{"damage_healed":0.0,"max_hp_gain":0.0,"max_hp_loss":4.0,"gold_gain":0.0,"event_name":"Winding Halls","player_choice":"Max HP","floor":39.0,"gold_loss":0.0,"damage_taken":0.0},{"cards_removed":["Inflame"],"damage_healed":0.0,"max_hp_gain":0.0,"max_hp_loss":0.0,"gold_gain":0.0,"event_name":"Falling","player_choice":"Removed Power","floor":47.0,"gold_loss":0.0,"damage_taken":0.0}],"is_beta":false,"boss_relics":[{"not_picked":["Busted Crown","Philosopher\u0027s Stone"],"picked":"Calling Bell"},{"not_picked":["Fusion Hammer","Runic Cube"],"picked":"Cursed Key"}],"items_purged_floors":[5,19,31,38],"is_endless":false,"potions_floor_spawned":[1,3,13,18,25,27,30,36,41],"ascension_level":20}