{"gold_per_floor":[14,34,51,51,51,51,51,85,85,85,113,113,146,164,164,259,259,271,186,111,127,145,145,173,186,261,271,302,87,121,134,134,134],"floor_reached":33,"playtime":1189,"items_purged":["Strike_G","Strike_G"],"score":341,"play_id":"379090b1-b4ba-474f-9a7a-1479b0bb2406","local_time":"20181029193444","is_ascension_mode":true,"campfire_choices":[{"data":"Neutralize","floor":6.0,"key":"SMITH"},{"data":"Outmaneuver","floor":10.0,"key":"SMITH"},{"data":"Acrobatics","floor":15.0,"key":"SMITH"},{"data":"Die Die Die","floor":23,"key":"SMITH"},{"data":"Footwork","floor":32,"key":"SMITH"}],"neow_cost":"NO_GOLD","seed_source_timestamp":359963615240992,"circlet_count":0,"master_deck":["Defend_G","Defend_G","Defend_G","Defend_G","Strike_G","Strike_G","Survivor","Neutralize+1","Backflip","Outmaneuver+1","Blade Dance+1","Acrobatics+1","Die Die Die+1","Footwork+1","Terror"],"special_seed":0,"relics":["Ring of the Snake","Shuriken","Vajra","Nunchaku","Blue Candle","Incense Burner","Busted Crown","Mango","Dream Catcher","Bottled Flame","Anchor","WingedGreaves"],"potions_floor_usage":[30,33],"damage_taken":[{"damage":0.0,"enemies":"Cultist","floor":1.0,"turns":4.0},{"damage":0.0,"enemies":"Jaw Worm","floor":2.0,"turns":6.0},{"damage":2.0,"enemies":"2 Louse","floor":3.0,"turns":3.0},{"damage":16.0,"enemies":"Gremlin Nob","floor":8.0,"turns":5.0},{"damage":12.0,"enemies":"Lagavulin","floor":11.0,"turns":10.0},{"damage":19.0,"enemies":"Gremlin Nob","floor":13.0,"turns":4.0},{"damage":0.0,"enemies":"Exordium Thugs","floor":14.0,"turns":4.0},{"damage":12.0,"enemies":"The Guardian","floor":16.0,"turns":11.0},{"damage":0,"enemies":"Spheric Guardian","floor":18,"turns":2},{"damage":2,"enemies":"2 Thieves","floor":21,"turns":3},{"damage":12,"enemies":"Centurion and Healer","floor":22,"turns":4},{"damage":40,"enemies":"Slavers","floor":24,"turns":7},{"damage":8,"enemies":"Sentry and Sphere","floor":25,"turns":4},{"damage":0,"enemies":"3 Cultists","floor":27,"turns":4},{"damage":4,"enemies":"Gremlin Leader","floor":28,"turns":4},{"damage":10,"enemies":"Slavers","floor":30,"turns":5},{"damage":0,"enemies":"Centurion and Healer","floor":31,"turns":4},{"damage":12,"enemies":"Automaton","floor":33,"turns":4}],"seed_played":"7560769402412329284","potions_obtained":[{"floor":1.0,"key":"Poison Potion"},{"floor":3.0,"key":"Poison Potion"},{"floor":8.0,"key":"Weak Potion"},{"floor":30,"key":"SkillPotion"}],"is_trial":false,"path_per_floor":["M","M","M","$","T","R","$","E","T","R","E","?","E","M","R","B",null,"M","?","$","M","M","R","E","M","T","M","E","$","E","M","R"],"character_chosen":"THE_SILENT","items_purchased":["Footwork","Terror"],"campfire_rested":0,"item_purchase_floors":[29,29],"current_hp_per_floor":[70,70,68,68,68,68,68,52,52,52,40,40,21,21,21,9,70,70,84,84,82,70,70,30,22,22,22,18,18,8,8,8,0],"gold":134,"neow_bonus":"REMOVE_TWO","is_prod":false,"is_daily":false,"chose_seed":false,"campfire_upgraded":5,"win_rate":0,"timestamp":1540812884,"path_taken":["M","M","M","$","?","R","?","E","T","R","E","?","E","?","R","BOSS","M","?","$","?","M","R","E","M","T","M","E","$","E","?","R","BOSS"],"build_version":"2018-10-25v2","purchased_purges":2,"victory":false,"max_hp_per_floor":[70,70,70,70,70,70,70,70,70,70,70,70,70,70,70,70,70,70,84,84,84,84,84,84,84,84,84,84,84,84,84,84,84],"card_choices":[{"not_picked":["Riddle With Holes","Endless Agony","Slice"],"picked":"SKIP","floor":1.0},{"not_picked":["Sucker Punch","Dodge and Roll","Quick Slash"],"picked":"SKIP","floor":2.0},{"not_picked":["Flying Knee","Endless Agony"],"picked":"Backflip","floor":3.0},{"not_picked":["Noxious Fumes","Dagger Throw"],"picked":"Outmaneuver","floor":8.0},{"not_picked":["Terror","Cloak And Dagger"],"picked":"Blade Dance","floor":11.0},{"not_picked":["Bouncing Flask","Escape Plan"],"picked":"Acrobatics","floor":13.0},{"not_picked":["Flechettes","Dagger Spray","Backflip"],"picked":"SKIP","floor":14.0},{"not_picked":["Corpse Explosion","Glass Knife"],"picked":"Die Die Die","floor":16.0},{"not_picked":["Bouncing Flask+1"],"picked":"SKIP","floor":18},{"not_picked":["Escape Plan"],"picked":"SKIP","floor":21},{"not_picked":["Backflip+1"],"picked":"SKIP","floor":22},{"not_picked":["Caltrops"],"picked":"SKIP","floor":24},{"not_picked":["PiercingWail"],"picked":"SKIP","floor":25},{"not_picked":["Prepared"],"picked":"SKIP","floor":27},{"not_picked":["Dagger Throw+1"],"picked":"SKIP","floor":28},{"not_picked":["Masterful Stab"],"picked":"SKIP","floor":30},{"not_picked":["Acrobatics+1"],"picked":"SKIP","floor":31}],"player_experience":416928,"relics_obtained":[{"floor":5.0,"key":"Shuriken"},{"floor":8.0,"key":"Vajra"},{"floor":9.0,"key":"Nunchaku"},{"floor":11.0,"key":"Blue Candle"},{"floor":13.0,"key":"Incense Burner"},{"floor":24,"key":"Dream Catcher"},{"floor":26,"key":"Bottled Flame"},{"floor":28,"key":"Anchor"},{"floor":30,"key":"WingedGreaves"}],"event_choices":[{"damage_healed":0.0,"max_hp_gain":0.0,"max_hp_loss":0.0,"gold_gain":0.0,"event_name":"Accursed Blacksmith","player_choice":"Forge","floor":12.0,"gold_loss":0.0,"damage_taken":0.0,"cards_upgraded":["Blade Dance"]},{"damage_healed":0,"gold_gain":0,"player_choice":"Obtained Relic","damage_taken":0,"relics_obtained":["Mango"],"max_hp_gain":0,"max_hp_loss":0,"event_name":"Addict","floor":19,"gold_loss":85}],"is_beta":false,"boss_relics":[{"not_picked":["Pandora\u0027s Box","Ectoplasm"],"picked":"Busted Crown"}],"items_purged_floors":[20,29],"is_endless":false,"potions_floor_spawned":[1,3,8,16,27,28,30],"killed_by":"Automaton","ascension_level":1}