{"gold_per_floor":[119,129,129,204,204,234,234,264,287,305,305,333,41,57,57,131,131,144,144,160,200,200],"floor_reached":22,"playtime":1125,"items_purged":["Strike_G"],"score":458,"play_id":"74923c41-9093-4148-ab41-24a31f028442","local_time":"20190314184855","is_ascension_mode":true,"campfire_choices":[{"data":"Deadly Poison","floor":7,"key":"SMITH"},{"data":"Noxious Fumes","floor":11,"key":"SMITH"},{"data":"Acrobatics","floor":15,"key":"SMITH"}],"neow_cost":"NONE","seed_source_timestamp":38411025803640,"circlet_count":0,"master_deck":["AscendersBane","Defend_G","Defend_G","Defend_G","Defend_G","Defend_G","Strike_G+1","Strike_G","Strike_G","Strike_G+1","Survivor","Neutralize+1","Noxious Fumes+1","Caltrops+1","Deadly Poison+1","Escape Plan","Acrobatics+1","PanicButton","HandOfGreed","Calculated Gamble","Stack","Jack Of All Trades"],"relics":["Ring of the Snake","NeowsBlessing","Whetstone","Meat on the Bone","Potion Belt","Dodecahedron","PrismaticShard","Lizard Tail"],"potions_floor_usage":[8,16],"damage_taken":[{"damage":0,"enemies":"Small Slimes","floor":1,"turns":1},{"damage":0,"enemies":"2 Louse","floor":2,"turns":1},{"damage":0,"enemies":"Lagavulin","floor":6,"turns":1},{"damage":32,"enemies":"3 Sentries","floor":8,"turns":8},{"damage":0,"enemies":"Jaw Worm","floor":10,"turns":4},{"damage":7,"enemies":"Lagavulin","floor":12,"turns":7},{"damage":10,"enemies":"Large Slime","floor":14,"turns":5},{"damage":10,"enemies":"Slime Boss","floor":16,"turns":10},{"damage":10,"enemies":"Chosen","floor":18,"turns":5},{"damage":17,"enemies":"Shell Parasite","floor":20,"turns":5},{"damage":31,"enemies":"Snecko","floor":21,"turns":6},{"damage":10,"enemies":"Colosseum Slavers","floor":22,"turns":2}],"seed_played":"-8034214591149353168","potions_obtained":[{"floor":2,"key":"Regen Potion"},{"floor":8,"key":"AttackPotion"},{"floor":12,"key":"Weak Potion"},{"floor":18,"key":"SpeedPotion"}],"is_trial":false,"path_per_floor":["M","M","?","?","?","E","R","E","T","M","R","E","$","M","R","B",null,"M","?","M","M","?"],"character_chosen":"THE_SILENT","items_purchased":["PrismaticShard"],"campfire_rested":0,"item_purchase_floors":[13],"current_hp_per_floor":[59,59,39,28,28,28,28,11,11,23,23,28,28,30,30,32,58,48,48,43,24,14],"gold":200,"neow_bonus":"THREE_ENEMY_KILL","is_prod":false,"is_daily":false,"chose_seed":false,"campfire_upgraded":3,"win_rate":0,"timestamp":1552560535,"path_taken":["M","M","?","?","?","E","R","E","T","M","R","E","$","M","R","BOSS","M","?","M","M","?"],"build_version":"2019-01-23","purchased_purges":1,"victory":false,"max_hp_per_floor":[66,66,66,66,66,66,66,66,66,66,66,66,66,66,66,66,66,66,66,66,66,66],"card_choices":[{"not_picked":["Outmaneuver","Dodge and Roll"],"picked":"Noxious Fumes","floor":1},{"not_picked":["Cloak And Dagger","Endless Agony"],"picked":"Caltrops","floor":2},{"not_picked":["Dagger Throw","Caltrops"],"picked":"Deadly Poison","floor":6},{"not_picked":["Blade Dance","Riddle With Holes","Underhanded Strike"],"picked":"SKIP","floor":8},{"not_picked":["Acrobatics","Heel Hook"],"picked":"Escape Plan","floor":10},{"not_picked":["Blade Dance","Escape Plan"],"picked":"Acrobatics","floor":12},{"not_picked":["Havoc","Riddle With Holes"],"picked":"PanicButton","floor":14},{"not_picked":["Violence","Brutality"],"picked":"HandOfGreed","floor":16},{"not_picked":["Barrage+1","Finisher","Crippling Poison"],"picked":"SKIP","floor":18},{"not_picked":["Dash","Bandage Up"],"picked":"Stack","floor":20},{"not_picked":["Underhanded Strike+1","Hemokinesis"],"picked":"Jack Of All Trades","floor":21}],"player_experience":3594185,"relics_obtained":[{"floor":6,"key":"Whetstone"},{"floor":8,"key":"Meat on the Bone"},{"floor":9,"key":"Potion Belt"},{"floor":12,"key":"Dodecahedron"}],"event_choices":[{"damage_healed":0,"gold_gain":0,"player_choice":"Entered Light","damage_taken":20,"max_hp_gain":0,"max_hp_loss":0,"event_name":"Shining Light","floor":3,"gold_loss":0,"cards_upgraded":["Neutralize","Caltrops"]},{"damage_healed":0,"gold_gain":75,"player_choice":"Gather Gold","damage_taken":11,"max_hp_gain":0,"max_hp_loss":0,"event_name":"World of Goop","floor":4,"gold_loss":0},{"damage_healed":0,"gold_gain":0,"player_choice":"Ignored","damage_taken":0,"max_hp_gain":0,"max_hp_loss":0,"event_name":"Liars Game","floor":5,"gold_loss":0},{"damage_healed":0,"gold_gain":0,"player_choice":"Read","damage_taken":0,"max_hp_gain":0,"max_hp_loss":0,"event_name":"The Library","floor":19,"gold_loss":0,"cards_obtained":["Calculated Gamble"]},{"damage_healed":0,"gold_gain":0,"player_choice":"Fight","damage_taken":0,"max_hp_gain":0,"max_hp_loss":0,"event_name":"Colosseum","floor":22,"gold_loss":0}],"is_beta":false,"boss_relics":[{"not_picked":["Eternal Feather","HoveringKite"],"picked":"Lizard Tail"}],"items_purged_floors":[13],"is_endless":false,"potions_floor_spawned":[2,8,12,18],"killed_by":"Colosseum Slavers","ascension_level":20}