{"gold_per_floor":[110,125,50,50,50,50,63,63,63,118,159,172,6,6],"floor_reached":14,"playtime":349,"items_purged":["Normality"],"score":176,"play_id":"c46b99b0-6267-40f1-aae1-4d6874764674","local_time":"20190212220953","is_ascension_mode":true,"campfire_choices":[{"data":"Streamline","floor":6,"key":"SMITH"},{"data":"Defragment","floor":8,"key":"SMITH"}],"neow_cost":"CURSE","seed_source_timestamp":44695488882557,"circlet_count":0,"master_deck":["AscendersBane","Strike_B","Strike_B","Strike_B+1","Strike_B","Defend_B","Defend_B+1","Defend_B","Defend_B","Zap","Dualcast","Conserve Battery","Streamline+1","Defragment+1","Ball Lightning"],"relics":["Cracked Core","Ice Cream","Golden Idol","Blue Candle","Orichalcum","Pear","Bronze Scales"],"potions_floor_usage":[],"damage_taken":[{"damage":3,"enemies":"2 Louse","floor":1,"turns":3},{"damage":7,"enemies":"Jaw Worm","floor":2,"turns":3},{"damage":1,"enemies":"Small Slimes","floor":7,"turns":3},{"damage":20,"enemies":"Gremlin Nob","floor":11,"turns":4},{"damage":15,"enemies":"Red Slaver","floor":12,"turns":4},{"damage":12,"enemies":"Large Slime","floor":14,"turns":1}],"seed_played":"-3365799624505023511","potions_obtained":[{"floor":2,"key":"LiquidBronze"},{"floor":12,"key":"Ancient Potion"}],"is_trial":false,"path_per_floor":["M","M","$","?","?","R","M","R","T","T","E","M","$","M"],"character_chosen":"DEFECT","items_purchased":["Bronze Scales"],"campfire_rested":0,"item_purchase_floors":[13],"current_hp_per_floor":[61,54,54,33,33,33,32,32,32,32,22,7,7,0],"gold":6,"neow_bonus":"ONE_RARE_RELIC","is_prod":false,"is_daily":false,"chose_seed":false,"campfire_upgraded":2,"win_rate":0,"timestamp":1549980593,"path_taken":["M","M","$","?","?","R","M","R","T","?","E","M","$","M"],"build_version":"2019-01-23","purchased_purges":1,"victory":false,"max_hp_per_floor":[71,71,71,71,64,64,64,64,64,64,74,74,74,74],"card_choices":[{"not_picked":["Gash","Loop"],"picked":"Conserve Battery","floor":1},{"not_picked":["Cold Snap","Redo"],"picked":"Streamline","floor":2},{"not_picked":["Steam Power","Compile Driver"],"picked":"Defragment","floor":7},{"not_picked":["Static Discharge","Steam"],"picked":"Ball Lightning","floor":11},{"not_picked":["Redo","Blizzard","Rebound"],"picked":"SKIP","floor":12}],"player_experience":2664876,"relics_obtained":[{"floor":9,"key":"Blue Candle"},{"floor":10,"key":"Orichalcum"},{"floor":11,"key":"Pear"}],"event_choices":[{"damage_healed":0,"gold_gain":0,"player_choice":"Entered Light","damage_taken":21,"max_hp_gain":0,"max_hp_loss":0,"event_name":"Shining Light","floor":4,"gold_loss":0,"cards_upgraded":["Strike_B","Defend_B"]},{"damage_healed":0,"gold_gain":0,"player_choice":"Lose Max HP","damage_taken":0,"relics_obtained":["Golden Idol"],"max_hp_gain":0,"max_hp_loss":7,"event_name":"Golden Idol","floor":5,"gold_loss":0}],"is_beta":false,"boss_relics":[],"items_purged_floors":[3],"is_endless":false,"potions_floor_spawned":[2,12],"killed_by":"Large Slime","ascension_level":20}