{"gold_per_floor":[10,22,22,22,35,67,123,156,186,186,212,246,246,246,246,324,324,334,334,121,171,182,210,76,76,76,95,95,105,116,134,134,208,208,228,244,45,59,59,79,79,114,140,140,156,172,201,253,253,253,253,253,57,84,84],"floor_reached":55,"playtime":1779,"items_purged":["Strike_R","Defend_R","Inflame"],"score":1383,"play_id":"817332f1-ee1e-471d-8594-ac8c00ca5c4f","local_time":"20190220195841","is_ascension_mode":true,"campfire_choices":[{"floor":10.0,"key":"REST"},{"data":"Disarm","floor":13.0,"key":"SMITH"},{"data":"Demon Form","floor":15.0,"key":"SMITH"},{"floor":25.0,"key":"REST"},{"data":"Double Tap","floor":28.0,"key":"SMITH"},{"data":"Pummel","floor":32.0,"key":"SMITH"},{"data":"Flame Barrier","floor":41,"key":"SMITH"},{"floor":44,"key":"RECALL"},{"floor":49,"key":"REST"},{"floor":52,"key":"REST"}],"neow_cost":"NO_GOLD","seed_source_timestamp":258010878237804,"circlet_count":0,"master_deck":["AscendersBane","Strike_R","Defend_R","Defend_R+1","Defend_R","Bash","Flame Barrier+1","Body Slam+1","Demon Form+1","Disarm+1","Double Tap+1","Pummel+1","Evolve","Seeing Red+1","Battle Trance"],"special_seed":0,"relics":["Burning Blood","Oddly Smooth Stone","Dodecahedron","Vajra","Tiny Chest","Boot","Lantern","Gremlin Horn","Busted Crown","Pocketwatch","Bottled Tornado","Runic Pyramid","TheAbacus","Strawberry","Orichalcum","Gambling Chip","Shuriken"],"potions_floor_usage":[42,48,55],"damage_taken":[{"damage":8.0,"enemies":"Small Slimes","floor":1.0,"turns":6.0},{"damage":9.0,"enemies":"Jaw Worm","floor":2.0,"turns":3.0},{"damage":0.0,"enemies":"Cultist","floor":5.0,"turns":4.0},{"damage":5.0,"enemies":"Lagavulin","floor":6.0,"turns":7.0},{"damage":30.0,"enemies":"Gremlin Nob","floor":7.0,"turns":5.0},{"damage":22.0,"enemies":"3 Sentries","floor":8.0,"turns":8.0},{"damage":0.0,"enemies":"Lagavulin","floor":12.0,"turns":8.0},{"damage":6.0,"enemies":"The Guardian","floor":16.0,"turns":11.0},{"damage":8.0,"enemies":"3 Byrds","floor":18.0,"turns":5.0},{"damage":23.0,"enemies":"2 Thieves","floor":22.0,"turns":4.0},{"damage":26.0,"enemies":"Book of Stabbing","floor":23.0,"turns":6.0},{"damage":0.0,"enemies":"3 Cultists","floor":27.0,"turns":4.0},{"damage":18.0,"enemies":"Snake Plant","floor":29.0,"turns":3.0},{"damage":0.0,"enemies":"Centurion and Healer","floor":30.0,"turns":4.0},{"damage":0.0,"enemies":"3 Cultists","floor":31.0,"turns":4.0},{"damage":49.0,"enemies":"Automaton","floor":33.0,"turns":7.0},{"damage":8,"enemies":"Orb Walker","floor":35,"turns":3},{"damage":23,"enemies":"3 Darklings","floor":36,"turns":3},{"damage":11,"enemies":"Maw","floor":38,"turns":5},{"damage":8,"enemies":"Spire Growth","floor":40,"turns":4},{"damage":13,"enemies":"Giant Head","floor":42,"turns":5},{"damage":0,"enemies":"Writhing Mass","floor":45,"turns":5},{"damage":31,"enemies":"Transient","floor":46,"turns":5},{"damage":5,"enemies":"Reptomancer","floor":47,"turns":5},{"damage":9,"enemies":"2 Orb Walkers","floor":48,"turns":4},{"damage":9,"enemies":"Time Eater","floor":50,"turns":7},{"damage":39,"enemies":"Shield and Spear","floor":54,"turns":6},{"damage":54,"enemies":"The Heart","floor":55,"turns":5}],"seed_played":"3226461305486087370","potions_obtained":[{"floor":2.0,"key":"Poison Potion"},{"floor":6.0,"key":"Swift Potion"},{"floor":12.0,"key":"SkillPotion"},{"floor":16.0,"key":"EssenceOfSteel"},{"floor":27.0,"key":"AttackPotion"},{"floor":29.0,"key":"SteroidPotion"},{"floor":30.0,"key":"EntropicBrew"},{"floor":36,"key":"GamblersBrew"},{"floor":38,"key":"BloodPotion"},{"floor":42,"key":"FairyPotion"},{"floor":54,"key":"EssenceOfSteel"}],"is_trial":false,"path_per_floor":["M","M","?","?","M","E","?","E","T","R","T","E","R","?","R","B",null,"M","?","$","?","M","E","$","R","T","M","R","M","M","M","R","B",null,"M","M","$","M","?","M","R","E","T","R","M","M","E","?","R","B",null,"R","$","E","B"],"character_chosen":"IRONCLAD","items_purchased":["Double Tap","Evolve","TheAbacus","Battle Trance"],"campfire_rested":4,"item_purchase_floors":[20,24,37,53],"current_hp_per_floor":[66,63,40,40,46,47,23,7,7,29,29,35,35,17,17,17,61,59,59,59,52,35,15,15,37,37,43,43,31,37,43,43,7,58,56,39,39,34,34,32,32,39,39,39,45,20,21,18,41,38,68,78,78,45,0],"gold":84,"neow_bonus":"TRANSFORM_TWO_CARDS","is_prod":false,"is_daily":false,"chose_seed":false,"campfire_upgraded":5,"win_rate":0,"timestamp":1550663921,"path_taken":["M","M","?","?","?","E","?","E","T","R","?","E","R","?","R","BOSS","M","?","$","?","M","E","$","R","T","M","R","?","M","M","R","BOSS","M","M","$","M","?","M","R","E","T","R","M","M","E","?","R","BOSS","R","$","E","BOSS"],"build_version":"2019-01-23","purchased_purges":3,"victory":false,"max_hp_per_floor":[75,75,75,75,75,75,75,75,75,75,75,75,75,75,75,75,75,75,75,75,75,75,75,75,75,75,75,75,75,75,75,75,75,75,75,75,75,75,71,71,71,78,78,78,78,78,78,78,78,78,78,78,78,78,78],"card_choices":[{"not_picked":["Iron Wave","Uppercut","Warcry"],"picked":"SKIP","floor":1.0},{"not_picked":["Flex","Twin Strike"],"picked":"Body Slam","floor":2.0},{"not_picked":["Clash","Thunderclap"],"picked":"Demon Form","floor":5.0},{"not_picked":["Corruption","Intimidate","Flex"],"picked":"SKIP","floor":6.0},{"not_picked":["Inflame","Dropkick"],"picked":"Disarm","floor":7.0},{"not_picked":["Pommel Strike","Body Slam","Rupture"],"picked":"SKIP","floor":8.0},{"not_picked":["Havoc","Dropkick","Intimidate"],"picked":"SKIP","floor":12.0},{"not_picked":["Armaments"],"picked":"SKIP","floor":18.0},{"not_picked":[],"picked":"Pummel","floor":22.0},{"not_picked":["Clothesline"],"picked":"SKIP","floor":23.0},{"not_picked":["Thunderclap"],"picked":"SKIP","floor":27.0},{"not_picked":[],"picked":"Seeing Red+1","floor":29.0},{"not_picked":["Rage"],"picked":"SKIP","floor":30.0},{"not_picked":["Rage"],"picked":"SKIP","floor":31.0},{"not_picked":["Heavy Blade"],"picked":"SKIP","floor":35},{"not_picked":["Evolve"],"picked":"SKIP","floor":36},{"not_picked":["Clash"],"picked":"SKIP","floor":38},{"not_picked":["Clothesline"],"picked":"SKIP","floor":40},{"not_picked":["Disarm"],"picked":"SKIP","floor":42},{"not_picked":["Body Slam+1"],"picked":"SKIP","floor":45},{"not_picked":["Perfected Strike"],"picked":"SKIP","floor":46},{"not_picked":["Heavy Blade"],"picked":"SKIP","floor":47},{"not_picked":["Exhume"],"picked":"SKIP","floor":54}],"player_experience":868849,"relics_obtained":[{"floor":6.0,"key":"Oddly Smooth Stone"},{"floor":7.0,"key":"Dodecahedron"},{"floor":8.0,"key":"Vajra"},{"floor":9.0,"key":"Tiny Chest"},{"floor":11.0,"key":"Boot"},{"floor":12.0,"key":"Lantern"},{"floor":23.0,"key":"Pocketwatch"},{"floor":26.0,"key":"Bottled Tornado"},{"floor":42,"key":"Strawberry"},{"floor":47,"key":"Orichalcum"},{"floor":48,"key":"Gambling Chip"},{"floor":54,"key":"Shuriken"}],"event_choices":[{"damage_healed":0.0,"max_hp_gain":0.0,"max_hp_loss":0.0,"gold_gain":0.0,"event_name":"Shining Light","player_choice":"Entered Light","floor":3.0,"gold_loss":0.0,"damage_taken":23.0,"cards_upgraded":["Body Slam","Defend_R"]},{"cards_removed":["Strike_R"],"damage_healed":0.0,"max_hp_gain":0.0,"max_hp_loss":0.0,"gold_gain":0.0,"event_name":"Bonfire Elementals","player_choice":"Offered Basic","floor":4.0,"gold_loss":0.0,"damage_taken":0.0},{"damage_healed":0.0,"max_hp_gain":0.0,"max_hp_loss":0.0,"gold_gain":0.0,"event_name":"Dead Adventurer","player_choice":"Searched \u00271\u0027 times","floor":7.0,"gold_loss":0.0,"damage_taken":0.0},{"damage_healed":0.0,"max_hp_gain":0.0,"max_hp_loss":0.0,"gold_gain":0.0,"event_name":"Scrap Ooze","player_choice":"Success","floor":14.0,"gold_loss":0.0,"damage_taken":18.0,"relics_obtained":["Gremlin Horn"]},{"damage_healed":0.0,"max_hp_gain":0.0,"max_hp_loss":0.0,"gold_gain":0.0,"event_name":"Ghosts","player_choice":"Ignored","floor":19.0,"gold_loss":0.0,"damage_taken":0.0},{"damage_healed":0.0,"max_hp_gain":0.0,"max_hp_loss":0.0,"gold_gain":50.0,"event_name":"FaceTrader","player_choice":"Touch","floor":21.0,"gold_loss":0.0,"damage_taken":7.0},{"damage_healed":0,"gold_gain":0,"player_choice":"Max HP","damage_taken":0,"max_hp_gain":0,"max_hp_loss":4,"event_name":"Winding Halls","floor":39,"gold_loss":0},{"damage_healed":0,"gold_gain":0,"player_choice":"Fight","damage_taken":0,"max_hp_gain":0,"max_hp_loss":0,"event_name":"Mysterious Sphere","floor":48,"gold_loss":0}],"is_beta":false,"boss_relics":[{"not_picked":["Velvet Choker","Lizard Tail"],"picked":"Busted Crown"},{"not_picked":["Snecko Eye","Astrolabe"],"picked":"Runic Pyramid"}],"items_purged_floors":[20,24,53],"is_endless":false,"potions_floor_spawned":[2,6,12,16,22,27,29,30,31,36,38,42,46,54],"killed_by":"The Heart","ascension_level":15}