{"path_per_floor":["M","?","?","M","M","E","R","E","T","E","?","E","$","E","R","B",null,"M","?","?","M","M","E","M","E","T","E","?","R","E","M","R","B",null,"M","M","M","?","?","E","R","E","T","R","E","$","E","M","R","B"],"character_chosen":"THE_SILENT","items_purchased":["Trip","Unceasing Top","Happy Flower","Dodecahedron"],"gold_per_floor":[114,114,114,129,144,174,174,204,204,234,184,214,135,165,165,265,295,310,310,310,325,340,370,385,415,465,495,495,495,525,540,540,640,640,655,670,685,685,685,715,715,745,745,745,775,165,195,210,210,210],"floor_reached":51,"campfire_rested":0,"playtime":3240,"current_hp_per_floor":[68,61,47,44,44,44,44,25,25,16,16,24,24,26,26,28,75,75,75,75,68,70,72,64,41,41,43,43,43,30,32,32,46,75,75,72,74,74,65,67,67,75,75,75,75,75,75,75,75,75],"items_purged":[],"gold":210,"score":1354,"play_id":"3f9b0a5e-508b-4625-8ca8-5ca91fdedd41","local_time":"20180421091556","daily_mods":["Shiny","Time Dilation","Elite Swarm"],"is_prod":false,"is_daily":true,"chose_seed":false,"is_ascension_mode":false,"campfire_upgraded":5,"timestamp":1524273356,"path_taken":["M","?","?","M","M","E","R","E","T","E","?","E","$","E","R","BOSS","M","?","?","M","M","E","M","E","T","E","?","R","E","?","R","BOSS","M","M","M","?","?","E","R","E","T","R","E","?","E","?","R","BOSS"],"build_version":"2018-04-19","seed_source_timestamp":0,"purchased_purges":2,"victory":true,"master_deck":["Adrenaline","Envenom+1","Doppelganger","Burst+1","Wraith Form v2+1","Venomology","Tools of the Trade","Night Terror+1","Phantasmal Killer","Unload","After Image+1","Tactician","Bullet Time+1","Glass Knife","Die Die Die+1","A Thousand Cuts","Deflect","Backflip+1","Adrenaline","Trip+1","Slice","Well Laid Plans+1","Adrenaline","Malaise+1","PiercingWail","Madness","Madness","Adrenaline","Cloak And Dagger+1"],"max_hp_per_floor":[70,70,70,70,70,70,70,70,70,70,70,70,70,70,70,70,75,75,75,75,75,75,75,75,75,75,75,75,75,75,75,75,75,75,75,75,75,75,75,75,75,75,75,75,75,75,75,75,75,75],"relics":["Ring of the Snake","Calipers","Paper Crane","Blood Vial","The Courier","Peace Pipe","Bottled Lightning","Tiny House","Vajra","Molten Egg 2","Snake Skull","Matryoshka","Dead Branch","Orrery","Centennial Puzzle","Blue Candle","Ornamental Fan","Shovel","Art of War","Bird Faced Urn","Unceasing Top","Happy Flower","Dodecahedron","Shuriken","Bag of Preparation"],"card_choices":[{"not_picked":["Deadly Poison","Underhanded Strike"],"picked":"Eviscerate","floor":1},{"not_picked":["Malaise","Dodge and Roll"],"picked":"Deflect","floor":4},{"not_picked":["Bane","Finisher"],"picked":"Backflip","floor":5},{"not_picked":["Tools of the Trade","After Image"],"picked":"Adrenaline","floor":8},{"not_picked":["Bane","PiercingWail"],"picked":"Slice","floor":17},{"not_picked":["Cloak And Dagger","Escape Plan"],"picked":"Well Laid Plans","floor":24},{"not_picked":["Doppelganger","Tools of the Trade"],"picked":"Adrenaline","floor":33},{"not_picked":["Accuracy","Backflip"],"picked":"Malaise","floor":34},{"not_picked":["Dagger Spray","Outmaneuver"],"picked":"PiercingWail","floor":34},{"not_picked":["Night Terror","Burst"],"picked":"Adrenaline","floor":47},{"not_picked":["Sucker Punch","Calculated Gamble"],"picked":"Cloak And Dagger","floor":48}],"player_experience":417038,"potions_floor_usage":[6,10,12,12,14,21,22,23,24,25,25,25,27,33,33,33,33,37,37,42,42,47,50,50],"damage_taken":[{"damage":2,"enemies":"Small Slimes","floor":1,"turns":3},{"damage":3,"enemies":"Cultist","floor":4,"turns":3},{"damage":0,"enemies":"Jaw Worm","floor":5,"turns":1},{"damage":0,"enemies":"Gremlin Nob","floor":6,"turns":3},{"damage":19,"enemies":"Lagavulin","floor":8,"turns":7},{"damage":17,"enemies":"Gremlin Nob","floor":10,"turns":3},{"damage":0,"enemies":"3 Sentries","floor":12,"turns":3},{"damage":0,"enemies":"Gremlin Nob","floor":14,"turns":2},{"damage":0,"enemies":"Slime Boss","floor":16,"turns":4},{"damage":0,"enemies":"Spheric Guardian","floor":18,"turns":4},{"damage":7,"enemies":"Shell Parasite","floor":21,"turns":2},{"damage":0,"enemies":"Snake Plant","floor":22,"turns":2},{"damage":0,"enemies":"Slavers","floor":23,"turns":4},{"damage":16,"enemies":"Centurion and Healer","floor":24,"turns":4},{"damage":25,"enemies":"Gremlin Leader","floor":25,"turns":3},{"damage":0,"enemies":"Book of Stabbing","floor":27,"turns":3},{"damage":15,"enemies":"Slavers","floor":30,"turns":3},{"damage":0,"enemies":"Cultist and Chosen","floor":31,"turns":4},{"damage":0,"enemies":"Automaton","floor":33,"turns":6},{"damage":0,"enemies":"3 Shapes","floor":35,"turns":2},{"damage":3,"enemies":"3 Darklings","floor":36,"turns":3},{"damage":0,"enemies":"Maw","floor":37,"turns":4},{"damage":0,"enemies":"Giant Head","floor":40,"turns":8},{"damage":6,"enemies":"Nemesis","floor":42,"turns":7},{"damage":0,"enemies":"2 Orb Walkers","floor":45,"turns":2},{"damage":0,"enemies":"Nemesis","floor":47,"turns":5},{"damage":0,"enemies":"4 Shapes","floor":48,"turns":1},{"damage":0,"enemies":"Awakened One","floor":50,"turns":5}],"event_choices":[{"event_name":"Golden Wing","player_choice":"Card Removal","floor":2,"damage_taken":0},{"event_name":"Shining Light","player_choice":"Entered Light","floor":3,"damage_taken":0},{"event_name":"The Cleric","player_choice":"Card Removal","floor":11,"damage_taken":0},{"event_name":"Accursed Blacksmith","player_choice":"Forge","floor":19,"damage_taken":0},{"event_name":"The Woman in Blue","player_choice":"Bought 0 Potions","floor":20,"damage_taken":0},{"event_name":"Purifier","player_choice":"One Purge","floor":28,"damage_taken":0},{"event_name":"Winding Halls","player_choice":"Embrace Madness","floor":39,"damage_taken":0}],"boss_relics":[{"not_picked":["Ectoplasm","Snecko Eye"],"picked":"Tiny House"},{"not_picked":["Cursed Key","Calling Bell"],"picked":"Orrery"}],"potions_floor_spawned":[4,10,16,21,22,24,30,33,36,42,47],"seed_played":"1252752020569541507","ascension_level":0,"is_trial":false}