{"gold_per_floor":[119,119,119,194,68,68,100,100,100,100,100,115,142,162,162,235,235,250,165,176,101,101,127,127,127],"floor_reached":25,"playtime":571,"items_purged":["Strike_G"],"score":481,"play_id":"a1fd450e-000e-4db4-bb48-664b42f1ddfe","local_time":"20190214210302","is_ascension_mode":true,"campfire_choices":[{"data":"Cloak And Dagger","floor":6.0,"key":"SMITH"},{"floor":8.0,"key":"REST"},{"data":"Accuracy","floor":10.0,"key":"SMITH"},{"data":"Cloak And Dagger","floor":15.0,"key":"SMITH"},{"floor":24,"key":"REST"}],"neow_cost":"NONE","seed_source_timestamp":179489435207067,"circlet_count":0,"master_deck":["AscendersBane","Defend_G","Defend_G","Defend_G","Defend_G","Defend_G","Strike_G","Strike_G+1","Survivor+1","Neutralize","Blade Dance","Choke","Cloak And Dagger+1","Accuracy+1","Tactician","Decay","Cloak And Dagger+1","Terror","Infinite Blades","Adrenaline","Backflip","After Image"],"special_seed":0,"relics":["Ring of the Snake","Boot","Sundial","Question Card","Black Star","Tough Bandages","SsserpentHead","Nunchaku","Ginger"],"potions_floor_usage":[23],"damage_taken":[{"damage":1.0,"enemies":"2 Louse","floor":1.0,"turns":3.0},{"damage":23.0,"enemies":"3 Sentries","floor":7.0,"turns":8.0},{"damage":0.0,"enemies":"Small Slimes","floor":12.0,"turns":2.0},{"damage":12.0,"enemies":"Gremlin Nob","floor":13.0,"turns":4.0},{"damage":0.0,"enemies":"Jaw Worm","floor":14.0,"turns":3.0},{"damage":0.0,"enemies":"Slime Boss","floor":16.0,"turns":6.0},{"damage":15.0,"enemies":"2 Thieves","floor":18.0,"turns":4.0},{"damage":6.0,"enemies":"Shell Parasite","floor":20.0,"turns":3.0},{"damage":26,"enemies":"Gremlin Leader","floor":23,"turns":6},{"damage":24,"enemies":"Slavers","floor":25,"turns":2}],"seed_played":"8416925950166905280","potions_obtained":[{"floor":13.0,"key":"AttackPotion"},{"floor":14.0,"key":"SkillPotion"},{"floor":16.0,"key":"GhostInAJar"},{"floor":23,"key":"Fire Potion"}],"is_trial":false,"path_per_floor":["M","?","?","?","$","R","E","R","T","R","?","M","E","M","R","B",null,"M","?","M","$","?","E","R","E"],"character_chosen":"THE_SILENT","items_purchased":["Cloak And Dagger","Accuracy"],"campfire_rested":2,"item_purchase_floors":[5,5],"current_hp_per_floor":[58,58,38,27,27,27,4,23,23,23,23,23,11,11,11,11,52,37,37,31,31,31,5,24,0],"gold":127,"neow_bonus":"REMOVE_CARD","is_prod":false,"is_daily":false,"chose_seed":false,"campfire_upgraded":3,"win_rate":0,"timestamp":1550149382,"path_taken":["M","?","?","?","?","R","E","R","T","R","?","M","E","?","R","BOSS","M","?","M","$","?","E","R","E"],"build_version":"2019-01-23","purchased_purges":1,"victory":false,"max_hp_per_floor":[66,66,66,66,66,66,66,66,66,66,66,66,66,66,66,66,66,66,66,66,66,66,66,66,66],"card_choices":[{"not_picked":["Flying Knee","Underhanded Strike"],"picked":"Blade Dance","floor":1.0},{"not_picked":["Quick Slash","Deadly Poison"],"picked":"Tactician","floor":7.0},{"not_picked":["Outmaneuver","Choke"],"picked":"Cloak And Dagger","floor":12.0},{"not_picked":["Bane","Poisoned Stab"],"picked":"Terror","floor":13.0},{"not_picked":["Expertise","Dagger Spray","Dodge and Roll"],"picked":"Infinite Blades","floor":14.0},{"not_picked":["Die Die Die","Storm of Steel","Corpse Explosion"],"picked":"Adrenaline","floor":16.0},{"not_picked":["Outmaneuver","Dodge and Roll","Setup","Blade Dance"],"picked":"SKIP","floor":18.0},{"not_picked":["PiercingWail","Concentrate","Flying Knee+1"],"picked":"Backflip","floor":20.0},{"not_picked":["Calculated Gamble","Corpse Explosion","A Thousand Cuts"],"picked":"After Image","floor":23}],"player_experience":747727,"relics_obtained":[{"floor":7.0,"key":"Boot"},{"floor":9.0,"key":"Sundial"},{"floor":13.0,"key":"Question Card"},{"floor":23,"key":"Nunchaku"},{"floor":23,"key":"Ginger"}],"event_choices":[{"damage_healed":0.0,"max_hp_gain":0.0,"max_hp_loss":0.0,"gold_gain":0.0,"cards_transformed":["Strike_G"],"event_name":"Living Wall","player_choice":"Change","floor":2.0,"gold_loss":0.0,"damage_taken":0.0,"cards_obtained":["Choke"]},{"damage_healed":0.0,"max_hp_gain":0.0,"max_hp_loss":0.0,"gold_gain":0.0,"event_name":"Shining Light","player_choice":"Entered Light","floor":3.0,"gold_loss":0.0,"damage_taken":20.0,"cards_upgraded":["Survivor","Strike_G"]},{"damage_healed":0.0,"max_hp_gain":0.0,"max_hp_loss":0.0,"gold_gain":75.0,"event_name":"World of Goop","player_choice":"Gather Gold","floor":4.0,"gold_loss":0.0,"damage_taken":11.0},{"damage_healed":0.0,"max_hp_gain":0.0,"max_hp_loss":0.0,"gold_gain":0.0,"event_name":"Wheel of Change","player_choice":"Cursed","floor":11.0,"gold_loss":0.0,"damage_taken":0.0,"cards_obtained":["Decay"]},{"damage_healed":0.0,"max_hp_gain":0.0,"max_hp_loss":0.0,"gold_gain":0.0,"event_name":"Addict","player_choice":"Obtained Relic","floor":19.0,"gold_loss":85.0,"damage_taken":0.0,"relics_obtained":["Tough Bandages"]},{"damage_healed":0.0,"max_hp_gain":0.0,"max_hp_loss":0.0,"gold_gain":0.0,"event_name":"FaceTrader","player_choice":"Trade","floor":22.0,"gold_loss":0.0,"damage_taken":0.0,"relics_obtained":["SsserpentHead"]}],"is_beta":false,"boss_relics":[{"not_picked":["Snecko Eye","HoveringKite"],"picked":"Black Star"}],"items_purged_floors":[21],"is_endless":false,"potions_floor_spawned":[13,14,16,23],"killed_by":"Slavers","ascension_level":15}