{"gold_per_floor":[114,125,136,149,15,15,15,15,15,15,28,46,46,58,58,129,129,146,166,85,0,16,16,30,30,82,101,101,133,133,151,151,224,224,239,239,255,255,255],"floor_reached":39,"playtime":1320,"items_purged":["Bash"],"score":790,"play_id":"9aa79324-2798-408d-acb2-9d18aa94e641","local_time":"20190720214929","is_ascension_mode":true,"campfire_choices":[{"data":"Inflame","floor":6.0,"key":"SMITH"},{"data":"Sword Boomerang","floor":10.0,"key":"SMITH"},{"data":"Inflame","floor":13.0,"key":"SMITH"},{"data":"Bloodletting","floor":15.0,"key":"SMITH"},{"data":"Offering","floor":23.0,"key":"SMITH"},{"data":"Dual Wield","floor":25.0,"key":"SMITH"},{"data":"Second Wind","floor":28.0,"key":"SMITH"},{"data":"True Grit","floor":32.0,"key":"SMITH"}],"neow_cost":"NONE","seed_source_timestamp":18254487881122,"circlet_count":0,"master_deck":["AscendersBane","Strike_R+1","Strike_R","Defend_R","Defend_R","Defend_R","Defend_R","Inflame+1","Inflame+1","Thunderclap+1","Offering+1","Sword Boomerang+1","Bloodletting+1","Reaper","Shockwave+1","Dual Wield+1","Second Wind+1","Power Through","True Grit+1","Ghostly","Ghostly","Ghostly","Limit Break"],"special_seed":0,"relics":["Burning Blood","Self Forming Clay","Black Star","Meat on the Bone","Whetstone","Matryoshka","Anchor","Empty Cage","Toxic Egg 2","Regal Pillow"],"potions_floor_usage":[],"damage_taken":[{"damage":12.0,"enemies":"Cultist","floor":1.0,"turns":4.0},{"damage":7.0,"enemies":"Small Slimes","floor":2.0,"turns":4.0},{"damage":9.0,"enemies":"Jaw Worm","floor":3.0,"turns":4.0},{"damage":11.0,"enemies":"Blue Slaver","floor":4.0,"turns":5.0},{"damage":5.0,"enemies":"2 Fungi Beasts","floor":11.0,"turns":4.0},{"damage":10.0,"enemies":"Looter","floor":12.0,"turns":3.0},{"damage":12.0,"enemies":"Exordium Thugs","floor":14.0,"turns":3.0},{"damage":32.0,"enemies":"Hexaghost","floor":16.0,"turns":7.0},{"damage":36.0,"enemies":"Chosen","floor":18.0,"turns":5.0},{"damage":24.0,"enemies":"Shell Parasite","floor":19.0,"turns":4.0},{"damage":18.0,"enemies":"Shelled Parasite and Fungi","floor":22.0,"turns":3.0},{"damage":24.0,"enemies":"Centurion and Healer","floor":24.0,"turns":5.0},{"damage":28.0,"enemies":"Snake Plant","floor":27.0,"turns":3.0},{"damage":28.0,"enemies":"Book of Stabbing","floor":29.0,"turns":6.0},{"damage":7.0,"enemies":"Shelled Parasite and Fungi","floor":31.0,"turns":5.0},{"damage":49.0,"enemies":"Automaton","floor":33.0,"turns":12.0},{"damage":2.0,"enemies":"Orb Walker","floor":35.0,"turns":4.0},{"damage":14,"enemies":"3 Darklings","floor":37,"turns":5},{"damage":37,"enemies":"Jaw Worm Horde","floor":39,"turns":2}],"seed_played":"-6801644517037200752","potions_obtained":[{"floor":1.0,"key":"SkillPotion"},{"floor":2.0,"key":"LiquidBronze"},{"floor":19.0,"key":"Block Potion"},{"floor":22.0,"key":"Poison Potion"},{"floor":31.0,"key":"FearPotion"}],"is_trial":false,"path_per_floor":["M","M","M","M","$","R","?","T","T","R","M","M","R","M","R","B",null,"M","M","$","?","M","R","M","R","T","M","R","E","?","M","R","B",null,"M","?","M","T","M"],"character_chosen":"IRONCLAD","items_purchased":["Sword Boomerang","Second Wind"],"campfire_rested":0,"item_purchase_floors":[5,20],"current_hp_per_floor":[62,61,58,53,53,53,53,53,53,53,54,50,50,44,44,18,61,35,17,17,17,35,35,57,57,57,58,58,46,37,37,37,20,33,37,37,29,29,0],"gold":255,"neow_bonus":"REMOVE_CARD","is_prod":false,"is_daily":false,"chose_seed":false,"campfire_upgraded":8,"win_rate":0,"timestamp":1563630569,"path_taken":["M","M","M","?","$","R","?","?","T","R","M","M","R","M","R","BOSS","M","M","$","?","M","R","M","R","T","M","R","E","?","M","R","BOSS","M","?","M","?","M"],"build_version":"2019-07-17","purchased_purges":1,"victory":false,"max_hp_per_floor":[75,75,75,75,75,75,75,75,75,75,75,75,75,75,75,75,75,75,75,75,75,75,75,75,75,75,75,75,75,37,37,37,37,37,37,37,37,37,37],"card_choices":[{"not_picked":["Twin Strike","Spot Weakness"],"picked":"Inflame","floor":1.0},{"not_picked":["Cleave","Rage"],"picked":"Inflame","floor":2.0},{"not_picked":["Flex","Seeing Red"],"picked":"Thunderclap","floor":3.0},{"not_picked":["True Grit","Disarm"],"picked":"Offering","floor":4.0},{"not_picked":["Clash","Sword Boomerang","Body Slam"],"picked":"SKIP","floor":11.0},{"not_picked":["Body Slam","Pommel Strike"],"picked":"Bloodletting","floor":12.0},{"not_picked":["Cleave","Searing Blow","Clothesline"],"picked":"SKIP","floor":14.0},{"not_picked":["Berserk","Limit Break"],"picked":"Reaper","floor":16.0},{"not_picked":["Clothesline","Thunderclap"],"picked":"Shockwave+1","floor":18.0},{"not_picked":["Sword Boomerang","True Grit"],"picked":"Dual Wield","floor":19.0},{"not_picked":["Wild Strike","Body Slam","Flex"],"picked":"SKIP","floor":22.0},{"not_picked":["Pommel Strike","Clothesline","Clash"],"picked":"SKIP","floor":24.0},{"not_picked":["Headbutt","Twin Strike"],"picked":"Power Through","floor":27.0},{"not_picked":["Exhume","Blood for Blood"],"picked":"True Grit","floor":29.0},{"not_picked":["Sentinel","Warcry","Clothesline"],"picked":"SKIP","floor":31.0},{"not_picked":["Exhume","Dark Embrace"],"picked":"Limit Break","floor":33.0},{"not_picked":["Rampage","Heavy Blade+1","Pommel Strike"],"picked":"SKIP","floor":35.0},{"not_picked":["Rupture","Anger+1","Spot Weakness"],"picked":"SKIP","floor":37}],"player_experience":5811775,"relics_obtained":[{"floor":8.0,"key":"Self Forming Clay"},{"floor":26.0,"key":"Whetstone"},{"floor":29.0,"key":"Matryoshka"},{"floor":29.0,"key":"Anchor"},{"floor":38,"key":"Toxic Egg 2"},{"floor":38,"key":"Regal Pillow"}],"event_choices":[{"damage_healed":0.0,"max_hp_gain":0.0,"max_hp_loss":0.0,"gold_gain":0.0,"event_name":"Dead Adventurer","player_choice":"Searched \u00270\u0027 times","floor":7.0,"gold_loss":0.0,"damage_taken":0.0},{"damage_healed":0.0,"max_hp_gain":0.0,"max_hp_loss":0.0,"gold_gain":0.0,"event_name":"Addict","player_choice":"Obtained Relic","floor":21.0,"gold_loss":85.0,"damage_taken":0.0,"relics_obtained":["Meat on the Bone"]},{"damage_healed":0.0,"max_hp_gain":0.0,"max_hp_loss":38.0,"gold_gain":0.0,"event_name":"Ghosts","player_choice":"Became a Ghost","floor":30.0,"gold_loss":0.0,"damage_taken":0.0,"cards_obtained":["Ghostly","Ghostly","Ghostly"]},{"damage_healed":0,"gold_gain":0,"player_choice":"Ignored","damage_taken":0,"max_hp_gain":0,"max_hp_loss":0,"event_name":"Mysterious Sphere","floor":36,"gold_loss":0}],"is_beta":false,"boss_relics":[{"not_picked":["Eternal Feather","Lizard Tail"],"picked":"Black Star"},{"not_picked":["Black Blood","Busted Crown"],"picked":"Empty Cage"}],"items_purged_floors":[5],"is_endless":false,"potions_floor_spawned":[1,2,4,11,19,22,31],"killed_by":"Jaw Worm Horde","ascension_level":20}