{"gold_per_floor":[115,115,115,141,141,158,158,169,169,94,94,114,124,144,144,144],"floor_reached":16,"playtime":157,"items_purged":["Defend_G"],"score":92,"play_id":"ecf52c70-fff1-44ac-b796-14a668068097","local_time":"20190717022032","is_ascension_mode":false,"campfire_choices":[{"data":"Die Die Die","floor":7,"key":"SMITH"},{"data":"Backstab","floor":11,"key":"SMITH"},{"floor":15,"key":"RECALL"}],"neow_cost":"TEN_PERCENT_HP_LOSS","seed_source_timestamp":29453538055014,"circlet_count":0,"master_deck":["Strike_G","Strike_G+1","Strike_G","Strike_G+1","Strike_G","Defend_G","Defend_G","Defend_G","Survivor","Neutralize","Die Die Die+1","Backstab+1","Well Laid Plans"],"relics":["Ring of the Snake","Bronze Scales","Happy Flower","Whetstone"],"potions_floor_usage":[],"damage_taken":[{"damage":1,"enemies":"2 Louse","floor":1,"turns":2},{"damage":6,"enemies":"Jaw Worm","floor":6,"turns":2},{"damage":0,"enemies":"Cultist","floor":8,"turns":2},{"damage":0,"enemies":"Blue Slaver","floor":12,"turns":2},{"damage":0,"enemies":"2 Fungi Beasts","floor":13,"turns":2},{"damage":0,"enemies":"Gremlin Gang","floor":14,"turns":2},{"damage":0,"enemies":"Hexaghost","floor":16,"turns":1}],"seed_played":"1483693018514392338","potions_obtained":[{"floor":6,"key":"Fire Potion"},{"floor":8,"key":"Explosive Potion"},{"floor":13,"key":"Strength Potion"}],"is_trial":false,"path_per_floor":["M","?","?","T","?","M","R","M","T","$","R","M","M","M","R","B"],"character_chosen":"THE_SILENT","items_purchased":[],"campfire_rested":0,"item_purchase_floors":[],"current_hp_per_floor":[62,50,50,50,50,44,44,44,44,44,44,44,44,44,44,44],"gold":144,"neow_bonus":"THREE_RARE_CARDS","is_prod":false,"is_daily":false,"chose_seed":false,"campfire_upgraded":2,"win_rate":0,"timestamp":1563301232,"path_taken":["M","?","?","?","?","M","R","M","T","$","R","M","M","M","R","BOSS"],"build_version":"2019-07-05","purchased_purges":1,"victory":false,"max_hp_per_floor":[63,63,63,63,63,63,63,63,63,63,63,63,63,63,63,63],"card_choices":[{"not_picked":["A Thousand Cuts","Wraith Form v2"],"picked":"Die Die Die","floor":0},{"not_picked":["Dagger Spray","Leg Sweep"],"picked":"Backstab","floor":1},{"not_picked":["Prepared","Flying Knee","Outmaneuver"],"picked":"SKIP","floor":6},{"not_picked":["Blur","Flying Knee"],"picked":"Well Laid Plans","floor":8},{"not_picked":["Dagger Spray","Slice","PiercingWail"],"picked":"SKIP","floor":12},{"not_picked":["Noxious Fumes","Backflip","Footwork"],"picked":"SKIP","floor":13},{"not_picked":["Catalyst","Deadly Poison","Calculated Gamble"],"picked":"SKIP","floor":14}],"player_experience":5738543,"relics_obtained":[{"floor":4,"key":"Happy Flower"},{"floor":9,"key":"Whetstone"}],"event_choices":[{"damage_healed":0,"gold_gain":0,"player_choice":"Success","damage_taken":12,"relics_obtained":["Bronze Scales"],"max_hp_gain":0,"max_hp_loss":0,"event_name":"Scrap Ooze","floor":2,"gold_loss":0},{"cards_removed":["Defend_G"],"damage_healed":0,"gold_gain":0,"player_choice":"Forget","damage_taken":0,"max_hp_gain":0,"max_hp_loss":0,"event_name":"Living Wall","floor":3,"gold_loss":0},{"damage_healed":0,"gold_gain":0,"player_choice":"Ignored","damage_taken":0,"max_hp_gain":0,"max_hp_loss":0,"event_name":"NoteForYourself","floor":5,"gold_loss":0}],"is_beta":false,"boss_relics":[],"items_purged_floors":[10],"is_endless":false,"potions_floor_spawned":[6,8,13],"killed_by":"Hexaghost","ascension_level":0}