{"gold_per_floor":[115,40,51,69,81,81,81,81,162,162,77,106,106,121,121,121],"floor_reached":16,"playtime":379,"items_purged":["Strike_G"],"score":200,"play_id":"0d17b8b7-c897-4c97-b9d9-60171ef46649","local_time":"20190215213926","is_ascension_mode":true,"campfire_choices":[{"data":"Acrobatics","floor":6.0,"key":"SMITH"},{"data":"Acrobatics","floor":8.0,"key":"SMITH"},{"data":"Tactician","floor":10.0,"key":"SMITH"},{"data":"Flechettes","floor":15,"key":"SMITH"}],"neow_cost":"NONE","seed_source_timestamp":49527851867391,"circlet_count":0,"master_deck":["AscendersBane","Defend_G","Defend_G","Defend_G","Defend_G","Defend_G","Strike_G","Strike_G","Strike_G","Survivor","Neutralize","Tactician+1","Acrobatics+1","Acrobatics+1","Flechettes+1"],"special_seed":0,"relics":["Ring of the Snake","NeowsBlessing","Pantograph","Oddly Smooth Stone"],"potions_floor_usage":[14,14,16],"damage_taken":[{"damage":0.0,"enemies":"Cultist","floor":1.0,"turns":1.0},{"damage":0.0,"enemies":"Small Slimes","floor":3.0,"turns":1.0},{"damage":0.0,"enemies":"2 Louse","floor":4.0,"turns":1.0},{"damage":19.0,"enemies":"Exordium Wildlife","floor":5.0,"turns":6.0},{"damage":34.0,"enemies":"Gremlin Nob","floor":12.0,"turns":4.0},{"damage":0,"enemies":"Exordium Thugs","floor":14,"turns":3},{"damage":41,"enemies":"Slime Boss","floor":16,"turns":6}],"seed_played":"-3684944335621653539","potions_obtained":[{"floor":4.0,"key":"Energy Potion"},{"floor":5.0,"key":"Ancient Potion"},{"floor":12.0,"key":"SteroidPotion"},{"floor":14,"key":"Regen Potion"}],"is_trial":false,"path_per_floor":["M","$","M","M","M","R","?","R","T","R","$","E","?","M","R","B"],"character_chosen":"THE_SILENT","items_purchased":["Flechettes"],"campfire_rested":0,"item_purchase_floors":[11],"current_hp_per_floor":[59,59,59,59,40,40,40,40,40,40,40,6,6,6,6,5],"gold":121,"neow_bonus":"THREE_ENEMY_KILL","is_prod":false,"is_daily":false,"chose_seed":false,"campfire_upgraded":4,"win_rate":0,"timestamp":1550237966,"path_taken":["M","$","?","M","M","R","?","R","T","R","$","E","?","M","R","BOSS"],"build_version":"2019-01-23","purchased_purges":1,"victory":false,"max_hp_per_floor":[66,66,66,66,66,66,66,66,66,66,66,66,66,66,66,66],"card_choices":[{"not_picked":["Flying Knee","Bane","Slice"],"picked":"SKIP","floor":1.0},{"not_picked":["PiercingWail","Sucker Punch"],"picked":"Tactician","floor":3.0},{"not_picked":["Adrenaline","Flechettes"],"picked":"Acrobatics","floor":4.0},{"not_picked":["Footwork","Underhanded Strike"],"picked":"Acrobatics","floor":5.0},{"not_picked":["Caltrops","Prepared","Outmaneuver"],"picked":"SKIP","floor":12.0},{"not_picked":["Slice","Deadly Poison","Tactician"],"picked":"SKIP","floor":14}],"player_experience":2794048,"relics_obtained":[{"floor":9.0,"key":"Pantograph"},{"floor":12.0,"key":"Oddly Smooth Stone"}],"event_choices":[{"damage_healed":0.0,"max_hp_gain":0.0,"max_hp_loss":0.0,"gold_gain":0.0,"event_name":"Dead Adventurer","player_choice":"Searched \u00270\u0027 times","floor":7.0,"gold_loss":0.0,"damage_taken":0.0},{"cards_removed":["Strike_G"],"damage_healed":0.0,"max_hp_gain":0.0,"max_hp_loss":0.0,"gold_gain":0.0,"event_name":"Living Wall","player_choice":"Forget","floor":13.0,"gold_loss":0.0,"damage_taken":0.0}],"is_beta":false,"boss_relics":[],"items_purged_floors":[2],"is_endless":false,"potions_floor_spawned":[4,5,12,14],"killed_by":"Slime Boss","ascension_level":20}