{"gold_per_floor":[116,116,133,54,73,73,104,29,29,29,43,43,61,61,61,138,138,158,158,58,58],"floor_reached":21,"playtime":836,"items_purged":["Strike_G","Pain"],"score":354,"play_id":"85b3bcd8-2f23-44bc-9449-fa63307dd34a","local_time":"20190124170435","is_ascension_mode":true,"campfire_choices":[{"data":"Noxious Fumes","floor":6.0,"key":"SMITH"},{"data":"Caltrops","floor":12,"key":"SMITH"},{"data":"Catalyst","floor":15,"key":"SMITH"}],"neow_cost":"TEN_PERCENT_HP_LOSS","seed_source_timestamp":15607110318534,"circlet_count":0,"master_deck":["AscendersBane","Defend_G","Defend_G","Defend_G","Defend_G","Strike_G","Strike_G","Strike_G","Survivor","Neutralize","Caltrops+1","Backflip","Noxious Fumes+1","Catalyst+1","Burst","Envenom"],"special_seed":0,"relics":["Ring of the Snake","Pear","Vajra","StoneCalendar","WarpedTongs","Question Card","HoveringKite"],"potions_floor_usage":[16],"damage_taken":[{"damage":0.0,"enemies":"2 Louse","floor":1.0,"turns":3.0},{"damage":1.0,"enemies":"Small Slimes","floor":3.0,"turns":4.0},{"damage":0.0,"enemies":"Cultist","floor":5.0,"turns":5.0},{"damage":19.0,"enemies":"Lagavulin","floor":7.0,"turns":9.0},{"damage":11,"enemies":"Exordium Thugs","floor":11,"turns":5},{"damage":5,"enemies":"Exordium Wildlife","floor":13,"turns":5},{"damage":14,"enemies":"The Guardian","floor":16,"turns":8},{"damage":25,"enemies":"Chosen","floor":18,"turns":6},{"damage":0,"enemies":"2 Thieves","floor":21,"turns":1}],"seed_played":"-1534990451560979834","potions_obtained":[{"floor":5.0,"key":"GamblersBrew"},{"floor":13,"key":"AttackPotion"},{"floor":18,"key":"GamblersBrew"}],"is_trial":false,"path_per_floor":["M","?","M","$","M","R","E","$","T","?","M","R","M","T","R","B",null,"M","?","$","M"],"character_chosen":"THE_SILENT","items_purchased":["Noxious Fumes"],"campfire_rested":0,"item_purchase_floors":[4],"current_hp_per_floor":[59,64,63,63,63,63,44,44,44,44,33,33,28,28,28,14,56,31,31,31,31],"gold":58,"neow_bonus":"REMOVE_TWO","is_prod":false,"is_daily":false,"chose_seed":false,"campfire_upgraded":3,"win_rate":0,"timestamp":1548320675,"path_taken":["M","?","M","$","M","R","E","$","T","?","?","R","M","?","R","BOSS","M","?","$","?"],"build_version":"2019-01-23","purchased_purges":2,"victory":false,"max_hp_per_floor":[60,70,70,70,70,70,70,70,70,70,70,70,70,70,70,70,70,70,70,70,70],"card_choices":[{"not_picked":["Sucker Punch","Poisoned Stab"],"picked":"Caltrops","floor":1.0},{"not_picked":["Dagger Throw","Flying Knee"],"picked":"Backflip","floor":3.0},{"not_picked":["Acrobatics","Bane","PiercingWail"],"picked":"SKIP","floor":5.0},{"not_picked":["Skewer","Prepared","Dagger Throw"],"picked":"SKIP","floor":7.0},{"not_picked":["Cloak And Dagger","Outmaneuver","Deflect"],"picked":"SKIP","floor":11},{"not_picked":["Die Die Die","Footwork"],"picked":"Catalyst","floor":13},{"not_picked":["Adrenaline","Grand Finale","Malaise"],"picked":"Burst","floor":16},{"not_picked":["Dash","Blur","Quick Slash","Prepared"],"picked":"SKIP","floor":18}],"player_experience":2201114,"relics_obtained":[{"floor":7.0,"key":"Vajra"},{"floor":9.0,"key":"StoneCalendar"},{"floor":14,"key":"Question Card"}],"event_choices":[{"damage_healed":0.0,"max_hp_gain":0.0,"max_hp_loss":0.0,"gold_gain":0.0,"event_name":"Scrap Ooze","player_choice":"Success","floor":2.0,"gold_loss":0.0,"damage_taken":5.0,"relics_obtained":["Pear"]},{"damage_healed":0.0,"max_hp_gain":0.0,"max_hp_loss":0.0,"gold_gain":0.0,"event_name":"Accursed Blacksmith","player_choice":"Rummage","floor":10.0,"gold_loss":0.0,"damage_taken":0.0,"relics_obtained":["WarpedTongs"],"cards_obtained":["Pain"]},{"damage_healed":0,"gold_gain":0,"player_choice":"1 cards matched","damage_taken":0,"max_hp_gain":0,"max_hp_loss":0,"event_name":"Match and Keep!","floor":19,"gold_loss":0,"cards_obtained":["Envenom"]}],"is_beta":false,"boss_relics":[{"not_picked":["Black Star","Fusion Hammer"],"picked":"HoveringKite"}],"items_purged_floors":[8,20],"is_endless":false,"potions_floor_spawned":[5,13,18],"killed_by":"2 Thieves","ascension_level":20}