{"gold_per_floor":[116,136,149,167,47,75,75,95,120,120],"floor_reached":10,"playtime":336,"items_purged":["Strike_G"],"score":140,"play_id":"a5625c16-8bcc-4ad4-8ea7-268aaf4fb3cb","local_time":"20190122201716","is_ascension_mode":true,"campfire_choices":[{"data":"Neutralize","floor":7,"key":"SMITH"}],"neow_cost":"NONE","seed_source_timestamp":17912472684306,"circlet_count":0,"master_deck":["AscendersBane","Defend_G","Defend_G","Defend_G","Defend_G","Defend_G","Strike_G","Strike_G","Strike_G","Strike_G","Survivor","Neutralize+1","Flying Knee","Acrobatics","Well Laid Plans","Infinite Blades","Escape Plan"],"relics":["Ring of the Snake","Calipers","Bag of Marbles"],"potions_floor_usage":[6,10],"damage_taken":[{"damage":5,"enemies":"Cultist","floor":1,"turns":4},{"damage":5,"enemies":"Small Slimes","floor":2,"turns":5},{"damage":1,"enemies":"2 Louse","floor":3,"turns":3},{"damage":7,"enemies":"Exordium Wildlife","floor":4,"turns":7},{"damage":12,"enemies":"3 Sentries","floor":6,"turns":4},{"damage":7,"enemies":"Looter","floor":8,"turns":4},{"damage":19,"enemies":"Gremlin Nob","floor":10,"turns":4}],"seed_played":"-6792015253478340158","potions_obtained":[{"floor":2,"key":"SkillPotion"},{"floor":6,"key":"GamblersBrew"}],"is_trial":false,"path_per_floor":[],"character_chosen":"THE_SILENT","items_purchased":["Well Laid Plans"],"campfire_rested":0,"item_purchase_floors":[5],"current_hp_per_floor":[54,49,48,41,41,29,29,22,22,3],"gold":120,"neow_bonus":"THREE_CARDS","is_prod":false,"is_daily":false,"chose_seed":false,"campfire_upgraded":1,"win_rate":0,"timestamp":1548159436,"path_taken":["M","M","M","M","$","E","R","M","T","E"],"build_version":"2019-01-20","purchased_purges":1,"victory":false,"max_hp_per_floor":[66,66,66,66,66,66,66,66,66,66],"card_choices":[{"not_picked":["Deflect","Deadly Poison"],"picked":"Flying Knee","floor":0},{"not_picked":["Underhanded Strike","Dagger Throw","Sucker Punch"],"picked":"SKIP","floor":1},{"not_picked":["Deadly Poison","Prepared","PiercingWail"],"picked":"SKIP","floor":2},{"not_picked":["Deflect","Calculated Gamble"],"picked":"Acrobatics","floor":3},{"not_picked":["Catalyst","Acrobatics","Sucker Punch"],"picked":"SKIP","floor":4},{"not_picked":["Quick Slash","Expertise"],"picked":"Infinite Blades","floor":6},{"not_picked":["Blade Dance","Dagger Spray"],"picked":"Escape Plan","floor":8}],"player_experience":1317213,"relics_obtained":[{"floor":6,"key":"Calipers"},{"floor":9,"key":"Bag of Marbles"}],"event_choices":[],"is_beta":true,"boss_relics":[],"items_purged_floors":[5],"is_endless":false,"potions_floor_spawned":[2,6],"killed_by":"Gremlin Nob","ascension_level":20}