{"gold_per_floor":[368,385,396,408,583,583,594,321,321,333,333,333,352,352,352,452,452,465,465,481,494,494,494,494,494,494,494,157,157,167,181,181,280,280,296,314,47,58,68,68,68,68,142,153,153,153,153,168,168,168],"floor_reached":51,"playtime":1547,"items_purged":["Doubt","Strike_G"],"score":691,"play_id":"04664b3f-20bd-49d2-ba43-0e5c98e66053","local_time":"20181027145657","is_ascension_mode":false,"campfire_choices":[{"data":"Neutralize","floor":6.0,"key":"SMITH"},{"data":"Catalyst","floor":11.0,"key":"SMITH"},{"data":"Catalyst","floor":15.0,"key":"SMITH"},{"floor":23,"key":"REST"},{"data":"Catalyst","floor":27,"key":"SMITH"},{"data":"Apotheosis","floor":29,"key":"SMITH"},{"floor":32,"key":"REST"},{"data":"Rainbow","floor":40,"key":"SMITH"},{"data":"After Image","floor":42,"key":"SMITH"},{"data":"Well Laid Plans","floor":47,"key":"SMITH"},{"data":"Well Laid Plans","floor":49,"key":"SMITH"}],"neow_cost":"PERCENT_DAMAGE","seed_source_timestamp":15328257292038,"circlet_count":0,"master_deck":["Defend_G","Defend_G","Defend_G","Defend_G","Defend_G","Strike_G","Survivor","Neutralize+1","Catalyst+1","Backstab","Catalyst+1","Poisoned Stab","Well Laid Plans+1","Corpse Explosion","Wraith Form v2","Catalyst+1","Apotheosis+1","Well Laid Plans+1","Backflip","Leg Sweep","After Image+1","Backflip","Well Laid Plans","Noxious Fumes","True Grit","Sunder","Rainbow+1","Apotheosis+1","Turbo+1","Footwork+1","Redo","Dodge and Roll+1"],"special_seed":0,"relics":["Ring of the Snake","Sundial","Sozu","PreservedInsect","Prayer Wheel","Dodecahedron","Empty Cage","PrismaticShard","Matryoshka"],"potions_floor_usage":[50],"damage_taken":[{"damage":0.0,"enemies":"Cultist","floor":1.0,"turns":5.0},{"damage":0.0,"enemies":"2 Louse","floor":2.0,"turns":4.0},{"damage":0.0,"enemies":"Jaw Worm","floor":3.0,"turns":6.0},{"damage":13.0,"enemies":"Gremlin Gang","floor":4.0,"turns":8.0},{"damage":3.0,"enemies":"Lots of Slimes","floor":7.0,"turns":6.0},{"damage":0.0,"enemies":"Large Slime","floor":10.0,"turns":5.0},{"damage":0.0,"enemies":"3 Louse","floor":13.0,"turns":4.0},{"damage":16.0,"enemies":"Slime Boss","floor":16.0,"turns":6.0},{"damage":0.0,"enemies":"Spheric Guardian","floor":18.0,"turns":4.0},{"damage":7.0,"enemies":"2 Thieves","floor":20.0,"turns":4.0},{"damage":18.0,"enemies":"Shelled Parasite and Fungi","floor":21.0,"turns":6.0},{"damage":20,"enemies":"Colosseum Slavers","floor":22,"turns":2},{"damage":8,"enemies":"Sentry and Sphere","floor":30,"turns":6},{"damage":0,"enemies":"Cultist and Chosen","floor":31,"turns":3},{"damage":11,"enemies":"Automaton","floor":33,"turns":8},{"damage":0,"enemies":"3 Shapes","floor":35,"turns":4},{"damage":2,"enemies":"3 Darklings","floor":36,"turns":4},{"damage":6,"enemies":"Maw","floor":38,"turns":5},{"damage":2,"enemies":"Spire Growth","floor":39,"turns":5},{"damage":3,"enemies":"Sphere and 2 Shapes","floor":44,"turns":7},{"damage":0,"enemies":"4 Shapes","floor":48,"turns":5},{"damage":35,"enemies":"Time Eater","floor":50,"turns":10}],"seed_played":"-9184941522920531234","potions_obtained":[{"floor":3.0,"key":"Weak Potion"},{"floor":4.0,"key":"AttackPotion"},{"floor":7.0,"key":"Strength Potion"}],"is_trial":false,"path_per_floor":["M","M","M","M","?","R","M","$","T","M","R","?","M","?","R","B",null,"M","?","M","M","?","R","T","?","T","R","$","R","M","M","R","B",null,"M","M","$","M","M","R","?","R","T","M","?","?","R","M","R","B"],"character_chosen":"THE_SILENT","items_purchased":["Catalyst","Regen Potion","Poisoned Stab","Apotheosis","Well Laid Plans","PrismaticShard","Well Laid Plans"],"campfire_rested":2,"item_purchase_floors":[8,8,8,28,28,37,37],"current_hp_per_floor":[49,49,49,36,36,36,33,33,33,33,33,56,56,56,56,40,70,70,57,50,32,12,34,34,34,34,34,34,34,26,26,48,37,75,75,73,73,67,65,65,65,65,65,62,75,75,75,75,75,54],"gold":168,"neow_bonus":"TWO_FIFTY_GOLD","is_prod":false,"is_daily":false,"chose_seed":false,"campfire_upgraded":9,"win_rate":0,"timestamp":1540623417,"path_taken":["M","M","M","M","?","R","M","$","T","M","R","?","?","?","R","BOSS","M","?","M","?","?","R","?","?","T","R","$","R","M","M","R","BOSS","M","M","$","M","M","R","?","R","T","M","?","?","R","M","R","BOSS"],"build_version":"2018-10-25v2","purchased_purges":2,"victory":true,"max_hp_per_floor":[70,70,70,70,70,70,70,70,70,70,70,70,70,70,70,70,70,70,75,75,75,75,75,75,75,75,75,75,75,75,75,75,75,75,75,75,75,75,75,75,75,75,75,75,75,75,75,75,75,75],"card_choices":[{"not_picked":["Underhanded Strike","Backflip"],"picked":"Catalyst","floor":1.0},{"not_picked":["Dodge and Roll","Reflex","Bane"],"picked":"SKIP","floor":2.0},{"not_picked":["Quick Slash","Deflect","Sucker Punch"],"picked":"SKIP","floor":3.0},{"not_picked":["Deflect","Bane"],"picked":"Backstab","floor":4.0},{"not_picked":["Dodge and Roll","Deflect","Bane"],"picked":"SKIP","floor":7.0},{"not_picked":["PiercingWail","Prepared"],"picked":"Well Laid Plans","floor":10.0},{"not_picked":["Blade Dance","Predator","Quick Slash"],"picked":"SKIP","floor":13.0},{"not_picked":["A Thousand Cuts","After Image"],"picked":"Wraith Form v2","floor":16.0},{"not_picked":["Deflect","Terror","Choke"],"picked":"SKIP","floor":18.0},{"not_picked":["Quick Slash","Acrobatics","Flying Knee"],"picked":"SKIP","floor":20.0},{"not_picked":["Prepared","Noxious Fumes"],"picked":"Catalyst","floor":21.0},{"not_picked":["PiercingWail","Accuracy"],"picked":"Backflip","floor":30},{"not_picked":["Acrobatics","Slice","Crippling Poison"],"picked":"SKIP","floor":30},{"not_picked":["Concentrate","Heel Hook+1"],"picked":"Leg Sweep","floor":31},{"not_picked":["Prepared+1","Deflect","Accuracy"],"picked":"SKIP","floor":31},{"not_picked":["Grand Finale","Envenom"],"picked":"After Image","floor":33},{"not_picked":["Blade Dance+1","Prepared+1","Acrobatics+1"],"picked":"SKIP","floor":35},{"not_picked":["Skewer+1","Deflect+1","Quick Slash+1"],"picked":"SKIP","floor":35},{"not_picked":["Deadly Poison","Cloak And Dagger"],"picked":"Backflip","floor":36},{"not_picked":["Grand Finale","Prepared+1","Riddle With Holes+1"],"picked":"SKIP","floor":36},{"not_picked":["Uppercut","Coolheaded"],"picked":"Noxious Fumes","floor":38},{"not_picked":["Gash+1","Cleave"],"picked":"True Grit","floor":38},{"not_picked":["Conserve Battery","Aggregate+1"],"picked":"Sunder","floor":39},{"not_picked":["Barrage","Burning Pact+1"],"picked":"Rainbow","floor":39},{"not_picked":["Ball Lightning","Underhanded Strike"],"picked":"Turbo+1","floor":44},{"not_picked":["Dodge and Roll","Rebound"],"picked":"Footwork+1","floor":44},{"not_picked":["Compile Driver","Finesse"],"picked":"Redo","floor":48},{"not_picked":["Dagger Throw","Flash of Steel"],"picked":"Dodge and Roll+1","floor":48}],"player_experience":672626,"relics_obtained":[{"floor":9.0,"key":"Sundial"},{"floor":24,"key":"PreservedInsect"},{"floor":26,"key":"Dodecahedron"},{"floor":43,"key":"Matryoshka"}],"event_choices":[{"damage_healed":0.0,"max_hp_gain":0.0,"max_hp_loss":0.0,"gold_gain":175.0,"event_name":"Liars Game","player_choice":"AGREE","floor":5.0,"gold_loss":0.0,"damage_taken":0.0,"cards_obtained":["Doubt"]},{"damage_healed":23.0,"max_hp_gain":0.0,"max_hp_loss":0.0,"gold_gain":0.0,"event_name":"Big Fish","player_choice":"Banana","floor":12.0,"gold_loss":0.0,"damage_taken":0.0},{"damage_healed":0.0,"max_hp_gain":0.0,"max_hp_loss":0.0,"gold_gain":0.0,"event_name":"Match and Keep!","player_choice":"1 cards matched","floor":14.0,"gold_loss":0.0,"damage_taken":0.0,"cards_obtained":["Corpse Explosion"]},{"damage_healed":0.0,"max_hp_gain":5.0,"max_hp_loss":0.0,"gold_gain":0.0,"event_name":"Forgotten Altar","player_choice":"Shed Blood","floor":19.0,"gold_loss":0.0,"damage_taken":18.0},{"damage_healed":0,"gold_gain":0,"player_choice":"Fight","damage_taken":0,"max_hp_gain":0,"max_hp_loss":0,"event_name":"Colosseum","floor":22,"gold_loss":0},{"damage_healed":0,"gold_gain":0,"player_choice":"Fled From Nobs","damage_taken":0,"max_hp_gain":0,"max_hp_loss":0,"event_name":"Colosseum","floor":22,"gold_loss":0},{"damage_healed":0,"gold_gain":0,"player_choice":"Gave Potion","damage_taken":0,"relics_obtained":["Prayer Wheel"],"max_hp_gain":0,"max_hp_loss":0,"event_name":"WeMeetAgain","floor":25,"gold_loss":0},{"damage_healed":0,"gold_gain":0,"player_choice":"Copied","damage_taken":0,"max_hp_gain":0,"max_hp_loss":0,"event_name":"Duplicator","floor":41,"gold_loss":0,"cards_obtained":["Apotheosis"]},{"damage_healed":13,"gold_gain":0,"player_choice":"Full Heal","damage_taken":0,"max_hp_gain":0,"max_hp_loss":0,"event_name":"Wheel of Change","floor":45,"gold_loss":0},{"cards_removed":["Strike_G"],"damage_healed":0,"gold_gain":0,"player_choice":"Purged","damage_taken":0,"max_hp_gain":0,"max_hp_loss":0,"event_name":"Purifier","floor":46,"gold_loss":0}],"is_beta":false,"boss_relics":[{"not_picked":["Astrolabe","Ring of the Serpent"],"picked":"Sozu"},{"not_picked":["White Beast Statue","Black Star"],"picked":"Empty Cage"}],"items_purged_floors":[8,28],"is_endless":false,"potions_floor_spawned":[3,4,7,18,30,31,38,39,48],"ascension_level":0}