{"gold_per_floor":[109,109,22,22,33,62,62,72,72,106,106],"floor_reached":11,"playtime":180,"items_purged":[],"score":212,"play_id":"58cab3e2-c97a-4a46-8f42-1366be89136d","local_time":"20190217155243","is_ascension_mode":true,"campfire_choices":[],"neow_cost":"NONE","seed_source_timestamp":24974651410013,"circlet_count":0,"master_deck":["AscendersBane","Defend_G","Defend_G","Defend_G","Defend_G","Defend_G","Strike_G","Strike_G","Strike_G","Strike_G","Survivor","Neutralize","Well Laid Plans","Caltrops","Caltrops","Deadly Poison"],"relics":["Ring of the Snake","NeowsBlessing","Darkstone Periapt","Letter Opener","Gremlin Horn","Juzu Bracelet"],"potions_floor_usage":[10,11],"damage_taken":[{"damage":0,"enemies":"2 Louse","floor":1,"turns":1},{"damage":0,"enemies":"Cultist","floor":5,"turns":1},{"damage":0,"enemies":"3 Sentries","floor":6,"turns":1},{"damage":2,"enemies":"Jaw Worm","floor":8,"turns":6},{"damage":54,"enemies":"Gremlin Nob","floor":10,"turns":6},{"damage":0,"enemies":"Gremlin Gang","floor":11,"turns":1}],"seed_played":"725879096068033871","potions_obtained":[{"floor":8,"key":"EssenceOfSteel"},{"floor":10,"key":"SkillPotion"}],"is_trial":false,"path_per_floor":["M","?","$","?","M","E","$","M","T","E","M"],"character_chosen":"THE_SILENT","items_purchased":["Well Laid Plans"],"campfire_rested":0,"item_purchase_floors":[3],"current_hp_per_floor":[59,59,59,59,59,59,59,57,57,3,3],"gold":106,"neow_bonus":"THREE_ENEMY_KILL","is_prod":false,"is_daily":false,"chose_seed":false,"campfire_upgraded":0,"win_rate":0,"timestamp":1550389963,"path_taken":["M","?","?","?","?","E","$","M","T","E","M"],"build_version":"2019-01-23","purchased_purges":0,"victory":false,"max_hp_per_floor":[66,66,66,66,66,66,66,66,66,66,66],"card_choices":[{"not_picked":["Slice","Prepared"],"picked":"Acrobatics","floor":1},{"not_picked":["Blade Dance","PiercingWail","Dodge and Roll"],"picked":"SKIP","floor":5},{"not_picked":["Dagger Spray","Expertise"],"picked":"Caltrops","floor":6},{"not_picked":["Masterful Stab","Prepared"],"picked":"Caltrops","floor":8},{"not_picked":["Leg Sweep","Riddle With Holes"],"picked":"Deadly Poison","floor":10}],"player_experience":2867876,"relics_obtained":[{"floor":6,"key":"Letter Opener"},{"floor":9,"key":"Gremlin Horn"},{"floor":10,"key":"Juzu Bracelet"}],"event_choices":[{"cards_removed":["Acrobatics"],"damage_healed":0,"gold_gain":0,"player_choice":"Gave Card","damage_taken":0,"relics_obtained":["Darkstone Periapt"],"max_hp_gain":0,"max_hp_loss":0,"event_name":"WeMeetAgain","floor":2,"gold_loss":0},{"cards_removed":["Strike_G"],"damage_healed":0,"gold_gain":0,"player_choice":"Offered Basic","damage_taken":0,"max_hp_gain":0,"max_hp_loss":0,"event_name":"Bonfire Elementals","floor":4,"gold_loss":0}],"is_beta":false,"boss_relics":[],"items_purged_floors":[],"is_endless":false,"potions_floor_spawned":[8,10],"killed_by":"Gremlin Gang","ascension_level":20}