{"gold_per_floor":[118,118,118,193,204,204,233,252,279,279,343,343,112,122,122,198,198,212,212,212,238,89,124,142,174,255,267,379,425,452,482,494,579,591,619,853,865,893,422,439,468,468,468,496,496,511,541,552,552,552,552,552,17,43,43],"floor_reached":56,"playtime":2542,"items_purged":["Pain","Flex","Fiend Fire"],"score":2952,"play_id":"dfdc3e7d-6be1-4690-bc56-37a918fd545b","local_time":"20190209221348","is_ascension_mode":true,"campfire_choices":[{"data":"True Grit","floor":6.0,"key":"SMITH"},{"data":"Disarm","floor":15.0,"key":"SMITH"},{"data":"Power Through","floor":27.0,"key":"SMITH"},{"data":"Barricade","floor":32,"key":"SMITH"},{"data":"Juggernaut","floor":42,"key":"SMITH"},{"floor":45,"key":"RECALL"},{"data":"Body Slam","floor":49,"key":"SMITH"},{"data":"Burning Pact","floor":52,"key":"SMITH"}],"neow_cost":"NONE","seed_source_timestamp":1052420428222399,"circlet_count":0,"master_deck":["AscendersBane","True Grit+1","Flame Barrier","Disarm+1","Power Through+1","Feel No Pain","Second Wind","Offering","Seeing Red","Armaments","Sentinel","Intimidate","Metallicize","Body Slam+1","Burning Pact+1","Shrug It Off","Barricade+1","Juggernaut+1","Impervious+1","Deep Breath+1","Battle Trance+1"],"special_seed":0,"relics":["Burning Blood","NeowsBlessing","Vajra","Question Card","Strawberry","Tiny Chest","WarpedTongs","Pandora\u0027s Box","Red Mask","Bag of Preparation","Paper Frog","MawBank","Dodecahedron","Ice Cream","Toxic Egg 2","Red Skull","Sozu","Oddly Smooth Stone","PreservedInsect","Bottled Flame","Regal Pillow","Du-Vu Doll","Bottled Tornado","Blood Vial","Boot"],"potions_floor_usage":[38],"damage_taken":[{"damage":0.0,"enemies":"2 Louse","floor":1.0,"turns":1.0},{"damage":0.0,"enemies":"Small Slimes","floor":5.0,"turns":1.0},{"damage":0.0,"enemies":"Gremlin Nob","floor":7.0,"turns":1.0},{"damage":7.0,"enemies":"Jaw Worm","floor":8.0,"turns":5.0},{"damage":60.0,"enemies":"3 Sentries","floor":11.0,"turns":21.0},{"damage":0.0,"enemies":"Gremlin Gang","floor":14.0,"turns":8.0},{"damage":0.0,"enemies":"The Guardian","floor":16.0,"turns":18.0},{"damage":6.0,"enemies":"Chosen","floor":18.0,"turns":3.0},{"damage":15.0,"enemies":"Masked Bandits","floor":21.0,"turns":8.0},{"damage":6.0,"enemies":"Slavers","floor":23.0,"turns":7.0},{"damage":6.0,"enemies":"Shell Parasite","floor":24.0,"turns":6.0},{"damage":6.0,"enemies":"Book of Stabbing","floor":25.0,"turns":6.0},{"damage":6,"enemies":"Colosseum Slavers","floor":28,"turns":5},{"damage":8,"enemies":"Colosseum Nobs","floor":28,"turns":5},{"damage":6,"enemies":"Gremlin Leader","floor":29,"turns":7},{"damage":9,"enemies":"Shelled Parasite and Fungi","floor":30,"turns":6},{"damage":6,"enemies":"Snecko","floor":31,"turns":6},{"damage":6,"enemies":"Champ","floor":33,"turns":6},{"damage":6,"enemies":"Orb Walker","floor":35,"turns":5},{"damage":10,"enemies":"3 Shapes","floor":38,"turns":5},{"damage":8,"enemies":"Spire Growth","floor":40,"turns":5},{"damage":6,"enemies":"Reptomancer","floor":41,"turns":3},{"damage":6,"enemies":"Nemesis","floor":44,"turns":3},{"damage":21,"enemies":"Transient","floor":46,"turns":5},{"damage":6,"enemies":"Giant Head","floor":47,"turns":3},{"damage":17,"enemies":"4 Shapes","floor":48,"turns":5},{"damage":0,"enemies":"Donu and Deca","floor":50,"turns":5},{"damage":0,"enemies":"Shield and Spear","floor":54,"turns":4},{"damage":6,"enemies":"The Heart","floor":55,"turns":6}],"seed_played":"2681717324914690890","potions_obtained":[{"floor":8.0,"key":"Explosive Potion"},{"floor":14.0,"key":"Fire Potion"},{"floor":21.0,"key":"Strength Potion"},{"floor":23.0,"key":"Swift Potion"},{"floor":25.0,"key":"Block Potion"},{"floor":29,"key":"AttackPotion"}],"is_trial":false,"path_per_floor":["M","?","?","?","M","R","E","M","T","?","E","?","$","M","R","B",null,"M","?","?","?","$","E","M","E","T","R","?","E","M","M","R","B",null,"M","?","?","M","$","M","E","R","T","E","R","M","E","M","R","B",null,"R","$","E","B",null],"character_chosen":"IRONCLAD","items_purchased":["Power Through","Feel No Pain","AttackPotion","Bag of Preparation","Oddly Smooth Stone","PreservedInsect","Deep Breath+1","Bottled Tornado","Blood Vial"],"campfire_rested":0,"item_purchase_floors":[13,13,13,22,39,39,39,53,53],"current_hp_per_floor":[74,67,56,45,51,51,57,56,63,63,9,9,9,15,15,21,67,67,67,67,58,58,58,58,58,58,58,56,56,53,53,53,53,75,75,75,82,78,78,76,76,76,76,76,76,61,61,50,50,56,76,76,76,82,82],"gold":43,"neow_bonus":"THREE_ENEMY_KILL","is_prod":false,"is_daily":false,"chose_seed":false,"campfire_upgraded":7,"win_rate":0,"timestamp":1549721628,"path_taken":["M","?","?","?","?","R","E","?","T","?","E","?","$","?","R","BOSS","M","?","?","?","$","E","M","E","T","R","?","E","M","M","R","BOSS","M","?","?","M","$","M","E","R","T","E","R","M","E","?","R","BOSS","R","$","E","BOSS"],"build_version":"2019-01-23","purchased_purges":3,"victory":true,"max_hp_per_floor":[75,75,75,75,75,75,75,75,82,82,82,82,82,82,82,82,82,82,82,82,82,82,82,82,82,82,82,82,82,82,82,82,82,82,82,82,82,82,82,82,82,82,82,82,82,82,82,82,82,82,82,82,82,82,82],"card_choices":[{"not_picked":["Heavy Blade","Havoc","Warcry"],"picked":"SKIP","floor":1.0},{"not_picked":["Rupture","Anger"],"picked":"True Grit","floor":5.0},{"not_picked":["Warcry","Spot Weakness"],"picked":"Flame Barrier","floor":7.0},{"not_picked":["Wild Strike","Searing Blow","Intimidate","Clothesline"],"picked":"SKIP","floor":8.0},{"not_picked":["Ghostly Armor","Entrench","Feed"],"picked":"Disarm","floor":11.0},{"not_picked":["Warcry","Inflame","Perfected Strike"],"picked":"Second Wind","floor":14.0},{"not_picked":["Double Tap","Demon Form","Bludgeon"],"picked":"Offering","floor":16.0},{"not_picked":["Flex","Warcry","Disarm+1"],"picked":"Body Slam","floor":18.0},{"not_picked":["Clash","Corruption","Rupture"],"picked":"Burning Pact","floor":21.0},{"not_picked":["Perfected Strike","Iron Wave","Heavy Blade+1","Flex"],"picked":"SKIP","floor":23.0},{"not_picked":["Pommel Strike","Battle Trance+1","Ghostly Armor"],"picked":"Shrug It Off","floor":24.0},{"not_picked":["Entrench","Cleave","Havoc","Clash"],"picked":"SKIP","floor":25.0},{"not_picked":["Twin Strike","Ghostly Armor","Anger"],"picked":"Barricade","floor":28},{"not_picked":["Fire Breathing","Double Tap+1","Shockwave+1"],"picked":"Juggernaut","floor":29},{"not_picked":["Perfected Strike+1","Warcry+1","Thunderclap","Havoc+1"],"picked":"SKIP","floor":30},{"not_picked":["Intimidate+1","Clothesline","Shrug It Off+1","Iron Wave"],"picked":"SKIP","floor":31},{"not_picked":["Feed","Dark Embrace","Reaper"],"picked":"Impervious+1","floor":33},{"not_picked":["Anger","Burning Pact+1","Searing Blow+1","Havoc+1"],"picked":"SKIP","floor":35},{"not_picked":["True Grit+1","Perfected Strike+1","Headbutt+1","Cleave"],"picked":"SKIP","floor":38},{"not_picked":["Armaments+1","Wild Strike+1","Burning Pact+1","Thunderclap"],"picked":"SKIP","floor":40},{"not_picked":["Iron Wave+1","True Grit+1","Clash+1","Carnage+1"],"picked":"SKIP","floor":41},{"not_picked":["Havoc+1","Thunderclap","Whirlwind","Body Slam"],"picked":"SKIP","floor":44},{"not_picked":["Heavy Blade+1","Reaper","Rupture+1"],"picked":"Battle Trance+1","floor":46},{"not_picked":["Pommel Strike","Twin Strike+1","Headbutt+1","Clothesline"],"picked":"SKIP","floor":47},{"not_picked":["Sword Boomerang+1","Havoc+1","True Grit+1","Rampage"],"picked":"SKIP","floor":48},{"not_picked":["Cleave","Twin Strike","Reaper","Spot Weakness+1"],"picked":"SKIP","floor":54}],"player_experience":713702,"relics_obtained":[{"floor":7.0,"key":"Question Card"},{"floor":9.0,"key":"Strawberry"},{"floor":11.0,"key":"Tiny Chest"},{"floor":21.0,"key":"Red Mask"},{"floor":23.0,"key":"Paper Frog"},{"floor":25.0,"key":"MawBank"},{"floor":26.0,"key":"Dodecahedron"},{"floor":28,"key":"Ice Cream"},{"floor":28,"key":"Toxic Egg 2"},{"floor":29,"key":"Red Skull"},{"floor":41,"key":"Bottled Flame"},{"floor":44,"key":"Regal Pillow"},{"floor":47,"key":"Du-Vu Doll"},{"floor":54,"key":"Boot"}],"event_choices":[{"cards_removed":["Strike_R"],"damage_healed":0.0,"max_hp_gain":0.0,"max_hp_loss":0.0,"gold_gain":0.0,"event_name":"Golden Wing","player_choice":"Card Removal","floor":2.0,"gold_loss":0.0,"damage_taken":7.0},{"damage_healed":0.0,"max_hp_gain":0.0,"max_hp_loss":0.0,"gold_gain":0.0,"event_name":"Scrap Ooze","player_choice":"Success","floor":3.0,"gold_loss":0.0,"damage_taken":11.0,"relics_obtained":["Vajra"]},{"damage_healed":0.0,"max_hp_gain":0.0,"max_hp_loss":0.0,"gold_gain":75.0,"event_name":"World of Goop","player_choice":"Gather Gold","floor":4.0,"gold_loss":0.0,"damage_taken":11.0},{"cards_removed":["Strike_R"],"damage_healed":0.0,"max_hp_gain":0.0,"max_hp_loss":0.0,"gold_gain":0.0,"event_name":"Living Wall","player_choice":"Forget","floor":10.0,"gold_loss":0.0,"damage_taken":0.0},{"damage_healed":0.0,"max_hp_gain":0.0,"max_hp_loss":0.0,"gold_gain":0.0,"event_name":"Accursed Blacksmith","player_choice":"Rummage","floor":12.0,"gold_loss":0.0,"damage_taken":0.0,"relics_obtained":["WarpedTongs"],"cards_obtained":["Pain"]},{"damage_healed":0.0,"max_hp_gain":0.0,"max_hp_loss":0.0,"gold_gain":0.0,"cards_transformed":["Corruption","Bash"],"event_name":"Drug Dealer","player_choice":"Became Test Subject","floor":19.0,"gold_loss":0.0,"damage_taken":0.0,"cards_obtained":["Reckless Charge","Flex"]},{"damage_healed":0.0,"max_hp_gain":0.0,"max_hp_loss":0.0,"gold_gain":0.0,"event_name":"The Mausoleum","player_choice":"Ignored","floor":20.0,"gold_loss":0.0,"damage_taken":0.0},{"damage_healed":0.0,"max_hp_gain":0.0,"max_hp_loss":0.0,"gold_gain":0.0,"event_name":"Masked Bandits","player_choice":"Fought Bandits","floor":21.0,"gold_loss":0.0,"damage_taken":0.0},{"damage_healed":0,"gold_gain":0,"player_choice":"Fight","damage_taken":0,"max_hp_gain":0,"max_hp_loss":0,"event_name":"Colosseum","floor":28,"gold_loss":0},{"damage_healed":0,"gold_gain":0,"player_choice":"Fought Nobs","damage_taken":0,"max_hp_gain":0,"max_hp_loss":0,"event_name":"Colosseum","floor":28,"gold_loss":0},{"damage_healed":0,"gold_gain":222,"player_choice":"Wore Mask","damage_taken":0,"max_hp_gain":0,"max_hp_loss":0,"event_name":"Tomb of Lord Red Mask","floor":36,"gold_loss":0},{"cards_removed":["Reckless Charge"],"damage_healed":7,"gold_gain":0,"player_choice":"Offered Uncommon","damage_taken":0,"max_hp_gain":0,"max_hp_loss":0,"event_name":"Bonfire Elementals","floor":37,"gold_loss":0}],"is_beta":false,"boss_relics":[{"not_picked":["Black Blood","Eternal Feather"],"picked":"Pandora\u0027s Box"},{"not_picked":["Snecko Eye","Black Star"],"picked":"Sozu"}],"items_purged_floors":[13,39,53],"is_endless":false,"potions_floor_spawned":[8,14,21,23,25,28,29,31,35,41,44,54],"ascension_level":15}