{"gold_per_floor":[115,4,4,24,24,57,57,57,126,26,50,86,100,22,22,22],"floor_reached":16,"playtime":307,"items_purged":["Strike_G","Strike_G"],"score":266,"play_id":"3cc6c1ec-558a-45df-993c-2f9cdb585f1b","local_time":"20181118162641","is_ascension_mode":true,"campfire_choices":[{"data":"Noxious Fumes","floor":8,"key":"SMITH"},{"data":"Catalyst","floor":15,"key":"SMITH"}],"neow_cost":"NONE","seed_source_timestamp":1575265148496188,"circlet_count":0,"master_deck":["AscendersBane","Defend_G","Defend_G","Defend_G","Defend_G","Defend_G","Strike_G","Strike_G","Survivor","Neutralize","Noxious Fumes+1","Tactician","Flechettes+1","Catalyst+1","Concentrate"],"relics":["Ring of the Snake","NeowsBlessing","Golden Idol","Snake Skull","Molten Egg 2","StoneCalendar"],"potions_floor_usage":[12,13,16],"damage_taken":[{"damage":0,"enemies":"Small Slimes","floor":1,"turns":1},{"damage":0,"enemies":"Jaw Worm","floor":4,"turns":1},{"damage":0,"enemies":"Gremlin Nob","floor":6,"turns":1},{"damage":0,"enemies":"Cultist","floor":11,"turns":4},{"damage":21,"enemies":"Lagavulin","floor":12,"turns":9},{"damage":6,"enemies":"Lots of Slimes","floor":13,"turns":4},{"damage":0,"enemies":"The Guardian","floor":16,"turns":2}],"seed_played":"-687596340192272201","potions_obtained":[{"floor":1,"key":"GamblersBrew"},{"floor":6,"key":"GhostInAJar"},{"floor":13,"key":"AttackPotion"}],"is_trial":false,"path_per_floor":["M","$","?","M","?","E","?","R","T","$","M","E","M","$","R","B"],"character_chosen":"THE_SILENT","items_purchased":["Noxious Fumes","Concentrate"],"campfire_rested":0,"item_purchase_floors":[2,14],"current_hp_per_floor":[59,59,36,36,36,36,29,29,29,29,29,8,2,2,2,2],"gold":22,"neow_bonus":"THREE_ENEMY_KILL","is_prod":false,"is_daily":false,"chose_seed":false,"campfire_upgraded":2,"win_rate":0,"timestamp":1542529601,"path_taken":["M","$","?","M","?","E","?","R","T","?","M","E","?","$","R","BOSS"],"build_version":"2018-11-15","purchased_purges":2,"victory":false,"max_hp_per_floor":[66,66,66,66,66,66,66,66,66,66,66,66,66,66,66,66],"card_choices":[{"not_picked":["Slice","Prepared","PiercingWail"],"picked":"SKIP","floor":1},{"not_picked":["Accuracy","Dash"],"picked":"Tactician","floor":4},{"not_picked":["Accuracy","Underhanded Strike","Flying Knee"],"picked":"SKIP","floor":6},{"not_picked":["Blur","Skewer+1"],"picked":"Flechettes+1","floor":11},{"not_picked":["Noxious Fumes","Well Laid Plans"],"picked":"Catalyst","floor":12},{"not_picked":["Dodge and Roll","Quick Slash+1","Sucker Punch+1"],"picked":"SKIP","floor":13},{"not_picked":["Dodge and Roll","Quick Slash+1","Sucker Punch+1"],"picked":"SKIP","floor":13}],"player_experience":534098,"relics_obtained":[{"floor":6,"key":"Snake Skull"},{"floor":9,"key":"Molten Egg 2"},{"floor":12,"key":"StoneCalendar"}],"event_choices":[{"damage_healed":0,"gold_gain":0,"player_choice":"Take Damage","damage_taken":23,"relics_obtained":["Golden Idol"],"max_hp_gain":0,"max_hp_loss":0,"event_name":"Golden Idol","floor":3,"gold_loss":0},{"damage_healed":0,"gold_gain":0,"player_choice":"Leave","damage_taken":0,"max_hp_gain":0,"max_hp_loss":0,"event_name":"The Cleric","floor":5,"gold_loss":0},{"cards_removed":["Strike_G"],"damage_healed":0,"gold_gain":0,"player_choice":"Card Removal","damage_taken":7,"max_hp_gain":0,"max_hp_loss":0,"event_name":"Golden Wing","floor":7,"gold_loss":0}],"is_beta":true,"boss_relics":[],"items_purged_floors":[2,10],"is_endless":false,"potions_floor_spawned":[1,6,13],"killed_by":"The Guardian","ascension_level":20}