{"gold_per_floor":[119,131,50,50,50,82,82,95,95,95,113,113,113,124,124,220,270,290,323,338,358,358,358,371,371,371,371,388,388,403,403,403,504,504,522,522,522,447,462,462,462,462,462,362,378,378,398,201,201,201],"floor_reached":51,"playtime":1395,"items_purged":["Defend_G","Defend_G","Strike_G+1"],"score":695,"play_id":"1ac24c13-2497-4d49-b001-2ffffa439df1","local_time":"20181031193735","is_ascension_mode":false,"campfire_choices":[{"data":"Noxious Fumes","floor":7,"key":"SMITH"},{"data":"Bouncing Flask","floor":13,"key":"SMITH"},{"data":"Backflip","floor":15,"key":"SMITH"},{"data":"Corpse Explosion","floor":23,"key":"SMITH"},{"data":"Backflip","floor":25,"key":"SMITH"},{"data":"Survivor","floor":27,"key":"SMITH"},{"data":"Noxious Fumes","floor":32,"key":"SMITH"},{"data":"Adrenaline","floor":40,"key":"SMITH"},{"data":"Defend_G","floor":42,"key":"SMITH"},{"data":"Catalyst","floor":49,"key":"SMITH"}],"neow_cost":"NONE","seed_source_timestamp":35076148699659,"circlet_count":0,"master_deck":["Defend_G+1","Strike_G+1","Survivor+1","Neutralize+1","Bouncing Flask+1","Noxious Fumes+1","Die Die Die+1","Backflip+1","Backflip+1","Corpse Explosion+1","PiercingWail+1","Leg Sweep+1","Cloak And Dagger+1","Crippling Poison+1","Flechettes","Noxious Fumes+1","After Image","Adrenaline+1","PiercingWail+1","Catalyst+1","Cloak And Dagger+1","PiercingWail","Catalyst+1"],"relics":["Ring of the Snake","Shuriken","Mercury Hourglass","Tiny House","Red Mask","Paper Crane","WingedGreaves","Runic Pyramid","Frozen Egg 2","Question Card"],"potions_floor_usage":[19,24,28,50,50],"damage_taken":[{"damage":0,"enemies":"Small Slimes","floor":1,"turns":3},{"damage":0,"enemies":"2 Louse","floor":2,"turns":2},{"damage":17,"enemies":"Lagavulin","floor":6,"turns":6},{"damage":1,"enemies":"Jaw Worm","floor":8,"turns":5},{"damage":0,"enemies":"2 Fungi Beasts","floor":11,"turns":2},{"damage":0,"enemies":"Gremlin Gang","floor":14,"turns":3},{"damage":12,"enemies":"Hexaghost","floor":16,"turns":6},{"damage":0,"enemies":"Chosen","floor":18,"turns":4},{"damage":0,"enemies":"Masked Bandits","floor":19,"turns":1},{"damage":2,"enemies":"2 Thieves","floor":20,"turns":4},{"damage":1,"enemies":"Shelled Parasite and Fungi","floor":21,"turns":5},{"damage":5,"enemies":"Centurion and Healer","floor":24,"turns":6},{"damage":0,"enemies":"Snecko","floor":28,"turns":5},{"damage":4,"enemies":"3 Cultists","floor":30,"turns":3},{"damage":18,"enemies":"Automaton","floor":33,"turns":8},{"damage":0,"enemies":"3 Shapes","floor":35,"turns":5},{"damage":0,"enemies":"3 Darklings","floor":39,"turns":3},{"damage":0,"enemies":"Sphere and 2 Shapes","floor":45,"turns":5},{"damage":0,"enemies":"Jaw Worm Horde","floor":47,"turns":2},{"damage":30,"enemies":"Donu and Deca","floor":50,"turns":11}],"seed_played":"-4145272209946264463","potions_obtained":[{"floor":1,"key":"Ancient Potion"},{"floor":14,"key":"Regen Potion"},{"floor":17,"key":"SneckoOil"},{"floor":18,"key":"Fire Potion"},{"floor":20,"key":"Block Potion"},{"floor":24,"key":"GamblersBrew"},{"floor":47,"key":"Swift Potion"}],"is_trial":false,"path_per_floor":["M","M","$","?","?","E","R","M","T","?","M","?","R","M","R","B",null,"M","?","M","M","?","R","M","R","T","R","M","?","M","?","R","B",null,"M","T","?","$","M","R","?","R","T","$","M","?","M","$","R","B"],"character_chosen":"THE_SILENT","items_purchased":["Noxious Fumes","Catalyst"],"campfire_rested":0,"item_purchase_floors":[3,48],"current_hp_per_floor":[70,70,70,70,56,39,39,38,38,38,38,31,31,31,31,19,75,75,75,73,72,72,72,75,75,75,75,75,75,71,71,71,53,75,75,75,75,75,75,75,75,75,75,75,75,71,71,71,71,41],"gold":201,"neow_bonus":"UPGRADE_CARD","is_prod":false,"is_daily":false,"chose_seed":false,"campfire_upgraded":10,"win_rate":0,"timestamp":1540985855,"path_taken":["M","M","$","?","?","E","R","M","T","?","M","?","R","M","R","BOSS","M","?","?","M","?","R","M","R","T","R","?","?","M","?","R","BOSS","M","?","?","$","?","R","?","R","T","$","M","?","M","$","R","BOSS"],"build_version":"2018-10-25v2","purchased_purges":3,"victory":true,"max_hp_per_floor":[70,70,70,70,70,70,70,70,70,70,70,70,70,70,70,70,75,75,75,75,75,75,75,75,75,75,75,75,75,75,75,75,75,75,75,75,75,75,75,75,75,75,75,75,75,71,71,71,71,71],"card_choices":[{"not_picked":["Concentrate","Acrobatics"],"picked":"Bouncing Flask","floor":1},{"not_picked":["Eviscerate","Flying Knee","Acrobatics"],"picked":"SKIP","floor":2},{"not_picked":["Choke","All Out Attack"],"picked":"Backflip","floor":6},{"not_picked":["Sucker Punch","PiercingWail"],"picked":"Backflip","floor":8},{"not_picked":["Deflect","Sucker Punch"],"picked":"Infinite Blades","floor":11},{"not_picked":["Dagger Throw","Quick Slash","PiercingWail"],"picked":"SKIP","floor":14},{"not_picked":["Unload","Envenom"],"picked":"Corpse Explosion","floor":16},{"not_picked":["Outmaneuver","Quick Slash"],"picked":"PiercingWail+1","floor":18},{"not_picked":["Dagger Spray","Cloak And Dagger"],"picked":"Leg Sweep+1","floor":19},{"not_picked":["Skewer","Flying Knee"],"picked":"Cloak And Dagger+1","floor":20},{"not_picked":["Cloak And Dagger","Slice"],"picked":"Crippling Poison+1","floor":21},{"not_picked":["Dagger Throw+1","Underhanded Strike","Acrobatics+1"],"picked":"SKIP","floor":24},{"not_picked":["Prepared","Riddle With Holes","Blur"],"picked":"SKIP","floor":28},{"not_picked":["Calculated Gamble+1","Crippling Poison"],"picked":"After Image","floor":30},{"not_picked":["A Thousand Cuts","Doppelganger"],"picked":"Adrenaline","floor":33},{"not_picked":["Underhanded Strike+1","Dagger Spray+1"],"picked":"PiercingWail+1","floor":35},{"not_picked":["Noxious Fumes+1","Deflect+1"],"picked":"Catalyst+1","floor":39},{"not_picked":["Dagger Spray+1","Backflip","All Out Attack"],"picked":"Cloak And Dagger+1","floor":45},{"not_picked":["Riddle With Holes","Deadly Poison","Slice+1"],"picked":"PiercingWail","floor":47}],"player_experience":788371,"relics_obtained":[{"floor":6,"key":"Shuriken"},{"floor":9,"key":"Mercury Hourglass"},{"floor":19,"key":"Red Mask"},{"floor":26,"key":"Paper Crane"},{"floor":36,"key":"Frozen Egg 2"},{"floor":43,"key":"Question Card"}],"event_choices":[{"damage_healed":0,"gold_gain":0,"cards_transformed":["Strike_G"],"player_choice":"Change","damage_taken":0,"max_hp_gain":0,"max_hp_loss":0,"event_name":"Living Wall","floor":4,"gold_loss":0,"cards_obtained":["Die Die Die"]},{"damage_healed":0,"gold_gain":0,"player_choice":"Entered Light","damage_taken":14,"max_hp_gain":0,"max_hp_loss":0,"event_name":"Shining Light","floor":5,"gold_loss":0,"cards_upgraded":["Strike_G","Strike_G"]},{"cards_removed":["Strike_G"],"damage_healed":0,"gold_gain":0,"player_choice":"Purged","damage_taken":0,"max_hp_gain":0,"max_hp_loss":0,"event_name":"Purifier","floor":10,"gold_loss":0},{"cards_removed":["Defend_G"],"damage_healed":0,"gold_gain":0,"player_choice":"Card Removal","damage_taken":7,"max_hp_gain":0,"max_hp_loss":0,"event_name":"Golden Wing","floor":12,"gold_loss":0},{"damage_healed":0,"gold_gain":0,"player_choice":"Fought Bandits","damage_taken":0,"max_hp_gain":0,"max_hp_loss":0,"event_name":"Masked Bandits","floor":19,"gold_loss":0},{"damage_healed":0,"gold_gain":0,"player_choice":"Ignored","damage_taken":0,"max_hp_gain":0,"max_hp_loss":0,"event_name":"Cursed Tome","floor":22,"gold_loss":0},{"damage_healed":0,"gold_gain":0,"cards_transformed":["Strike_G","Defend_G"],"player_choice":"Became Test Subject","damage_taken":0,"max_hp_gain":0,"max_hp_loss":0,"event_name":"Drug Dealer","floor":29,"gold_loss":0,"cards_obtained":["Flechettes","Noxious Fumes"]},{"damage_healed":0,"gold_gain":0,"player_choice":"Opened","damage_taken":0,"relics_obtained":["WingedGreaves"],"max_hp_gain":0,"max_hp_loss":0,"event_name":"The Mausoleum","floor":31,"gold_loss":0},{"damage_healed":0,"gold_gain":0,"player_choice":"Ignored","damage_taken":0,"max_hp_gain":0,"max_hp_loss":0,"event_name":"Mysterious Sphere","floor":37,"gold_loss":0},{"cards_removed":["Infinite Blades"],"damage_healed":0,"gold_gain":0,"player_choice":"Removed Power","damage_taken":0,"max_hp_gain":0,"max_hp_loss":0,"event_name":"Falling","floor":41,"gold_loss":0},{"damage_healed":0,"gold_gain":0,"player_choice":"Max HP","damage_taken":0,"max_hp_gain":0,"max_hp_loss":4,"event_name":"Winding Halls","floor":46,"gold_loss":0}],"is_beta":false,"boss_relics":[{"not_picked":["Ring of the Serpent","Eternal Feather"],"picked":"Tiny House"},{"not_picked":["Calling Bell","Orrery"],"picked":"Runic Pyramid"}],"items_purged_floors":[38,44,48],"is_endless":false,"potions_floor_spawned":[1,14,18,20,24,47],"ascension_level":0}