{"gold_per_floor":[112,123,14,189,203,203,203,228,254,254,254,281,292,292,292,390,390,404,404,155,172,172,201,217,217,268,281,300,327,342,353,353,449,449,463,463,167,183,183,212,227,227,227,109,135,135],"floor_reached":46,"playtime":1774,"items_purged":["Strike_R","Strike_R","Strike_R"],"score":774,"play_id":"4cafd813-3979-426a-9e18-8ab09c8f8f11","local_time":"20180921145808","is_ascension_mode":true,"campfire_choices":[{"data":"Body Slam","floor":6.0,"key":"SMITH"},{"data":"Demon Form","floor":11.0,"key":"SMITH"},{"data":"True Grit","floor":15.0,"key":"SMITH"},{"floor":25,"key":"REST"},{"data":"Feel No Pain","floor":32,"key":"SMITH"},{"data":"Battle Trance","floor":42,"key":"SMITH"}],"neow_cost":"NONE","seed_source_timestamp":7375611284899,"circlet_count":0,"master_deck":["Strike_R+1","Defend_R+1","Defend_R+1","Defend_R+1","Bash+1","Demon Form+1","Carnage+1","Second Wind+1","Feel No Pain+1","Body Slam+1","True Grit+1","Shrug It Off+1","Fiend Fire+1","Flex+1","Reaper+1","Sword Boomerang+1","Whirlwind+1","Injury","Burning Pact+1","Power Through+1","Intimidate+1","Offering+1","Shrug It Off+1","Entrench+1","Purity+1","Battle Trance+1","Shame","Body Slam+1"],"special_seed":0,"relics":["Burning Blood","PreservedInsect","Centennial Puzzle","WarpedTongs","Bag of Preparation","Cursed Key","Pantograph","Pen Nib","Boot","Empty Cage","Mark of the Bloom","The Courier","Oddly Smooth Stone","Red Skull","Darkstone Periapt"],"potions_floor_usage":[23,23,33,38],"damage_taken":[{"damage":1.0,"enemies":"Cultist","floor":1.0,"turns":4.0},{"damage":0.0,"enemies":"2 Louse","floor":2.0,"turns":2.0},{"damage":13.0,"enemies":"Jaw Worm","floor":5.0,"turns":5.0},{"damage":25.0,"enemies":"3 Sentries","floor":8.0,"turns":8.0},{"damage":20.0,"enemies":"Lagavulin","floor":12.0,"turns":6.0},{"damage":7.0,"enemies":"3 Louse","floor":13.0,"turns":4.0},{"damage":5.0,"enemies":"Hexaghost","floor":16.0,"turns":8.0},{"damage":24.0,"enemies":"2 Thieves","floor":18.0,"turns":4.0},{"damage":9.0,"enemies":"3 Byrds","floor":21.0,"turns":5.0},{"damage":48,"enemies":"Gremlin Leader","floor":23,"turns":9},{"damage":13,"enemies":"Snake Plant","floor":24,"turns":5},{"damage":26,"enemies":"Shelled Parasite and Fungi","floor":27,"turns":4},{"damage":16,"enemies":"Centurion and Healer","floor":28,"turns":7},{"damage":46,"enemies":"Book of Stabbing","floor":29,"turns":4},{"damage":12,"enemies":"3 Cultists","floor":30,"turns":4},{"damage":9,"enemies":"Snake Plant","floor":31,"turns":2},{"damage":61,"enemies":"Automaton","floor":33,"turns":7},{"damage":24,"enemies":"3 Shapes","floor":35,"turns":4},{"damage":7,"enemies":"3 Darklings","floor":38,"turns":3},{"damage":8,"enemies":"Giant Head","floor":40,"turns":8},{"damage":23,"enemies":"Maw","floor":41,"turns":8},{"damage":46,"enemies":"2 Orb Walkers","floor":45,"turns":5},{"damage":3,"enemies":"4 Shapes","floor":46,"turns":1}],"seed_played":"2574421671267174123","potions_obtained":[{"floor":2.0,"key":"FearPotion"},{"floor":8.0,"key":"SneckoOil"},{"floor":16.0,"key":"Weak Potion"},{"floor":23,"key":"Ancient Potion"},{"floor":30,"key":"Fire Potion"},{"floor":31,"key":"Fire Potion"},{"floor":33,"key":"Ancient Potion"},{"floor":45,"key":"Block Potion"}],"is_trial":false,"path_per_floor":["M","M","$","?","M","R","?","E","T","?","R","E","M","?","R","B",null,"M","?","$","M","?","E","M","R","T","M","M","E","M","M","R","B",null,"M","?","$","M","?","E","M","R","T","$","E"],"character_chosen":"IRONCLAD","items_purchased":["Feel No Pain","Reaper","Entrench","Purity","Red Skull"],"campfire_rested":1,"item_purchase_floors":[3,20,37,37,44],"current_hp_per_floor":[77,80,80,80,73,73,66,47,47,47,47,33,32,32,32,33,68,50,50,50,62,62,32,25,49,49,29,61,43,53,50,50,20,65,71,71,71,80,80,72,49,49,49,49,3,0],"gold":135,"neow_bonus":"ONE_RANDOM_RARE_CARD","is_prod":false,"is_daily":false,"chose_seed":false,"campfire_upgraded":5,"win_rate":0,"timestamp":1537513088,"path_taken":["M","M","?","?","?","R","?","E","T","?","R","E","?","?","R","BOSS","M","?","$","M","?","E","?","R","T","M","M","E","M","M","R","BOSS","M","?","$","M","?","E","M","R","T","?","E","M"],"build_version":"2018-09-20","purchased_purges":3,"victory":false,"max_hp_per_floor":[80,80,80,80,80,80,80,80,80,80,80,80,80,80,80,80,80,80,80,80,80,80,80,80,80,80,80,80,80,80,80,80,80,80,80,80,80,80,80,80,80,80,80,80,80,80],"card_choices":[{"not_picked":["Warcry","Pommel Strike"],"picked":"Carnage","floor":1.0},{"not_picked":["Body Slam","Armaments"],"picked":"Second Wind","floor":2.0},{"not_picked":["Havoc","Headbutt"],"picked":"Body Slam","floor":5.0},{"not_picked":["Wild Strike","Anger"],"picked":"True Grit","floor":8.0},{"not_picked":["Shockwave","Thunderclap"],"picked":"Shrug It Off","floor":12.0},{"not_picked":["Pummel","True Grit","Dropkick"],"picked":"SKIP","floor":13.0},{"not_picked":["Berserk","Double Tap"],"picked":"Fiend Fire","floor":16.0},{"not_picked":["Warcry+1","Hemokinesis+1"],"picked":"Flex+1","floor":18.0},{"not_picked":["Corruption","Spot Weakness"],"picked":"Sword Boomerang","floor":21.0},{"not_picked":["Havoc","Twin Strike"],"picked":"Whirlwind","floor":23},{"not_picked":["Twin Strike+1","Pommel Strike","True Grit"],"picked":"SKIP","floor":24},{"not_picked":["Armaments+1","Headbutt+1","Thunderclap"],"picked":"SKIP","floor":27},{"not_picked":["Havoc+1","Iron Wave"],"picked":"Burning Pact+1","floor":28},{"not_picked":["Evolve+1","True Grit"],"picked":"Power Through+1","floor":29},{"not_picked":["Exhume","Body Slam","Blood for Blood+1"],"picked":"SKIP","floor":30},{"not_picked":["Rupture+1","True Grit"],"picked":"Intimidate","floor":31},{"not_picked":["Impervious","Brutality"],"picked":"Offering","floor":33},{"not_picked":["Spot Weakness","True Grit"],"picked":"Shrug It Off+1","floor":35},{"not_picked":["Pommel Strike+1","Clothesline+1","Uppercut"],"picked":"SKIP","floor":38},{"not_picked":["Fire Breathing","Havoc","Perfected Strike+1"],"picked":"SKIP","floor":40},{"not_picked":["Warcry","Shockwave+1"],"picked":"Battle Trance","floor":41},{"not_picked":["Burning Pact+1","True Grit"],"picked":"Body Slam+1","floor":45}],"player_experience":66390,"relics_obtained":[{"floor":8.0,"key":"PreservedInsect"},{"floor":9.0,"key":"Centennial Puzzle"},{"floor":12.0,"key":"Bag of Preparation"},{"floor":23,"key":"Pantograph"},{"floor":26,"key":"Pen Nib"},{"floor":29,"key":"Boot"},{"floor":40,"key":"The Courier"},{"floor":43,"key":"Oddly Smooth Stone"},{"floor":45,"key":"Darkstone Periapt"}],"event_choices":[{"event_name":"Liars Game","player_choice":"agreed","floor":4.0,"damage_taken":0.0},{"event_name":"Golden Wing","player_choice":"Card Removal","floor":7.0,"damage_taken":0.0},{"event_name":"Accursed Blacksmith","player_choice":"Rummage","floor":10.0,"damage_taken":0.0},{"event_name":"Living Wall","player_choice":"Forget","floor":14.0,"damage_taken":0.0},{"event_name":"Vampires","player_choice":"Ignored","floor":19.0,"damage_taken":0.0},{"event_name":"Cursed Tome","player_choice":"Ignored","floor":22.0,"damage_taken":0.0},{"event_name":"The Woman in Blue","player_choice":"Bought 0 Potions","floor":36,"damage_taken":0},{"event_name":"MindBloom","player_choice":"Upgrade","floor":39,"damage_taken":0}],"is_beta":false,"boss_relics":[{"not_picked":["Runic Dome","Black Star"],"picked":"Cursed Key"},{"not_picked":["Philosopher\u0027s Stone","Eternal Feather"],"picked":"Empty Cage"}],"items_purged_floors":[3,20,37],"is_endless":false,"potions_floor_spawned":[2,8,16,23,30,31,33,35,45],"killed_by":"4 Shapes","ascension_level":8}