{"gold_per_floor":[109,129,147,46,96,96,111,111,111,111,130,42,42,68,68,139,139,153,165,15,28,28,42,42,61,61,61,75,86,86,86,86,163,163,183,183,43,43,55,55,55],"floor_reached":41,"playtime":1091,"items_purged":["Strike_B","Pain"],"score":786,"play_id":"e106bbcd-7924-43b3-a416-7d74829aaf35","local_time":"20190202171956","is_ascension_mode":true,"campfire_choices":[{"data":"Static Discharge","floor":6.0,"key":"SMITH"},{"data":"Zap","floor":8.0,"key":"SMITH"},{"data":"Dualcast","floor":10.0,"key":"SMITH"},{"data":"Hologram","floor":15.0,"key":"SMITH"},{"floor":24,"key":"REST"},{"floor":27,"key":"REST"},{"floor":30,"key":"REST"},{"floor":32,"key":"REST"},{"floor":40,"key":"REST"}],"neow_cost":"TEN_PERCENT_HP_LOSS","seed_source_timestamp":16915050494303,"circlet_count":0,"master_deck":["AscendersBane","Strike_B","Strike_B","Strike_B","Defend_B","Defend_B","Defend_B","Defend_B","Zap+1","Dualcast+1","Thunder Strike","Hologram+1","Reinforced Body","Tempest","Ball Lightning","Static Discharge+1","BootSequence","Electrodynamics","Electrodynamics","Ball Lightning","Glacier","Ball Lightning","Zap","Thunder Strike","Thunder Strike","Static Discharge"],"special_seed":0,"relics":["Cracked Core","Bronze Scales","Sundial","Philosopher\u0027s Stone","Singing Bowl","Fusion Hammer","WarpedTongs"],"potions_floor_usage":[18,21,33],"damage_taken":[{"damage":0.0,"enemies":"2 Louse","floor":1.0,"turns":3.0},{"damage":1.0,"enemies":"Cultist","floor":2.0,"turns":3.0},{"damage":7.0,"enemies":"Small Slimes","floor":3.0,"turns":4.0},{"damage":4.0,"enemies":"3 Louse","floor":7.0,"turns":3.0},{"damage":11.0,"enemies":"Exordium Thugs","floor":11.0,"turns":4.0},{"damage":7.0,"enemies":"3 Sentries","floor":14.0,"turns":4.0},{"damage":23.0,"enemies":"Hexaghost","floor":16.0,"turns":5.0},{"damage":5,"enemies":"Shell Parasite","floor":18,"turns":4},{"damage":9,"enemies":"2 Thieves","floor":19,"turns":2},{"damage":9,"enemies":"Chosen and Byrds","floor":21,"turns":5},{"damage":4,"enemies":"Snecko","floor":23,"turns":3},{"damage":34,"enemies":"Shelled Parasite and Fungi","floor":25,"turns":4},{"damage":7,"enemies":"Centurion and Healer","floor":28,"turns":5},{"damage":13,"enemies":"Chosen and Byrds","floor":29,"turns":4},{"damage":41,"enemies":"Collector","floor":33,"turns":6},{"damage":11,"enemies":"Orb Walker","floor":35,"turns":3},{"damage":22,"enemies":"3 Darklings","floor":39,"turns":4},{"damage":59,"enemies":"Reptomancer","floor":41,"turns":2}],"seed_played":"1884301720010147490","potions_obtained":[{"floor":2.0,"key":"Dexterity Potion"},{"floor":3.0,"key":"AttackPotion"},{"floor":16.0,"key":"Weak Potion"},{"floor":18,"key":"Weak Potion"},{"floor":25,"key":"Ancient Potion"},{"floor":29,"key":"Regen Potion"},{"floor":33,"key":"Ancient Potion"}],"is_trial":false,"path_per_floor":["M","M","M","$","?","R","M","R","T","R","M","$","$","E","R","B",null,"M","M","$","M","?","M","R","M","T","R","M","M","R","?","R","B",null,"M","?","$","$","M","R","E"],"character_chosen":"DEFECT","items_purchased":["Ball Lightning","Static Discharge","Electrodynamics","Glacier","Static Discharge"],"campfire_rested":5,"item_purchase_floors":[4,4,12,20,37],"current_hp_per_floor":[64,63,56,56,50,50,46,46,46,46,35,35,35,28,28,5,49,44,35,35,26,26,22,41,7,7,26,19,8,27,27,46,20,55,46,46,46,46,26,47,0],"gold":55,"neow_bonus":"THREE_RARE_CARDS","is_prod":false,"is_daily":false,"chose_seed":false,"campfire_upgraded":4,"win_rate":0,"timestamp":1549099196,"path_taken":["M","M","M","$","?","R","M","R","T","R","?","?","$","E","R","BOSS","M","M","$","M","?","M","R","M","T","R","?","M","R","?","R","BOSS","M","?","?","$","M","R","E"],"build_version":"2019-01-23","purchased_purges":2,"victory":false,"max_hp_per_floor":[64,64,64,64,64,64,64,64,64,64,64,64,64,64,64,64,64,64,64,64,64,64,64,64,64,64,64,64,66,66,66,66,66,66,68,68,68,68,70,70,70],"card_choices":[{"not_picked":["Meteor Strike","Creative AI"],"picked":"Thunder Strike","floor":0.0},{"not_picked":["Aggregate","Stack"],"picked":"Hologram","floor":1.0},{"not_picked":["Compile Driver","Go for the Eyes"],"picked":"Reinforced Body","floor":2.0},{"not_picked":["Gash","Turbo"],"picked":"Tempest","floor":3.0},{"not_picked":["Steam","Streamline"],"picked":"BootSequence","floor":7.0},{"not_picked":["Scrape","Aggregate","Coolheaded"],"picked":"SKIP","floor":11.0},{"not_picked":["Barrage","Hologram","Rebound"],"picked":"SKIP","floor":14.0},{"not_picked":["Fission","Meteor Strike"],"picked":"Electrodynamics","floor":16.0},{"not_picked":["Capacitor","Melter"],"picked":"Ball Lightning","floor":18},{"not_picked":["Doom and Gloom","Steam","Go for the Eyes"],"picked":"SKIP","floor":19},{"not_picked":["Compile Driver","Gash"],"picked":"Ball Lightning","floor":21},{"not_picked":["Beam Cell","Cold Snap","Stack"],"picked":"SKIP","floor":23},{"not_picked":["Sweeping Beam","FTL","Skim"],"picked":"SKIP","floor":25},{"not_picked":["Tempest","Loop+1"],"picked":"Thunder Strike","floor":28},{"not_picked":["Steam+1","Rip and Tear","Conserve Battery+1"],"picked":"Singing Bowl","floor":29},{"not_picked":["Electrodynamics","Fission"],"picked":"Thunder Strike","floor":33},{"not_picked":["Turbo","Steam","Rip and Tear"],"picked":"Singing Bowl","floor":35},{"not_picked":["Reprogram","Coolheaded","Rip and Tear"],"picked":"Singing Bowl","floor":39}],"player_experience":2459872,"relics_obtained":[{"floor":9.0,"key":"Bronze Scales"},{"floor":14.0,"key":"Sundial"},{"floor":26,"key":"Singing Bowl"}],"event_choices":[{"damage_healed":0.0,"max_hp_gain":0.0,"max_hp_loss":0.0,"gold_gain":50.0,"event_name":"FaceTrader","player_choice":"Touch","floor":5.0,"gold_loss":0.0,"damage_taken":6.0},{"damage_healed":0,"gold_gain":0,"player_choice":"1 cards matched","damage_taken":0,"max_hp_gain":0,"max_hp_loss":0,"event_name":"Match and Keep!","floor":22,"gold_loss":0,"cards_obtained":["Zap"]},{"damage_healed":0,"gold_gain":0,"player_choice":"Ignored","damage_taken":0,"max_hp_gain":0,"max_hp_loss":0,"event_name":"Vampires","floor":31,"gold_loss":0},{"damage_healed":0,"gold_gain":0,"player_choice":"Rummage","damage_taken":0,"relics_obtained":["WarpedTongs"],"max_hp_gain":0,"max_hp_loss":0,"event_name":"Accursed Blacksmith","floor":36,"gold_loss":0,"cards_obtained":["Pain"]}],"is_beta":false,"boss_relics":[{"not_picked":["Calling Bell","Tiny House"],"picked":"Philosopher\u0027s Stone"},{"not_picked":["Coffee Dripper","Orrery"],"picked":"Fusion Hammer"}],"items_purged_floors":[20,37],"is_endless":false,"potions_floor_spawned":[2,3,16,18,19,25,29,33,39],"killed_by":"Reptomancer","ascension_level":20}