{"gold_per_floor":[165,176,189,208,133,133,133,133,133,208,208,225,236,250,250,348,348,362,11,29,48,60,60,60,60,85,0,13,13,13,13,13,117,117,128,147,147,147,147,147,22,56,83,83,6,31,47,60,60,60,60,60,10,37,37],"floor_reached":56,"playtime":2179,"items_purged":["Strike_B","Strike_B","Defend_B"],"score":1768,"play_id":"0515e739-cd54-4820-80aa-26bf14dd2d09","local_time":"20181212185135","is_ascension_mode":true,"campfire_choices":[{"data":"Loop","floor":6.0,"key":"SMITH"},{"data":"Zap","floor":8.0,"key":"SMITH"},{"data":"Dualcast","floor":11.0,"key":"SMITH"},{"data":"Chaos","floor":15.0,"key":"SMITH"},{"data":"Biased Cognition","floor":23.0,"key":"SMITH"},{"data":"Defragment","floor":25.0,"key":"SMITH"},{"floor":30.0,"key":"REST"},{"data":"Self Repair","floor":32.0,"key":"SMITH"},{"floor":40,"key":"RECALL"},{"data":"Reinforced Body","floor":44,"key":"SMITH"},{"data":"Consume","floor":49,"key":"SMITH"},{"floor":52,"key":"REST"}],"neow_cost":"NONE","seed_source_timestamp":28124850613825,"circlet_count":0,"master_deck":["AscendersBane","Strike_B","Defend_B+1","Defend_B","Zap+1","Dualcast+1","Leap","Loop+1","Reinforced Body+1","Ball Lightning+1","Chaos+1","Self Repair+1","Streamline","Biased Cognition+1","Defragment+1","Coolheaded","Cold Snap+1","Multi-Cast","Streamline+1","Amplify","Creative AI","Echo Form","Consume+1","Tempest","Double Energy"],"special_seed":0,"relics":["Tiny House","Pear","Bronze Scales","Velvet Choker","OrangePellets","Bag of Preparation","Art of War","Snecko Eye","Dodecahedron","Whetstone","Peace Pipe"],"potions_floor_usage":[39,46,55,55],"damage_taken":[{"damage":1.0,"enemies":"Cultist","floor":1.0,"turns":4.0},{"damage":11.0,"enemies":"Jaw Worm","floor":2.0,"turns":4.0},{"damage":7.0,"enemies":"2 Louse","floor":3.0,"turns":3.0},{"damage":30.0,"enemies":"Gremlin Gang","floor":4.0,"turns":10.0},{"damage":9.0,"enemies":"Exordium Thugs","floor":12.0,"turns":5.0},{"damage":0.0,"enemies":"Large Slime","floor":13.0,"turns":6.0},{"damage":0.0,"enemies":"Blue Slaver","floor":14.0,"turns":3.0},{"damage":12.0,"enemies":"Slime Boss","floor":16.0,"turns":8.0},{"damage":21.0,"enemies":"Spheric Guardian","floor":18.0,"turns":4.0},{"damage":2.0,"enemies":"Chosen","floor":20.0,"turns":5.0},{"damage":23.0,"enemies":"3 Cultists","floor":21.0,"turns":5.0},{"damage":11.0,"enemies":"Snecko","floor":22.0,"turns":5.0},{"damage":2.0,"enemies":"Cultist and Chosen","floor":28.0,"turns":8.0},{"damage":23.0,"enemies":"Champ","floor":33.0,"turns":8.0},{"damage":19.0,"enemies":"3 Darklings","floor":35.0,"turns":7.0},{"damage":3.0,"enemies":"3 Shapes","floor":36.0,"turns":8.0},{"damage":0.0,"enemies":"Transient","floor":38.0,"turns":1.0},{"damage":0,"enemies":"Writhing Mass","floor":39,"turns":1},{"damage":39,"enemies":"Nemesis","floor":42,"turns":11},{"damage":60,"enemies":"Reptomancer","floor":46,"turns":8},{"damage":3,"enemies":"Maw","floor":47,"turns":8},{"damage":3,"enemies":"Transient","floor":48,"turns":5},{"damage":27,"enemies":"Donu and Deca","floor":50,"turns":10},{"damage":3,"enemies":"Shield and Spear","floor":54,"turns":8},{"damage":84,"enemies":"The Heart","floor":55,"turns":7}],"seed_played":"-5637859816412433894","potions_obtained":[{"floor":0.0,"key":"Fire Potion"},{"floor":2.0,"key":"FocusPotion"},{"floor":14.0,"key":"SteroidPotion"},{"floor":22.0,"key":"Block Potion"},{"floor":33.0,"key":"Block Potion"},{"floor":37.0,"key":"SmokeBomb"},{"floor":37.0,"key":"SmokeBomb"},{"floor":46,"key":"Fruit Juice"},{"floor":47,"key":"LiquidBronze"},{"floor":48,"key":"GamblersBrew"}],"is_trial":false,"path_per_floor":["M","M","M","M","$","R","?","R","T","?","R","M","M","M","R","B",null,"M","$","M","M","M","R","?","R","T","?","M","?","R","?","R","B",null,"M","M","?","M","M","R","$","E","T","R","$","E","M","M","R","B",null,"R","$","E","B",null],"character_chosen":"DEFECT","items_purchased":["OrangePellets","Coolheaded","Consume","PowerPotion"],"campfire_rested":2,"item_purchase_floors":[19,19,45,53],"current_hp_per_floor":[72,61,54,24,24,24,27,27,27,18,18,9,9,16,16,11,70,56,56,61,45,34,34,34,34,34,34,39,21,49,40,40,37,81,82,95,95,95,95,95,95,66,66,66,66,21,38,45,45,38,85,100,100,97,13],"gold":37,"neow_bonus":"BOSS_RELIC","is_prod":false,"is_daily":false,"chose_seed":false,"campfire_upgraded":9,"win_rate":0,"timestamp":1544611895,"path_taken":["M","M","M","M","?","R","?","R","T","?","R","M","?","M","R","BOSS","M","$","M","M","M","R","?","R","T","?","M","?","R","?","R","BOSS","M","M","?","?","?","R","$","E","T","R","$","E","M","M","R","BOSS","R","$","E","BOSS"],"build_version":"2018-12-06","purchased_purges":3,"victory":true,"max_hp_per_floor":[80,80,80,80,80,80,90,90,90,90,90,90,90,90,90,90,90,90,90,90,90,90,90,90,90,90,90,90,95,95,95,95,95,95,95,95,95,95,95,95,95,95,95,95,95,100,100,100,100,100,100,100,100,100,100],"card_choices":[{"not_picked":["Sweeping Beam","Rip and Tear"],"picked":"Leap","floor":0.0},{"not_picked":["Gash","Hologram"],"picked":"Loop","floor":1.0},{"not_picked":["Gash","Double Energy"],"picked":"Reinforced Body","floor":2.0},{"not_picked":["Darkness","Compile Driver","Turbo"],"picked":"SKIP","floor":3.0},{"not_picked":["Streamline","Compile Driver"],"picked":"Ball Lightning","floor":4.0},{"not_picked":["Chaos","Rebound","Genetic Algorithm"],"picked":"SKIP","floor":12.0},{"not_picked":["Rebound","Genetic Algorithm"],"picked":"Chaos","floor":12.0},{"not_picked":["Turbo","Steam"],"picked":"Self Repair","floor":13.0},{"not_picked":["Reprogram","Darkness"],"picked":"Streamline","floor":14.0},{"not_picked":["Multi-Cast","Amplify"],"picked":"Biased Cognition","floor":16.0},{"not_picked":["Reprogram+1","Go for the Eyes"],"picked":"Defragment","floor":18.0},{"not_picked":["Compile Driver+1","Ball Lightning","Go for the Eyes"],"picked":"SKIP","floor":20.0},{"not_picked":["Tempest","Melter"],"picked":"Cold Snap+1","floor":21.0},{"not_picked":["Fusion","Leap","Hologram"],"picked":"SKIP","floor":22.0},{"not_picked":["Coolheaded+1","Ball Lightning"],"picked":"Amplify","floor":28.0},{"not_picked":["Buffer","Multi-Cast"],"picked":"Creative AI","floor":33.0},{"not_picked":["Rebound+1","Stack+1","Streamline+1"],"picked":"SKIP","floor":35.0},{"not_picked":["Cold Snap+1","Hello World","Conserve Battery"],"picked":"SKIP","floor":36.0},{"not_picked":["Doom and Gloom","Lockon+1"],"picked":"Echo Form","floor":42},{"not_picked":["Barrage+1","Turbo+1","Rip and Tear+1"],"picked":"SKIP","floor":46},{"not_picked":["Skim+1","Redo"],"picked":"Tempest","floor":47},{"not_picked":["Beam Cell","Streamline+1"],"picked":"Double Energy","floor":48},{"not_picked":["Sweeping Beam+1","Scrape+1","Go for the Eyes"],"picked":"SKIP","floor":54}],"player_experience":1226359,"relics_obtained":[{"floor":9.0,"key":"Bronze Scales"},{"floor":26.0,"key":"Bag of Preparation"},{"floor":42,"key":"Dodecahedron"},{"floor":46,"key":"Whetstone"},{"floor":54,"key":"Peace Pipe"}],"event_choices":[{"damage_healed":0.0,"max_hp_gain":0.0,"max_hp_loss":0.0,"gold_gain":0.0,"event_name":"Scrap Ooze","player_choice":"Success","floor":7.0,"gold_loss":0.0,"damage_taken":7.0,"relics_obtained":["Pear"]},{"damage_healed":0.0,"max_hp_gain":0.0,"max_hp_loss":0.0,"gold_gain":75.0,"event_name":"FaceTrader","player_choice":"Touch","floor":10.0,"gold_loss":0.0,"damage_taken":9.0},{"damage_healed":0.0,"max_hp_gain":0.0,"max_hp_loss":0.0,"gold_gain":0.0,"cards_transformed":["Defend_B","Strike_B"],"event_name":"Drug Dealer","player_choice":"Became Test Subject","floor":24.0,"gold_loss":0.0,"damage_taken":0.0,"cards_obtained":["Multi-Cast","Streamline"]},{"damage_healed":0.0,"max_hp_gain":0.0,"max_hp_loss":0.0,"gold_gain":0.0,"event_name":"Addict","player_choice":"Obtained Relic","floor":27.0,"gold_loss":85.0,"damage_taken":0.0,"relics_obtained":["Art of War"]},{"damage_healed":0.0,"max_hp_gain":5.0,"max_hp_loss":0.0,"gold_gain":0.0,"event_name":"Forgotten Altar","player_choice":"Shed Blood","floor":29.0,"gold_loss":0.0,"damage_taken":23.0},{"damage_healed":0.0,"max_hp_gain":0.0,"max_hp_loss":0.0,"gold_gain":0.0,"event_name":"Wheel of Change","player_choice":"Damaged","floor":31.0,"gold_loss":0.0,"damage_taken":9.0},{"damage_healed":0.0,"max_hp_gain":0.0,"max_hp_loss":0.0,"gold_gain":0.0,"event_name":"Lab","player_choice":"Got Potions","floor":37.0,"gold_loss":0.0,"damage_taken":0.0}],"is_beta":false,"boss_relics":[{"not_picked":["Lizard Tail","Busted Crown"],"picked":"Velvet Choker"},{"not_picked":["White Beast Statue","Eternal Feather"],"picked":"Snecko Eye"}],"items_purged_floors":[5,19,41],"is_endless":false,"potions_floor_spawned":[2,3,14,22,33,39,46,47,48],"ascension_level":11}