{"gold_per_floor":[360,70,145,163,163,163,182,182,205,224,224,224,67,92,92,92],"floor_reached":16,"playtime":463,"items_purged":["Strike_G","Strike_G"],"score":196,"play_id":"458473b7-9c1a-4275-a793-f90ad06b1134","local_time":"20181227223032","is_ascension_mode":true,"campfire_choices":[{"data":"Caltrops","floor":6,"key":"SMITH"},{"data":"Footwork","floor":8,"key":"SMITH"},{"data":"Neutralize","floor":11,"key":"SMITH"},{"floor":15,"key":"REST"}],"neow_cost":"PERCENT_DAMAGE","seed_source_timestamp":38731602770427,"circlet_count":0,"master_deck":["AscendersBane","Defend_G","Defend_G","Defend_G","Defend_G","Defend_G","Strike_G","Strike_G","Strike_G","Survivor","Neutralize+1","Caltrops+1","Footwork+1","All Out Attack"],"relics":["Ring of the Snake","Toy Ornithopter","Oddly Smooth Stone","Meat on the Bone"],"potions_floor_usage":[14],"damage_taken":[{"damage":3,"enemies":"Small Slimes","floor":1,"turns":6},{"damage":6,"enemies":"2 Louse","floor":4,"turns":5},{"damage":2,"enemies":"Jaw Worm","floor":7,"turns":6},{"damage":0,"enemies":"Looter","floor":10,"turns":5},{"damage":24,"enemies":"3 Sentries","floor":14,"turns":11},{"damage":15,"enemies":"The Guardian","floor":16,"turns":3}],"seed_played":"-4770171076630779996","potions_obtained":[{"floor":4,"key":"AttackPotion"}],"is_trial":false,"path_per_floor":["M","$","?","M","?","R","M","R","T","M","R","?","$","E","R","B"],"character_chosen":"THE_SILENT","items_purchased":["Toy Ornithopter","Poison Potion"],"campfire_rested":1,"item_purchase_floors":[2,13],"current_hp_per_floor":[41,41,30,24,29,29,27,27,27,27,27,27,27,8,29,14],"gold":92,"neow_bonus":"TWO_FIFTY_GOLD","is_prod":false,"is_daily":false,"chose_seed":false,"campfire_upgraded":3,"win_rate":0,"timestamp":1545921032,"path_taken":["M","$","?","M","?","R","M","R","T","M","R","?","?","E","R","BOSS"],"build_version":"2018-12-20","purchased_purges":2,"victory":false,"max_hp_per_floor":[66,66,66,66,71,71,71,71,71,71,71,71,71,71,71,71],"card_choices":[{"not_picked":["PiercingWail","Poisoned Stab"],"picked":"Caltrops","floor":1},{"not_picked":["Deflect","Slice","Bane"],"picked":"SKIP","floor":4},{"not_picked":["All Out Attack","Deflect"],"picked":"Footwork","floor":7},{"not_picked":["Quick Slash","Infinite Blades","Sucker Punch"],"picked":"SKIP","floor":10},{"not_picked":["Backstab","Slice"],"picked":"All Out Attack","floor":14}],"player_experience":1537124,"relics_obtained":[{"floor":9,"key":"Oddly Smooth Stone"},{"floor":14,"key":"Meat on the Bone"}],"event_choices":[{"damage_healed":0,"gold_gain":75,"player_choice":"Gather Gold","damage_taken":11,"max_hp_gain":0,"max_hp_loss":0,"event_name":"World of Goop","floor":3,"gold_loss":0},{"damage_healed":0,"gold_gain":0,"player_choice":"Donut","damage_taken":0,"max_hp_gain":5,"max_hp_loss":0,"event_name":"Big Fish","floor":5,"gold_loss":0},{"damage_healed":0,"gold_gain":0,"player_choice":"Ignored","damage_taken":0,"max_hp_gain":0,"max_hp_loss":0,"event_name":"Liars Game","floor":12,"gold_loss":0}],"is_beta":false,"boss_relics":[],"items_purged_floors":[2,13],"is_endless":false,"potions_floor_spawned":[4],"killed_by":"The Guardian","ascension_level":20}