{"gold_per_floor":[115,11,11,11,32,32,72,72,72,92,92,167,188,221,221,320,320,339,370,370,380,580,580,595,132,132,142,154,14,14,34,34,113,113,131,131,1130,1150,1150,1150,1184,1184,1184,1210,1210,683,703,925,925,925,925,925,925,410,441,441],"floor_reached":57,"playtime":2997,"items_purged":["Strike_B","Strike_B","Shame","Strike_B"],"score":2711,"play_id":"f97af964-1ec5-4079-8f17-ca3bbfdd6418","local_time":"20190416220441","is_ascension_mode":true,"campfire_choices":[{"data":"Fusion","floor":6.0,"key":"SMITH"},{"data":"Sunder","floor":8.0,"key":"SMITH"},{"data":"Consume","floor":11.0,"key":"SMITH"},{"data":"Dualcast","floor":15.0,"key":"SMITH"},{"data":"Zap","floor":23.0,"key":"SMITH"},{"floor":30.0,"key":"REST"},{"data":"Coolheaded","floor":32.0,"key":"SMITH"},{"data":"Heatsinks","floor":40.0,"key":"SMITH"},{"data":"Multi-Cast","floor":42.0,"key":"SMITH"},{"floor":49.0,"key":"RECALL"},{"data":"Fission","floor":53.0,"key":"SMITH"}],"neow_cost":"NONE","seed_source_timestamp":634040294596654,"circlet_count":0,"master_deck":["AscendersBane","Defend_B","Defend_B","Defend_B","Defend_B","Zap+1","Dualcast+1","Consume+1","Conserve Battery","Fusion+1","Sunder+1","Compile Driver","Glacier","Tempest","Thunder Strike","Capacitor+1","Cold Snap","Heatsinks+1","Coolheaded+1","Reinforced Body","Hologram","Secret Technique","Echo Form","Hologram","Multi-Cast+1","Coolheaded","Fission+1","Flash of Steel","Hologram","All For One","Turbo"],"special_seed":0,"relics":["Cracked Core","NeowsBlessing","Bloody Idol","Du-Vu Doll","Shuriken","Matryoshka","Nuclear Battery","Red Mask","Membership Card","Gremlin Horn","Omamori","FossilizedHelix","Cursed Key","Pear","Boot","Orichalcum","Strange Spoon","Blood Vial","Dodecahedron","Bag of Preparation","Lee\u0027s Waffle","Bronze Scales"],"potions_floor_usage":[56,56],"damage_taken":[{"damage":0.0,"enemies":"Cultist","floor":1.0,"turns":1.0},{"damage":0.0,"enemies":"2 Louse","floor":5.0,"turns":1.0},{"damage":0.0,"enemies":"3 Sentries","floor":7.0,"turns":2.0},{"damage":2.0,"enemies":"Jaw Worm","floor":10.0,"turns":3.0},{"damage":7.0,"enemies":"Exordium Wildlife","floor":13.0,"turns":4.0},{"damage":20.0,"enemies":"Lagavulin","floor":14.0,"turns":8.0},{"damage":16.0,"enemies":"The Guardian","floor":16.0,"turns":13.0},{"damage":13.0,"enemies":"3 Byrds","floor":18.0,"turns":4.0},{"damage":4.0,"enemies":"Masked Bandits","floor":19.0,"turns":3.0},{"damage":6.0,"enemies":"Spheric Guardian","floor":21.0,"turns":3.0},{"damage":2.0,"enemies":"Chosen and Byrds","floor":24.0,"turns":4.0},{"damage":13.0,"enemies":"Snake Plant","floor":27.0,"turns":4.0},{"damage":18.0,"enemies":"Centurion and Healer","floor":28.0,"turns":5.0},{"damage":1.0,"enemies":"Shelled Parasite and Fungi","floor":31.0,"turns":6.0},{"damage":6.0,"enemies":"Collector","floor":33.0,"turns":14.0},{"damage":0.0,"enemies":"3 Shapes","floor":35.0,"turns":6.0},{"damage":4.0,"enemies":"3 Darklings","floor":38.0,"turns":8.0},{"damage":23.0,"enemies":"Reptomancer","floor":41.0,"turns":7.0},{"damage":2.0,"enemies":"Giant Head","floor":44.0,"turns":9.0},{"damage":0.0,"enemies":"Transient","floor":45.0,"turns":1.0},{"damage":6.0,"enemies":"Writhing Mass","floor":47.0,"turns":6.0},{"damage":14.0,"enemies":"Awakened One","floor":50.0,"turns":12.0},{"damage":12.0,"enemies":"Donu and Deca","floor":51.0,"turns":9.0},{"damage":21.0,"enemies":"Shield and Spear","floor":55.0,"turns":6.0},{"damage":62,"enemies":"The Heart","floor":56,"turns":15}],"seed_played":"4020101816359381456","potions_obtained":[{"floor":1.0,"key":"Swift Potion"},{"floor":13.0,"key":"EssenceOfSteel"},{"floor":16.0,"key":"Weak Potion"},{"floor":18.0,"key":"Dexterity Potion"},{"floor":24.0,"key":"SkillPotion"},{"floor":27.0,"key":"LiquidBronze"},{"floor":31.0,"key":"SkillPotion"},{"floor":35.0,"key":"Energy Potion"},{"floor":44.0,"key":"SmokeBomb"}],"is_trial":false,"path_per_floor":["M","$","?","?","M","R","E","R","T","M","R","?","M","E","R","B",null,"M","?","?","M","?","R","M","$","T","M","M","$","R","M","R","B",null,"M","?","?","M","?","R","E","R","T","E","M","$","M","?","R","B","B",null,"R","$","E","B",null],"character_chosen":"DEFECT","items_purchased":["Consume","Conserve Battery","Membership Card","Heatsinks","Coolheaded","Gremlin Horn","Secret Technique","Strange Spoon","Ancient Potion","Blood Vial","Dodecahedron","Fission","Bag of Preparation","Lee\u0027s Waffle","Bronze Scales","Flash of Steel","Hologram","All For One"],"campfire_rested":1,"item_purchase_floors":[2,2,25,25,25,25,29,46,46,46,46,46,54,54,54,54,54,54],"current_hp_per_floor":[64,64,64,57,57,57,57,57,57,55,55,44,37,17,17,1,48,35,31,31,30,35,35,38,38,38,30,17,17,36,40,40,39,58,63,61,61,61,61,61,53,53,53,56,56,56,57,62,62,50,40,63,63,78,62,2],"gold":441,"neow_bonus":"THREE_ENEMY_KILL","is_prod":false,"is_daily":false,"chose_seed":false,"campfire_upgraded":9,"win_rate":0,"timestamp":1555423481,"path_taken":["M","$","?","?","?","R","E","R","T","M","R","?","M","E","R","BOSS","M","?","?","M","?","R","M","$","T","M","?","$","R","M","R","BOSS","M","?","?","?","?","R","E","R","T","E","M","$","M","?","R","BOSS","BOSS","R","$","E","BOSS"],"build_version":"2019-01-23","purchased_purges":4,"victory":true,"max_hp_per_floor":[71,71,64,64,64,64,64,64,64,64,64,64,64,64,64,64,64,64,64,64,64,64,64,64,64,64,64,64,64,64,64,64,64,64,64,61,61,61,61,61,71,71,71,71,71,71,71,71,71,71,71,71,71,78,78,78],"card_choices":[{"not_picked":["Auto Shields","Redo"],"picked":"Beam Cell","floor":1.0},{"not_picked":["Gash","Chill"],"picked":"Fusion","floor":5.0},{"not_picked":["Rebound","Reprogram"],"picked":"Sunder","floor":7.0},{"not_picked":["Rebound","Sunder"],"picked":"Compile Driver","floor":10.0},{"not_picked":["Turbo","Ball Lightning"],"picked":"Glacier","floor":13.0},{"not_picked":["Melter","Ball Lightning"],"picked":"Tempest","floor":14.0},{"not_picked":["Electrodynamics","Rainbow"],"picked":"Thunder Strike","floor":16.0},{"not_picked":["Loop","Steam"],"picked":"Capacitor+1","floor":18.0},{"not_picked":["Barrage","Sweeping Beam","Ball Lightning"],"picked":"SKIP","floor":21.0},{"not_picked":["Rebound","Doom and Gloom"],"picked":"Cold Snap","floor":24.0},{"not_picked":["Fusion","Steam Power"],"picked":"Reinforced Body","floor":27.0},{"not_picked":["All For One","Streamline+1"],"picked":"Hologram","floor":28.0},{"not_picked":["Sweeping Beam","Aggregate","Cold Snap"],"picked":"SKIP","floor":31.0},{"not_picked":["Fission","Creative AI"],"picked":"Echo Form","floor":33.0},{"not_picked":["Beam Cell","Streamline"],"picked":"Hologram","floor":35.0},{"not_picked":["Aggregate","Darkness+1","Beam Cell+1"],"picked":"SKIP","floor":38.0},{"not_picked":["Darkness","Undo"],"picked":"Multi-Cast","floor":41.0},{"not_picked":["Coolheaded","Cold Snap","Hello World"],"picked":"SKIP","floor":44.0},{"not_picked":["Cold Snap","Hello World"],"picked":"Coolheaded","floor":44.0},{"not_picked":["Leap","Beam Cell+1","Steam Power"],"picked":"SKIP","floor":47.0},{"not_picked":["White Noise","Sweeping Beam"],"picked":"Turbo","floor":55.0}],"player_experience":1405890,"relics_obtained":[{"floor":7.0,"key":"Du-Vu Doll"},{"floor":9.0,"key":"Shuriken"},{"floor":14.0,"key":"Matryoshka"},{"floor":19.0,"key":"Red Mask"},{"floor":26.0,"key":"Omamori"},{"floor":26.0,"key":"FossilizedHelix"},{"floor":41.0,"key":"Pear"},{"floor":43.0,"key":"Boot"},{"floor":44.0,"key":"Orichalcum"}],"event_choices":[{"damage_healed":0.0,"max_hp_gain":0.0,"max_hp_loss":7.0,"gold_gain":0.0,"event_name":"Golden Idol","player_choice":"Lose Max HP","floor":3.0,"gold_loss":0.0,"damage_taken":0.0,"relics_obtained":["Golden Idol"]},{"cards_removed":["Strike_B"],"damage_healed":0.0,"max_hp_gain":0.0,"max_hp_loss":0.0,"gold_gain":0.0,"event_name":"Golden Wing","player_choice":"Card Removal","floor":4.0,"gold_loss":0.0,"damage_taken":7.0},{"damage_healed":0.0,"max_hp_gain":0.0,"max_hp_loss":0.0,"gold_gain":75.0,"event_name":"World of Goop","player_choice":"Gather Gold","floor":12.0,"gold_loss":0.0,"damage_taken":11.0},{"damage_healed":0.0,"max_hp_gain":0.0,"max_hp_loss":0.0,"gold_gain":0.0,"event_name":"Masked Bandits","player_choice":"Fought Bandits","floor":19.0,"gold_loss":0.0,"damage_taken":0.0},{"damage_healed":0.0,"max_hp_gain":0.0,"max_hp_loss":0.0,"gold_gain":0.0,"event_name":"Forgotten Altar","player_choice":"Gave Idol","floor":20.0,"relics_lost":["Golden Idol"],"gold_loss":0.0,"damage_taken":0.0,"relics_obtained":["Bloody Idol"]},{"damage_healed":0.0,"max_hp_gain":0.0,"max_hp_loss":0.0,"gold_gain":250.0,"event_name":"The Joust","player_choice":"Bet on Owner","floor":22.0,"gold_loss":50.0,"damage_taken":0.0},{"damage_healed":0.0,"max_hp_gain":0.0,"max_hp_loss":3.0,"gold_gain":0.0,"event_name":"Winding Halls","player_choice":"Max HP","floor":36.0,"gold_loss":0.0,"damage_taken":0.0},{"damage_healed":0.0,"max_hp_gain":0.0,"max_hp_loss":0.0,"gold_gain":999.0,"event_name":"MindBloom","player_choice":"Gold","floor":37.0,"gold_loss":0.0,"damage_taken":0.0,"cards_obtained":["Normality","Normality"]},{"cards_removed":["Beam Cell"],"damage_healed":0.0,"max_hp_gain":0.0,"max_hp_loss":0.0,"gold_gain":0.0,"event_name":"Falling","player_choice":"Removed Attack","floor":39.0,"gold_loss":0.0,"damage_taken":0.0},{"damage_healed":0.0,"max_hp_gain":0.0,"max_hp_loss":0.0,"gold_gain":222.0,"event_name":"Tomb of Lord Red Mask","player_choice":"Wore Mask","floor":48.0,"gold_loss":0.0,"damage_taken":0.0}],"is_beta":false,"boss_relics":[{"not_picked":["Empty Cage","Orrery"],"picked":"Nuclear Battery"},{"not_picked":["Lizard Tail","Philosopher\u0027s Stone"],"picked":"Cursed Key"}],"items_purged_floors":[25,29,46,54],"is_endless":false,"potions_floor_spawned":[1,13,16,18,24,27,31,35,44,45,55],"ascension_level":20}