{"gold_per_floor":[113,113,19,94,114,155,155,189,189,213,252,275,290,290],"floor_reached":14,"playtime":384,"items_purged":[],"score":257,"play_id":"2d29fd76-4835-44ff-8606-da2ac4451850","local_time":"20181012113654","is_ascension_mode":true,"campfire_choices":[],"neow_cost":"NONE","seed_source_timestamp":129028947867137,"circlet_count":0,"master_deck":["Strike_B","Strike_B","Strike_B","Defend_B","Defend_B","Defend_B","Defend_B","Zap","Dualcast","AscendersBane","Go for the Eyes","Glacier","Capacitor","Consume","BootSequence","Hologram","Ball Lightning","Barrage"],"special_seed":0,"relics":["Cracked Core","NeowsBlessing","Golden Idol","Symbiotic Virus","Pear","Mummified Hand","Sundial"],"potions_floor_usage":[],"damage_taken":[{"damage":0.0,"enemies":"Jaw Worm","floor":1.0,"turns":1.0},{"damage":0.0,"enemies":"2 Louse","floor":5.0,"turns":1.0},{"damage":0.0,"enemies":"Lagavulin","floor":6.0,"turns":1.0},{"damage":16.0,"enemies":"3 Sentries","floor":8.0,"turns":14.0},{"damage":0.0,"enemies":"Small Slimes","floor":10.0,"turns":3.0},{"damage":30.0,"enemies":"Gremlin Nob","floor":11.0,"turns":4.0},{"damage":12.0,"enemies":"2 Fungi Beasts","floor":12.0,"turns":4.0},{"damage":4,"enemies":"3 Louse","floor":13,"turns":4},{"damage":0,"enemies":"Exordium Thugs","floor":14,"turns":1}],"seed_played":"1622378220097639282","potions_obtained":[{"floor":6.0,"key":"FearPotion"},{"floor":11.0,"key":"Dexterity Potion"},{"floor":12.0,"key":"Energy Potion"}],"is_trial":false,"path_per_floor":["M","?","$","?","M","E","?","E","T","M","E","M","M"],"character_chosen":"DEFECT","items_purchased":["Glacier"],"campfire_rested":0,"item_purchase_floors":[3],"current_hp_per_floor":[64,64,64,53,53,53,53,47,47,47,17,5,1,1],"gold":290,"neow_bonus":"THREE_ENEMY_KILL","is_prod":false,"is_daily":false,"chose_seed":false,"campfire_upgraded":0,"win_rate":0,"timestamp":1539315414,"path_taken":["M","?","$","?","M","E","?","E","T","M","E","?","?","M"],"build_version":"2018-10-11","purchased_purges":0,"victory":false,"max_hp_per_floor":[71,64,64,64,64,64,64,74,74,74,74,74,74,74],"card_choices":[{"not_picked":["Coolheaded","Redo"],"picked":"Go for the Eyes","floor":1.0},{"not_picked":["Storm","Gash"],"picked":"Capacitor","floor":5.0},{"not_picked":["Lockon","Compile Driver"],"picked":"Consume","floor":6.0},{"not_picked":["Beam Cell","Machine Learning"],"picked":"BootSequence","floor":8.0},{"not_picked":["Steam","Go for the Eyes"],"picked":"Hologram","floor":10.0},{"not_picked":["Recycle","Tempest","Chaos"],"picked":"SKIP","floor":11.0},{"not_picked":["Gash","Leap"],"picked":"Ball Lightning","floor":12.0},{"not_picked":["Undo","Aggregate"],"picked":"Barrage","floor":13}],"player_experience":299701,"relics_obtained":[{"floor":6.0,"key":"Symbiotic Virus"},{"floor":8.0,"key":"Pear"},{"floor":9.0,"key":"Mummified Hand"},{"floor":11.0,"key":"Sundial"}],"event_choices":[{"event_name":"Golden Idol","player_choice":"Lose Max HP","floor":2.0,"damage_taken":0.0},{"event_name":"World of Goop","player_choice":"Gather Gold","floor":4.0,"damage_taken":0.0},{"event_name":"Bonfire Elementals","player_choice":"BASIC","floor":7.0,"damage_taken":0.0}],"is_beta":false,"boss_relics":[],"items_purged_floors":[],"is_endless":false,"potions_floor_spawned":[6,11,12,13],"killed_by":"Exordium Thugs","ascension_level":18}