{"gold_per_floor":[109,109,109,125,125,125,157,181,181,195,222,222,147,72,72,144,144,159,15,15,34,52,52,84,103,103,116,116,116,133,149,149,225,225,244,257,257,268,143,143,162,162,210,223,238,568,568,588,588,588,588,588,588,1,28,28],"floor_reached":57,"playtime":3937,"items_purged":["Strike_G","Strike_G","Strike_G","Strike_G"],"score":2778,"play_id":"1804138f-ba55-41d7-8d26-8d3524580779","local_time":"20190118170935","is_ascension_mode":true,"campfire_choices":[{"data":"Neutralize","floor":6.0,"key":"SMITH"},{"data":"Bouncing Flask","floor":12.0,"key":"SMITH"},{"data":"Predator","floor":15.0,"key":"SMITH"},{"data":"Footwork","floor":23.0,"key":"SMITH"},{"floor":28.0,"key":"REST"},{"data":"Well Laid Plans","floor":32.0,"key":"SMITH"},{"data":"Acrobatics","floor":40.0,"key":"SMITH"},{"data":"Calculated Gamble","floor":42.0,"key":"SMITH"},{"floor":49.0,"key":"RECALL"},{"data":"Defend_G","floor":53.0,"key":"SMITH"}],"neow_cost":"NONE","seed_source_timestamp":13916452867029,"circlet_count":0,"master_deck":["AscendersBane","Defend_G+1","Defend_G+1","Defend_G","Defend_G","Defend_G","Survivor+1","Neutralize+1","Predator+1","Bouncing Flask+1","Adrenaline","Footwork+1","Tactician+1","Night Terror+1","Acrobatics+1","Well Laid Plans+1","Calculated Gamble+1","Backflip+1"],"special_seed":0,"relics":["Ring of the Serpent","NeowsBlessing","Strawberry","Turnip","Gambling Chip","Bag of Marbles","Nunchaku","Bag of Preparation","Runic Dome","Pen Nib","War Paint","Old Coin","OrangePellets","Orichalcum","Boot"],"potions_floor_usage":[56],"damage_taken":[{"damage":0.0,"enemies":"2 Louse","floor":1.0,"turns":1.0},{"damage":0.0,"enemies":"Cultist","floor":4.0,"turns":1.0},{"damage":0.0,"enemies":"Lagavulin","floor":7.0,"turns":1.0},{"damage":1.0,"enemies":"Jaw Worm","floor":10.0,"turns":3.0},{"damage":22.0,"enemies":"3 Sentries","floor":11.0,"turns":9.0},{"damage":3.0,"enemies":"Hexaghost","floor":16.0,"turns":8.0},{"damage":9.0,"enemies":"3 Byrds","floor":18.0,"turns":6.0},{"damage":0.0,"enemies":"Chosen","floor":21.0,"turns":4.0},{"damage":0.0,"enemies":"Snake Plant","floor":22.0,"turns":3.0},{"damage":33.0,"enemies":"Gremlin Leader","floor":24.0,"turns":7.0},{"damage":4.0,"enemies":"Shelled Parasite and Fungi","floor":25.0,"turns":5.0},{"damage":17.0,"enemies":"Cultist and Chosen","floor":27.0,"turns":5.0},{"damage":0.0,"enemies":"Centurion and Healer","floor":30.0,"turns":5.0},{"damage":0.0,"enemies":"Shelled Parasite and Fungi","floor":31.0,"turns":6.0},{"damage":8.0,"enemies":"Automaton","floor":33.0,"turns":13.0},{"damage":0.0,"enemies":"Orb Walker","floor":35.0,"turns":2.0},{"damage":0.0,"enemies":"3 Shapes","floor":36.0,"turns":4.0},{"damage":10.0,"enemies":"Writhing Mass","floor":38.0,"turns":6.0},{"damage":0.0,"enemies":"Sphere and 2 Shapes","floor":41.0,"turns":4.0},{"damage":0.0,"enemies":"Maw","floor":44.0,"turns":6.0},{"damage":0.0,"enemies":"Writhing Mass","floor":45.0,"turns":5.0},{"damage":0.0,"enemies":"Giant Head","floor":46.0,"turns":6.0},{"damage":0.0,"enemies":"Jaw Worm Horde","floor":48.0,"turns":5.0},{"damage":5.0,"enemies":"Time Eater","floor":50.0,"turns":17.0},{"damage":3.0,"enemies":"Donu and Deca","floor":51.0,"turns":19.0},{"damage":1.0,"enemies":"Shield and Spear","floor":55.0,"turns":8.0},{"damage":32,"enemies":"The Heart","floor":56,"turns":14}],"seed_played":"-3437077033400123625","potions_obtained":[{"floor":1.0,"key":"Energy Potion"},{"floor":4.0,"key":"Fire Potion"},{"floor":21.0,"key":"SteroidPotion"},{"floor":22.0,"key":"EssenceOfSteel"},{"floor":25.0,"key":"Strength Potion"}],"is_trial":false,"path_per_floor":["M","?","?","M","?","R","E","T","T","M","E","R","$","?","R","B",null,"M","$","?","M","M","R","E","M","T","M","R","?","M","M","R","B",null,"M","M","?","M","$","R","M","R","T","M","M","E","?","M","R","B","B",null,"R","$","E","B",null],"character_chosen":"THE_SILENT","items_purchased":["Footwork","OrangePellets","SpeedPotion","Orichalcum"],"campfire_rested":1,"item_purchase_floors":[19,54,54,54],"current_hp_per_floor":[59,61,61,61,61,61,61,61,61,60,38,38,38,38,38,35,64,55,55,55,55,55,55,22,18,18,1,22,22,22,22,22,14,58,58,58,58,48,48,48,48,48,48,48,48,48,48,48,48,43,40,65,65,65,64,32],"gold":28,"neow_bonus":"THREE_ENEMY_KILL","is_prod":false,"is_daily":false,"chose_seed":false,"campfire_upgraded":8,"win_rate":0,"timestamp":1547802575,"path_taken":["M","?","?","?","?","R","E","?","T","M","E","R","$","?","R","BOSS","M","$","?","M","M","R","E","M","T","M","R","?","?","M","R","BOSS","M","M","?","M","$","R","M","R","T","M","?","E","?","M","R","BOSS","BOSS","R","$","E","BOSS"],"build_version":"2019-01-17","purchased_purges":4,"victory":true,"max_hp_per_floor":[66,73,73,73,73,73,73,73,73,73,73,73,73,73,73,73,73,73,73,73,73,73,73,73,73,73,73,73,73,73,73,73,73,73,73,73,73,73,73,73,73,73,73,73,73,73,73,73,73,73,73,73,73,73,73,73],"card_choices":[{"not_picked":["Accuracy","Reflex","Skewer"],"picked":"SKIP","floor":1.0},{"not_picked":["Dodge and Roll","Distraction","Reflex"],"picked":"SKIP","floor":4.0},{"not_picked":["Dodge and Roll","Distraction","Reflex"],"picked":"SKIP","floor":4.0},{"not_picked":["Bane","Finisher","Reflex"],"picked":"SKIP","floor":7.0},{"not_picked":["Masterful Stab","PiercingWail"],"picked":"Predator","floor":10.0},{"not_picked":["Prepared","Poisoned Stab"],"picked":"Bouncing Flask","floor":11.0},{"not_picked":["Venomology","Burst"],"picked":"Adrenaline","floor":16.0},{"not_picked":["Cloak And Dagger","Heel Hook","Deflect"],"picked":"SKIP","floor":18.0},{"not_picked":["Masterful Stab","Predator"],"picked":"Tactician+1","floor":21.0},{"not_picked":["Dagger Throw","Eviscerate","Deadly Poison"],"picked":"SKIP","floor":22.0},{"not_picked":["Dagger Throw","Eviscerate","Deadly Poison"],"picked":"SKIP","floor":22.0},{"not_picked":["Caltrops","Poisoned Stab"],"picked":"Night Terror","floor":24.0},{"not_picked":["Outmaneuver","Leg Sweep","Dash"],"picked":"SKIP","floor":25.0},{"not_picked":["Flying Knee","Prepared","Predator"],"picked":"SKIP","floor":27.0},{"not_picked":["Prepared","Blade Dance"],"picked":"Acrobatics","floor":30.0},{"not_picked":["PiercingWail","Tactician"],"picked":"Well Laid Plans","floor":31.0},{"not_picked":["Underhanded Strike","Riddle With Holes","Backflip+1"],"picked":"SKIP","floor":35.0},{"not_picked":["Bouncing Flask","Cloak And Dagger","Prepared"],"picked":"SKIP","floor":36.0},{"not_picked":["Prepared","Backflip","Deadly Poison"],"picked":"SKIP","floor":38.0},{"not_picked":["Dodge and Roll","Dagger Throw"],"picked":"Calculated Gamble","floor":41.0},{"not_picked":["Sucker Punch","Prepared","Infinite Blades"],"picked":"SKIP","floor":44.0},{"not_picked":["Dagger Spray+1","Heel Hook","Sucker Punch+1"],"picked":"SKIP","floor":45.0},{"not_picked":["Glass Knife","Dagger Spray","Storm of Steel"],"picked":"SKIP","floor":46.0},{"not_picked":["PiercingWail","Quick Slash","Deadly Poison"],"picked":"SKIP","floor":48.0},{"not_picked":["Prepared","Bouncing Flask"],"picked":"Backflip+1","floor":55.0}],"player_experience":2002279,"relics_obtained":[{"floor":3.0,"key":"Turnip"},{"floor":7.0,"key":"Gambling Chip"},{"floor":8.0,"key":"Bag of Marbles"},{"floor":9.0,"key":"Nunchaku"},{"floor":11.0,"key":"Bag of Preparation"},{"floor":24.0,"key":"Pen Nib"},{"floor":43.0,"key":"War Paint"},{"floor":46.0,"key":"Old Coin"},{"floor":55.0,"key":"Boot"}],"event_choices":[{"damage_healed":0.0,"max_hp_gain":0.0,"max_hp_loss":0.0,"gold_gain":0.0,"event_name":"Scrap Ooze","player_choice":"Success","floor":2.0,"gold_loss":0.0,"damage_taken":5.0,"relics_obtained":["Strawberry"]},{"damage_healed":0.0,"max_hp_gain":0.0,"max_hp_loss":0.0,"gold_gain":0.0,"event_name":"Wheel of Change","player_choice":"Relic","floor":3.0,"gold_loss":0.0,"damage_taken":0.0},{"damage_healed":0.0,"max_hp_gain":0.0,"max_hp_loss":0.0,"gold_gain":0.0,"event_name":"Liars Game","player_choice":"Ignored","floor":5.0,"gold_loss":0.0,"damage_taken":0.0},{"cards_removed":["Strike_G"],"damage_healed":0.0,"max_hp_gain":0.0,"max_hp_loss":0.0,"gold_gain":0.0,"event_name":"The Cleric","player_choice":"Card Removal","floor":14.0,"gold_loss":75.0,"damage_taken":0.0},{"damage_healed":0.0,"max_hp_gain":0.0,"max_hp_loss":0.0,"gold_gain":0.0,"event_name":"Cursed Tome","player_choice":"Ignored","floor":20.0,"gold_loss":0.0,"damage_taken":0.0},{"damage_healed":0.0,"max_hp_gain":0.0,"max_hp_loss":0.0,"gold_gain":0.0,"event_name":"The Mausoleum","player_choice":"Ignored","floor":29.0,"gold_loss":0.0,"damage_taken":0.0},{"damage_healed":0.0,"max_hp_gain":0.0,"max_hp_loss":0.0,"gold_gain":0.0,"event_name":"Accursed Blacksmith","player_choice":"Forge","floor":37.0,"gold_loss":0.0,"damage_taken":0.0,"cards_upgraded":["Night Terror"]},{"damage_healed":0.0,"max_hp_gain":0.0,"max_hp_loss":0.0,"gold_gain":0.0,"event_name":"Tomb of Lord Red Mask","player_choice":"Ignored","floor":47.0,"gold_loss":0.0,"damage_taken":0.0}],"is_beta":false,"boss_relics":[{"not_picked":["Tiny House","Fusion Hammer"],"picked":"Runic Dome"},{"not_picked":["Calling Bell","HoveringKite"],"picked":"Ring of the Serpent"}],"items_purged_floors":[13,19,39,54],"is_endless":false,"potions_floor_spawned":[1,4,21,22,25,27,30,36,38,45],"ascension_level":20}