{"gold_per_floor":[18,38,38,38,38,38,69,12,12,39,49,49,49,64,64,64],"floor_reached":16,"playtime":480,"items_purged":[],"score":216,"play_id":"57b9efb5-5f4c-4fc7-a9c1-fa7241e4b4c7","local_time":"20190107140347","is_ascension_mode":true,"campfire_choices":[{"data":"Streamline","floor":6,"key":"SMITH"},{"data":"Loop","floor":13,"key":"SMITH"},{"floor":15,"key":"REST"}],"neow_cost":"NO_GOLD","seed_source_timestamp":6858439557120,"circlet_count":0,"master_deck":["AscendersBane","Strike_B","Strike_B","Defend_B+1","Defend_B+1","Defend_B","Defend_B","Zap","Dualcast","Gash","Streamline+1","Pain","Ball Lightning","Loop+1","White Noise+1","All For One"],"special_seed":0,"relics":["Cracked Core","WarpedTongs","Question Card","Calipers","War Paint","Toxic Egg 2"],"potions_floor_usage":[10,16,16],"damage_taken":[{"damage":0,"enemies":"2 Louse","floor":1,"turns":3},{"damage":0,"enemies":"Cultist","floor":2,"turns":3},{"damage":21,"enemies":"3 Sentries","floor":7,"turns":5},{"damage":10,"enemies":"Gremlin Nob","floor":10,"turns":3},{"damage":3,"enemies":"Jaw Worm","floor":11,"turns":2},{"damage":13,"enemies":"Blue Slaver","floor":14,"turns":3},{"damage":32,"enemies":"The Guardian","floor":16,"turns":8}],"seed_played":"-7600621398643433170","potions_obtained":[{"floor":1,"key":"Weak Potion"},{"floor":10,"key":"SpeedPotion"}],"is_trial":false,"path_per_floor":["M","M","?","$","?","R","E","$","T","E","M","$","R","M","R","B"],"character_chosen":"DEFECT","items_purchased":["FearPotion"],"campfire_rested":1,"item_purchase_floors":[8],"current_hp_per_floor":[64,64,64,64,53,53,32,32,32,22,19,19,19,6,27,0],"gold":64,"neow_bonus":"REMOVE_TWO","is_prod":false,"is_daily":false,"chose_seed":false,"campfire_upgraded":2,"win_rate":0,"timestamp":1546841027,"path_taken":["M","M","?","?","?","R","E","$","T","E","M","$","R","M","R","BOSS"],"build_version":"2019-01-03v4","purchased_purges":0,"victory":false,"max_hp_per_floor":[71,71,71,71,71,71,71,71,71,71,71,71,71,71,71,71],"card_choices":[{"not_picked":["Tempest","Conserve Battery"],"picked":"Gash","floor":1},{"not_picked":["Redo","Beam Cell"],"picked":"Streamline","floor":2},{"not_picked":["Go for the Eyes","Aggregate","Turbo"],"picked":"Ball Lightning","floor":7},{"not_picked":["Beam Cell","Blizzard","Rebound"],"picked":"Loop","floor":10},{"not_picked":["Ball Lightning","Go for the Eyes","Beam Cell"],"picked":"White Noise+1","floor":11},{"not_picked":["Static Discharge","Ball Lightning","Stack+1"],"picked":"All For One","floor":14}],"player_experience":1810807,"relics_obtained":[{"floor":7,"key":"Calipers"},{"floor":9,"key":"War Paint"},{"floor":10,"key":"Toxic Egg 2"}],"event_choices":[{"damage_healed":0,"gold_gain":0,"player_choice":"Rummage","damage_taken":0,"relics_obtained":["WarpedTongs"],"max_hp_gain":0,"max_hp_loss":0,"event_name":"Accursed Blacksmith","floor":3,"gold_loss":0,"cards_obtained":["Pain"]},{"damage_healed":0,"gold_gain":0,"player_choice":"Success","damage_taken":11,"relics_obtained":["Question Card"],"max_hp_gain":0,"max_hp_loss":0,"event_name":"Scrap Ooze","floor":5,"gold_loss":0}],"is_beta":false,"boss_relics":[],"items_purged_floors":[],"is_endless":false,"potions_floor_spawned":[1,10,14],"killed_by":"The Guardian","ascension_level":20}