{"gold_per_floor":[114,126,51,51,64,64,89,99,99,99,99,125,125,136,136,209,209,222,232,232,251,251,251,176,176,176,204,204,236,236,261,261,335,335,345,363,363,380,395,395,395,395,422,422,439,237,270,281,281,281,281,281,281,52,87,87],"floor_reached":57,"playtime":2669,"items_purged":["Decay"],"score":3046,"play_id":"df36293f-16b5-4e44-8b76-ca1f8f40ca8d","local_time":"20190416090751","is_ascension_mode":true,"campfire_choices":[{"data":"Dualcast","floor":6.0,"key":"SMITH"},{"data":"Zap","floor":11.0,"key":"SMITH"},{"data":"Turbo","floor":13.0,"key":"SMITH"},{"floor":15.0,"key":"REST"},{"data":"Fission","floor":23.0,"key":"SMITH"},{"data":"Biased Cognition","floor":25.0,"key":"SMITH"},{"data":"Heatsinks","floor":28.0,"key":"SMITH"},{"data":"Hologram","floor":32.0,"key":"SMITH"},{"data":"Double Energy","floor":40,"key":"SMITH"},{"floor":42,"key":"RECALL"},{"data":"Multi-Cast","floor":44,"key":"SMITH"},{"data":"Recycle","floor":49,"key":"SMITH"},{"data":"Creative AI","floor":53,"key":"SMITH"}],"neow_cost":"CURSE","seed_source_timestamp":12319700415174,"circlet_count":0,"master_deck":["AscendersBane","Zap+1","Dualcast+1","Turbo+1","Cold Snap","Ball Lightning","All For One","Chill","Fission+1","Glacier","Compile Driver","Multi-Cast+1","Biased Cognition+1","Genetic Algorithm","White Noise","Redo+1","Heatsinks+1","Core Surge","White Noise","Hologram+1","Double Energy+1","Creative AI+1","Storm","Storm","Master of Strategy","Recycle+1","Static Discharge+1"],"special_seed":0,"relics":["Cracked Core","Ice Cream","Vajra","Anchor","Darkstone Periapt","Pandora\u0027s Box","Oddly Smooth Stone","Shuriken","Boot","Blood Vial","Dead Branch","Sozu","Incense Burner","OrangePellets","FossilizedHelix"],"potions_floor_usage":[],"damage_taken":[{"damage":1.0,"enemies":"Cultist","floor":1.0,"turns":3.0},{"damage":0.0,"enemies":"2 Louse","floor":2.0,"turns":3.0},{"damage":7.0,"enemies":"Jaw Worm","floor":5.0,"turns":3.0},{"damage":13.0,"enemies":"Lagavulin","floor":7.0,"turns":7.0},{"damage":16.0,"enemies":"3 Louse","floor":8.0,"turns":2.0},{"damage":9.0,"enemies":"Gremlin Nob","floor":12.0,"turns":3.0},{"damage":2.0,"enemies":"Looter","floor":14.0,"turns":3.0},{"damage":36.0,"enemies":"Slime Boss","floor":16.0,"turns":11.0},{"damage":0.0,"enemies":"3 Byrds","floor":18.0,"turns":2.0},{"damage":0.0,"enemies":"Shell Parasite","floor":19.0,"turns":5.0},{"damage":0.0,"enemies":"Cultist and Chosen","floor":21.0,"turns":2.0},{"damage":1.0,"enemies":"Slavers","floor":27.0,"turns":4.0},{"damage":0.0,"enemies":"Gremlin Leader","floor":29.0,"turns":3.0},{"damage":0.0,"enemies":"Book of Stabbing","floor":31.0,"turns":3.0},{"damage":0.0,"enemies":"Automaton","floor":33.0,"turns":10.0},{"damage":0,"enemies":"Orb Walker","floor":35,"turns":2},{"damage":0,"enemies":"3 Darklings","floor":36,"turns":2},{"damage":2,"enemies":"Writhing Mass","floor":38,"turns":2},{"damage":0,"enemies":"Jaw Worm Horde","floor":39,"turns":2},{"damage":0,"enemies":"Sphere and 2 Shapes","floor":45,"turns":2},{"damage":0,"enemies":"Giant Head","floor":47,"turns":4},{"damage":2,"enemies":"Writhing Mass","floor":48,"turns":2},{"damage":0,"enemies":"Donu and Deca","floor":50,"turns":1},{"damage":27,"enemies":"Awakened One","floor":51,"turns":4},{"damage":24,"enemies":"Shield and Spear","floor":55,"turns":3},{"damage":34,"enemies":"The Heart","floor":56,"turns":7}],"seed_played":"-4679913639880240445","potions_obtained":[{"floor":2.0,"key":"SpeedPotion"},{"floor":8.0,"key":"Block Potion"},{"floor":14.0,"key":"PowerPotion"},{"floor":21.0,"key":"Explosive Potion"},{"floor":27.0,"key":"SpeedPotion"},{"floor":31.0,"key":"SmokeBomb"}],"is_trial":false,"path_per_floor":["M","M","$","?","M","R","E","M","T","$","R","E","R","M","R","B",null,"M","M","?","M","?","R","?","R","T","E","R","E","?","E","R","B",null,"M","M","?","M","M","R","?","R","T","R","M","$","E","M","R","B","B",null,"R","$","E","B",null],"character_chosen":"DEFECT","items_purchased":["Master of Strategy","OrangePellets"],"campfire_rested":1,"item_purchase_floors":[46,54],"current_hp_per_floor":[63,63,63,63,56,56,43,27,27,27,27,18,18,16,37,1,54,54,54,54,54,60,60,60,60,60,59,59,59,59,61,61,63,74,76,77,77,75,77,77,73,73,73,73,73,73,73,71,71,73,46,66,66,66,44,12],"gold":87,"neow_bonus":"ONE_RARE_RELIC","is_prod":false,"is_daily":false,"chose_seed":false,"campfire_upgraded":11,"win_rate":0,"timestamp":1555376871,"path_taken":["M","?","?","?","M","R","E","?","T","$","R","E","R","M","R","BOSS","M","M","?","M","?","R","?","R","T","E","R","E","?","E","R","BOSS","M","M","?","?","M","R","?","R","T","R","M","$","E","M","R","BOSS","BOSS","R","$","E","BOSS"],"build_version":"2019-01-23","purchased_purges":1,"victory":true,"max_hp_per_floor":[71,71,71,71,71,71,71,71,71,71,71,71,71,71,71,71,71,71,71,71,71,77,77,77,77,77,77,77,77,77,77,77,77,77,77,77,77,77,77,77,73,73,73,73,73,73,73,73,73,73,73,73,73,73,73,73],"card_choices":[{"not_picked":["Go for the Eyes","Leap"],"picked":"Turbo","floor":1.0},{"not_picked":["Steam","Rebound"],"picked":"Cold Snap","floor":2.0},{"not_picked":["Leap","Static Discharge"],"picked":"Ball Lightning","floor":5.0},{"not_picked":["Blizzard","Conserve Battery"],"picked":"All For One","floor":7.0},{"not_picked":["Reinforced Body","Cold Snap","Leap"],"picked":"SKIP","floor":8.0},{"not_picked":["Sweeping Beam","Stack"],"picked":"Chill","floor":12.0},{"not_picked":["Redo","Steam","Barrage"],"picked":"SKIP","floor":14.0},{"not_picked":["Amplify","Seek"],"picked":"Fission","floor":16.0},{"not_picked":["Sweeping Beam","Turbo"],"picked":"Redo+1","floor":18.0},{"not_picked":["Beam Cell","Cold Snap"],"picked":"Heatsinks","floor":19.0},{"not_picked":["Static Discharge+1","Blizzard"],"picked":"Core Surge","floor":21.0},{"not_picked":["Darkness+1","Redo"],"picked":"White Noise","floor":27.0},{"not_picked":["Conserve Battery","Sweeping Beam"],"picked":"Hologram","floor":29.0},{"not_picked":["Sweeping Beam","Consume","Leap"],"picked":"SKIP","floor":31.0},{"not_picked":["Machine Learning","Fission"],"picked":"Creative AI","floor":33.0},{"not_picked":["Coolheaded","Barrage","Turbo"],"picked":"SKIP","floor":35},{"not_picked":["Undo","Go for the Eyes"],"picked":"Storm","floor":36},{"not_picked":["Rebound","Leap"],"picked":"Storm","floor":38},{"not_picked":["Coolheaded","Stack","Blizzard"],"picked":"SKIP","floor":39},{"not_picked":["Sunder","Force Field+1","Sweeping Beam+1"],"picked":"SKIP","floor":45},{"not_picked":["Undo","Reinforced Body"],"picked":"Recycle","floor":47},{"not_picked":["Compile Driver","Sweeping Beam","Ball Lightning"],"picked":"SKIP","floor":48},{"not_picked":["Lockon","Leap"],"picked":"Static Discharge+1","floor":55}],"player_experience":4318369,"relics_obtained":[{"floor":7.0,"key":"Vajra"},{"floor":9.0,"key":"Anchor"},{"floor":12.0,"key":"Darkstone Periapt"},{"floor":26.0,"key":"Shuriken"},{"floor":27.0,"key":"Boot"},{"floor":29.0,"key":"Blood Vial"},{"floor":31.0,"key":"Dead Branch"},{"floor":47,"key":"Incense Burner"},{"floor":55,"key":"FossilizedHelix"}],"event_choices":[{"cards_removed":["Strike_B"],"damage_healed":0.0,"max_hp_gain":0.0,"max_hp_loss":0.0,"gold_gain":0.0,"event_name":"Living Wall","player_choice":"Forget","floor":4.0,"gold_loss":0.0,"damage_taken":0.0},{"cards_removed":["Static Discharge"],"damage_healed":0.0,"max_hp_gain":0.0,"max_hp_loss":0.0,"gold_gain":0.0,"event_name":"Back to Basics","player_choice":"Elegance","floor":20.0,"gold_loss":0.0,"damage_taken":0.0},{"damage_healed":0.0,"max_hp_gain":0.0,"max_hp_loss":0.0,"gold_gain":0.0,"event_name":"The Mausoleum","player_choice":"Opened","floor":22.0,"gold_loss":0.0,"damage_taken":0.0,"relics_obtained":["Oddly Smooth Stone"],"cards_obtained":["Writhe"]},{"cards_removed":["Writhe"],"damage_healed":0.0,"max_hp_gain":0.0,"max_hp_loss":0.0,"gold_gain":0.0,"event_name":"Beggar","player_choice":"Gave Gold","floor":24.0,"gold_loss":75.0,"damage_taken":0.0},{"damage_healed":0.0,"max_hp_gain":0.0,"max_hp_loss":0.0,"gold_gain":0.0,"event_name":"The Library","player_choice":"Read","floor":30.0,"gold_loss":0.0,"damage_taken":0.0,"cards_obtained":["Double Energy"]},{"damage_healed":0,"gold_gain":0,"player_choice":"Ignored","damage_taken":0,"max_hp_gain":0,"max_hp_loss":0,"event_name":"SecretPortal","floor":37,"gold_loss":0},{"damage_healed":0,"gold_gain":0,"player_choice":"Max HP","damage_taken":0,"max_hp_gain":0,"max_hp_loss":4,"event_name":"Winding Halls","floor":41,"gold_loss":0}],"is_beta":false,"boss_relics":[{"not_picked":["Coffee Dripper","Velvet Choker"],"picked":"Pandora\u0027s Box"},{"not_picked":["Snecko Eye","Orrery"],"picked":"Sozu"}],"items_purged_floors":[3],"is_endless":false,"potions_floor_spawned":[2,8,14,21,27,31,35,45],"ascension_level":20}