{"gold_per_floor":[118,118,129,54,71,71,98,98,98,123,134,134,150,150,150,227,227,238,258,74,74,84,84,54,66,66,79,93,93,36,52,52,52],"floor_reached":33,"playtime":1604,"items_purged":["Strike_G","Strike_G"],"score":518,"play_id":"e7b46702-0c38-4b9f-a1c5-208c901bad28","local_time":"20190101201932","is_ascension_mode":true,"campfire_choices":[{"data":"Bouncing Flask","floor":6.0,"key":"SMITH"},{"data":"Neutralize","floor":8.0,"key":"SMITH"},{"data":"Deadly Poison","floor":12.0,"key":"SMITH"},{"data":"Survivor","floor":15.0,"key":"SMITH"},{"floor":23.0,"key":"REST"},{"data":"Footwork","floor":29,"key":"SMITH"},{"floor":32,"key":"REST"}],"neow_cost":"NONE","seed_source_timestamp":29602860593608,"circlet_count":0,"master_deck":["AscendersBane","Defend_G","Defend_G","Defend_G","Defend_G","Defend_G","Strike_G","Strike_G","Survivor+1","Neutralize+1","Bouncing Flask+1","Cloak And Dagger","Bane","Backstab","Deadly Poison+1","Night Terror","Footwork+1","Noxious Fumes+1","Leg Sweep+1"],"special_seed":0,"relics":["Ring of the Snake","Regal Pillow","Nunchaku","Gambling Chip","Boot","Velvet Choker"],"potions_floor_usage":[33],"damage_taken":[{"damage":4.0,"enemies":"2 Louse","floor":1.0,"turns":4.0},{"damage":0.0,"enemies":"Small Slimes","floor":3.0,"turns":4.0},{"damage":0.0,"enemies":"Cultist","floor":5.0,"turns":3.0},{"damage":31.0,"enemies":"3 Sentries","floor":7.0,"turns":11.0},{"damage":9.0,"enemies":"Lagavulin","floor":10.0,"turns":5.0},{"damage":0.0,"enemies":"Looter","floor":11.0,"turns":3.0},{"damage":0.0,"enemies":"2 Fungi Beasts","floor":13.0,"turns":2.0},{"damage":6.0,"enemies":"The Guardian","floor":16.0,"turns":9.0},{"damage":0.0,"enemies":"Spheric Guardian","floor":18.0,"turns":3.0},{"damage":3.0,"enemies":"Shell Parasite","floor":19.0,"turns":5.0},{"damage":51.0,"enemies":"Chosen and Byrds","floor":22.0,"turns":10.0},{"damage":10.0,"enemies":"Centurion and Healer","floor":25.0,"turns":6.0},{"damage":2,"enemies":"Snake Plant","floor":27,"turns":5},{"damage":0,"enemies":"Snecko","floor":28,"turns":6},{"damage":2,"enemies":"Chosen and Byrds","floor":31,"turns":5},{"damage":43,"enemies":"Collector","floor":33,"turns":8}],"seed_played":"-5163241596317264816","potions_obtained":[{"floor":3.0,"key":"SpeedPotion"},{"floor":5.0,"key":"FairyPotion"},{"floor":19.0,"key":"Fire Potion"},{"floor":24.0,"key":"SkillPotion"},{"floor":24.0,"key":"Energy Potion"}],"is_trial":false,"path_per_floor":["M","?","M","$","M","R","E","R","T","E","M","R","M","?","R","B",null,"M","M","$","?","M","R","?","M","T","M","M","R","$","M","R","B"],"character_chosen":"THE_SILENT","items_purchased":["Footwork","PowerPotion"],"campfire_rested":2,"item_purchase_floors":[20,30],"current_hp_per_floor":[55,55,55,55,55,55,24,24,24,15,15,15,15,15,15,9,52,52,49,49,49,6,40,40,30,30,28,28,28,28,26,60,17],"gold":52,"neow_bonus":"RANDOM_COMMON_RELIC","is_prod":false,"is_daily":false,"chose_seed":false,"campfire_upgraded":5,"win_rate":0,"timestamp":1546345172,"path_taken":["M","?","M","$","M","R","E","R","T","E","M","R","M","?","R","BOSS","M","M","$","?","M","R","?","M","T","M","?","R","$","M","R","BOSS"],"build_version":"2018-12-20","purchased_purges":2,"victory":false,"max_hp_per_floor":[66,66,66,66,66,66,66,66,66,66,66,66,66,66,66,66,66,66,66,66,66,66,66,66,66,66,66,66,66,66,66,66,66],"card_choices":[{"not_picked":["Blade Dance","Cloak And Dagger"],"picked":"Bouncing Flask","floor":1.0},{"not_picked":["Predator","Finisher"],"picked":"Bane","floor":3.0},{"not_picked":["Underhanded Strike","PiercingWail"],"picked":"Backstab","floor":5.0},{"not_picked":["Underhanded Strike","A Thousand Cuts"],"picked":"Deadly Poison","floor":7.0},{"not_picked":["Blade Dance","Bouncing Flask","Masterful Stab"],"picked":"SKIP","floor":10.0},{"not_picked":["Sucker Punch","Choke","Underhanded Strike"],"picked":"SKIP","floor":11.0},{"not_picked":["Sucker Punch","Choke","Underhanded Strike"],"picked":"SKIP","floor":11.0},{"not_picked":["Acrobatics","Flying Knee","Poisoned Stab"],"picked":"SKIP","floor":13.0},{"not_picked":["A Thousand Cuts","Phantasmal Killer"],"picked":"Night Terror","floor":16.0},{"not_picked":["Deadly Poison","Flechettes","Underhanded Strike"],"picked":"SKIP","floor":18.0},{"not_picked":["Bane","Prepared","Blade Dance"],"picked":"SKIP","floor":19.0},{"not_picked":["Sucker Punch+1","Caltrops"],"picked":"Noxious Fumes+1","floor":22.0},{"not_picked":["Acrobatics","Concentrate","Dagger Throw"],"picked":"SKIP","floor":25.0},{"not_picked":["Infinite Blades","Slice","Dodge and Roll"],"picked":"SKIP","floor":27},{"not_picked":["Tactician","Quick Slash"],"picked":"Leg Sweep+1","floor":28},{"not_picked":["Deflect","Concentrate","Heel Hook"],"picked":"SKIP","floor":31}],"player_experience":1655948,"relics_obtained":[{"floor":7.0,"key":"Nunchaku"},{"floor":9.0,"key":"Gambling Chip"},{"floor":10.0,"key":"Boot"}],"event_choices":[{"damage_healed":0.0,"max_hp_gain":0.0,"max_hp_loss":0.0,"gold_gain":0.0,"cards_transformed":["Strike_G"],"event_name":"Living Wall","player_choice":"Change","floor":2.0,"gold_loss":0.0,"damage_taken":0.0,"cards_obtained":["Cloak And Dagger"]},{"damage_healed":0.0,"max_hp_gain":0.0,"max_hp_loss":0.0,"gold_gain":0.0,"event_name":"Liars Game","player_choice":"Ignored","floor":14.0,"gold_loss":0.0,"damage_taken":0.0},{"damage_healed":0.0,"max_hp_gain":0.0,"max_hp_loss":0.0,"gold_gain":0.0,"event_name":"Vampires","player_choice":"Ignored","floor":21.0,"gold_loss":0.0,"damage_taken":0.0},{"damage_healed":0.0,"max_hp_gain":0.0,"max_hp_loss":0.0,"gold_gain":0.0,"event_name":"The Woman in Blue","player_choice":"Bought 2 Potions","floor":24.0,"gold_loss":0.0,"damage_taken":0.0}],"is_beta":false,"boss_relics":[{"not_picked":["WristBlade","Busted Crown"],"picked":"Velvet Choker"}],"items_purged_floors":[4,20],"is_endless":false,"potions_floor_spawned":[3,5,13,19,31],"killed_by":"Collector","ascension_level":20}