{"gold_per_floor":[363,376,376,386,403,403,421,441,466,466,485,162,188,188,188,259,259,275,175,175,194,211,211,211],"floor_reached":24,"playtime":709,"items_purged":["Strike_G","Strike_G"],"score":399,"play_id":"2251431b-aab9-4810-acc0-73c2ac85a3e6","local_time":"20181013183951","is_ascension_mode":true,"campfire_choices":[{"data":"Poisoned Stab","floor":6,"key":"SMITH"},{"data":"Poisoned Stab","floor":10,"key":"SMITH"},{"data":"Noxious Fumes","floor":15,"key":"SMITH"},{"floor":23,"key":"REST"}],"neow_cost":"CURSE","seed_source_timestamp":34769523331977,"circlet_count":0,"master_deck":["Defend_G","Defend_G","Defend_G","Defend_G","Defend_G","Strike_G","Survivor","Neutralize","AscendersBane","Poisoned Stab+1","All Out Attack","Poisoned Stab+1","Noxious Fumes+1","Burst","Backstab","Dash","Endless Agony"],"special_seed":0,"relics":["Ring of the Snake","Spirit Poop","Blood Vial","PreservedInsect","Pear","Busted Crown"],"potions_floor_usage":[13,16,18,21],"damage_taken":[{"damage":4,"enemies":"Cultist","floor":1,"turns":4},{"damage":4,"enemies":"Small Slimes","floor":2,"turns":5},{"damage":9,"enemies":"Jaw Worm","floor":4,"turns":5},{"damage":4,"enemies":"Blue Slaver","floor":5,"turns":4},{"damage":7,"enemies":"3 Louse","floor":7,"turns":3},{"damage":12,"enemies":"Looter","floor":8,"turns":4},{"damage":3,"enemies":"Blue Slaver","floor":11,"turns":3},{"damage":3,"enemies":"Gremlin Nob","floor":13,"turns":3},{"damage":27,"enemies":"Slime Boss","floor":16,"turns":10},{"damage":21,"enemies":"Chosen","floor":18,"turns":5},{"damage":10,"enemies":"3 Byrds","floor":21,"turns":5},{"damage":23,"enemies":"Snake Plant","floor":22,"turns":5},{"damage":35,"enemies":"Book of Stabbing","floor":24,"turns":4}],"seed_played":"-1711160755864531727","potions_obtained":[{"floor":5,"key":"Strength Potion"},{"floor":7,"key":"PowerPotion"},{"floor":13,"key":"LiquidBronze"},{"floor":16,"key":"Fire Potion"}],"is_trial":false,"path_per_floor":["M","M","?","M","M","R","M","M","T","R","M","$","E","?","R","B",null,"M","$","?","M","M","R"],"character_chosen":"THE_SILENT","items_purchased":["Noxious Fumes","PreservedInsect"],"campfire_rested":1,"item_purchase_floors":[12,12],"current_hp_per_floor":[55,51,51,42,38,38,31,19,19,19,18,18,27,27,27,2,58,39,39,39,31,10,32,0],"gold":211,"neow_bonus":"TWO_FIFTY_GOLD","is_prod":false,"is_daily":false,"chose_seed":false,"campfire_upgraded":3,"win_rate":0,"timestamp":1539427191,"path_taken":["M","M","?","M","M","R","M","M","T","R","M","$","E","?","R","BOSS","M","$","?","M","M","R","E"],"build_version":"2018-10-11","purchased_purges":2,"victory":false,"max_hp_per_floor":[66,66,66,66,66,66,66,66,66,66,66,66,76,76,76,76,76,76,76,76,76,76,76,76],"card_choices":[{"not_picked":["Riddle With Holes","Calculated Gamble"],"picked":"Poisoned Stab","floor":1},{"not_picked":["PiercingWail","Reflex"],"picked":"All Out Attack","floor":2},{"not_picked":["Riddle With Holes","Cloak And Dagger","Acrobatics"],"picked":"SKIP","floor":4},{"not_picked":["Dodge and Roll","Bullet Time","Deflect"],"picked":"SKIP","floor":5},{"not_picked":["Acrobatics","Dodge and Roll","Caltrops"],"picked":"SKIP","floor":7},{"not_picked":["Escape Plan","Outmaneuver"],"picked":"Poisoned Stab","floor":8},{"not_picked":["Blade Dance","Blur","Bane"],"picked":"SKIP","floor":11},{"not_picked":["Acrobatics","Quick Slash","Outmaneuver"],"picked":"SKIP","floor":13},{"not_picked":["Storm of Steel","Die Die Die"],"picked":"Burst","floor":16},{"not_picked":[],"picked":"Backstab","floor":18},{"not_picked":["Eviscerate"],"picked":"SKIP","floor":21},{"not_picked":["Slice"],"picked":"SKIP","floor":22}],"player_experience":169492,"relics_obtained":[{"floor":9,"key":"Blood Vial"},{"floor":13,"key":"Pear"}],"event_choices":[{"event_name":"Bonfire Elementals","player_choice":"CURSE","floor":3,"damage_taken":0},{"event_name":"Shining Light","player_choice":"Ignored","floor":14,"damage_taken":0},{"event_name":"Drug Dealer","player_choice":"Became Test Subject","floor":20,"damage_taken":0}],"is_beta":false,"boss_relics":[{"not_picked":["Philosopher\u0027s Stone","WristBlade"],"picked":"Busted Crown"}],"items_purged_floors":[12,19],"is_endless":false,"potions_floor_spawned":[5,7,13,16],"killed_by":"Book of Stabbing","ascension_level":20}