{"gold_per_floor":[112,37,37,56,66,66,66,66,117,134,159,173,201,101,101,172,172,191,209,84,184,34,34,34,51,51,65,65,81,81,81,81,154,154,174,174,100,119,119,119,138,138,165,165,181,195,209,226,226,226,226,226,226,51,79,79],"floor_reached":57,"playtime":1724,"items_purged":["Strike_G","Strike_G","Strike_G","Strike_G","Survivor+1"],"score":3078,"play_id":"cc4af98c-ce9f-45c5-a945-b3de8a2f4cb5","local_time":"20190107224129","is_ascension_mode":true,"campfire_choices":[{"data":"Catalyst","floor":6.0,"key":"SMITH"},{"data":"Bouncing Flask","floor":8.0,"key":"SMITH"},{"data":"Catalyst","floor":15.0,"key":"SMITH"},{"data":"Night Terror","floor":24.0,"key":"SMITH"},{"data":"Adrenaline","floor":28.0,"key":"SMITH"},{"data":"Burst","floor":30.0,"key":"SMITH"},{"data":"Grand Finale","floor":32.0,"key":"SMITH"},{"floor":40,"key":"RECALL"},{"floor":49,"key":"REST"},{"floor":53,"key":"REST"}],"neow_cost":"NONE","seed_source_timestamp":36704488173178,"circlet_count":0,"master_deck":["AscendersBane","Defend_G+1","Defend_G+1","Defend_G+1","Defend_G+1","Defend_G+1","Neutralize+1","Catalyst+1","Grand Finale+1","Bouncing Flask+1","Catalyst+1","Adrenaline+1","Acrobatics+1","Night Terror+1","Acrobatics+1","Burst+1","Adrenaline+1","Purity+1","Dark Shackles+1","Tactician+1"],"special_seed":0,"relics":["Ring of the Snake","NeowsBlessing","Bag of Marbles","Question Card","Boot","Runic Pyramid","Turnip","Shuriken","Ninja Scroll","Empty Cage","Mark of the Bloom","Oddly Smooth Stone"],"potions_floor_usage":[50,51,56],"damage_taken":[{"damage":0.0,"enemies":"Small Slimes","floor":1.0,"turns":1.0},{"damage":0.0,"enemies":"Cultist","floor":4.0,"turns":1.0},{"damage":0.0,"enemies":"2 Louse","floor":5.0,"turns":1.0},{"damage":3.0,"enemies":"Looter","floor":10.0,"turns":4.0},{"damage":5.0,"enemies":"3 Sentries","floor":11.0,"turns":2.0},{"damage":16.0,"enemies":"2 Fungi Beasts","floor":12.0,"turns":4.0},{"damage":0.0,"enemies":"Lagavulin","floor":13.0,"turns":3.0},{"damage":8.0,"enemies":"Hexaghost","floor":16.0,"turns":3.0},{"damage":0.0,"enemies":"Chosen","floor":18.0,"turns":2.0},{"damage":0.0,"enemies":"Spheric Guardian","floor":19.0,"turns":2.0},{"damage":13.0,"enemies":"Colosseum Slavers","floor":21.0,"turns":2.0},{"damage":21.0,"enemies":"Colosseum Nobs","floor":21.0,"turns":3.0},{"damage":8.0,"enemies":"Snecko","floor":25.0,"turns":4.0},{"damage":0.0,"enemies":"3 Cultists","floor":27.0,"turns":2.0},{"damage":0.0,"enemies":"Snake Plant","floor":29.0,"turns":1.0},{"damage":0.0,"enemies":"Collector","floor":33.0,"turns":2.0},{"damage":0,"enemies":"3 Shapes","floor":35,"turns":4},{"damage":0,"enemies":"3 Darklings","floor":38,"turns":2},{"damage":0,"enemies":"Maw","floor":41,"turns":2},{"damage":2,"enemies":"Jaw Worm Horde","floor":45,"turns":2},{"damage":0,"enemies":"Transient","floor":46,"turns":2},{"damage":0,"enemies":"Writhing Mass","floor":47,"turns":1},{"damage":0,"enemies":"Spire Growth","floor":48,"turns":2},{"damage":0,"enemies":"Donu and Deca","floor":50,"turns":2},{"damage":0,"enemies":"Awakened One","floor":51,"turns":3},{"damage":0,"enemies":"Shield and Spear","floor":55,"turns":2},{"damage":40,"enemies":"The Heart","floor":56,"turns":7}],"seed_played":"5766222503413513374","potions_obtained":[{"floor":10.0,"key":"GamblersBrew"},{"floor":11.0,"key":"GamblersBrew"},{"floor":16.0,"key":"Poison Potion"},{"floor":18.0,"key":"Dexterity Potion"},{"floor":21.0,"key":"FearPotion"},{"floor":45,"key":"GamblersBrew"},{"floor":48,"key":"Swift Potion"},{"floor":55,"key":"FearPotion"}],"is_trial":false,"path_per_floor":["M","$","?","M","M","R","$","R","T","M","E","M","E","$","R","B",null,"M","M","$","?","$","?","R","M","T","M","R","M","R","?","R","B",null,"M","?","$","M","?","R","M","?","T","?","M","M","M","M","R","B","B",null,"R","$","E","B",null],"character_chosen":"THE_SILENT","items_purchased":["Tactician"],"campfire_rested":2,"item_purchase_floors":[37],"current_hp_per_floor":[59,59,59,59,59,59,59,59,59,56,51,35,35,35,35,27,56,56,56,56,22,22,22,22,14,14,14,14,14,14,14,14,14,53,53,43,43,43,43,43,43,43,43,43,41,41,41,41,41,41,41,41,41,41,41,1],"gold":79,"neow_bonus":"THREE_ENEMY_KILL","is_prod":false,"is_daily":false,"chose_seed":false,"campfire_upgraded":7,"win_rate":0,"timestamp":1546872089,"path_taken":["M","$","?","M","?","R","?","R","T","M","E","M","E","$","R","BOSS","M","?","$","?","$","?","R","M","T","M","R","M","R","?","R","BOSS","M","?","$","M","?","R","M","?","T","?","?","M","M","M","R","BOSS","BOSS","R","$","E","BOSS"],"build_version":"2019-01-03v4","purchased_purges":5,"victory":true,"max_hp_per_floor":[66,66,66,66,66,66,66,66,66,66,66,66,66,66,66,66,66,66,66,66,66,66,66,66,66,66,66,66,66,66,66,66,66,66,66,66,66,66,66,66,66,66,66,63,63,63,63,63,63,63,63,63,63,63,63,63],"card_choices":[{"not_picked":["Deflect","Backstab"],"picked":"Catalyst","floor":1.0},{"not_picked":["Deflect","Skewer","Bouncing Flask"],"picked":"SKIP","floor":4.0},{"not_picked":["Predator","PiercingWail","Slice"],"picked":"SKIP","floor":5.0},{"not_picked":["Acrobatics","Underhanded Strike"],"picked":"Catalyst","floor":10.0},{"not_picked":["Riddle With Holes","Slice"],"picked":"Adrenaline","floor":11.0},{"not_picked":["Masterful Stab","Tactician","Underhanded Strike","Sucker Punch"],"picked":"SKIP","floor":12.0},{"not_picked":["Deflect","Backflip","Reflex"],"picked":"Acrobatics","floor":13.0},{"not_picked":["Envenom","Die Die Die","Grand Finale"],"picked":"Night Terror","floor":16.0},{"not_picked":["Skewer","Sucker Punch","Terror","Distraction"],"picked":"SKIP","floor":18.0},{"not_picked":["PiercingWail","Prepared","Underhanded Strike"],"picked":"Acrobatics+1","floor":19.0},{"not_picked":["Masterful Stab","Deadly Poison","Deflect+1","Eviscerate+1"],"picked":"SKIP","floor":25.0},{"not_picked":["Flying Knee","Quick Slash","Dodge and Roll"],"picked":"Burst","floor":27.0},{"not_picked":["Dodge and Roll","Quick Slash","Flying Knee","Acrobatics"],"picked":"SKIP","floor":29.0},{"not_picked":["Storm of Steel","Burst","Unload"],"picked":"Adrenaline","floor":33.0},{"not_picked":["Underhanded Strike","Blade Dance+1","PiercingWail","Quick Slash"],"picked":"SKIP","floor":35},{"not_picked":["Violence","Finesse","Transmutation"],"picked":"Purity","floor":36},{"not_picked":["Dark Shackles","Secret Technique","The Bomb"],"picked":"Purity","floor":36},{"not_picked":["Enlightenment","Chrysalis","Blind"],"picked":"Dark Shackles","floor":36},{"not_picked":["Outmaneuver","Dagger Throw+1","Predator","Slice"],"picked":"SKIP","floor":38},{"not_picked":["Escape Plan+1","Outmaneuver+1","Well Laid Plans","Poisoned Stab"],"picked":"SKIP","floor":41},{"not_picked":["Cloak And Dagger+1","Venomology","Distraction+1","Acrobatics"],"picked":"SKIP","floor":45},{"not_picked":["Concentrate","Dodge and Roll","Escape Plan","Underhanded Strike"],"picked":"SKIP","floor":46},{"not_picked":["Flying Knee","Deflect","Accuracy","Backflip"],"picked":"SKIP","floor":47},{"not_picked":["Underhanded Strike+1","Leg Sweep","Predator","Quick Slash"],"picked":"SKIP","floor":48},{"not_picked":["Night Terror","Quick Slash","Endless Agony","Crippling Poison"],"picked":"SKIP","floor":55}],"player_experience":1835070,"relics_obtained":[{"floor":9.0,"key":"Bag of Marbles"},{"floor":11.0,"key":"Question Card"},{"floor":13.0,"key":"Boot"},{"floor":21.0,"key":"Turnip"},{"floor":21.0,"key":"Shuriken"},{"floor":26.0,"key":"Ninja Scroll"},{"floor":55,"key":"Oddly Smooth Stone"}],"event_choices":[{"damage_healed":0.0,"max_hp_gain":0.0,"max_hp_loss":0.0,"gold_gain":0.0,"event_name":"Match and Keep!","player_choice":"2 cards matched","floor":3.0,"gold_loss":0.0,"damage_taken":0.0,"cards_obtained":["Grand Finale","Bouncing Flask"]},{"damage_healed":0.0,"max_hp_gain":0.0,"max_hp_loss":0.0,"gold_gain":0.0,"event_name":"Colosseum","player_choice":"Fight","floor":21.0,"gold_loss":0.0,"damage_taken":0.0},{"damage_healed":0.0,"max_hp_gain":0.0,"max_hp_loss":0.0,"gold_gain":0.0,"event_name":"Colosseum","player_choice":"Fought Nobs","floor":21.0,"gold_loss":0.0,"damage_taken":0.0},{"damage_healed":0.0,"max_hp_gain":0.0,"max_hp_loss":0.0,"gold_gain":0.0,"event_name":"Beggar","player_choice":"Ignored","floor":23.0,"gold_loss":0.0,"damage_taken":0.0},{"damage_healed":0.0,"max_hp_gain":0.0,"max_hp_loss":0.0,"gold_gain":0.0,"event_name":"Forgotten Altar","player_choice":"Smashed Altar","floor":31.0,"gold_loss":0.0,"damage_taken":0.0,"cards_obtained":["Decay"]},{"damage_healed":0,"gold_gain":0,"player_choice":"Memory 3","damage_taken":10,"max_hp_gain":0,"max_hp_loss":0,"event_name":"SensoryStone","floor":36,"gold_loss":0},{"damage_healed":0,"gold_gain":0,"player_choice":"Upgrade","damage_taken":0,"relics_obtained":["Mark of the Bloom"],"max_hp_gain":0,"max_hp_loss":0,"event_name":"MindBloom","floor":39,"gold_loss":0,"cards_upgraded":["Defend_G","Defend_G","Defend_G","Defend_G","Defend_G","Survivor","Neutralize","Acrobatics","Adrenaline","Purity","Purity","Dark Shackles","Tactician"]},{"cards_removed":["Purity"],"damage_healed":0,"gold_gain":0,"player_choice":"Removed Skill","damage_taken":0,"max_hp_gain":0,"max_hp_loss":0,"event_name":"Falling","floor":42,"gold_loss":0},{"damage_healed":0,"gold_gain":0,"player_choice":"Max HP","damage_taken":0,"max_hp_gain":0,"max_hp_loss":3,"event_name":"Winding Halls","floor":44,"gold_loss":0}],"is_beta":false,"boss_relics":[{"not_picked":["Velvet Choker","Busted Crown"],"picked":"Runic Pyramid"},{"not_picked":["Pandora\u0027s Box","Black Star"],"picked":"Empty Cage"}],"items_purged_floors":[2,14,20,22,54],"is_endless":false,"potions_floor_spawned":[10,11,16,18,21,25,41,45,46,48,55],"ascension_level":20}