{"gold_per_floor":[118,135,135,30,30,30,43,43,114,131,131,131,131,181,181,181],"floor_reached":16,"playtime":457,"items_purged":[],"score":176,"play_id":"c9f69a62-abb7-45f7-bf4e-e5f7ae1d19cc","local_time":"20190527134449","is_ascension_mode":true,"campfire_choices":[{"data":"Flex","floor":6.0,"key":"SMITH"},{"data":"Pommel Strike","floor":11.0,"key":"SMITH"},{"data":"Body Slam","floor":13,"key":"SMITH"},{"data":"Trip","floor":15,"key":"SMITH"}],"neow_cost":"NONE","seed_source_timestamp":87352741982257,"circlet_count":0,"master_deck":["AscendersBane","Strike_R","Strike_R","Strike_R","Strike_R","Strike_R","Defend_R","Defend_R","Defend_R","Defend_R","Bash","Feed","Feel No Pain","Flex+1","Trip+1","Body Slam+1","Pommel Strike+1"],"special_seed":0,"relics":["Burning Blood","The Courier"],"potions_floor_usage":[],"damage_taken":[{"damage":13.0,"enemies":"Small Slimes","floor":1.0,"turns":6.0},{"damage":21.0,"enemies":"Cultist","floor":2.0,"turns":6.0},{"damage":26.0,"enemies":"Jaw Worm","floor":7.0,"turns":6.0},{"damage":17.0,"enemies":"Exordium Wildlife","floor":10.0,"turns":7.0},{"damage":0,"enemies":"The Guardian","floor":16,"turns":2}],"seed_played":"3107524521777318168","potions_obtained":[{"floor":7.0,"key":"Ancient Potion"}],"is_trial":false,"path_per_floor":["M","M","?","$","T","R","M","$","T","M","R","?","R","?","R","B"],"character_chosen":"IRONCLAD","items_purchased":["Trip"],"campfire_rested":0,"item_purchase_floors":[4],"current_hp_per_floor":[64,52,81,81,81,81,64,64,64,56,56,56,56,56,56,56],"gold":181,"neow_bonus":"ONE_RANDOM_RARE_CARD","is_prod":false,"is_daily":false,"chose_seed":false,"campfire_upgraded":4,"win_rate":0,"timestamp":1558935889,"path_taken":["M","M","?","$","?","R","M","?","T","?","R","?","R","?","R","BOSS"],"build_version":"2019-01-23","purchased_purges":0,"victory":false,"max_hp_per_floor":[78,81,81,81,81,81,84,84,84,87,87,87,87,87,87,87],"card_choices":[{"not_picked":["Clash","Clothesline"],"picked":"Feel No Pain","floor":1.0},{"not_picked":["Thunderclap","Iron Wave"],"picked":"Flex","floor":2.0},{"not_picked":["Anger","Headbutt"],"picked":"Body Slam","floor":7.0},{"not_picked":["Headbutt","Intimidate"],"picked":"Pommel Strike","floor":10.0}],"player_experience":4877079,"relics_obtained":[{"floor":9.0,"key":"The Courier"}],"event_choices":[{"damage_healed":29.0,"max_hp_gain":0.0,"max_hp_loss":0.0,"gold_gain":0.0,"event_name":"Wheel of Change","player_choice":"Full Heal","floor":3.0,"gold_loss":0.0,"damage_taken":0.0},{"damage_healed":0,"gold_gain":0,"player_choice":"Searched \u00270\u0027 times","damage_taken":0,"max_hp_gain":0,"max_hp_loss":0,"event_name":"Dead Adventurer","floor":12,"gold_loss":0},{"damage_healed":0,"gold_gain":50,"player_choice":"Pray","damage_taken":0,"max_hp_gain":0,"max_hp_loss":0,"event_name":"Golden Shrine","floor":14,"gold_loss":0}],"is_beta":false,"boss_relics":[],"items_purged_floors":[],"is_endless":false,"potions_floor_spawned":[7],"killed_by":"The Guardian","ascension_level":20}