{"gold_per_floor":[114,39,39,57,57,91,91,127,176,190,223,242,263,281,281,380,380,394,414,430,555,555,322,346,377,404,442,468,468,468,123,123,219,219,242,27,0,25,40,40,65,100,150,170,206,225,225,248,248,248,248],"floor_reached":51,"playtime":2337,"items_purged":["Strike_G+1","Strike_G+1","Defend_G+1"],"score":1509,"play_id":"4dbfdb6f-b537-4990-9b65-94bd0c6aa4eb","local_time":"20190205010752","is_ascension_mode":true,"campfire_choices":[{"data":"Neutralize","floor":7.0,"key":"SMITH"},{"data":"Bane","floor":15.0,"key":"SMITH"},{"data":"Well Laid Plans","floor":29,"key":"SMITH"},{"data":"Footwork","floor":32,"key":"SMITH"},{"data":"Deep Breath","floor":40,"key":"SMITH"},{"data":"Outmaneuver","floor":49,"key":"SMITH"}],"neow_cost":"NONE","seed_source_timestamp":1361051120023,"circlet_count":0,"master_deck":["AscendersBane","Defend_G+1","Defend_G+1","Defend_G+1","Defend_G+1","Strike_G+1","Strike_G+1","Survivor","Neutralize+1","Bane+1","Outmaneuver+1","Poisoned Stab","Bane+1","Footwork+1","Crippling Poison","Adrenaline","Well Laid Plans+1","Terror","Deep Breath+1","Leg Sweep+1","Prepared+1","Heel Hook","Acrobatics+1","Madness+1","Flash of Steel","Discovery+1"],"special_seed":0,"relics":["Ring of the Snake","NeowsBlessing","Golden Idol","Vajra","Meat on the Bone","Ginger","Busted Crown","Incense Burner","Letter Opener","Bag of Preparation","Question Card","Ancient Tea Set","Gremlin Horn","Potion Belt","Pen Nib","Black Star","Red Mask","Oddly Smooth Stone","Dodecahedron","Smiling Mask","Art of War","Toxic Egg 2","Strawberry"],"potions_floor_usage":[21,21,21,33,50,50,51],"damage_taken":[{"damage":0.0,"enemies":"Jaw Worm","floor":1.0,"turns":1.0},{"damage":0.0,"enemies":"Small Slimes","floor":4.0,"turns":1.0},{"damage":0.0,"enemies":"Lagavulin","floor":6.0,"turns":1.0},{"damage":26.0,"enemies":"3 Sentries","floor":8.0,"turns":13.0},{"damage":0.0,"enemies":"2 Louse","floor":10.0,"turns":2.0},{"damage":36.0,"enemies":"Gremlin Nob","floor":11.0,"turns":5.0},{"damage":4.0,"enemies":"Blue Slaver","floor":12.0,"turns":3.0},{"damage":0.0,"enemies":"Looter","floor":13.0,"turns":3.0},{"damage":5.0,"enemies":"2 Fungi Beasts","floor":14.0,"turns":3.0},{"damage":20.0,"enemies":"Hexaghost","floor":16.0,"turns":9.0},{"damage":23.0,"enemies":"3 Byrds","floor":18.0,"turns":7.0},{"damage":10.0,"enemies":"Spheric Guardian","floor":19.0,"turns":6.0},{"damage":10.0,"enemies":"Centurion and Healer","floor":20.0,"turns":7.0},{"damage":13,"enemies":"Colosseum Slavers","floor":21,"turns":5},{"damage":5,"enemies":"Colosseum Nobs","floor":21,"turns":6},{"damage":13,"enemies":"Snecko","floor":24,"turns":5},{"damage":4,"enemies":"Gremlin Leader","floor":25,"turns":8},{"damage":18,"enemies":"Book of Stabbing","floor":27,"turns":6},{"damage":28,"enemies":"Champ","floor":33,"turns":10},{"damage":6,"enemies":"3 Darklings","floor":35,"turns":6},{"damage":1,"enemies":"Orb Walker","floor":38,"turns":2},{"damage":16,"enemies":"Transient","floor":39,"turns":6},{"damage":0,"enemies":"3 Darklings","floor":41,"turns":4},{"damage":13,"enemies":"Reptomancer","floor":42,"turns":5},{"damage":9,"enemies":"Spire Growth","floor":44,"turns":8},{"damage":12,"enemies":"Giant Head","floor":45,"turns":5},{"damage":13,"enemies":"Writhing Mass","floor":46,"turns":6},{"damage":20,"enemies":"Donu and Deca","floor":50,"turns":12},{"damage":31,"enemies":"Time Eater","floor":51,"turns":14}],"seed_played":"7898959158832166109","potions_obtained":[{"floor":1.0,"key":"EssenceOfSteel"},{"floor":4.0,"key":"PowerPotion"},{"floor":10.0,"key":"Regen Potion"},{"floor":12.0,"key":"Dexterity Potion"},{"floor":13.0,"key":"Poison Potion"},{"floor":18.0,"key":"EntropicBrew"},{"floor":25,"key":"FearPotion"},{"floor":33,"key":"Block Potion"},{"floor":35,"key":"GamblersBrew"},{"floor":39,"key":"GamblersBrew"},{"floor":41,"key":"SteroidPotion"},{"floor":46,"key":"Block Potion"}],"is_trial":false,"path_per_floor":["M","?","?","M","?","E","R","E","T","M","E","M","M","M","R","B",null,"M","M","M","?","?","$","M","E","T","E","T","R","?","$","R","B",null,"M","$","?","M","M","R","M","E","T","M","E","M","?","T","R","B","B"],"character_chosen":"THE_SILENT","items_purchased":["Bag of Preparation","Pen Nib","Terror","Deep Breath"],"campfire_rested":0,"item_purchase_floors":[23,31,31,36],"current_hp_per_floor":[59,59,59,59,59,59,59,33,33,33,14,22,34,41,41,33,53,42,32,34,40,40,40,39,35,35,29,29,29,29,29,29,13,48,42,42,42,41,37,37,37,36,36,39,39,38,28,35,35,27,0],"gold":248,"neow_bonus":"THREE_ENEMY_KILL","is_prod":false,"is_daily":false,"chose_seed":false,"campfire_upgraded":6,"win_rate":0,"timestamp":1549300072,"path_taken":["M","?","?","M","?","E","R","E","T","M","E","?","M","M","R","BOSS","M","M","M","?","?","$","M","E","T","E","?","R","?","$","R","BOSS","M","$","?","M","M","R","M","E","T","M","E","M","?","?","R","BOSS","BOSS"],"build_version":"2019-01-23","purchased_purges":3,"victory":false,"max_hp_per_floor":[66,66,66,66,60,60,60,60,60,60,60,60,60,60,60,60,60,60,60,60,60,60,60,60,60,60,60,60,60,60,60,60,60,60,60,60,60,60,60,60,60,60,60,60,60,60,60,67,67,67,67],"card_choices":[{"not_picked":["Setup","Blade Dance"],"picked":"Bane","floor":1.0},{"not_picked":["Flying Knee","Outmaneuver","Dodge and Roll"],"picked":"SKIP","floor":4.0},{"not_picked":["Flying Knee","Dodge and Roll"],"picked":"Outmaneuver","floor":4.0},{"not_picked":["Distraction","Accuracy","Setup"],"picked":"SKIP","floor":6.0},{"not_picked":["Distraction","Accuracy","Setup"],"picked":"SKIP","floor":6.0},{"not_picked":["Underhanded Strike","Caltrops"],"picked":"Poisoned Stab","floor":8.0},{"not_picked":["Caltrops","Riddle With Holes","Dodge and Roll"],"picked":"SKIP","floor":10.0},{"not_picked":["Accuracy","PiercingWail"],"picked":"Bane","floor":11.0},{"not_picked":["PiercingWail","Outmaneuver"],"picked":"Footwork","floor":12.0},{"not_picked":["Unload","Deadly Poison","Dagger Spray"],"picked":"SKIP","floor":13.0},{"not_picked":["Dodge and Roll","Poisoned Stab"],"picked":"Crippling Poison","floor":14.0},{"not_picked":["Glass Knife","Grand Finale"],"picked":"Adrenaline","floor":16.0},{"not_picked":["Underhanded Strike"],"picked":"SKIP","floor":18.0},{"not_picked":[],"picked":"Well Laid Plans","floor":19.0},{"not_picked":["Caltrops"],"picked":"SKIP","floor":20.0},{"not_picked":["Flying Knee"],"picked":"SKIP","floor":24},{"not_picked":["Blade Dance"],"picked":"SKIP","floor":25},{"not_picked":["Cloak And Dagger","Flechettes"],"picked":"SKIP","floor":27},{"not_picked":["Deflect","Poisoned Stab"],"picked":"SKIP","floor":35},{"not_picked":["Caltrops","Poisoned Stab"],"picked":"SKIP","floor":38},{"not_picked":["PiercingWail","Dagger Spray+1"],"picked":"SKIP","floor":39},{"not_picked":["Bouncing Flask"],"picked":"Leg Sweep+1","floor":41},{"not_picked":["Envenom"],"picked":"Prepared+1","floor":42},{"not_picked":["Backstab+1"],"picked":"Heel Hook","floor":44},{"not_picked":["Poisoned Stab","Tools of the Trade"],"picked":"SKIP","floor":45},{"not_picked":["Dodge and Roll+1"],"picked":"Acrobatics+1","floor":46},{"not_picked":["Dark Shackles+1"],"picked":"Madness+1","floor":47},{"not_picked":["Jack Of All Trades+1"],"picked":"Flash of Steel","floor":47},{"not_picked":["Purity+1"],"picked":"Discovery+1","floor":47}],"player_experience":1418869,"relics_obtained":[{"floor":6.0,"key":"Vajra"},{"floor":8.0,"key":"Meat on the Bone"},{"floor":11.0,"key":"Ginger"},{"floor":21,"key":"Incense Burner"},{"floor":21,"key":"Letter Opener"},{"floor":25,"key":"Question Card"},{"floor":26,"key":"Ancient Tea Set"},{"floor":27,"key":"Gremlin Horn"},{"floor":28,"key":"Potion Belt"},{"floor":42,"key":"Oddly Smooth Stone"},{"floor":42,"key":"Dodecahedron"},{"floor":43,"key":"Smiling Mask"},{"floor":45,"key":"Art of War"},{"floor":45,"key":"Toxic Egg 2"},{"floor":48,"key":"Strawberry"}],"event_choices":[{"cards_removed":["Strike_G"],"damage_healed":0.0,"max_hp_gain":0.0,"max_hp_loss":0.0,"gold_gain":0.0,"event_name":"The Cleric","player_choice":"Card Removal","floor":2.0,"gold_loss":75.0,"damage_taken":0.0},{"damage_healed":0.0,"max_hp_gain":0.0,"max_hp_loss":0.0,"gold_gain":0.0,"event_name":"Living Wall","player_choice":"Grow","floor":3.0,"gold_loss":0.0,"damage_taken":0.0,"cards_upgraded":["Bane"]},{"damage_healed":0.0,"max_hp_gain":0.0,"max_hp_loss":6.0,"gold_gain":0.0,"event_name":"Golden Idol","player_choice":"Lose Max HP","floor":5.0,"gold_loss":0.0,"damage_taken":0.0,"relics_obtained":["Golden Idol"]},{"damage_healed":0,"gold_gain":0,"player_choice":"Fight","damage_taken":0,"max_hp_gain":0,"max_hp_loss":0,"event_name":"Colosseum","floor":21,"gold_loss":0},{"damage_healed":0,"gold_gain":0,"player_choice":"Fought Nobs","damage_taken":0,"max_hp_gain":0,"max_hp_loss":0,"event_name":"Colosseum","floor":21,"gold_loss":0},{"damage_healed":0,"gold_gain":0,"player_choice":"Simplicity","damage_taken":0,"max_hp_gain":0,"max_hp_loss":0,"event_name":"Back to Basics","floor":22,"gold_loss":0,"cards_upgraded":["Defend_G","Defend_G","Defend_G","Defend_G","Defend_G","Strike_G","Strike_G","Strike_G","Strike_G"]},{"damage_healed":0,"gold_gain":0,"player_choice":"Ignored","damage_taken":0,"max_hp_gain":0,"max_hp_loss":0,"event_name":"Ghosts","floor":30,"gold_loss":0},{"damage_healed":0,"gold_gain":0,"player_choice":"Paid","damage_taken":0,"relics_obtained":["Red Mask"],"max_hp_gain":0,"max_hp_loss":0,"event_name":"Tomb of Lord Red Mask","floor":37,"gold_loss":27},{"damage_healed":0,"gold_gain":0,"player_choice":"Memory 3","damage_taken":10,"max_hp_gain":0,"max_hp_loss":0,"event_name":"SensoryStone","floor":47,"gold_loss":0}],"is_beta":true,"boss_relics":[{"not_picked":["Calling Bell","Cursed Key"],"picked":"Busted Crown"},{"not_picked":["Runic Dome","HoveringKite"],"picked":"Black Star"}],"items_purged_floors":[23,31,36],"is_endless":false,"potions_floor_spawned":[1,4,10,12,13,18,20,25,33,35,39,41,46],"killed_by":"Time Eater","ascension_level":20}