{"gold_per_floor":[117,1,18,18,38,38,70,70,94,113,125,125,125,125,125,197,197,208,258,183,193,207,207,224,224],"floor_reached":25,"playtime":625,"items_purged":["Strike_R"],"score":406,"play_id":"3c2f172d-b48c-47d5-b0f5-67c095c49afc","local_time":"20190601192806","is_ascension_mode":true,"campfire_choices":[{"data":"Sword Boomerang","floor":6.0,"key":"SMITH"},{"data":"Burning Pact","floor":8.0,"key":"SMITH"},{"data":"Spot Weakness","floor":13.0,"key":"SMITH"},{"floor":15.0,"key":"RECALL"},{"data":"Dual Wield","floor":23,"key":"SMITH"}],"neow_cost":"NONE","seed_source_timestamp":9470967031832,"circlet_count":0,"master_deck":["AscendersBane","Strike_R","Strike_R+1","Strike_R","Strike_R","Defend_R","Defend_R","Defend_R","Defend_R","Bash+1","Burning Pact+1","Spot Weakness+1","Sword Boomerang+1","Reaper","Shrug It Off","Dual Wield+1"],"special_seed":0,"relics":["Burning Blood","NeowsBlessing","Anchor","Bag of Marbles","Bag of Preparation","Dodecahedron","Coffee Dripper"],"potions_floor_usage":[16,16,16,24],"damage_taken":[{"damage":0.0,"enemies":"Cultist","floor":1.0,"turns":1.0},{"damage":0.0,"enemies":"Small Slimes","floor":3.0,"turns":2.0},{"damage":0.0,"enemies":"2 Louse","floor":5.0,"turns":1.0},{"damage":8.0,"enemies":"Gremlin Nob","floor":7.0,"turns":3.0},{"damage":0.0,"enemies":"2 Fungi Beasts","floor":10.0,"turns":3.0},{"damage":13.0,"enemies":"Exordium Thugs","floor":11.0,"turns":3.0},{"damage":34,"enemies":"Hexaghost","floor":16,"turns":7},{"damage":18,"enemies":"Chosen","floor":18,"turns":4},{"damage":41,"enemies":"3 Byrds","floor":21,"turns":6},{"damage":18,"enemies":"Centurion and Healer","floor":22,"turns":7},{"damage":33,"enemies":"Cultist and Chosen","floor":24,"turns":5},{"damage":4,"enemies":"Colosseum Slavers","floor":25,"turns":2}],"seed_played":"-4641335611019158294","potions_obtained":[{"floor":3.0,"key":"Strength Potion"},{"floor":7.0,"key":"SteroidPotion"},{"floor":11.0,"key":"EntropicBrew"},{"floor":21,"key":"SteroidPotion"},{"floor":22,"key":"SkillPotion"},{"floor":24,"key":"FearPotion"}],"is_trial":false,"path_per_floor":["M","$","M","?","M","R","E","R","T","M","M","?","R","?","R","B",null,"M","?","$","M","M","R","M","?"],"character_chosen":"IRONCLAD","items_purchased":["Spot Weakness","Sword Boomerang"],"campfire_rested":0,"item_purchase_floors":[2,2],"current_hp_per_floor":[74,74,75,52,58,58,56,56,56,62,55,37,37,37,37,9,59,51,51,51,28,23,23,8,12],"gold":224,"neow_bonus":"THREE_ENEMY_KILL","is_prod":false,"is_daily":false,"chose_seed":false,"campfire_upgraded":4,"win_rate":0,"timestamp":1559388486,"path_taken":["M","$","?","?","M","R","E","R","T","M","M","?","R","?","R","BOSS","M","?","?","M","?","R","M","?"],"build_version":"2019-01-23","purchased_purges":1,"victory":false,"max_hp_per_floor":[75,75,75,75,75,75,75,75,75,75,75,75,75,75,75,75,75,75,75,75,75,75,75,75,75],"card_choices":[{"not_picked":["Armaments","Clash"],"picked":"Burning Pact","floor":1.0},{"not_picked":["Warcry","Clothesline","Clash"],"picked":"SKIP","floor":3.0},{"not_picked":["Infernal Blade","Metallicize","Armaments"],"picked":"SKIP","floor":5.0},{"not_picked":["Searing Blow","Ghostly Armor","Fire Breathing"],"picked":"SKIP","floor":7.0},{"not_picked":["Clash","Rupture","Sever Soul"],"picked":"SKIP","floor":10.0},{"not_picked":["Wild Strike","Heavy Blade","Thunderclap"],"picked":"SKIP","floor":11.0},{"not_picked":["Bludgeon","Limit Break"],"picked":"Reaper","floor":16},{"not_picked":["Sever Soul","Heavy Blade"],"picked":"Shrug It Off","floor":18},{"not_picked":["Disarm","Perfected Strike","Clash"],"picked":"SKIP","floor":21},{"not_picked":["Iron Wave+1","Heavy Blade"],"picked":"Dual Wield","floor":22},{"not_picked":["Intimidate","Havoc","Rampage"],"picked":"SKIP","floor":24}],"player_experience":4971665,"relics_obtained":[{"floor":7.0,"key":"Anchor"},{"floor":9.0,"key":"Bag of Marbles"}],"event_choices":[{"damage_healed":0.0,"max_hp_gain":0.0,"max_hp_loss":0.0,"gold_gain":0.0,"event_name":"Shining Light","player_choice":"Entered Light","floor":4.0,"gold_loss":0.0,"damage_taken":23.0,"cards_upgraded":["Bash","Strike_R"]},{"damage_healed":0.0,"max_hp_gain":0.0,"max_hp_loss":0.0,"gold_gain":0.0,"event_name":"Scrap Ooze","player_choice":"Success","floor":12.0,"gold_loss":0.0,"damage_taken":18.0,"relics_obtained":["Bag of Preparation"]},{"damage_healed":0.0,"max_hp_gain":0.0,"max_hp_loss":0.0,"gold_gain":0.0,"event_name":"Dead Adventurer","player_choice":"Searched \u00271\u0027 times","floor":14.0,"gold_loss":0.0,"damage_taken":0.0,"relics_obtained":["Dodecahedron"]},{"damage_healed":0,"gold_gain":50,"player_choice":"Pray","damage_taken":0,"max_hp_gain":0,"max_hp_loss":0,"event_name":"Golden Shrine","floor":19,"gold_loss":0},{"damage_healed":0,"gold_gain":0,"player_choice":"Fight","damage_taken":0,"max_hp_gain":0,"max_hp_loss":0,"event_name":"Colosseum","floor":25,"gold_loss":0}],"is_beta":false,"boss_relics":[{"not_picked":["Fusion Hammer","Runic Cube"],"picked":"Coffee Dripper"}],"items_purged_floors":[20],"is_endless":false,"potions_floor_spawned":[3,7,11,21,22,24],"killed_by":"Colosseum Slavers","ascension_level":20}