{"gold_per_floor":[148,168,168,31,47,47,64,64,115,115,132,132,19,30,30,134,134,153,53,64,64,79,79,105,105,105,105,136,67,93,124,124,219,219,229,34,49,49,271,271,303,303,303,303,328,328,328,100,100,100],"floor_reached":51,"playtime":1570,"items_purged":["Strike_G","Strike_G","Defend_G"],"score":802,"play_id":"95a25b55-aaa1-4dca-b0cd-3f1fa0fec72f","local_time":"20181021082541","is_ascension_mode":false,"campfire_choices":[{"data":"Footwork","floor":6.0,"key":"SMITH"},{"data":"Poisoned Stab","floor":10.0,"key":"SMITH"},{"data":"Well Laid Plans","floor":15.0,"key":"SMITH"},{"data":"Leg Sweep","floor":23.0,"key":"SMITH"},{"data":"Leg Sweep","floor":25.0,"key":"SMITH"},{"data":"Deadly Poison","floor":27.0,"key":"SMITH"},{"data":"Footwork","floor":32.0,"key":"SMITH"},{"data":"Corpse Explosion","floor":40,"key":"SMITH"},{"data":"Night Terror","floor":42,"key":"SMITH"},{"data":"Noxious Fumes","floor":47,"key":"SMITH"},{"data":"Well Laid Plans","floor":49,"key":"SMITH"}],"neow_cost":"NONE","seed_source_timestamp":122736870980,"circlet_count":0,"master_deck":["Defend_G","Defend_G","Defend_G+1","Defend_G","Strike_G","Strike_G","Strike_G","Survivor+1","Poisoned Stab+1","Night Terror+1","Footwork+1","Well Laid Plans+1","Corpse Explosion+1","Bouncing Flask","Deadly Poison+1","Leg Sweep+1","Leg Sweep+1","Deadly Poison+1","Footwork+1","Burst+1","Well Laid Plans+1","Bouncing Flask+1","Calculated Gamble+1","Bouncing Flask+1","Backflip+1","Catalyst+1","Die Die Die","Venomology+1","Noxious Fumes+1","Well Laid Plans+1"],"special_seed":0,"relics":["Ring of the Snake","Tiny Chest","WarpedTongs","War Paint","Velvet Choker","Vajra","Toxic Egg 2","Bottled Tornado","Regal Pillow","Red Mask","Orrery","Omamori","Mummified Hand","Juzu Bracelet","Tingsha","Lee\u0027s Waffle"],"potions_floor_usage":[45,50,50],"damage_taken":[{"damage":6.0,"enemies":"Jaw Worm","floor":1.0,"turns":7.0},{"damage":0.0,"enemies":"Cultist","floor":2.0,"turns":3.0},{"damage":1.0,"enemies":"2 Louse","floor":5.0,"turns":2.0},{"damage":36.0,"enemies":"Exordium Thugs","floor":7.0,"turns":8.0},{"damage":3.0,"enemies":"Gremlin Gang","floor":11.0,"turns":6.0},{"damage":0.0,"enemies":"2 Fungi Beasts","floor":14.0,"turns":4.0},{"damage":2.0,"enemies":"The Guardian","floor":16.0,"turns":9.0},{"damage":0.0,"enemies":"Shell Parasite","floor":18.0,"turns":6.0},{"damage":16.0,"enemies":"3 Byrds","floor":20.0,"turns":4.0},{"damage":15.0,"enemies":"Sentry and Sphere","floor":22.0,"turns":4.0},{"damage":21.0,"enemies":"Slavers","floor":24.0,"turns":5.0},{"damage":0.0,"enemies":"Gremlin Leader","floor":28.0,"turns":9.0},{"damage":2.0,"enemies":"Masked Bandits","floor":31.0,"turns":3.0},{"damage":4.0,"enemies":"Champ","floor":33.0,"turns":11.0},{"damage":0.0,"enemies":"3 Shapes","floor":35.0,"turns":3.0},{"damage":18.0,"enemies":"3 Darklings","floor":37.0,"turns":6.0},{"damage":0,"enemies":"Giant Head","floor":41,"turns":4},{"damage":27,"enemies":"Reptomancer","floor":45,"turns":5},{"damage":49,"enemies":"Donu and Deca","floor":50,"turns":5}],"seed_played":"9046652918297392915","potions_obtained":[{"floor":5.0,"key":"GhostInAJar"},{"floor":7.0,"key":"Poison Potion"},{"floor":20.0,"key":"Fire Potion"},{"floor":22.0,"key":"Regen Potion"},{"floor":28.0,"key":"Dexterity Potion"},{"floor":31.0,"key":"LiquidBronze"},{"floor":37.0,"key":"EssenceOfSteel"}],"is_trial":false,"path_per_floor":["M","M","?","$","M","R","M","$","T","R","M","?","$","M","R","B",null,"M","$","M","$","M","R","E","R","T","R","E","$","T","?","R","B",null,"M","$","M","?","?","R","E","R","T","?","E","T","R","$","R","B"],"character_chosen":"THE_SILENT","items_purchased":["Night Terror","Footwork","Well Laid Plans","Footwork","Catalyst+1","Well Laid Plans","Lee\u0027s Waffle"],"campfire_rested":0,"item_purchase_floors":[4,4,13,29,36,48,48],"current_hp_per_floor":[64,64,64,64,63,63,27,27,27,27,24,24,24,24,24,22,70,70,70,54,54,39,39,33,33,33,33,33,33,33,31,31,27,70,70,70,52,52,52,52,52,52,52,52,25,25,25,77,77,28],"gold":100,"neow_bonus":"RANDOM_COMMON_RELIC","is_prod":false,"is_daily":false,"chose_seed":false,"campfire_upgraded":11,"win_rate":0,"timestamp":1540081541,"path_taken":["M","M","?","?","M","R","M","$","T","R","?","?","$","M","R","BOSS","M","?","?","$","M","R","E","R","T","R","E","$","?","?","R","BOSS","M","$","M","?","?","R","E","R","T","?","E","?","R","$","R","BOSS"],"build_version":"2018-10-18","purchased_purges":3,"victory":true,"max_hp_per_floor":[70,70,70,70,70,70,70,70,70,70,70,70,70,70,70,70,70,70,70,70,70,70,70,70,70,70,70,70,70,70,70,70,70,70,70,70,70,70,70,70,70,70,70,70,70,70,70,77,77,77],"card_choices":[{"not_picked":["Dodge and Roll","Blade Dance"],"picked":"Poisoned Stab","floor":1.0},{"not_picked":["Dagger Spray","Deflect","Heel Hook"],"picked":"SKIP","floor":2.0},{"not_picked":["Acrobatics","Caltrops","Outmaneuver"],"picked":"SKIP","floor":5.0},{"not_picked":["Dodge and Roll","Underhanded Strike","Infinite Blades"],"picked":"SKIP","floor":7.0},{"not_picked":["Acrobatics","Slice","Heel Hook"],"picked":"SKIP","floor":11.0},{"not_picked":["Bane","Underhanded Strike","Endless Agony"],"picked":"SKIP","floor":14.0},{"not_picked":["Venomology","Die Die Die"],"picked":"Corpse Explosion","floor":16.0},{"not_picked":["Quick Slash","Deflect+1"],"picked":"Bouncing Flask","floor":18.0},{"not_picked":["Crippling Poison","Cloak And Dagger+1"],"picked":"Deadly Poison","floor":20.0},{"not_picked":["Expertise+1","Underhanded Strike+1"],"picked":"Leg Sweep","floor":22.0},{"not_picked":["A Thousand Cuts","Bane"],"picked":"Leg Sweep","floor":24.0},{"not_picked":["Riddle With Holes","Accuracy+1"],"picked":"Deadly Poison+1","floor":28.0},{"not_picked":["Unload","Envenom"],"picked":"Burst+1","floor":33.0},{"not_picked":["Quick Slash","Poisoned Stab+1"],"picked":"Well Laid Plans+1","floor":34.0},{"not_picked":["Tactician+1","Poisoned Stab"],"picked":"Bouncing Flask+1","floor":34.0},{"not_picked":["Dagger Throw","Flying Knee"],"picked":"Calculated Gamble+1","floor":34.0},{"not_picked":["Dodge and Roll+1","Dagger Spray"],"picked":"Bouncing Flask+1","floor":34.0},{"not_picked":["Deadly Poison+1","Dodge and Roll+1"],"picked":"Backflip+1","floor":34.0},{"not_picked":["Infinite Blades","Riddle With Holes","Caltrops"],"picked":"SKIP","floor":35.0},{"not_picked":["Poisoned Stab","Dagger Throw+1"],"picked":"Die Die Die","floor":37.0},{"not_picked":["Sucker Punch+1","Blade Dance+1"],"picked":"Venomology+1","floor":41},{"not_picked":["Blade Dance+1","Predator+1"],"picked":"Noxious Fumes","floor":45}],"player_experience":434042,"relics_obtained":[{"floor":9.0,"key":"War Paint"},{"floor":24.0,"key":"Vajra"},{"floor":26.0,"key":"Toxic Egg 2"},{"floor":28.0,"key":"Bottled Tornado"},{"floor":30.0,"key":"Regal Pillow"},{"floor":31.0,"key":"Red Mask"},{"floor":41,"key":"Omamori"},{"floor":43,"key":"Mummified Hand"},{"floor":45,"key":"Juzu Bracelet"},{"floor":46,"key":"Tingsha"}],"event_choices":[{"damage_healed":0.0,"max_hp_gain":0.0,"max_hp_loss":0.0,"gold_gain":0.0,"event_name":"Accursed Blacksmith","player_choice":"Rummage","floor":3.0,"gold_loss":0.0,"damage_taken":0.0,"relics_obtained":["WarpedTongs"],"cards_obtained":["Pain"]},{"cards_removed":["Pain"],"damage_healed":0.0,"max_hp_gain":0.0,"max_hp_loss":0.0,"gold_gain":0.0,"event_name":"Living Wall","player_choice":"Forget","floor":12.0,"gold_loss":0.0,"damage_taken":0.0},{"damage_healed":0.0,"max_hp_gain":0.0,"max_hp_loss":0.0,"gold_gain":0.0,"event_name":"Masked Bandits","player_choice":"Fought Bandits","floor":31.0,"gold_loss":0.0,"damage_taken":0.0},{"damage_healed":0,"gold_gain":0,"player_choice":"Ignored","damage_taken":0,"max_hp_gain":0,"max_hp_loss":0,"event_name":"Mysterious Sphere","floor":38,"gold_loss":0},{"damage_healed":0,"gold_gain":222,"player_choice":"Wore Mask","damage_taken":0,"max_hp_gain":0,"max_hp_loss":0,"event_name":"Tomb of Lord Red Mask","floor":39,"gold_loss":0},{"cards_removed":["Neutralize"],"damage_healed":0,"gold_gain":0,"player_choice":"Removed Attack","damage_taken":0,"max_hp_gain":0,"max_hp_loss":0,"event_name":"Falling","floor":44,"gold_loss":0}],"is_beta":false,"boss_relics":[{"not_picked":["Philosopher\u0027s Stone","Cursed Key"],"picked":"Velvet Choker"},{"not_picked":["WristBlade","Fusion Hammer"],"picked":"Orrery"}],"items_purged_floors":[13,19,36],"is_endless":false,"potions_floor_spawned":[5,7,20,22,28,31,37],"ascension_level":0}