{"gold_per_floor":[361,361,361,371,13,13,32,45,70,70,120,120,132,157,157,157],"floor_reached":16,"playtime":418,"items_purged":["Strike_B"],"score":200,"play_id":"5f7a1149-0d23-41da-b3e5-801972f1f7bc","local_time":"20190106150711","is_ascension_mode":true,"campfire_choices":[{"data":"Sunder","floor":6,"key":"SMITH"},{"floor":10,"key":"REST"},{"floor":12,"key":"REST"},{"floor":15,"key":"REST"}],"neow_cost":"PERCENT_DAMAGE","seed_source_timestamp":13337535761938,"circlet_count":0,"master_deck":["AscendersBane","Strike_B","Strike_B+1","Defend_B","Defend_B","Defend_B","Defend_B","Zap","Dualcast+1","Ball Lightning","Sunder+1","Coolheaded","Hologram","Gash","Seek","Conserve Battery"],"relics":["Cracked Core","Membership Card","Bag of Preparation","Dream Catcher","Vajra"],"potions_floor_usage":[8],"damage_taken":[{"damage":2,"enemies":"Jaw Worm","floor":1,"turns":3},{"damage":2,"enemies":"2 Louse","floor":4,"turns":3},{"damage":0,"enemies":"Cultist","floor":7,"turns":2},{"damage":0,"enemies":"Lots of Slimes","floor":8,"turns":3},{"damage":12,"enemies":"Large Slime","floor":13,"turns":6},{"damage":17,"enemies":"3 Sentries","floor":14,"turns":3},{"damage":54,"enemies":"Slime Boss","floor":16,"turns":10}],"seed_played":"109873069716193551","potions_obtained":[{"floor":1,"key":"SmokeBomb"},{"floor":7,"key":"Block Potion"}],"is_trial":false,"path_per_floor":["M","?","?","M","$","R","M","M","T","R","?","R","M","E","R","B"],"character_chosen":"DEFECT","items_purchased":["Membership Card","Sunder","Bag of Preparation"],"campfire_rested":3,"item_purchase_floors":[5,5,5],"current_hp_per_floor":[44,23,16,14,14,14,14,14,14,35,35,56,44,27,48,0],"gold":157,"neow_bonus":"TWO_FIFTY_GOLD","is_prod":false,"is_daily":false,"chose_seed":false,"campfire_upgraded":1,"win_rate":0,"timestamp":1546758431,"path_taken":["M","?","?","M","$","R","M","M","T","R","?","R","?","E","R","BOSS"],"build_version":"2019-01-03v4","purchased_purges":1,"victory":false,"max_hp_per_floor":[71,71,71,71,71,71,71,71,71,71,71,71,71,71,71,71],"card_choices":[{"not_picked":["Hello World","Aggregate"],"picked":"Ball Lightning","floor":1},{"not_picked":["Fusion","Barrage","Darkness"],"picked":"SKIP","floor":4},{"not_picked":["Redo","Sweeping Beam","Tempest"],"picked":"SKIP","floor":7},{"not_picked":["Rip and Tear","Steam","Melter"],"picked":"SKIP","floor":8},{"not_picked":["Amplify","Ball Lightning"],"picked":"Coolheaded","floor":10},{"not_picked":["Hello World","Gash"],"picked":"Hologram","floor":12},{"not_picked":["Go for the Eyes","Sweeping Beam"],"picked":"Gash","floor":13},{"not_picked":["Scrape","Self Repair"],"picked":"Seek","floor":14},{"not_picked":["Melter","Double Energy"],"picked":"Conserve Battery","floor":15}],"player_experience":1778355,"relics_obtained":[{"floor":9,"key":"Dream Catcher"},{"floor":14,"key":"Vajra"}],"event_choices":[{"damage_healed":0,"gold_gain":0,"player_choice":"Entered Light","damage_taken":21,"max_hp_gain":0,"max_hp_loss":0,"event_name":"Shining Light","floor":2,"gold_loss":0,"cards_upgraded":["Strike_B","Dualcast"]},{"cards_removed":["Strike_B"],"damage_healed":0,"gold_gain":0,"player_choice":"Card Removal","damage_taken":7,"max_hp_gain":0,"max_hp_loss":0,"event_name":"Golden Wing","floor":3,"gold_loss":0},{"damage_healed":0,"gold_gain":50,"player_choice":"Pray","damage_taken":0,"max_hp_gain":0,"max_hp_loss":0,"event_name":"Golden Shrine","floor":11,"gold_loss":0}],"is_beta":false,"boss_relics":[],"items_purged_floors":[5],"is_endless":false,"potions_floor_spawned":[1,7],"killed_by":"Slime Boss","ascension_level":20}