{"gold_per_floor":[365,365,440,440,455,455,475,475,548,574,592,27,82,9,9,87,87,105,105,121,71,90,117,117,145,171,184,212,110,110,35,35,107,107,118,163,183,95,95,95,109,135,186,212,212,212,243,243,243,243,243,243,243,60,86,86],"floor_reached":57,"playtime":1887,"items_purged":["Strike_G","Strike_G","Defend_G","Predator+1","Defend_G","Masterful Stab+1"],"score":3559,"play_id":"f910251b-2be2-4846-b3c6-08fac193b1f2","local_time":"20190801145452","is_ascension_mode":true,"campfire_choices":[{"data":"Calculated Gamble","floor":6.0,"key":"SMITH"},{"data":"Predator","floor":8.0,"key":"SMITH"},{"data":"Well Laid Plans","floor":15.0,"key":"SMITH"},{"floor":24.0,"key":"RECALL"},{"data":"Neutralize","floor":32.0,"key":"SMITH"},{"data":"After Image","floor":40.0,"key":"SMITH"},{"floor":49.0,"key":"REST"},{"floor":53.0,"key":"REST"}],"neow_cost":"TEN_PERCENT_HP_LOSS","seed_source_timestamp":331687730901080,"circlet_count":0,"master_deck":["AscendersBane","Defend_G+1","Defend_G+1","Defend_G+1","Survivor+1","Calculated Gamble+1","Prepared+1","PiercingWail+1","Tactician+1","Well Laid Plans+1","Deep Breath+1","Acrobatics+1","Reflex+1","Adrenaline+1","Terror+1","Calculated Gamble+1","Finisher+1","After Image+1"],"special_seed":0,"relics":["Ring of the Snake","Shuriken","Toxic Egg 2","Membership Card","Tough Bandages","Omamori","Empty Cage","Molten Egg 2","StoneCalendar","Lantern","Pear","Runic Pyramid","The Specimen","Frozen Egg 2","Mark of the Bloom","Kunai","Art of War","Bronze Scales"],"potions_floor_usage":[56],"damage_taken":[{"damage":0.0,"enemies":"Cultist","floor":1.0,"turns":4.0},{"damage":0.0,"enemies":"Small Slimes","floor":5.0,"turns":3.0},{"damage":0.0,"enemies":"2 Louse","floor":7.0,"turns":2.0},{"damage":7.0,"enemies":"Lagavulin","floor":10.0,"turns":4.0},{"damage":14.0,"enemies":"Exordium Wildlife","floor":11.0,"turns":5.0},{"damage":0.0,"enemies":"3 Sentries","floor":13.0,"turns":5.0},{"damage":0.0,"enemies":"Hexaghost","floor":16.0,"turns":2.0},{"damage":0.0,"enemies":"Spheric Guardian","floor":18.0,"turns":4.0},{"damage":0.0,"enemies":"Shell Parasite","floor":20.0,"turns":3.0},{"damage":0.0,"enemies":"Shelled Parasite and Fungi","floor":22.0,"turns":2.0},{"damage":0.0,"enemies":"Gremlin Leader","floor":23.0,"turns":2.0},{"damage":0.0,"enemies":"Slavers","floor":25.0,"turns":2.0},{"damage":0.0,"enemies":"3 Cultists","floor":27.0,"turns":2.0},{"damage":0.0,"enemies":"Book of Stabbing","floor":28.0,"turns":2.0},{"damage":0.0,"enemies":"Champ","floor":33.0,"turns":2.0},{"damage":17.0,"enemies":"3 Shapes","floor":35.0,"turns":2.0},{"damage":0.0,"enemies":"2 Orb Walkers","floor":36.0,"turns":1.0},{"damage":0.0,"enemies":"3 Darklings","floor":37.0,"turns":2.0},{"damage":0.0,"enemies":"Transient","floor":41.0,"turns":2.0},{"damage":0.0,"enemies":"Giant Head","floor":42.0,"turns":1.0},{"damage":0.0,"enemies":"Nemesis","floor":44.0,"turns":1.0},{"damage":0.0,"enemies":"Giant Head","floor":47.0,"turns":1.0},{"damage":0.0,"enemies":"Time Eater","floor":50.0,"turns":5.0},{"damage":0.0,"enemies":"Donu and Deca","floor":51.0,"turns":1.0},{"damage":0.0,"enemies":"Shield and Spear","floor":55.0,"turns":1.0},{"damage":0,"enemies":"The Heart","floor":56,"turns":5}],"seed_played":"1334590114072937992","potions_obtained":[{"floor":1.0,"key":"Poison Potion"},{"floor":7.0,"key":"SteroidPotion"},{"floor":13.0,"key":"Strength Potion"},{"floor":16.0,"key":"FearPotion"},{"floor":25.0,"key":"SneckoOil"}],"is_trial":false,"path_per_floor":["M","?","?","?","M","R","M","R","T","E","M","$","?","$","R","B",null,"M","?","M","$","M","E","R","E","T","M","E","$","?","$","R","B",null,"M","?","M","$","?","R","M","E","T","E","?","?","E","?","R","B","B",null,"R","$","E","B",null],"character_chosen":"THE_SILENT","items_purchased":["Membership Card","Tough Bandages","Tactician+1","Well Laid Plans","Deep Breath+1","Acrobatics+1","Reflex+1","Finisher+1","Art of War"],"campfire_rested":2,"item_purchase_floors":[12,12,12,12,12,14,14,29,54],"current_hp_per_floor":[59,59,48,30,30,30,30,30,30,23,9,9,9,9,9,9,47,47,47,47,47,47,47,47,47,47,47,57,57,57,57,57,57,67,50,50,50,50,50,50,50,50,50,50,50,50,50,50,50,50,50,50,50,50,50,50],"gold":86,"neow_bonus":"TWO_FIFTY_GOLD","is_prod":false,"is_daily":false,"chose_seed":false,"campfire_upgraded":5,"win_rate":0,"timestamp":1564638892,"path_taken":["M","?","?","?","M","R","M","R","T","E","?","$","?","?","R","BOSS","M","?","M","$","M","E","R","E","T","M","E","$","?","?","R","BOSS","M","?","M","$","?","R","M","E","T","E","?","?","E","?","R","BOSS","BOSS","R","$","E","BOSS"],"build_version":"2019-07-17","purchased_purges":6,"victory":true,"max_hp_per_floor":[60,60,60,60,60,60,60,60,60,60,60,60,60,60,60,60,60,60,60,60,60,60,60,60,60,60,60,70,70,70,70,70,70,70,70,70,70,70,70,70,70,70,70,70,66,66,66,66,66,66,66,66,66,66,66,66],"card_choices":[{"not_picked":["Dagger Throw","Skewer"],"picked":"Masterful Stab","floor":1.0},{"not_picked":["Dagger Spray","Cloak And Dagger","Calculated Gamble"],"picked":"SKIP","floor":5.0},{"not_picked":["Blade Dance","PiercingWail"],"picked":"Predator","floor":7.0},{"not_picked":["Cloak And Dagger","Storm of Steel"],"picked":"Prepared","floor":10.0},{"not_picked":["Deadly Poison+1","Expertise+1"],"picked":"PiercingWail+1","floor":11.0},{"not_picked":["Die Die Die","Envenom"],"picked":"Adrenaline+1","floor":16.0},{"not_picked":["Slice","Flying Knee","Terror+1"],"picked":"SKIP","floor":18.0},{"not_picked":["Slice","Flying Knee"],"picked":"Terror+1","floor":18.0},{"not_picked":["Outmaneuver+1","Bouncing Flask+1","Slice"],"picked":"SKIP","floor":20.0},{"not_picked":["Outmaneuver+1","Prepared+1","Dagger Spray+1"],"picked":"SKIP","floor":22.0},{"not_picked":["Distraction+1","Night Terror+1"],"picked":"Calculated Gamble+1","floor":23.0},{"not_picked":["Tactician+1","Quick Slash+1","Backstab+1"],"picked":"SKIP","floor":25.0},{"not_picked":["Backflip+1","Dodge and Roll+1","All Out Attack+1"],"picked":"SKIP","floor":27.0},{"not_picked":["Sucker Punch+1","Dagger Spray+1","Endless Agony+1"],"picked":"SKIP","floor":28.0},{"not_picked":["Burst+1","Grand Finale+1"],"picked":"After Image","floor":33.0},{"not_picked":["Underhanded Strike+1","Dagger Throw+1","Dodge and Roll+1"],"picked":"SKIP","floor":35.0},{"not_picked":["Well Laid Plans","Quick Slash+1","Bouncing Flask+1"],"picked":"SKIP","floor":37.0},{"not_picked":["Expertise+1","Bane+1","Prepared+1"],"picked":"SKIP","floor":41.0},{"not_picked":["Riddle With Holes+1","Burst+1","Acrobatics+1"],"picked":"SKIP","floor":42.0},{"not_picked":["Cloak And Dagger+1","Choke+1","Outmaneuver+1"],"picked":"SKIP","floor":44.0},{"not_picked":["Deadly Poison+1","Bouncing Flask+1","Reflex+1"],"picked":"SKIP","floor":47.0},{"not_picked":["Doppelganger+1","Cloak And Dagger+1","Catalyst+1"],"picked":"SKIP","floor":55.0}],"player_experience":721729,"relics_obtained":[{"floor":9.0,"key":"Shuriken"},{"floor":10.0,"key":"Toxic Egg 2"},{"floor":13.0,"key":"Omamori"},{"floor":23.0,"key":"Molten Egg 2"},{"floor":25.0,"key":"StoneCalendar"},{"floor":26.0,"key":"Lantern"},{"floor":28.0,"key":"Pear"},{"floor":36.0,"key":"The Specimen"},{"floor":44.0,"key":"Frozen Egg 2"},{"floor":47.0,"key":"Kunai"},{"floor":55.0,"key":"Bronze Scales"}],"event_choices":[{"damage_healed":0.0,"max_hp_gain":0.0,"max_hp_loss":0.0,"gold_gain":0.0,"cards_transformed":["Strike_G"],"event_name":"Living Wall","player_choice":"Change","floor":2.0,"gold_loss":0.0,"damage_taken":0.0,"cards_obtained":["Calculated Gamble"]},{"damage_healed":0.0,"max_hp_gain":0.0,"max_hp_loss":0.0,"gold_gain":75.0,"event_name":"World of Goop","player_choice":"Gather Gold","floor":3.0,"gold_loss":0.0,"damage_taken":11.0},{"damage_healed":0.0,"max_hp_gain":0.0,"max_hp_loss":0.0,"gold_gain":0.0,"event_name":"Shining Light","player_choice":"Entered Light","floor":4.0,"gold_loss":0.0,"damage_taken":18.0,"cards_upgraded":["Masterful Stab","Defend_G"]},{"damage_healed":0.0,"max_hp_gain":0.0,"max_hp_loss":0.0,"gold_gain":0.0,"event_name":"Dead Adventurer","player_choice":"Searched \u00271\u0027 times","floor":13.0,"gold_loss":0.0,"damage_taken":0.0},{"damage_healed":0.0,"max_hp_gain":0.0,"max_hp_loss":0.0,"gold_gain":0.0,"event_name":"Vampires","player_choice":"Ignored","floor":19.0,"gold_loss":0.0,"damage_taken":0.0},{"damage_healed":0.0,"max_hp_gain":0.0,"max_hp_loss":0.0,"gold_gain":0.0,"event_name":"Ghosts","player_choice":"Ignored","floor":30.0,"gold_loss":0.0,"damage_taken":0.0},{"damage_healed":0.0,"max_hp_gain":0.0,"max_hp_loss":0.0,"gold_gain":0.0,"event_name":"Mysterious Sphere","player_choice":"Fight","floor":36.0,"gold_loss":0.0,"damage_taken":0.0},{"cards_removed":["Neutralize"],"damage_healed":0.0,"max_hp_gain":0.0,"max_hp_loss":0.0,"gold_gain":0.0,"event_name":"Falling","player_choice":"Removed Attack","floor":39.0,"gold_loss":0.0,"damage_taken":0.0},{"damage_healed":0.0,"max_hp_gain":0.0,"max_hp_loss":4.0,"gold_gain":0.0,"event_name":"Winding Halls","player_choice":"Max HP","floor":45.0,"gold_loss":0.0,"damage_taken":0.0},{"damage_healed":0.0,"max_hp_gain":0.0,"max_hp_loss":0.0,"gold_gain":0.0,"event_name":"MindBloom","player_choice":"Upgrade","floor":46.0,"gold_loss":0.0,"damage_taken":0.0,"cards_upgraded":["Defend_G","Defend_G","Survivor"],"relics_obtained":["Mark of the Bloom"]},{"damage_healed":0.0,"max_hp_gain":0.0,"max_hp_loss":0.0,"gold_gain":0.0,"event_name":"SensoryStone","player_choice":"Memory 1","floor":48.0,"gold_loss":0.0,"damage_taken":0.0}],"is_beta":false,"boss_relics":[{"not_picked":["Snecko Eye","Coffee Dripper"],"picked":"Empty Cage"},{"not_picked":["Lizard Tail","Calling Bell"],"picked":"Runic Pyramid"}],"items_purged_floors":[12,21,29,31,38,54],"is_endless":false,"potions_floor_spawned":[1,7,13,16,18,22,25,37,41,42,44,47,55],"ascension_level":20}