{"path_per_floor":["M","M","?","$","M","R","E","R","T","E","$","R","E","?","R","B",null,"M","M","?","?","?","E","$","R","T","$","R","M","R","M","R","B",null,"M","M","M","?"],"character_chosen":"THE_SILENT","items_purchased":["Predator","Ice Cream","All Out Attack"],"gold_per_floor":[367,381,381,0,16,16,47,47,73,108,26,26,54,54,54,154,154,174,185,100,100,25,59,59,59,86,11,11,30,30,43,43,142,142,154,170,185,185,185],"floor_reached":39,"campfire_rested":1,"playtime":1542,"current_hp_per_floor":[31,28,14,14,14,35,42,42,42,36,36,36,24,24,24,24,64,64,63,63,49,49,49,49,49,49,49,49,49,49,49,49,14,65,65,37,22,12,0],"items_purged":["Strike_G"],"gold":185,"score":695,"play_id":"8cf05bd8-5dd6-4ba7-bac3-8653228c6c43","local_time":"20180421215315","is_prod":false,"is_daily":false,"chose_seed":false,"is_ascension_mode":true,"campfire_upgraded":7,"timestamp":1524318795,"path_taken":["M","M","?","$","M","R","E","R","T","E","$","R","E","?","R","BOSS","M","M","?","?","?","E","$","R","T","$","R","M","R","M","R","BOSS","M","?","M","?","M"],"build_version":"2018-04-19","seed_source_timestamp":29447246526176,"purchased_purges":1,"victory":false,"master_deck":["Defend_G","Defend_G","Defend_G","Defend_G+1","Strike_G","Survivor","Neutralize+1","Backflip+1","Predator+1","Deflect","Poisoned Stab","Terror+1","All Out Attack+1","Night Terror+1","Glass Knife+1","Malaise+1","Corpse Explosion+1","Escape Plan","Well Laid Plans+1","Outmaneuver+1","Slice+1","Adrenaline","Escape Plan+1","Outmaneuver+1","Prepared","Backstab+1","Madness","Madness"],"max_hp_per_floor":[70,70,70,70,70,70,77,77,77,77,77,77,77,77,77,77,77,77,77,77,82,82,82,82,82,82,82,82,82,82,82,82,82,82,82,82,82,82,82],"relics":["Ring of the Snake","Ice Cream","Strawberry","Bag of Preparation","Anchor","Art of War","Astrolabe","Thread and Needle","Orichalcum","Pen Nib","Orrery"],"card_choices":[{"not_picked":["Deflect","Bane"],"picked":"Backflip","floor":1},{"not_picked":["Deadly Poison","PiercingWail"],"picked":"Deflect","floor":5},{"not_picked":["Wraith Form v2","Deadly Poison"],"picked":"Poisoned Stab","floor":7},{"not_picked":["Underhanded Strike","Tools of the Trade"],"picked":"Terror","floor":10},{"not_picked":["Unload","Phantasmal Killer"],"picked":"Night Terror","floor":16},{"not_picked":["Outmaneuver","Acrobatics"],"picked":"Escape Plan","floor":19},{"not_picked":["Crippling Poison","Poisoned Stab"],"picked":"Well Laid Plans","floor":23},{"not_picked":["Deflect","Choke"],"picked":"Outmaneuver","floor":29},{"not_picked":["Quick Slash","Predator"],"picked":"Slice","floor":31},{"not_picked":["A Thousand Cuts","Doppelganger"],"picked":"Adrenaline","floor":33},{"not_picked":["Accuracy","Leg Sweep"],"picked":"Escape Plan","floor":34},{"not_picked":["Dodge and Roll","Concentrate"],"picked":"Outmaneuver","floor":34},{"not_picked":["Skewer","Sucker Punch"],"picked":"Prepared","floor":34},{"not_picked":["Dagger Throw","Choke"],"picked":"Backstab","floor":36}],"player_experience":420825,"potions_floor_usage":[10,23,23,23,33,39],"damage_taken":[{"damage":1,"enemies":"Small Slimes","floor":1,"turns":4},{"damage":3,"enemies":"Jaw Worm","floor":2,"turns":7},{"damage":0,"enemies":"2 Louse","floor":5,"turns":2},{"damage":0,"enemies":"3 Sentries","floor":7,"turns":9},{"damage":6,"enemies":"Lagavulin","floor":10,"turns":6},{"damage":12,"enemies":"Gremlin Nob","floor":13,"turns":3},{"damage":0,"enemies":"Slime Boss","floor":16,"turns":7},{"damage":0,"enemies":"Chosen","floor":18,"turns":3},{"damage":1,"enemies":"Shell Parasite","floor":19,"turns":4},{"damage":0,"enemies":"Slavers","floor":23,"turns":5},{"damage":0,"enemies":"Snake Plant","floor":29,"turns":4},{"damage":0,"enemies":"Slaver and Parasite","floor":31,"turns":5},{"damage":35,"enemies":"Automaton","floor":33,"turns":11},{"damage":0,"enemies":"Orb Walker","floor":35,"turns":2},{"damage":28,"enemies":"3 Darklings","floor":36,"turns":4},{"damage":15,"enemies":"4 Shapes","floor":37,"turns":5},{"damage":13,"enemies":"Maw","floor":39,"turns":2}],"event_choices":[{"event_name":"Shining Light","player_choice":"Entered Light","floor":3,"damage_taken":0},{"event_name":"Liars Game","player_choice":"disagreed","floor":14,"damage_taken":0},{"event_name":"Addict","player_choice":"Obtained Relic","floor":20,"damage_taken":0},{"event_name":"Forgotten Altar","player_choice":"Shed Blood","floor":21,"damage_taken":0},{"event_name":"Beggar","player_choice":"Gave Gold","floor":22,"damage_taken":0},{"event_name":"Winding Halls","player_choice":"Embrace Madness","floor":38,"damage_taken":0}],"boss_relics":[{"not_picked":["Snecko Eye","Lizard Tail"],"picked":"Astrolabe"},{"not_picked":["Black Star","Eternal Feather"],"picked":"Orrery"}],"potions_floor_spawned":[5,7,10,13,16,18,29,33,35],"seed_played":"747344572956552871","killed_by":"Maw","ascension_level":7,"is_trial":false}