{"gold_per_floor":[114,125,137,7,25,25,55,155,155,155,172,172,182,197,197,296,296,312,332,348,362,379,379,379,394,394,406,406,422,454,309,309,414,414,428,474,489,36,54,54,54,54,54,72,84,84,102,113,113,113],"floor_reached":51,"playtime":2182,"items_purged":["Strike_B","Zap"],"score":754,"play_id":"ba4b1478-5b4a-44a5-9473-7a60eaa3d25e","local_time":"20190613165104","is_ascension_mode":false,"campfire_choices":[{"data":"Chaos","floor":6.0,"key":"SMITH"},{"data":"Capacitor","floor":10.0,"key":"SMITH"},{"data":"Loop","floor":12.0,"key":"SMITH"},{"data":"Defragment","floor":15.0,"key":"SMITH"},{"floor":23.0,"key":"REST"},{"floor":28.0,"key":"REST"},{"floor":32,"key":"REST"},{"floor":40,"key":"RECALL"},{"floor":42,"key":"REST"},{"floor":46,"key":"REST"},{"floor":49,"key":"REST"}],"neow_cost":"NONE","seed_source_timestamp":17490561487816,"circlet_count":0,"master_deck":["Dualcast","Core Surge","Loop+1","Chaos+1","Auto Shields","Capacitor+1","Ball Lightning","Coolheaded","Chill","Loop","Defragment+1","Seek","Heatsinks","Coolheaded+1","Coolheaded+1","Seek","Compile Driver+1","Storm+1","Loop+1","Echo Form+1","Buffer+1","Leap","Biased Cognition+1","Doom and Gloom+1","Undo","Lockon+1","Capacitor+1","Storm+1","Hologram+1","Amplify","Storm+1"],"special_seed":0,"relics":["Cracked Core","Singing Bowl","Ornamental Fan","Fusion Hammer","Molten Egg 2","Frozen Egg 2","Pandora\u0027s Box","Pocketwatch","Lee\u0027s Waffle","Symbiotic Virus"],"potions_floor_usage":[50,50,50],"damage_taken":[{"damage":10.0,"enemies":"Small Slimes","floor":1.0,"turns":2.0},{"damage":1.0,"enemies":"Cultist","floor":2.0,"turns":3.0},{"damage":0.0,"enemies":"2 Louse","floor":3.0,"turns":2.0},{"damage":0.0,"enemies":"Looter","floor":5.0,"turns":3.0},{"damage":11.0,"enemies":"3 Sentries","floor":7.0,"turns":8.0},{"damage":7.0,"enemies":"Exordium Wildlife","floor":11.0,"turns":5.0},{"damage":0.0,"enemies":"Large Slime","floor":13.0,"turns":6.0},{"damage":8.0,"enemies":"Lots of Slimes","floor":14.0,"turns":4.0},{"damage":19.0,"enemies":"Hexaghost","floor":16.0,"turns":8.0},{"damage":8.0,"enemies":"Shell Parasite","floor":18.0,"turns":5.0},{"damage":0.0,"enemies":"Spheric Guardian","floor":19.0,"turns":4.0},{"damage":2.0,"enemies":"Snecko","floor":20.0,"turns":4.0},{"damage":9.0,"enemies":"Centurion and Healer","floor":21.0,"turns":7.0},{"damage":6.0,"enemies":"3 Cultists","floor":22.0,"turns":6.0},{"damage":8.0,"enemies":"Cultist and Chosen","floor":25.0,"turns":6.0},{"damage":4.0,"enemies":"Snake Plant","floor":27.0,"turns":4.0},{"damage":4,"enemies":"Chosen and Byrds","floor":29,"turns":6},{"damage":42,"enemies":"Book of Stabbing","floor":30,"turns":6},{"damage":50,"enemies":"Automaton","floor":33,"turns":10},{"damage":0,"enemies":"Orb Walker","floor":35,"turns":3},{"damage":20,"enemies":"2 Orb Walkers","floor":36,"turns":4},{"damage":30,"enemies":"3 Darklings","floor":37,"turns":6},{"damage":0,"enemies":"Sphere and 2 Shapes","floor":39,"turns":3},{"damage":0,"enemies":"Maw","floor":44,"turns":4},{"damage":10,"enemies":"Writhing Mass","floor":45,"turns":3},{"damage":0,"enemies":"Sphere and 2 Shapes","floor":47,"turns":3},{"damage":0,"enemies":"Spire Growth","floor":48,"turns":3},{"damage":54,"enemies":"Awakened One","floor":50,"turns":4}],"seed_played":"8429734210373156600","potions_obtained":[{"floor":1.0,"key":"Block Potion"},{"floor":3.0,"key":"FocusPotion"},{"floor":13.0,"key":"PowerPotion"},{"floor":14.0,"key":"Poison Potion"},{"floor":18.0,"key":"AttackPotion"},{"floor":29,"key":"GamblersBrew"},{"floor":47,"key":"FocusPotion"}],"is_trial":false,"path_per_floor":["M","M","M","$","M","R","E","?","T","R","M","R","M","M","R","B",null,"M","M","M","M","M","R","?","M","T","M","R","M","E","$","R","B",null,"M","?","M","$","M","R","?","R","T","M","M","R","M","M","R","B",null],"character_chosen":"DEFECT","items_purchased":["Capacitor","Ball Lightning","Coolheaded","Loop+1","Amplify","Storm+1","Lee\u0027s Waffle"],"campfire_rested":6,"item_purchase_floors":[4,4,4,31,38,38,38],"current_hp_per_floor":[65,64,64,64,64,64,53,53,53,53,46,46,46,40,40,21,77,69,69,69,62,56,80,80,74,74,72,85,81,39,39,64,14,85,85,67,37,94,96,96,92,102,102,104,96,106,108,110,110,56],"gold":113,"neow_bonus":"ONE_RANDOM_RARE_CARD","is_prod":false,"is_daily":false,"chose_seed":false,"campfire_upgraded":4,"win_rate":0,"timestamp":1560415864,"path_taken":["M","M","M","$","M","R","E","?","T","R","M","R","?","M","R","BOSS","M","M","?","?","M","R","?","M","T","M","R","M","E","$","R","BOSS","M","?","M","$","M","R","?","R","T","M","M","R","M","M","R","BOSS"],"build_version":"2019-01-23","purchased_purges":2,"victory":true,"max_hp_per_floor":[75,75,75,75,75,75,75,75,75,75,75,75,75,77,77,77,77,77,77,79,81,81,81,81,83,83,85,85,85,85,85,85,85,85,85,87,87,94,96,96,102,102,102,104,106,106,108,110,110,110],"card_choices":[{"not_picked":["Storm","Chaos"],"picked":"Loop","floor":1.0},{"not_picked":["Scrape","Hologram"],"picked":"Chaos","floor":2.0},{"not_picked":["Steam Power","Barrage"],"picked":"Auto Shields","floor":3.0},{"not_picked":["Go for the Eyes","FTL","Fusion"],"picked":"SKIP","floor":5.0},{"not_picked":["Double Energy","Turbo"],"picked":"Chill","floor":7.0},{"not_picked":["Storm","Hologram"],"picked":"Loop","floor":11.0},{"not_picked":["Static Discharge","Sweeping Beam"],"picked":"Defragment","floor":13.0},{"not_picked":["Stack","Barrage","FTL"],"picked":"Singing Bowl","floor":14.0},{"not_picked":["Meteor Strike","Core Surge"],"picked":"Seek","floor":16.0},{"not_picked":["Force Field","Beam Cell"],"picked":"Heatsinks","floor":18.0},{"not_picked":["Turbo","Reprogram"],"picked":"Coolheaded+1","floor":19.0},{"not_picked":["Ball Lightning","Stack","Coolheaded"],"picked":"Singing Bowl","floor":20.0},{"not_picked":["Reprogram","Ball Lightning","Turbo"],"picked":"Singing Bowl","floor":21.0},{"not_picked":["Barrage","Scrape"],"picked":"Coolheaded+1","floor":22.0},{"not_picked":["Leap","Conserve Battery","Ball Lightning"],"picked":"Singing Bowl","floor":25.0},{"not_picked":["Chaos","Double Energy","Barrage+1"],"picked":"Singing Bowl","floor":27.0},{"not_picked":["Thunder Strike+1","Doom and Gloom+1"],"picked":"Compile Driver+1","floor":29},{"not_picked":["Reprogram","Beam Cell+1"],"picked":"Storm","floor":30},{"not_picked":["All For One+1","Multi-Cast"],"picked":"Echo Form+1","floor":33},{"not_picked":["Self Repair+1","Rebound+1"],"picked":"Storm+1","floor":35},{"not_picked":["Barrage+1","Conserve Battery","Beam Cell+1"],"picked":"Singing Bowl","floor":36},{"not_picked":["Redo","Gash+1"],"picked":"Hologram+1","floor":37},{"not_picked":["Rebound+1","Barrage+1","Force Field"],"picked":"Singing Bowl","floor":39},{"not_picked":["Mind Blast+1","Transmutation","Jack Of All Trades"],"picked":"Singing Bowl","floor":41},{"not_picked":["Thinking Ahead","Panacea","Blind"],"picked":"Singing Bowl","floor":41},{"not_picked":["Violence","Metamorphosis","Deep Breath"],"picked":"Singing Bowl","floor":41},{"not_picked":["Aggregate+1","Sweeping Beam+1","Melter+1"],"picked":"Singing Bowl","floor":44},{"not_picked":["Fusion","Coolheaded+1","Streamline+1"],"picked":"Singing Bowl","floor":45},{"not_picked":["Blizzard+1","Gash+1","Leap"],"picked":"Singing Bowl","floor":47},{"not_picked":["Reinforced Body","Consume","Glacier+1"],"picked":"Singing Bowl","floor":48}],"player_experience":5148936,"relics_obtained":[{"floor":7.0,"key":"Singing Bowl"},{"floor":9.0,"key":"Ornamental Fan"},{"floor":26.0,"key":"Molten Egg 2"},{"floor":30,"key":"Frozen Egg 2"},{"floor":36,"key":"Pocketwatch"},{"floor":43,"key":"Symbiotic Virus"}],"event_choices":[{"damage_healed":0.0,"max_hp_gain":0.0,"max_hp_loss":0.0,"gold_gain":100.0,"event_name":"Golden Shrine","player_choice":"Pray","floor":8.0,"gold_loss":0.0,"damage_taken":0.0},{"damage_healed":0.0,"max_hp_gain":0.0,"max_hp_loss":0.0,"gold_gain":0.0,"event_name":"The Library","player_choice":"Read","floor":24.0,"gold_loss":0.0,"damage_taken":0.0,"cards_obtained":["Seek"]},{"damage_healed":0,"gold_gain":0,"player_choice":"Fight","damage_taken":0,"max_hp_gain":0,"max_hp_loss":0,"event_name":"Mysterious Sphere","floor":36,"gold_loss":0},{"damage_healed":0,"gold_gain":0,"player_choice":"Memory 3","damage_taken":10,"max_hp_gain":0,"max_hp_loss":0,"event_name":"SensoryStone","floor":41,"gold_loss":0}],"is_beta":false,"boss_relics":[{"not_picked":["Snecko Eye","FrozenCore"],"picked":"Fusion Hammer"},{"not_picked":["Velvet Choker","Calling Bell"],"picked":"Pandora\u0027s Box"}],"items_purged_floors":[31,38],"is_endless":false,"potions_floor_spawned":[1,3,13,14,18,20,25,27,29,35,37,39,44,47],"ascension_level":0}