{"gold_per_floor":[112,131,51,51,69,96,115,146,146,178,195,195,205,224,224,321,321,333,333,333,345,361,361,76,95,95,110,125,139,139],"floor_reached":30,"playtime":2934,"items_purged":["Strike_R"],"score":322,"play_id":"f163df9d-98f0-4551-8545-a0723653a4cb","local_time":"20190717014129","is_ascension_mode":true,"campfire_choices":[{"floor":12.0,"key":"REST"},{"floor":15.0,"key":"REST"},{"data":"Limit Break","floor":23,"key":"SMITH"}],"neow_cost":"NONE","seed_source_timestamp":0,"circlet_count":0,"master_deck":["Strike_R","Strike_R","Strike_R","Strike_R","Defend_R","Defend_R","Defend_R","Defend_R","Bash","Flame Barrier","Body Slam","Rampage","Shrug It Off","Juggernaut","Headbutt","Double Tap","Sentinel","Cleave","Whirlwind","Inflame","Limit Break+1","Flame Barrier","Inflame","Body Slam","Inflame","Offering","Heavy Blade"],"special_seed":0,"relics":["Burning Blood","Oddly Smooth Stone","Singing Bowl","Omamori","Self Forming Clay","Happy Flower","Sozu","Ornamental Fan"],"potions_floor_usage":[22,30],"damage_taken":[{"damage":5.0,"enemies":"Small Slimes","floor":1.0,"turns":4.0},{"damage":0.0,"enemies":"Cultist","floor":2.0,"turns":4.0},{"damage":0.0,"enemies":"Jaw Worm","floor":5.0,"turns":3.0},{"damage":25.0,"enemies":"Lagavulin","floor":6.0,"turns":10.0},{"damage":12.0,"enemies":"Exordium Thugs","floor":7.0,"turns":5.0},{"damage":14.0,"enemies":"Gremlin Nob","floor":8.0,"turns":5.0},{"damage":14.0,"enemies":"3 Sentries","floor":10.0,"turns":6.0},{"damage":20.0,"enemies":"Gremlin Gang","floor":11.0,"turns":7.0},{"damage":11.0,"enemies":"Large Slime","floor":13.0,"turns":5.0},{"damage":12.0,"enemies":"2 Fungi Beasts","floor":14.0,"turns":3.0},{"damage":35.0,"enemies":"Slime Boss","floor":16.0,"turns":9.0},{"damage":21,"enemies":"Chosen","floor":18,"turns":5},{"damage":0,"enemies":"3 Byrds","floor":21,"turns":1},{"damage":21,"enemies":"Sentry and Sphere","floor":22,"turns":4},{"damage":24,"enemies":"Centurion and Healer","floor":25,"turns":4},{"damage":21,"enemies":"Snake Plant","floor":27,"turns":4},{"damage":15,"enemies":"Snecko","floor":28,"turns":3},{"damage":9,"enemies":"3 Cultists","floor":29,"turns":4},{"damage":31,"enemies":"Snake Plant","floor":30,"turns":3}],"seed_played":"-6368136978576017992","potions_obtained":[{"floor":2.0,"key":"Swift Potion"},{"floor":7.0,"key":"Weak Potion"},{"floor":8.0,"key":"SkillPotion"},{"floor":11.0,"key":"Energy Potion"},{"floor":16.0,"key":"Swift Potion"}],"is_trial":false,"path_per_floor":["M","M","$","?","M","E","M","E","T","E","M","R","M","M","R","B",null,"M","?","?","M","M","R","$","M","T","M","M","M","M"],"character_chosen":"IRONCLAD","items_purchased":["Rampage","Inflame","Offering"],"campfire_rested":2,"item_purchase_floors":[3,24,24],"current_hp_per_floor":[88,88,88,88,88,69,63,55,55,47,33,59,54,48,74,45,88,73,73,73,81,66,66,66,48,48,35,28,27,0],"gold":139,"neow_bonus":"TEN_PERCENT_HP_BONUS","is_prod":false,"is_daily":false,"chose_seed":false,"campfire_upgraded":1,"win_rate":0,"timestamp":1563345689,"path_taken":["M","M","$","?","M","E","M","E","T","E","M","R","?","M","R","BOSS","M","?","?","M","M","R","$","?","T","M","?","M","M"],"build_version":"2019-07-05","purchased_purges":1,"victory":false,"max_hp_per_floor":[88,88,88,88,88,88,88,88,88,88,88,88,88,88,88,88,88,88,88,88,90,90,90,90,90,90,92,94,96,96],"card_choices":[{"not_picked":["Warcry","Headbutt"],"picked":"Flame Barrier","floor":1.0},{"not_picked":["Headbutt","Fire Breathing"],"picked":"Body Slam","floor":2.0},{"not_picked":["Metallicize","Anger"],"picked":"Shrug It Off","floor":5.0},{"not_picked":["Feel No Pain","Carnage"],"picked":"Juggernaut","floor":6.0},{"not_picked":["Flex","Perfected Strike"],"picked":"Headbutt","floor":7.0},{"not_picked":["Dual Wield","Combust"],"picked":"Double Tap","floor":8.0},{"not_picked":["Clash","Sword Boomerang"],"picked":"Sentinel","floor":10.0},{"not_picked":["Second Wind","Thunderclap"],"picked":"Cleave","floor":11.0},{"not_picked":["Twin Strike","True Grit"],"picked":"Whirlwind","floor":13.0},{"not_picked":["Flex","Havoc"],"picked":"Inflame","floor":14.0},{"not_picked":["Berserk","Double Tap"],"picked":"Limit Break","floor":16.0},{"not_picked":["Headbutt","Armaments+1"],"picked":"Flame Barrier","floor":18},{"not_picked":["Anger","Cleave","Pommel Strike"],"picked":"Singing Bowl","floor":21},{"not_picked":["Cleave","Iron Wave"],"picked":"Body Slam","floor":22},{"not_picked":["Evolve","Spot Weakness+1"],"picked":"Heavy Blade","floor":25},{"not_picked":["Offering","Havoc+1","Flex"],"picked":"Singing Bowl","floor":27},{"not_picked":["Body Slam","Evolve","Shrug It Off"],"picked":"Singing Bowl","floor":28},{"not_picked":["Warcry","Armaments","Twin Strike"],"picked":"Singing Bowl","floor":29}],"player_experience":203448,"relics_obtained":[{"floor":6.0,"key":"Singing Bowl"},{"floor":8.0,"key":"Omamori"},{"floor":9.0,"key":"Self Forming Clay"},{"floor":10.0,"key":"Happy Flower"},{"floor":26,"key":"Ornamental Fan"}],"event_choices":[{"damage_healed":0.0,"max_hp_gain":0.0,"max_hp_loss":0.0,"gold_gain":0.0,"event_name":"WeMeetAgain","player_choice":"Gave Potion","floor":4.0,"gold_loss":0.0,"damage_taken":0.0,"relics_obtained":["Oddly Smooth Stone"]},{"damage_healed":0,"gold_gain":0,"player_choice":"Read","damage_taken":0,"max_hp_gain":0,"max_hp_loss":0,"event_name":"The Library","floor":19,"gold_loss":0,"cards_obtained":["Inflame"]},{"damage_healed":0,"gold_gain":0,"player_choice":"Ignored","damage_taken":0,"max_hp_gain":0,"max_hp_loss":0,"event_name":"Ghosts","floor":20,"gold_loss":0}],"is_beta":false,"boss_relics":[{"not_picked":["Runic Pyramid","Eternal Feather"],"picked":"Sozu"}],"items_purged_floors":[24],"is_endless":false,"potions_floor_spawned":[2,7,8,11,16,21,28],"killed_by":"Snake Plant","ascension_level":3}