{"gold_per_floor":[115,2,2,21,38,71,94,106,143,155,187,199,221,43,43,138,138,148,166,16,31,46,46,65,65,90,106,125,139,150,55,55,159,159,171,190,202,38,50,50,80,80,125,25,43,43,43,57,57,57],"floor_reached":51,"playtime":1906,"items_purged":["Strike_B","Strike_B"],"score":762,"play_id":"e1575901-aed7-45c4-9fde-c0381bf467be","local_time":"20190807015338","is_ascension_mode":false,"campfire_choices":[{"data":"Dualcast","floor":8.0,"key":"SMITH"},{"data":"Tempest","floor":10.0,"key":"SMITH"},{"data":"Darkness","floor":15.0,"key":"SMITH"},{"floor":23.0,"key":"REST"},{"floor":25.0,"key":"REST"},{"floor":32.0,"key":"REST"},{"floor":40.0,"key":"REST"},{"floor":42.0,"key":"REST"},{"floor":46.0,"key":"REST"},{"floor":49,"key":"REST"}],"neow_cost":"NONE","seed_source_timestamp":4947894984610,"circlet_count":0,"master_deck":["Strike_B+1","Defend_B+1","Defend_B","Defend_B","Defend_B","Zap+1","Dualcast+1","Hologram","Hello World","Steam","Cold Snap","Streamline","Tempest+1","Darkness+1","Electrodynamics","Steam","Jack Of All Trades","All For One","Gash","Go for the Eyes+1","Go for the Eyes","Gash","Tempest+1","Recycle+1","Rip and Tear","Cold Snap","FTL+1","Gash+1","Skim","Leap","All For One","FTL","Skim","Gash","Glacier","Darkness","Steam","Stack","Sweeping Beam","Beam Cell","Defragment","Reinforced Body","Parasite","Stack+1","Rainbow","Rebound","Defragment","Defragment","Steam Power","Rebound+1"],"special_seed":0,"relics":["Cracked Core","MawBank","PreservedInsect","Fusion Hammer","Bag of Marbles","Orrery","Happy Flower","Regal Pillow"],"potions_floor_usage":[50,50,50],"damage_taken":[{"damage":6.0,"enemies":"Cultist","floor":1.0,"turns":3.0},{"damage":0.0,"enemies":"2 Louse","floor":4.0,"turns":2.0},{"damage":0.0,"enemies":"Small Slimes","floor":5.0,"turns":3.0},{"damage":10.0,"enemies":"Lagavulin","floor":6.0,"turns":5.0},{"damage":2.0,"enemies":"Blue Slaver","floor":7.0,"turns":3.0},{"damage":7.0,"enemies":"Lots of Slimes","floor":11.0,"turns":3.0},{"damage":2.0,"enemies":"Gremlin Gang","floor":13.0,"turns":3.0},{"damage":47.0,"enemies":"Hexaghost","floor":16.0,"turns":8.0},{"damage":2.0,"enemies":"Shell Parasite","floor":18.0,"turns":6.0},{"damage":0.0,"enemies":"Chosen","floor":19.0,"turns":4.0},{"damage":0.0,"enemies":"Snake Plant","floor":21.0,"turns":2.0},{"damage":14.0,"enemies":"Centurion and Healer","floor":22.0,"turns":4.0},{"damage":8.0,"enemies":"Cultist and Chosen","floor":24.0,"turns":4.0},{"damage":7.0,"enemies":"Chosen and Byrds","floor":27.0,"turns":3.0},{"damage":0.0,"enemies":"Snake Plant","floor":28.0,"turns":4.0},{"damage":16.0,"enemies":"Shelled Parasite and Fungi","floor":29.0,"turns":4.0},{"damage":0.0,"enemies":"Centurion and Healer","floor":30.0,"turns":3.0},{"damage":25.0,"enemies":"Automaton","floor":33.0,"turns":7.0},{"damage":0.0,"enemies":"Orb Walker","floor":35.0,"turns":3.0},{"damage":8.0,"enemies":"3 Shapes","floor":36.0,"turns":4.0},{"damage":0.0,"enemies":"Transient","floor":37.0,"turns":5.0},{"damage":9.0,"enemies":"Writhing Mass","floor":39.0,"turns":5.0},{"damage":31.0,"enemies":"Nemesis","floor":41.0,"turns":7.0},{"damage":24.0,"enemies":"4 Shapes","floor":45.0,"turns":4.0},{"damage":33,"enemies":"Transient","floor":48,"turns":5},{"damage":33,"enemies":"Donu and Deca","floor":50,"turns":10}],"seed_played":"-360947569489316197","potions_obtained":[{"floor":4.0,"key":"Dexterity Potion"},{"floor":5.0,"key":"Block Potion"},{"floor":6.0,"key":"PowerPotion"},{"floor":11.0,"key":"Ancient Potion"},{"floor":16.0,"key":"Block Potion"},{"floor":21.0,"key":"Poison Potion"},{"floor":22.0,"key":"Poison Potion"},{"floor":28.0,"key":"Fruit Juice"},{"floor":30.0,"key":"Swift Potion"},{"floor":33.0,"key":"EssenceOfSteel"},{"floor":36.0,"key":"EntropicBrew"}],"is_trial":false,"path_per_floor":["M","$","?","M","M","E","M","R","T","R","M","?","M","$","R","B",null,"M","M","$","M","M","R","M","R","T","M","M","M","M","$","R","B",null,"M","M","M","$","M","R","E","R","T","$","M","R","?","M","R","B",null],"character_chosen":"DEFECT","items_purchased":["Hello World","Steam","Steam","Jack Of All Trades","Go for the Eyes","Skim","Leap","Beam Cell","Defragment","Reinforced Body","Rebound","Defragment"],"campfire_rested":7,"item_purchase_floors":[2,2,14,14,20,31,31,38,38,38,44,44],"current_hp_per_floor":[69,69,54,54,54,44,42,42,42,42,35,75,73,73,73,26,75,73,73,73,73,59,75,67,75,75,68,73,57,57,57,80,55,80,80,72,72,72,63,80,49,73,73,73,49,80,80,47,80,62],"gold":57,"neow_bonus":"UPGRADE_CARD","is_prod":false,"is_daily":false,"chose_seed":false,"campfire_upgraded":3,"win_rate":0,"timestamp":1565164418,"path_taken":["M","$","?","M","M","E","M","R","T","R","M","?","M","$","R","BOSS","M","M","$","M","M","R","M","R","T","M","M","?","M","$","R","BOSS","M","M","M","$","M","R","E","R","T","$","M","R","?","?","R","BOSS"],"build_version":"2019-07-17","purchased_purges":2,"victory":true,"max_hp_per_floor":[75,75,75,75,75,75,75,75,75,75,75,75,75,75,75,75,75,75,75,75,75,75,75,75,75,75,75,80,80,80,80,80,80,80,80,80,80,80,80,80,80,80,80,80,80,80,80,80,80,80],"card_choices":[{"not_picked":["Hologram","Skim","Genetic Algorithm"],"picked":"SKIP","floor":1.0},{"not_picked":["Skim","Genetic Algorithm"],"picked":"Hologram","floor":1.0},{"not_picked":["Barrage","Stack"],"picked":"Cold Snap","floor":4.0},{"not_picked":["Static Discharge","Force Field"],"picked":"Streamline","floor":5.0},{"not_picked":["Scrape","Beam Cell"],"picked":"Tempest","floor":6.0},{"not_picked":["Reprogram","Barrage"],"picked":"Aggregate","floor":7.0},{"not_picked":["Blizzard","Force Field"],"picked":"Darkness","floor":11.0},{"not_picked":["White Noise","Stack"],"picked":"Electrodynamics","floor":13.0},{"not_picked":["Rainbow","Reboot"],"picked":"All For One","floor":16.0},{"not_picked":["Rebound","Lockon"],"picked":"Gash","floor":18.0},{"not_picked":["Coolheaded","Redo+1"],"picked":"Go for the Eyes+1","floor":19.0},{"not_picked":["Stack","Compile Driver"],"picked":"Gash","floor":21.0},{"not_picked":["Sweeping Beam","Storm"],"picked":"Tempest+1","floor":22.0},{"not_picked":["Turbo","Reprogram+1"],"picked":"Recycle+1","floor":24.0},{"not_picked":["Heatsinks","Compile Driver"],"picked":"Rip and Tear","floor":27.0},{"not_picked":["Steam","Fusion"],"picked":"Cold Snap","floor":28.0},{"not_picked":["Compile Driver","Hologram"],"picked":"FTL+1","floor":29.0},{"not_picked":["Rebound","Reprogram"],"picked":"Gash+1","floor":30.0},{"not_picked":["Multi-Cast","Buffer"],"picked":"All For One","floor":33.0},{"not_picked":["Go for the Eyes","Chill"],"picked":"FTL","floor":34.0},{"not_picked":["Auto Shields+1","Turbo"],"picked":"Skim","floor":34.0},{"not_picked":["Sweeping Beam+1","Compile Driver+1"],"picked":"Gash","floor":34.0},{"not_picked":["Stack","Coolheaded"],"picked":"Glacier","floor":34.0},{"not_picked":["Hologram","Undo"],"picked":"Darkness","floor":34.0},{"not_picked":["Creative AI","Heatsinks+1"],"picked":"Steam","floor":35.0},{"not_picked":["Conserve Battery","Beam Cell"],"picked":"Stack","floor":36.0},{"not_picked":["Redo","Sunder+1"],"picked":"Sweeping Beam","floor":37.0},{"not_picked":["Storm+1","Sweeping Beam+1"],"picked":"Stack+1","floor":39.0},{"not_picked":["Leap","Hologram"],"picked":"Rainbow","floor":41.0},{"not_picked":["Steam","Rebound+1"],"picked":"Defragment","floor":45.0},{"not_picked":["Hologram","Turbo+1"],"picked":"Rebound+1","floor":48}],"player_experience":1647215,"relics_obtained":[{"floor":6.0,"key":"MawBank"},{"floor":9.0,"key":"PreservedInsect"},{"floor":26.0,"key":"Bag of Marbles"},{"floor":41.0,"key":"Happy Flower"},{"floor":43.0,"key":"Regal Pillow"}],"event_choices":[{"damage_healed":0.0,"max_hp_gain":0.0,"max_hp_loss":0.0,"gold_gain":0.0,"event_name":"Shining Light","player_choice":"Entered Light","floor":3.0,"gold_loss":0.0,"damage_taken":15.0,"cards_upgraded":["Defend_B","Strike_B"]},{"cards_removed":["Aggregate"],"damage_healed":40.0,"max_hp_gain":0.0,"max_hp_loss":0.0,"gold_gain":0.0,"event_name":"Bonfire Elementals","player_choice":"Offered Uncommon","floor":12.0,"gold_loss":0.0,"damage_taken":0.0},{"damage_healed":0.0,"max_hp_gain":0.0,"max_hp_loss":0.0,"gold_gain":0.0,"cards_transformed":["Strike_B"],"event_name":"Transmorgrifier","player_choice":"Transformed","floor":47.0,"gold_loss":0.0,"damage_taken":0.0,"cards_obtained":["Steam Power"]}],"is_beta":false,"boss_relics":[{"not_picked":["White Beast Statue","Nuclear Battery"],"picked":"Fusion Hammer"},{"not_picked":["Astrolabe","Coffee Dripper"],"picked":"Orrery"}],"items_purged_floors":[14,20],"is_endless":false,"potions_floor_spawned":[4,5,6,11,16,21,22,27,28,30,33,36,48],"ascension_level":0}