{"gold_per_floor":[116,128,128,53,53,53,53,73,120,120,20,46,46,78,78,154,154,171,46,46,62,62,62,112,112,157,168,168,182,182,201,201,278,278,291,141,154,154,165,165,179,179,230,230,180,180,180,180,180,180,180,180,180,20,47,47],"floor_reached":57,"playtime":4953,"items_purged":["Strike_G","Strike_G","Strike_G","Defend_G","Neutralize+1"],"score":3043,"play_id":"bc79a18a-c239-42c7-8199-5e9fdabbea12","local_time":"20181224124306","is_ascension_mode":true,"campfire_choices":[{"data":"Catalyst","floor":6.0,"key":"SMITH"},{"data":"Catalyst","floor":10.0,"key":"SMITH"},{"data":"Bouncing Flask","floor":13.0,"key":"SMITH"},{"data":"Neutralize","floor":15.0,"key":"SMITH"},{"data":"Defend_G","floor":23.0,"key":"PURGE"},{"data":"Strike_G","floor":28.0,"key":"PURGE"},{"data":"Defend_G","floor":30.0,"key":"PURGE"},{"data":"Defend_G","floor":32.0,"key":"PURGE"},{"data":"Defend_G","floor":40.0,"key":"PURGE"},{"data":"Survivor","floor":42.0,"key":"PURGE"},{"data":"Outmaneuver+1","floor":44.0,"key":"PURGE"},{"floor":49.0,"key":"RECALL"},{"data":"Concentrate","floor":53,"key":"SMITH"}],"neow_cost":"NONE","seed_source_timestamp":8590502380534,"circlet_count":0,"master_deck":["AscendersBane","Doppelganger","Bouncing Flask+1","Catalyst+1","Catalyst+1","Concentrate+1","Adrenaline","Shame","Shame","Shame","Footwork+1","Acrobatics+1","Expertise+1","Adrenaline","Catalyst+1","Backflip","Purity","Catalyst","Injury","Doubt","Tactician"],"special_seed":0,"relics":["Ring of the Snake","Orichalcum","Ice Cream","Darkstone Periapt","Calling Bell","Strawberry","Blue Candle","Peace Pipe","PreservedInsect","Orrery","Smiling Mask","War Paint","Ninja Scroll"],"potions_floor_usage":[51,51],"damage_taken":[{"damage":8.0,"enemies":"Cultist","floor":1.0,"turns":5.0},{"damage":0.0,"enemies":"2 Louse","floor":2.0,"turns":2.0},{"damage":1.0,"enemies":"Small Slimes","floor":8.0,"turns":4.0},{"damage":7.0,"enemies":"Lagavulin","floor":12.0,"turns":4.0},{"damage":0.0,"enemies":"Gremlin Nob","floor":14.0,"turns":2.0},{"damage":0.0,"enemies":"The Guardian","floor":16.0,"turns":4.0},{"damage":1.0,"enemies":"Spheric Guardian","floor":18.0,"turns":3.0},{"damage":8.0,"enemies":"Chosen","floor":21.0,"turns":4.0},{"damage":21.0,"enemies":"3 Cultists","floor":27.0,"turns":7.0},{"damage":29.0,"enemies":"Sentry and Sphere","floor":29.0,"turns":6.0},{"damage":13.0,"enemies":"Snake Plant","floor":31.0,"turns":3.0},{"damage":4.0,"enemies":"Champ","floor":33.0,"turns":5.0},{"damage":19.0,"enemies":"3 Darklings","floor":35.0,"turns":6.0},{"damage":0.0,"enemies":"Orb Walker","floor":37.0,"turns":2.0},{"damage":9.0,"enemies":"Sphere and 2 Shapes","floor":39.0,"turns":6.0},{"damage":4.0,"enemies":"Writhing Mass","floor":41.0,"turns":3.0},{"damage":18.0,"enemies":"Time Eater","floor":50.0,"turns":2.0},{"damage":26,"enemies":"Donu and Deca","floor":51,"turns":5},{"damage":6,"enemies":"Shield and Spear","floor":55,"turns":1},{"damage":68,"enemies":"The Heart","floor":56,"turns":4}],"seed_played":"3938700805326471893","potions_obtained":[{"floor":2.0,"key":"Block Potion"},{"floor":12.0,"key":"LiquidBronze"},{"floor":18.0,"key":"Fruit Juice"},{"floor":21.0,"key":"PowerPotion"},{"floor":31.0,"key":"Weak Potion"}],"is_trial":false,"path_per_floor":["M","M","?","$","?","R","$","M","T","R","$","E","R","E","R","B",null,"M","$","?","M","$","R","?","$","T","M","R","M","R","M","R","B",null,"M","$","M","?","M","R","M","R","T","R","$","?","?","?","R","B","B",null,"R","$","E","B",null],"character_chosen":"THE_SILENT","items_purchased":["War Paint"],"campfire_rested":0,"item_purchase_floors":[54],"current_hp_per_floor":[51,51,56,56,56,56,56,55,55,55,55,48,48,48,48,48,90,94,94,94,86,86,86,86,86,86,65,65,36,36,23,23,19,81,62,62,62,62,53,53,49,49,49,49,49,39,39,51,51,33,7,87,87,87,81,13],"gold":47,"neow_bonus":"ONE_RANDOM_RARE_CARD","is_prod":false,"is_daily":false,"chose_seed":false,"campfire_upgraded":5,"win_rate":0,"timestamp":1545626586,"path_taken":["M","?","?","$","?","R","?","?","T","R","$","E","R","E","R","BOSS","M","$","?","?","$","R","?","$","T","M","R","M","R","M","R","BOSS","M","$","M","?","M","R","M","R","T","R","$","?","?","?","R","BOSS","BOSS","R","$","E","BOSS"],"build_version":"2018-12-20","purchased_purges":5,"victory":true,"max_hp_per_floor":[66,66,71,71,71,71,71,71,71,71,71,71,71,71,71,71,96,101,101,101,101,101,101,101,101,101,101,101,101,101,101,101,101,101,101,101,101,101,101,101,101,101,101,101,101,101,101,113,113,113,113,113,113,113,113,113],"card_choices":[{"not_picked":["Poisoned Stab","Outmaneuver"],"picked":"Bouncing Flask","floor":1.0},{"not_picked":["Bouncing Flask","Outmaneuver"],"picked":"Catalyst","floor":2.0},{"not_picked":["Outmaneuver","Acrobatics"],"picked":"Catalyst","floor":8.0},{"not_picked":["Slice","Dagger Spray","PiercingWail"],"picked":"SKIP","floor":12.0},{"not_picked":["Dagger Throw","Bane"],"picked":"Concentrate","floor":14.0},{"not_picked":["Die Die Die","Grand Finale"],"picked":"Adrenaline","floor":16.0},{"not_picked":["Dagger Spray","Acrobatics+1"],"picked":"Footwork+1","floor":18.0},{"not_picked":["Escape Plan","Endless Agony"],"picked":"Backflip","floor":21.0},{"not_picked":["Escape Plan","Dagger Throw"],"picked":"Outmaneuver+1","floor":27.0},{"not_picked":["Outmaneuver","Slice"],"picked":"Acrobatics+1","floor":29.0},{"not_picked":["Slice","Dagger Throw"],"picked":"Expertise","floor":31.0},{"not_picked":["Bullet Time","Doppelganger"],"picked":"Adrenaline","floor":33.0},{"not_picked":["Deadly Poison","Endless Agony"],"picked":"Catalyst","floor":34.0},{"not_picked":["PiercingWail","Poisoned Stab","Underhanded Strike"],"picked":"SKIP","floor":35.0},{"not_picked":["Tools of the Trade","Cloak And Dagger","Bane+1"],"picked":"SKIP","floor":37.0},{"not_picked":["Dodge and Roll","Blur"],"picked":"Backflip","floor":39.0},{"not_picked":["Blade Dance","Reflex","Acrobatics"],"picked":"SKIP","floor":41.0},{"not_picked":["Secret Technique","Blind"],"picked":"Purity","floor":46.0},{"not_picked":["Blade Dance","PiercingWail"],"picked":"Tactician","floor":55}],"player_experience":1462335,"relics_obtained":[{"floor":9.0,"key":"Orichalcum"},{"floor":12.0,"key":"Ice Cream"},{"floor":14.0,"key":"Darkstone Periapt"},{"floor":17.0,"key":"Strawberry"},{"floor":17.0,"key":"Blue Candle"},{"floor":17.0,"key":"Peace Pipe"},{"floor":20.0,"key":"PreservedInsect"},{"floor":43.0,"key":"Smiling Mask"},{"floor":55,"key":"Ninja Scroll"}],"event_choices":[{"damage_healed":0.0,"max_hp_gain":5.0,"max_hp_loss":0.0,"gold_gain":0.0,"event_name":"Big Fish","player_choice":"Donut","floor":3.0,"gold_loss":0.0,"damage_taken":0.0},{"cards_removed":["Strike_G"],"damage_healed":0.0,"max_hp_gain":0.0,"max_hp_loss":0.0,"gold_gain":0.0,"event_name":"Living Wall","player_choice":"Forget","floor":5.0,"gold_loss":0.0,"damage_taken":0.0},{"damage_healed":0.0,"max_hp_gain":0.0,"max_hp_loss":0.0,"gold_gain":0.0,"event_name":"Wheel of Change","player_choice":"Relic","floor":20.0,"gold_loss":0.0,"damage_taken":0.0},{"damage_healed":0.0,"max_hp_gain":0.0,"max_hp_loss":0.0,"gold_gain":50.0,"event_name":"Nest","player_choice":"Stole From Cult","floor":24.0,"gold_loss":0.0,"damage_taken":0.0},{"cards_removed":["Backflip"],"damage_healed":0.0,"max_hp_gain":0.0,"max_hp_loss":0.0,"gold_gain":0.0,"event_name":"Falling","player_choice":"Removed Skill","floor":38.0,"gold_loss":0.0,"damage_taken":0.0},{"damage_healed":0.0,"max_hp_gain":0.0,"max_hp_loss":0.0,"gold_gain":0.0,"event_name":"SensoryStone","player_choice":"Memory 3","floor":46.0,"gold_loss":0.0,"damage_taken":10.0},{"damage_healed":0.0,"max_hp_gain":0.0,"max_hp_loss":0.0,"gold_gain":0.0,"event_name":"Tomb of Lord Red Mask","player_choice":"Ignored","floor":47.0,"gold_loss":0.0,"damage_taken":0.0},{"damage_healed":0.0,"max_hp_gain":0.0,"max_hp_loss":0.0,"gold_gain":0.0,"event_name":"Match and Keep!","player_choice":"3 cards matched","floor":48.0,"gold_loss":0.0,"damage_taken":0.0,"cards_obtained":["Catalyst","Injury","Doubt"]}],"is_beta":false,"boss_relics":[{"not_picked":["Tiny House","Eternal Feather"],"picked":"Calling Bell"},{"not_picked":["White Beast Statue","Snecko Eye"],"picked":"Orrery"}],"items_purged_floors":[4,11,19,36,45],"is_endless":false,"potions_floor_spawned":[2,12,16,18,21,31,39],"ascension_level":20}