{"gold_per_floor":[110,122,122,140,190,190],"floor_reached":6,"playtime":196,"items_purged":[],"score":72,"play_id":"3b43d7a2-4ec0-4aa0-8cb1-660963826437","local_time":"20190125181256","is_ascension_mode":true,"campfire_choices":[],"neow_cost":"TEN_PERCENT_HP_LOSS","seed_source_timestamp":29964922553324,"circlet_count":0,"master_deck":["AscendersBane","Defend_G","Defend_G","Defend_G","Defend_G","Defend_G","Strike_G","Strike_G","Strike_G","Strike_G","Strike_G","Survivor","Neutralize","Bouncing Flask","Blur","Calculated Gamble","Backflip"],"relics":["Ring of the Snake","Prayer Wheel","Ancient Tea Set"],"potions_floor_usage":[6],"damage_taken":[{"damage":0,"enemies":"2 Louse","floor":1,"turns":3},{"damage":0,"enemies":"Cultist","floor":2,"turns":4},{"damage":0,"enemies":"Jaw Worm","floor":4,"turns":4},{"damage":68,"enemies":"Gremlin Nob","floor":6,"turns":4}],"seed_played":"-8406261092619513370","potions_obtained":[{"floor":1,"key":"AttackPotion"},{"floor":4,"key":"SpeedPotion"}],"is_trial":false,"path_per_floor":["M","M","?","M","?","E"],"character_chosen":"THE_SILENT","items_purchased":[],"campfire_rested":0,"item_purchase_floors":[],"current_hp_per_floor":[59,59,48,48,48,0],"gold":190,"neow_bonus":"ONE_RARE_RELIC","is_prod":false,"is_daily":false,"chose_seed":false,"campfire_upgraded":0,"win_rate":0,"timestamp":1548411176,"path_taken":["M","M","?","M","?","E"],"build_version":"2019-01-23","purchased_purges":0,"victory":false,"max_hp_per_floor":[60,60,60,60,60,60],"card_choices":[{"not_picked":["Prepared","Backstab"],"picked":"Bouncing Flask","floor":1},{"not_picked":["Flying Knee","Footwork"],"picked":"Blur","floor":1},{"not_picked":["Night Terror","Flying Knee"],"picked":"Calculated Gamble","floor":2},{"not_picked":["Quick Slash","Skewer","Cloak And Dagger"],"picked":"SKIP","floor":2},{"not_picked":["Dagger Throw","Infinite Blades"],"picked":"Backflip","floor":4},{"not_picked":["Deflect","Masterful Stab","Blade Dance"],"picked":"SKIP","floor":4}],"player_experience":1344983,"relics_obtained":[],"event_choices":[{"damage_healed":0,"gold_gain":0,"player_choice":"Success","damage_taken":11,"relics_obtained":["Ancient Tea Set"],"max_hp_gain":0,"max_hp_loss":0,"event_name":"Scrap Ooze","floor":3,"gold_loss":0},{"damage_healed":0,"gold_gain":50,"player_choice":"Pray","damage_taken":0,"max_hp_gain":0,"max_hp_loss":0,"event_name":"Golden Shrine","floor":5,"gold_loss":0}],"is_beta":true,"boss_relics":[],"items_purged_floors":[],"is_endless":false,"potions_floor_spawned":[1,4],"killed_by":"Gremlin Nob","ascension_level":20}