{"gold_per_floor":[115,115,126,126,126,153,78,78,78,78,78,91,121,121,121,195,195,209,109,109,129,148,148,165,197,221,221,221,221,240,76,76,155,155,166,178,53,73,83,83,0,35,35,55,86,86,111,127,127,127,127,127,127,127,152,152],"floor_reached":57,"playtime":2567,"items_purged":["Strike_R","Strike_R","Thunderclap"],"score":2936,"play_id":"e2ccfc6c-ed0b-4876-b961-68182f8db2f7","local_time":"20190311161900","is_ascension_mode":true,"campfire_choices":[{"data":"Carnage","floor":8.0,"key":"SMITH"},{"data":"Uppercut","floor":10.0,"key":"SMITH"},{"data":"Spot Weakness","floor":15.0,"key":"SMITH"},{"data":"Limit Break","floor":23.0,"key":"SMITH"},{"data":"Battle Trance","floor":28.0,"key":"SMITH"},{"data":"Ghostly","floor":32.0,"key":"SMITH"},{"data":"Entrench","floor":40.0,"key":"SMITH"},{"floor":49,"key":"RECALL"},{"data":"True Grit","floor":53,"key":"SMITH"}],"neow_cost":"NONE","seed_source_timestamp":15803262238889,"circlet_count":0,"master_deck":["AscendersBane","Bash","Carnage+1","Uppercut+1","Battle Trance+1","Spot Weakness+1","Evolve","Fiend Fire","Ghostly Armor","Limit Break+1","Ghostly+1","Ghostly","Ghostly","Exhume","Sentinel","Entrench+1","Feel No Pain","Shrug It Off+1","Disarm+1","True Grit+1","Dark Embrace"],"special_seed":0,"relics":["Burning Blood","NeowsBlessing","Calipers","Mercury Hourglass","Ornamental Fan","Meat on the Bone","Matryoshka","Mark of Pain","War Paint","Self Forming Clay","Lantern","Question Card","Bag of Preparation","Pandora\u0027s Box","Red Mask","Singing Bowl","Blue Candle","Vajra","Dodecahedron","Ice Cream"],"potions_floor_usage":[],"damage_taken":[{"damage":0.0,"enemies":"Cultist","floor":1.0,"turns":1.0},{"damage":0.0,"enemies":"Jaw Worm","floor":3.0,"turns":1.0},{"damage":0.0,"enemies":"Gremlin Nob","floor":6.0,"turns":1.0},{"damage":0.0,"enemies":"Small Slimes","floor":12.0,"turns":2.0},{"damage":25.0,"enemies":"3 Sentries","floor":13.0,"turns":5.0},{"damage":8.0,"enemies":"Slime Boss","floor":16.0,"turns":7.0},{"damage":14.0,"enemies":"3 Byrds","floor":18.0,"turns":4.0},{"damage":0.0,"enemies":"Spheric Guardian","floor":21.0,"turns":3.0},{"damage":0.0,"enemies":"Cultist and Chosen","floor":22.0,"turns":4.0},{"damage":24.0,"enemies":"Snake Plant","floor":24.0,"turns":3.0},{"damage":46.0,"enemies":"Gremlin Leader","floor":25.0,"turns":5.0},{"damage":11.0,"enemies":"Shelled Parasite and Fungi","floor":30.0,"turns":6.0},{"damage":30.0,"enemies":"Collector","floor":33.0,"turns":8.0},{"damage":2.0,"enemies":"Orb Walker","floor":35.0,"turns":2.0},{"damage":3.0,"enemies":"3 Shapes","floor":36.0,"turns":3.0},{"damage":0.0,"enemies":"Writhing Mass","floor":38.0,"turns":4.0},{"damage":21.0,"enemies":"4 Shapes","floor":39.0,"turns":5.0},{"damage":0.0,"enemies":"Giant Head","floor":42.0,"turns":21.0},{"damage":6.0,"enemies":"Sphere and 2 Shapes","floor":44.0,"turns":6.0},{"damage":6.0,"enemies":"Reptomancer","floor":45.0,"turns":5.0},{"damage":1,"enemies":"Giant Head","floor":47,"turns":10},{"damage":2,"enemies":"Spire Growth","floor":48,"turns":6},{"damage":12,"enemies":"Awakened One","floor":50,"turns":15},{"damage":0,"enemies":"Time Eater","floor":51,"turns":11},{"damage":5,"enemies":"Shield and Spear","floor":55,"turns":12},{"damage":10,"enemies":"The Heart","floor":56,"turns":10}],"seed_played":"828738369720252692","potions_obtained":[{"floor":1.0,"key":"Explosive Potion"},{"floor":3.0,"key":"Block Potion"},{"floor":22.0,"key":"SneckoOil"},{"floor":36.0,"key":"GamblersBrew"},{"floor":38.0,"key":"SteroidPotion"}],"is_trial":false,"path_per_floor":["M","T","M","?","?","E","$","R","T","R","T","M","E","?","R","B",null,"M","$","?","M","M","R","M","E","T","?","R","T","M","$","R","B",null,"M","M","$","M","M","R","?","E","T","M","E","?","E","M","R","B","B",null,"R","$","E","B",null],"character_chosen":"IRONCLAD","items_purchased":["Bag of Preparation"],"campfire_rested":0,"item_purchase_floors":[31],"current_hp_per_floor":[74,74,75,52,45,51,51,51,51,51,51,57,50,50,50,48,68,60,60,60,66,72,72,54,26,26,26,26,26,33,33,33,21,33,37,37,37,37,34,34,34,39,39,41,43,43,45,47,47,41,47,47,47,47,47,43],"gold":152,"neow_bonus":"THREE_ENEMY_KILL","is_prod":false,"is_daily":false,"chose_seed":false,"campfire_upgraded":8,"win_rate":0,"timestamp":1552292340,"path_taken":["M","?","M","?","?","E","$","R","T","R","?","?","E","?","R","BOSS","M","$","?","?","M","R","M","E","T","?","R","?","M","$","R","BOSS","M","M","$","M","M","R","?","E","T","M","E","?","E","M","R","BOSS","BOSS","R","$","E","BOSS"],"build_version":"2019-01-23","purchased_purges":3,"victory":true,"max_hp_per_floor":[75,75,75,75,75,75,75,75,75,75,75,75,75,75,75,75,75,75,75,75,75,75,75,75,75,75,37,37,37,37,37,37,37,37,37,37,37,37,37,37,37,39,39,41,43,43,45,47,47,47,47,47,47,47,47,47],"card_choices":[{"not_picked":["Cleave","Flex"],"picked":"Carnage","floor":1.0},{"not_picked":["Infernal Blade","Warcry"],"picked":"Uppercut","floor":3.0},{"not_picked":["Flex","Body Slam"],"picked":"Battle Trance","floor":6.0},{"not_picked":["Sword Boomerang","Armaments"],"picked":"Spot Weakness","floor":12.0},{"not_picked":["True Grit","Twin Strike"],"picked":"Evolve","floor":13.0},{"not_picked":["Berserk","Immolate"],"picked":"Fiend Fire","floor":16.0},{"not_picked":["Twin Strike","Clothesline","Sword Boomerang"],"picked":"SKIP","floor":18.0},{"not_picked":["Flame Barrier","Anger","Thunderclap"],"picked":"SKIP","floor":21.0},{"not_picked":["Anger+1","Iron Wave"],"picked":"Limit Break","floor":22.0},{"not_picked":["Body Slam","Rupture","Perfected Strike"],"picked":"SKIP","floor":24.0},{"not_picked":["Barricade","Rampage+1","Pommel Strike"],"picked":"SKIP","floor":25.0},{"not_picked":["Whirlwind","Warcry","Wild Strike","Spot Weakness"],"picked":"SKIP","floor":30.0},{"not_picked":["Barricade","Juggernaut","Brutality"],"picked":"Exhume","floor":33.0},{"not_picked":["Perfected Strike","Heavy Blade","Dual Wield","Inflame"],"picked":"SKIP","floor":35.0},{"not_picked":["Flex","Ghostly Armor","Sentinel+1"],"picked":"Shrug It Off+1","floor":36.0},{"not_picked":["Heavy Blade+1","Warcry","Body Slam+1","Uppercut"],"picked":"SKIP","floor":38.0},{"not_picked":["Rupture","Hemokinesis","Perfected Strike"],"picked":"Disarm+1","floor":39.0},{"not_picked":["Disarm","Rupture","Feel No Pain","Seeing Red"],"picked":"Singing Bowl","floor":42.0},{"not_picked":["Bloodletting+1","Cleave","Warcry","Havoc"],"picked":"Singing Bowl","floor":44.0},{"not_picked":["Berserk","Sword Boomerang","Flex+1","Hemokinesis+1"],"picked":"Singing Bowl","floor":45.0},{"not_picked":["Entrench","Clash","Twin Strike","Metallicize"],"picked":"Singing Bowl","floor":47},{"not_picked":["Shrug It Off+1","Searing Blow","Sword Boomerang","Cleave+1"],"picked":"Singing Bowl","floor":48},{"not_picked":["Hemokinesis","Pommel Strike","Anger"],"picked":"Dark Embrace","floor":55}],"player_experience":3483249,"relics_obtained":[{"floor":2.0,"key":"Calipers"},{"floor":6.0,"key":"Mercury Hourglass"},{"floor":9.0,"key":"Ornamental Fan"},{"floor":11.0,"key":"Meat on the Bone"},{"floor":13.0,"key":"Matryoshka"},{"floor":25.0,"key":"War Paint"},{"floor":26.0,"key":"Self Forming Clay"},{"floor":29.0,"key":"Lantern"},{"floor":29.0,"key":"Question Card"},{"floor":42.0,"key":"Singing Bowl"},{"floor":43.0,"key":"Blue Candle"},{"floor":45.0,"key":"Vajra"},{"floor":47,"key":"Dodecahedron"},{"floor":55,"key":"Ice Cream"}],"event_choices":[{"damage_healed":0.0,"max_hp_gain":0.0,"max_hp_loss":0.0,"gold_gain":0.0,"event_name":"Shining Light","player_choice":"Entered Light","floor":4.0,"gold_loss":0.0,"damage_taken":23.0,"cards_upgraded":["Strike_R","Strike_R"]},{"cards_removed":["Strike_R"],"damage_healed":0.0,"max_hp_gain":0.0,"max_hp_loss":0.0,"gold_gain":0.0,"event_name":"Golden Wing","player_choice":"Card Removal","floor":5.0,"gold_loss":0.0,"damage_taken":7.0},{"damage_healed":0.0,"max_hp_gain":0.0,"max_hp_loss":0.0,"gold_gain":0.0,"event_name":"Liars Game","player_choice":"Ignored","floor":14.0,"gold_loss":0.0,"damage_taken":0.0},{"damage_healed":0.0,"max_hp_gain":0.0,"max_hp_loss":0.0,"gold_gain":0.0,"cards_transformed":["Strike_R"],"event_name":"Transmorgrifier","player_choice":"Transformed","floor":20.0,"gold_loss":0.0,"damage_taken":0.0,"cards_obtained":["Ghostly Armor"]},{"damage_healed":0.0,"max_hp_gain":0.0,"max_hp_loss":38.0,"gold_gain":0.0,"event_name":"Ghosts","player_choice":"Became a Ghost","floor":27.0,"gold_loss":0.0,"damage_taken":0.0,"cards_obtained":["Ghostly","Ghostly","Ghostly"]},{"damage_healed":0.0,"max_hp_gain":0.0,"max_hp_loss":0.0,"gold_gain":0.0,"event_name":"Tomb of Lord Red Mask","player_choice":"Paid","floor":41.0,"gold_loss":83.0,"damage_taken":0.0,"relics_obtained":["Red Mask"]},{"damage_healed":0,"gold_gain":0,"cards_transformed":["Infernal Blade"],"player_choice":"Transformed","damage_taken":0,"max_hp_gain":0,"max_hp_loss":0,"event_name":"Transmorgrifier","floor":46,"gold_loss":0,"cards_obtained":["True Grit"]}],"is_beta":false,"boss_relics":[{"not_picked":["Empty Cage","Black Star"],"picked":"Mark of Pain"},{"not_picked":["Snecko Eye","Velvet Choker"],"picked":"Pandora\u0027s Box"}],"items_purged_floors":[7,19,37],"is_endless":false,"potions_floor_spawned":[1,3,12,22,25,36,38,48],"ascension_level":20}