{"gold_per_floor":[109,109,132,160,192,204,251,263,326,366,303,326,338,377,389,401],"floor_reached":16,"playtime":464,"items_purged":[],"score":240,"play_id":"8f744f75-32dc-4b1f-8a7b-e4148fc29c5f","local_time":"20190123193419","is_ascension_mode":true,"campfire_choices":[{"data":"Streamline","floor":6,"key":"SMITH"},{"data":"Coolheaded","floor":8,"key":"SMITH"},{"data":"Dualcast","floor":13,"key":"SMITH"},{"data":"Zap","floor":15,"key":"SMITH"}],"neow_cost":"NONE","seed_source_timestamp":22359538103607,"circlet_count":0,"master_deck":["AscendersBane","Strike_B","Strike_B","Strike_B","Defend_B","Defend_B","Defend_B","Defend_B","Zap+1","Dualcast+1","Coolheaded+1","Streamline+1","Gash","Seek","Gash","Reinforced Body"],"relics":["Cracked Core","NeowsBlessing","MawBank","Bag of Preparation","Happy Flower","Frozen Egg 2","Blue Candle"],"potions_floor_usage":[5,7,14],"damage_taken":[{"damage":0,"enemies":"Cultist","floor":1,"turns":1},{"damage":0,"enemies":"2 Louse","floor":3,"turns":1},{"damage":0,"enemies":"Jaw Worm","floor":4,"turns":1},{"damage":11,"enemies":"Gremlin Gang","floor":5,"turns":4},{"damage":24,"enemies":"3 Sentries","floor":7,"turns":7},{"damage":12,"enemies":"Gremlin Nob","floor":10,"turns":3},{"damage":0,"enemies":"2 Fungi Beasts","floor":12,"turns":2},{"damage":6,"enemies":"3 Sentries","floor":14,"turns":5},{"damage":15,"enemies":"Hexaghost","floor":16,"turns":7}],"seed_played":"-2219163649728259336","potions_obtained":[{"floor":3,"key":"SkillPotion"},{"floor":5,"key":"SpeedPotion"},{"floor":7,"key":"Explosive Potion"}],"is_trial":false,"path_per_floor":["M","T","M","M","M","R","E","R","T","E","?","M","R","E","R","B"],"character_chosen":"DEFECT","items_purchased":[],"campfire_rested":0,"item_purchase_floors":[],"current_hp_per_floor":[64,64,64,64,53,53,29,29,29,17,17,17,17,11,11,0],"gold":401,"neow_bonus":"THREE_ENEMY_KILL","is_prod":false,"is_daily":false,"chose_seed":false,"campfire_upgraded":4,"win_rate":0,"timestamp":1548243259,"path_taken":["M","?","M","M","M","R","E","R","T","E","?","?","R","E","R","BOSS"],"build_version":"2019-01-17v2","purchased_purges":0,"victory":false,"max_hp_per_floor":[71,71,71,71,71,71,71,71,71,71,71,71,71,71,71,71],"card_choices":[{"not_picked":["Conserve Battery","Barrage"],"picked":"Coolheaded","floor":1},{"not_picked":["Turbo","Aggregate"],"picked":"Streamline","floor":3},{"not_picked":["Sweeping Beam","Turbo"],"picked":"Gash","floor":4},{"not_picked":["Double Energy","Doom and Gloom","Go for the Eyes"],"picked":"SKIP","floor":5},{"not_picked":["Chaos","Steam"],"picked":"Seek","floor":7},{"not_picked":["Multi-Cast","Steam"],"picked":"Gash","floor":10},{"not_picked":["Rip and Tear","Cold Snap"],"picked":"Reinforced Body","floor":12},{"not_picked":["Ball Lightning","Barrage","Redo"],"picked":"SKIP","floor":14}],"player_experience":2174053,"relics_obtained":[{"floor":2,"key":"MawBank"},{"floor":7,"key":"Bag of Preparation"},{"floor":9,"key":"Happy Flower"},{"floor":10,"key":"Frozen Egg 2"},{"floor":14,"key":"Blue Candle"}],"event_choices":[{"cards_removed":["Strike_B"],"damage_healed":0,"gold_gain":0,"player_choice":"Card Removal","damage_taken":0,"max_hp_gain":0,"max_hp_loss":0,"event_name":"The Cleric","floor":11,"gold_loss":75}],"is_beta":false,"boss_relics":[],"items_purged_floors":[],"is_endless":false,"potions_floor_spawned":[3,5,7],"killed_by":"Hexaghost","ascension_level":20}