{"gold_per_floor":[12,287,67,86,97,97,112,112,112,129,149,149,169,197,197,272,272,286,300,311,54,54,54,87,97,97,97,108,108,108,126,126,197,197,214,214,214,234,334,360,371,371,371,390,406,406,406,406,406,406,406],"floor_reached":51,"playtime":3092,"items_purged":["Regret","Strike_B"],"score":1427,"play_id":"9e4f8605-f5bf-434d-befd-d80d9e1d967c","local_time":"20190505123348","is_ascension_mode":true,"campfire_choices":[{"data":"Defragment","floor":6.0,"key":"SMITH"},{"data":"Capacitor","floor":8.0,"key":"SMITH"},{"data":"Dualcast","floor":15.0,"key":"SMITH"},{"data":"Hologram","floor":23.0,"key":"SMITH"},{"data":"Coolheaded","floor":27.0,"key":"SMITH"},{"data":"Coolheaded","floor":30.0,"key":"SMITH"},{"data":"Coolheaded","floor":32.0,"key":"SMITH"},{"data":"Loop","floor":42.0,"key":"SMITH"},{"data":"Skim","floor":46.0,"key":"SMITH"},{"floor":49,"key":"RECALL"}],"neow_cost":"NO_GOLD","seed_source_timestamp":7801819402880,"circlet_count":0,"master_deck":["AscendersBane","Strike_B","Strike_B","Strike_B","Defend_B","Defend_B","Defend_B","Zap","Dualcast+1","Reinforced Body","Sunder","Defragment+1","Coolheaded+1","Capacitor+1","Chill","Hologram+1","Auto Shields","Coolheaded+1","Ball Lightning","White Noise","Undo","Cold Snap","Self Repair","Turbo","Core Surge","Compile Driver","Ball Lightning","Steam Power+1","Rainbow","Coolheaded+1","Skim+1","Stack","Heatsinks","Hologram","Chill","Cold Snap","Ball Lightning","White Noise","Amplify","Loop+1","Loop+1","Chill","Conserve Battery+1","Hologram+1","Self Repair","Seek","Cold Snap","Cold Snap","Chill","Cold Snap","Auto Shields","Writhe"],"special_seed":0,"relics":["Cracked Core","Prayer Wheel","Darkstone Periapt","Dodecahedron","Velvet Choker","PreservedInsect","Boot","Letter Opener","Strawberry","Sozu","Calipers","Blood Vial","Mango"],"potions_floor_usage":[],"damage_taken":[{"damage":12.0,"enemies":"Small Slimes","floor":1.0,"turns":4.0},{"damage":1.0,"enemies":"Cultist","floor":4.0,"turns":4.0},{"damage":2.0,"enemies":"Jaw Worm","floor":5.0,"turns":4.0},{"damage":4.0,"enemies":"Exordium Wildlife","floor":7.0,"turns":6.0},{"damage":4.0,"enemies":"Large Slime","floor":10.0,"turns":4.0},{"damage":2.0,"enemies":"Looter","floor":11.0,"turns":4.0},{"damage":2.0,"enemies":"3 Louse","floor":13.0,"turns":2.0},{"damage":14.0,"enemies":"Gremlin Nob","floor":14.0,"turns":4.0},{"damage":10.0,"enemies":"Hexaghost","floor":16.0,"turns":11.0},{"damage":2.0,"enemies":"3 Byrds","floor":18.0,"turns":8.0},{"damage":18.0,"enemies":"Shell Parasite","floor":19.0,"turns":7.0},{"damage":6.0,"enemies":"Snecko","floor":20.0,"turns":5.0},{"damage":27.0,"enemies":"Slavers","floor":24.0,"turns":10.0},{"damage":0.0,"enemies":"Snake Plant","floor":25.0,"turns":5.0},{"damage":18.0,"enemies":"Shelled Parasite and Fungi","floor":28.0,"turns":7.0},{"damage":0.0,"enemies":"Centurion and Healer","floor":31.0,"turns":8.0},{"damage":22.0,"enemies":"Automaton","floor":33.0,"turns":11.0},{"damage":28.0,"enemies":"3 Darklings","floor":35.0,"turns":6.0},{"damage":13.0,"enemies":"Orb Walker","floor":38.0,"turns":6.0},{"damage":0.0,"enemies":"Mind Bloom Boss Battle","floor":39.0,"turns":8.0},{"damage":35.0,"enemies":"Giant Head","floor":40.0,"turns":13.0},{"damage":6.0,"enemies":"Maw","floor":41.0,"turns":8.0},{"damage":19.0,"enemies":"3 Darklings","floor":44.0,"turns":5.0},{"damage":4.0,"enemies":"Transient","floor":45.0,"turns":6.0},{"damage":5,"enemies":"Donu and Deca","floor":50,"turns":17},{"damage":61,"enemies":"Awakened One","floor":51,"turns":8}],"seed_played":"5391023323135179368","potions_obtained":[{"floor":4.0,"key":"AttackPotion"},{"floor":5.0,"key":"Fire Potion"},{"floor":10.0,"key":"SpeedPotion"},{"floor":11.0,"key":"LiquidBronze"},{"floor":19.0,"key":"Poison Potion"},{"floor":25.0,"key":"Block Potion"},{"floor":31.0,"key":"Regen Potion"}],"is_trial":false,"path_per_floor":["M","?","$","M","M","R","M","R","T","M","M","?","M","E","R","B",null,"M","M","M","$","?","R","E","M","T","R","M","T","R","M","R","B",null,"M","?","?","M","?","E","M","R","T","M","M","R","?","?","R","B","B"],"character_chosen":"DEFECT","items_purchased":["Defragment","Coolheaded","FearPotion","PreservedInsect"],"campfire_rested":0,"item_purchase_floors":[3,3,3,21],"current_hp_per_floor":[52,52,52,51,49,49,45,45,45,41,39,39,37,30,30,27,60,65,54,55,55,55,55,35,42,42,42,31,38,38,45,45,30,66,45,45,45,32,39,11,21,21,35,18,23,23,23,47,47,58,0],"gold":406,"neow_bonus":"ONE_RARE_RELIC","is_prod":false,"is_daily":false,"chose_seed":false,"campfire_upgraded":9,"win_rate":0,"timestamp":1557030828,"path_taken":["M","?","$","M","M","R","M","R","T","M","?","?","M","E","R","BOSS","M","M","M","$","?","R","E","M","T","R","M","?","R","M","R","BOSS","M","?","?","M","?","E","M","R","T","M","M","R","?","?","R","BOSS","BOSS"],"build_version":"2019-01-23","purchased_purges":2,"victory":false,"max_hp_per_floor":[71,71,71,71,71,71,71,71,71,71,71,71,71,71,71,71,71,71,71,71,71,71,71,71,71,71,71,71,78,78,78,78,78,78,78,78,78,78,78,78,78,78,92,92,92,92,92,98,98,98,98],"card_choices":[{"not_picked":["Compile Driver","Fusion"],"picked":"Reinforced Body","floor":1.0},{"not_picked":["Redo","Skim"],"picked":"Sunder","floor":1.0},{"not_picked":["Hello World","Barrage"],"picked":"Capacitor","floor":4.0},{"not_picked":["Hologram","Leap"],"picked":"Chill","floor":4.0},{"not_picked":["Hello World","Redo"],"picked":"Hologram","floor":5.0},{"not_picked":["Beam Cell","Steam"],"picked":"Auto Shields","floor":5.0},{"not_picked":["Beam Cell","Barrage"],"picked":"Coolheaded","floor":7.0},{"not_picked":["Beam Cell","Coolheaded"],"picked":"Ball Lightning","floor":7.0},{"not_picked":["Beam Cell","Streamline"],"picked":"White Noise","floor":10.0},{"not_picked":["Rebound","Steam","Hyperbeam"],"picked":"SKIP","floor":10.0},{"not_picked":["Steam Power","Compile Driver"],"picked":"Undo","floor":11.0},{"not_picked":["Stack","Redo"],"picked":"Cold Snap","floor":11.0},{"not_picked":["Hologram","Tempest"],"picked":"Self Repair","floor":13.0},{"not_picked":["Sweeping Beam","Beam Cell","Go for the Eyes"],"picked":"SKIP","floor":13.0},{"not_picked":["Gash","Blizzard"],"picked":"Turbo","floor":14.0},{"not_picked":["Meteor Strike","Echo Form"],"picked":"Core Surge","floor":16.0},{"not_picked":["Steam","Ball Lightning"],"picked":"Compile Driver","floor":18.0},{"not_picked":["Leap","Auto Shields","Rebound"],"picked":"SKIP","floor":18.0},{"not_picked":["Scrape","Leap"],"picked":"Ball Lightning","floor":19.0},{"not_picked":["Barrage","Static Discharge"],"picked":"Steam Power+1","floor":19.0},{"not_picked":["Gash","Conserve Battery"],"picked":"Rainbow","floor":20.0},{"not_picked":["Reprogram","Redo+1"],"picked":"Coolheaded","floor":20.0},{"not_picked":["Blizzard","Redo"],"picked":"Stack","floor":24.0},{"not_picked":["Steam","Conserve Battery"],"picked":"Heatsinks","floor":25.0},{"not_picked":["Barrage","Sweeping Beam"],"picked":"Hologram","floor":25.0},{"not_picked":["Gash","Ball Lightning"],"picked":"Chill","floor":28.0},{"not_picked":["Meteor Strike","Steam"],"picked":"Cold Snap","floor":28.0},{"not_picked":["Streamline","Darkness"],"picked":"Ball Lightning","floor":31.0},{"not_picked":["Turbo","Double Energy"],"picked":"White Noise","floor":31.0},{"not_picked":["Seek","All For One"],"picked":"Amplify","floor":33.0},{"not_picked":["Sweeping Beam","Streamline"],"picked":"Loop+1","floor":35.0},{"not_picked":["Coolheaded","Hologram"],"picked":"Loop","floor":35.0},{"not_picked":["Steam","Turbo"],"picked":"Chill","floor":38.0},{"not_picked":["Gash","Static Discharge+1"],"picked":"Conserve Battery+1","floor":38.0},{"not_picked":["Barrage+1","Aggregate+1"],"picked":"Hologram+1","floor":39.0},{"not_picked":["Steam+1","Sweeping Beam"],"picked":"Self Repair","floor":40.0},{"not_picked":["Ball Lightning+1","Leap"],"picked":"Seek","floor":41.0},{"not_picked":["Streamline","Gash+1"],"picked":"Cold Snap","floor":41.0},{"not_picked":["Streamline","Barrage"],"picked":"Cold Snap","floor":44.0},{"not_picked":["Go for the Eyes+1","Beam Cell"],"picked":"Chill","floor":44.0},{"not_picked":["Static Discharge","Auto Shields"],"picked":"Cold Snap","floor":45.0},{"not_picked":["Rebound","Gash"],"picked":"Auto Shields","floor":45.0}],"player_experience":4591392,"relics_obtained":[{"floor":14.0,"key":"Dodecahedron"},{"floor":24.0,"key":"Boot"},{"floor":26.0,"key":"Letter Opener"},{"floor":29.0,"key":"Strawberry"},{"floor":39.0,"key":"Calipers"},{"floor":40.0,"key":"Blood Vial"},{"floor":43.0,"key":"Mango"}],"event_choices":[{"damage_healed":0.0,"max_hp_gain":0.0,"max_hp_loss":0.0,"gold_gain":275.0,"event_name":"Golden Shrine","player_choice":"Desecrate","floor":2.0,"gold_loss":0.0,"damage_taken":0.0,"cards_obtained":["Regret"]},{"damage_healed":0.0,"max_hp_gain":0.0,"max_hp_loss":0.0,"gold_gain":0.0,"event_name":"WeMeetAgain","player_choice":"Gave Potion","floor":12.0,"gold_loss":0.0,"damage_taken":0.0,"relics_obtained":["Darkstone Periapt"]},{"damage_healed":0.0,"max_hp_gain":0.0,"max_hp_loss":0.0,"gold_gain":0.0,"event_name":"The Library","player_choice":"Read","floor":22.0,"gold_loss":0.0,"damage_taken":0.0,"cards_obtained":["Skim"]},{"damage_healed":0.0,"max_hp_gain":0.0,"max_hp_loss":0.0,"gold_gain":0.0,"event_name":"Tomb of Lord Red Mask","player_choice":"Ignored","floor":36.0,"gold_loss":0.0,"damage_taken":0.0},{"cards_removed":["Defend_B"],"damage_healed":0.0,"max_hp_gain":0.0,"max_hp_loss":0.0,"gold_gain":0.0,"event_name":"Falling","player_choice":"Removed Skill","floor":37.0,"gold_loss":0.0,"damage_taken":0.0},{"damage_healed":0.0,"max_hp_gain":0.0,"max_hp_loss":0.0,"gold_gain":0.0,"event_name":"MindBloom","player_choice":"Fight","floor":39.0,"gold_loss":0.0,"damage_taken":0.0},{"damage_healed":0.0,"max_hp_gain":0.0,"max_hp_loss":0.0,"gold_gain":0.0,"event_name":"Mysterious Sphere","player_choice":"Ignored","floor":47.0,"gold_loss":0.0,"damage_taken":0.0},{"damage_healed":18.0,"max_hp_gain":0.0,"max_hp_loss":0.0,"gold_gain":0.0,"event_name":"Winding Halls","player_choice":"Writhe","floor":48.0,"gold_loss":0.0,"damage_taken":0.0,"cards_obtained":["Writhe"]}],"is_beta":false,"boss_relics":[{"not_picked":["Eternal Feather","White Beast Statue"],"picked":"Velvet Choker"},{"not_picked":["Empty Cage","Black Star"],"picked":"Sozu"}],"items_purged_floors":[3,21],"is_endless":false,"potions_floor_spawned":[4,5,10,11,19,20,25,28,31,40,41],"killed_by":"Awakened One","ascension_level":20}