{"gold_per_floor":[118,118,43,60,60,60,74,85,85,113,132,132,132,152,152,248,248,271,296,196,209,223,223,239,239,290,324,199,49,49,72,72,165,165,190,210,335,362,385,423,439,477,502,517,517,536,576,909,909,909,909,909,909,2,31,31],"floor_reached":57,"playtime":3209,"items_purged":["Strike_G","Strike_G","Poisoned Stab","Deadly Poison","Defend_G"],"score":3432,"play_id":"dc2f5ef0-3e11-45c6-a025-5dd7f2b68187","local_time":"20190130184945","is_ascension_mode":true,"campfire_choices":[{"data":"Acrobatics","floor":6.0,"key":"SMITH"},{"data":"Calculated Gamble","floor":15.0,"key":"SMITH"},{"data":"Well Laid Plans","floor":23.0,"key":"SMITH"},{"data":"Defend_G","floor":32.0,"key":"PURGE"},{"floor":49.0,"key":"RECALL"},{"data":"Defend_G","floor":53,"key":"PURGE"}],"neow_cost":"NONE","seed_source_timestamp":0,"circlet_count":0,"master_deck":["AscendersBane","Defend_G","Defend_G","Survivor","Neutralize","Acrobatics+1","Calculated Gamble+1","Adrenaline","Grand Finale","Well Laid Plans+1","Prepared+1","Tactician+1","Backflip"],"special_seed":0,"relics":["Ring of the Snake","NeowsBlessing","Mango","Tough Bandages","Calipers","Empty Cage","Bronze Scales","Peace Pipe","Enchiridion","Philosopher\u0027s Stone","Torii","Centennial Puzzle","Omamori","Ornamental Fan","The Specimen","Medical Kit","Mummified Hand","Oddly Smooth Stone","Gambling Chip"],"potions_floor_usage":[56,56],"damage_taken":[{"damage":0.0,"enemies":"Jaw Worm","floor":1.0,"turns":1.0},{"damage":0.0,"enemies":"Cultist","floor":4.0,"turns":1.0},{"damage":0.0,"enemies":"2 Louse","floor":7.0,"turns":1.0},{"damage":4.0,"enemies":"Blue Slaver","floor":8.0,"turns":5.0},{"damage":45.0,"enemies":"Gremlin Nob","floor":10.0,"turns":5.0},{"damage":23.0,"enemies":"Exordium Thugs","floor":11.0,"turns":5.0},{"damage":0.0,"enemies":"2 Fungi Beasts","floor":14.0,"turns":3.0},{"damage":0.0,"enemies":"Hexaghost","floor":16.0,"turns":9.0},{"damage":0.0,"enemies":"Spheric Guardian","floor":18.0,"turns":3.0},{"damage":0.0,"enemies":"3 Byrds","floor":19.0,"turns":2.0},{"damage":2.0,"enemies":"Cultist and Chosen","floor":21.0,"turns":4.0},{"damage":4.0,"enemies":"Shelled Parasite and Fungi","floor":22.0,"turns":2.0},{"damage":7.0,"enemies":"Chosen and Byrds","floor":24.0,"turns":6.0},{"damage":11.0,"enemies":"Slavers","floor":27.0,"turns":3.0},{"damage":0.0,"enemies":"Centurion and Healer","floor":31.0,"turns":2.0},{"damage":0.0,"enemies":"Collector","floor":33.0,"turns":7.0},{"damage":0.0,"enemies":"Orb Walker","floor":35.0,"turns":2.0},{"damage":0.0,"enemies":"3 Darklings","floor":36.0,"turns":2.0},{"damage":0.0,"enemies":"Mind Bloom Boss Battle","floor":37.0,"turns":7.0},{"damage":0.0,"enemies":"Sphere and 2 Shapes","floor":39.0,"turns":1.0},{"damage":0.0,"enemies":"Nemesis","floor":40.0,"turns":1.0},{"damage":0.0,"enemies":"Jaw Worm Horde","floor":41.0,"turns":2.0},{"damage":0.0,"enemies":"Reptomancer","floor":42.0,"turns":3.0},{"damage":0.0,"enemies":"Maw","floor":44.0,"turns":3.0},{"damage":0.0,"enemies":"Transient","floor":46.0,"turns":6.0},{"damage":0.0,"enemies":"Nemesis","floor":47.0,"turns":9.0},{"damage":0.0,"enemies":"Donu and Deca","floor":50.0,"turns":2.0},{"damage":0.0,"enemies":"Time Eater","floor":51.0,"turns":8.0},{"damage":0,"enemies":"Shield and Spear","floor":55,"turns":1},{"damage":0,"enemies":"The Heart","floor":56,"turns":5}],"seed_played":"-2238738326642861240","potions_obtained":[{"floor":1.0,"key":"SpeedPotion"},{"floor":11.0,"key":"Dexterity Potion"},{"floor":14.0,"key":"EntropicBrew"},{"floor":19.0,"key":"Poison Potion"},{"floor":36.0,"key":"SteroidPotion"},{"floor":47.0,"key":"Ancient Potion"}],"is_trial":false,"path_per_floor":["M","?","$","M","?","R","M","M","T","E","M","?","T","M","R","B",null,"M","M","$","M","M","R","M","?","T","E","$","$","?","M","R","B",null,"M","M","?","T","M","E","M","E","T","M","?","M","E","?","R","B","B",null,"R","$","E","B",null],"character_chosen":"THE_SILENT","items_purchased":["Medical Kit","Mummified Hand","Oddly Smooth Stone","Strength Potion"],"campfire_rested":0,"item_purchase_floors":[54,54,54,54],"current_hp_per_floor":[59,59,59,59,59,59,59,55,69,24,1,1,1,1,1,1,54,54,54,54,52,48,48,41,41,41,30,30,30,9,9,9,9,56,56,56,56,56,56,56,56,56,56,56,56,56,56,56,56,56,56,65,65,65,65,65],"gold":31,"neow_bonus":"THREE_ENEMY_KILL","is_prod":false,"is_daily":false,"chose_seed":false,"campfire_upgraded":3,"win_rate":0,"timestamp":1548845385,"path_taken":["M","?","$","?","?","R","M","M","T","E","M","?","?","M","R","BOSS","M","M","$","M","M","R","M","?","T","E","?","$","?","M","R","BOSS","M","M","?","?","M","E","M","E","T","M","?","M","E","?","R","BOSS","BOSS","R","$","E","BOSS"],"build_version":"2019-01-23","purchased_purges":5,"victory":true,"max_hp_per_floor":[66,66,66,66,66,66,66,66,80,80,80,72,72,72,72,72,72,72,72,72,72,72,72,72,72,72,72,72,72,72,72,72,72,72,72,72,72,72,72,72,72,72,72,72,68,68,68,68,68,68,68,68,68,68,68,68],"card_choices":[{"not_picked":["Flying Knee","Backstab"],"picked":"Poisoned Stab","floor":1.0},{"not_picked":["Deflect","Accuracy"],"picked":"Acrobatics","floor":4.0},{"not_picked":["Noxious Fumes","Blade Dance"],"picked":"Poisoned Stab","floor":7.0},{"not_picked":["Bane","Quick Slash"],"picked":"Deadly Poison","floor":8.0},{"not_picked":["Outmaneuver","Dagger Spray","Masterful Stab"],"picked":"SKIP","floor":10.0},{"not_picked":["Dodge and Roll","Outmaneuver"],"picked":"Calculated Gamble","floor":11.0},{"not_picked":["Distraction","Underhanded Strike"],"picked":"Adrenaline","floor":14.0},{"not_picked":["Phantasmal Killer","Night Terror"],"picked":"Grand Finale","floor":16.0},{"not_picked":["Backstab","Poisoned Stab"],"picked":"Well Laid Plans","floor":18.0},{"not_picked":["Poisoned Stab","Accuracy","Heel Hook"],"picked":"SKIP","floor":19.0},{"not_picked":["Poisoned Stab","Sucker Punch","Blur"],"picked":"SKIP","floor":21.0},{"not_picked":["Finisher","Slice+1","Dodge and Roll"],"picked":"SKIP","floor":22.0},{"not_picked":["Sucker Punch+1","Dodge and Roll","Expertise"],"picked":"SKIP","floor":24.0},{"not_picked":["Bouncing Flask","Unload","Acrobatics+1"],"picked":"SKIP","floor":27.0},{"not_picked":["Poisoned Stab","Underhanded Strike","Eviscerate"],"picked":"SKIP","floor":31.0},{"not_picked":["Underhanded Strike","Acrobatics","Poisoned Stab"],"picked":"SKIP","floor":35.0},{"not_picked":["Flying Knee","PiercingWail","Prepared+1"],"picked":"SKIP","floor":36.0},{"not_picked":["Deflect","Poisoned Stab","Prepared"],"picked":"SKIP","floor":39.0},{"not_picked":["Night Terror","Well Laid Plans","Terror+1"],"picked":"SKIP","floor":40.0},{"not_picked":["Predator","Cloak And Dagger"],"picked":"Prepared+1","floor":41.0},{"not_picked":["Concentrate","PiercingWail","Setup+1"],"picked":"SKIP","floor":42.0},{"not_picked":["Concentrate","PiercingWail","Setup+1"],"picked":"SKIP","floor":42.0},{"not_picked":["Footwork","Blur+1"],"picked":"Tactician+1","floor":44.0},{"not_picked":["Cloak And Dagger","Poisoned Stab","Dagger Throw"],"picked":"SKIP","floor":46.0},{"not_picked":["Poisoned Stab","Bane"],"picked":"Backflip","floor":47.0},{"not_picked":["Distraction+1","Eviscerate","Phantasmal Killer"],"picked":"SKIP","floor":55}],"player_experience":1391029,"relics_obtained":[{"floor":9.0,"key":"Mango"},{"floor":10.0,"key":"Tough Bandages"},{"floor":13.0,"key":"Calipers"},{"floor":26.0,"key":"Bronze Scales"},{"floor":27.0,"key":"Peace Pipe"},{"floor":30.0,"key":"Enchiridion"},{"floor":37.0,"key":"Torii"},{"floor":38.0,"key":"Centennial Puzzle"},{"floor":40.0,"key":"Omamori"},{"floor":42.0,"key":"Ornamental Fan"},{"floor":47.0,"key":"The Specimen"},{"floor":55,"key":"Gambling Chip"}],"event_choices":[{"cards_removed":["Strike_G"],"damage_healed":0.0,"max_hp_gain":0.0,"max_hp_loss":0.0,"gold_gain":0.0,"event_name":"Bonfire Elementals","player_choice":"Offered Basic","floor":2.0,"gold_loss":0.0,"damage_taken":0.0},{"damage_healed":0.0,"max_hp_gain":0.0,"max_hp_loss":0.0,"gold_gain":0.0,"event_name":"Liars Game","player_choice":"Ignored","floor":5.0,"gold_loss":0.0,"damage_taken":0.0},{"damage_healed":0.0,"max_hp_gain":0.0,"max_hp_loss":8.0,"gold_gain":0.0,"event_name":"Golden Idol","player_choice":"Lose Max HP","floor":12.0,"gold_loss":0.0,"damage_taken":0.0,"relics_obtained":["Golden Idol"]},{"cards_removed":["Poisoned Stab"],"damage_healed":0.0,"max_hp_gain":0.0,"max_hp_loss":0.0,"gold_gain":0.0,"event_name":"Purifier","player_choice":"Purged","floor":25.0,"gold_loss":0.0,"damage_taken":0.0},{"damage_healed":0.0,"max_hp_gain":0.0,"max_hp_loss":0.0,"gold_gain":0.0,"event_name":"Cursed Tome","player_choice":"Obtained Book","floor":30.0,"gold_loss":0.0,"damage_taken":21.0},{"damage_healed":0.0,"max_hp_gain":0.0,"max_hp_loss":0.0,"gold_gain":0.0,"event_name":"MindBloom","player_choice":"Fight","floor":37.0,"gold_loss":0.0,"damage_taken":0.0},{"damage_healed":0.0,"max_hp_gain":0.0,"max_hp_loss":4.0,"gold_gain":0.0,"event_name":"Winding Halls","player_choice":"Max HP","floor":45.0,"gold_loss":0.0,"damage_taken":0.0},{"damage_healed":0.0,"max_hp_gain":0.0,"max_hp_loss":0.0,"gold_gain":333.0,"event_name":"The Moai Head","player_choice":"Gave Idol","floor":48.0,"relics_lost":["Golden Idol"],"gold_loss":0.0,"damage_taken":0.0}],"is_beta":true,"boss_relics":[{"not_picked":["Runic Dome","Ectoplasm"],"picked":"Empty Cage"},{"not_picked":["Tiny House","Lizard Tail"],"picked":"Philosopher\u0027s Stone"}],"items_purged_floors":[3,20,28,29,54],"is_endless":false,"potions_floor_spawned":[1,11,14,19,22,31,36,39,42,44,47],"ascension_level":20}