{"gold_per_floor":[119,139,156,156,167,167,92,92,92,111,111,111,130,144,144,218,218],"floor_reached":17,"playtime":615,"items_purged":["Strike_G"],"score":298,"play_id":"c115400f-6a2f-42ef-9e81-389780dfe3d8","local_time":"20181227232945","is_ascension_mode":true,"campfire_choices":[{"data":"Well Laid Plans","floor":6.0,"key":"SMITH"},{"data":"Neutralize","floor":11.0,"key":"SMITH"},{"data":"Caltrops","floor":15.0,"key":"SMITH"}],"neow_cost":"NONE","seed_source_timestamp":41992544228369,"circlet_count":0,"master_deck":["AscendersBane","Defend_G","Defend_G","Defend_G","Defend_G","Strike_G","Strike_G","Strike_G","Survivor","Neutralize+1","Footwork","Tactician","Well Laid Plans+1","Caltrops+1","Footwork","Glass Knife","Adrenaline"],"special_seed":0,"relics":["Ring of the Snake","WingedGreaves","StoneCalendar"],"potions_floor_usage":[],"damage_taken":[{"damage":8.0,"enemies":"Cultist","floor":1.0,"turns":6.0},{"damage":0.0,"enemies":"2 Louse","floor":2.0,"turns":3.0},{"damage":1.0,"enemies":"Jaw Worm","floor":3.0,"turns":9.0},{"damage":5.0,"enemies":"2 Fungi Beasts","floor":5.0,"turns":5.0},{"damage":6.0,"enemies":"Exordium Wildlife","floor":10.0,"turns":7.0},{"damage":0.0,"enemies":"Red Slaver","floor":13.0,"turns":7.0},{"damage":0.0,"enemies":"Large Slime","floor":14.0,"turns":7.0},{"damage":6.0,"enemies":"The Guardian","floor":16.0,"turns":15.0}],"seed_played":"5491922589586231072","potions_obtained":[{"floor":2.0,"key":"Swift Potion"},{"floor":10.0,"key":"Dexterity Potion"}],"is_trial":false,"path_per_floor":["M","M","M","?","M","R","$","?","T","M","R","?","M","M","R","B",null],"character_chosen":"THE_SILENT","items_purchased":[],"campfire_rested":0,"item_purchase_floors":[],"current_hp_per_floor":[51,51,50,50,45,45,45,27,27,21,21,21,21,21,21,15,15],"gold":218,"neow_bonus":"REMOVE_CARD","is_prod":false,"is_daily":false,"chose_seed":false,"campfire_upgraded":3,"win_rate":0,"timestamp":1545924585,"path_taken":["M","M","?","?","M","R","$","?","T","M","R","?","?","M","R","BOSS"],"build_version":"2018-12-20","purchased_purges":1,"victory":false,"max_hp_per_floor":[66,66,66,66,66,66,66,66,66,66,66,66,66,66,66,66,66],"card_choices":[{"not_picked":["Dodge and Roll","Dagger Spray","Sucker Punch"],"picked":"SKIP","floor":1.0},{"not_picked":["Deadly Poison","Acrobatics"],"picked":"Footwork","floor":2.0},{"not_picked":["Riddle With Holes","Predator"],"picked":"Tactician","floor":3.0},{"not_picked":["Heel Hook","Caltrops"],"picked":"Well Laid Plans","floor":5.0},{"not_picked":["Terror","Underhanded Strike"],"picked":"Caltrops","floor":10.0},{"not_picked":["Cloak And Dagger","Backstab"],"picked":"Footwork","floor":13.0},{"not_picked":["Predator","Infinite Blades"],"picked":"Glass Knife","floor":14.0},{"not_picked":["Phantasmal Killer","Die Die Die"],"picked":"Adrenaline","floor":16.0}],"player_experience":1539838,"relics_obtained":[{"floor":9.0,"key":"StoneCalendar"}],"event_choices":[{"cards_removed":["Defend_G"],"damage_healed":0.0,"max_hp_gain":0.0,"max_hp_loss":0.0,"gold_gain":0.0,"event_name":"Living Wall","player_choice":"Forget","floor":4.0,"gold_loss":0.0,"damage_taken":0.0},{"damage_healed":0.0,"max_hp_gain":0.0,"max_hp_loss":0.0,"gold_gain":0.0,"event_name":"Scrap Ooze","player_choice":"Success","floor":8.0,"gold_loss":0.0,"damage_taken":18.0,"relics_obtained":["WingedGreaves"]},{"damage_healed":0.0,"max_hp_gain":0.0,"max_hp_loss":0.0,"gold_gain":0.0,"event_name":"Liars Game","player_choice":"Ignored","floor":12.0,"gold_loss":0.0,"damage_taken":0.0}],"is_beta":false,"boss_relics":[],"items_purged_floors":[7],"is_endless":false,"potions_floor_spawned":[2,10,13,14],"ascension_level":20}