{"gold_per_floor":[115,14,14,33,33,33,66,82,82,101,101],"floor_reached":11,"playtime":165,"items_purged":["Strike_R"],"score":172,"play_id":"1a92682f-edb4-47a3-a1d1-49c3ef6de26d","local_time":"20190209134609","is_ascension_mode":true,"campfire_choices":[{"data":"True Grit","floor":6,"key":"SMITH"}],"neow_cost":"NONE","seed_source_timestamp":1025626555227166,"circlet_count":0,"master_deck":["AscendersBane","Strike_R","Strike_R","Strike_R","Strike_R","Defend_R","Defend_R","Defend_R","Defend_R","Bash","True Grit+1","Shockwave","Disarm"],"relics":["Burning Blood","NeowsBlessing","Champion Belt","Bird Faced Urn"],"potions_floor_usage":[],"damage_taken":[{"damage":0,"enemies":"Cultist","floor":1,"turns":1},{"damage":0,"enemies":"2 Louse","floor":4,"turns":1},{"damage":0,"enemies":"Lagavulin","floor":7,"turns":1},{"damage":8,"enemies":"Small Slimes","floor":8,"turns":5},{"damage":26,"enemies":"Exordium Wildlife","floor":10,"turns":7},{"damage":0,"enemies":"Gremlin Nob","floor":11,"turns":1}],"seed_played":"-1086038599465601825","potions_obtained":[{"floor":1,"key":"SteroidPotion"},{"floor":4,"key":"SteroidPotion"}],"is_trial":false,"path_per_floor":["M","$","$","M","?","R","E","M","T","M","E"],"character_chosen":"IRONCLAD","items_purchased":["True Grit"],"campfire_rested":0,"item_purchase_floors":[2],"current_hp_per_floor":[74,74,74,75,75,75,75,73,73,53,53],"gold":101,"neow_bonus":"THREE_ENEMY_KILL","is_prod":false,"is_daily":false,"chose_seed":false,"campfire_upgraded":1,"win_rate":0,"timestamp":1549691169,"path_taken":["M","?","$","?","?","R","E","M","T","M","E"],"build_version":"2019-01-23","purchased_purges":1,"victory":false,"max_hp_per_floor":[75,75,75,75,75,75,75,75,75,75,75],"card_choices":[{"not_picked":["Metallicize","Intimidate","Wild Strike"],"picked":"SKIP","floor":1},{"not_picked":["Anger","Flex"],"picked":"Shockwave","floor":4},{"not_picked":["Dual Wield","Twin Strike","Carnage"],"picked":"SKIP","floor":7},{"not_picked":["Headbutt","Fiend Fire"],"picked":"Disarm","floor":8},{"not_picked":["Ghostly Armor","Headbutt","Hemokinesis"],"picked":"SKIP","floor":10}],"player_experience":710461,"relics_obtained":[{"floor":7,"key":"Champion Belt"},{"floor":9,"key":"Bird Faced Urn"}],"event_choices":[{"damage_healed":0,"gold_gain":0,"player_choice":"Leave","damage_taken":0,"max_hp_gain":0,"max_hp_loss":0,"event_name":"The Cleric","floor":5,"gold_loss":0}],"is_beta":false,"boss_relics":[],"items_purged_floors":[2],"is_endless":false,"potions_floor_spawned":[1,4],"killed_by":"Gremlin Nob","ascension_level":15}