{"gold_per_floor":[111,111,111,129,153,194,194,214,240,240,240,240,281,301,301,425,425,450,326,349,374,31,31,55,93,93,112,112,112,112,62,62,183,183,203,224,148,481,498,498,510,544,567,567,567,578,578,31,31,31],"floor_reached":51,"playtime":2128,"items_purged":["Strike_B","Strike_B","Defend_B","Defend_B","Defend_B"],"score":755,"play_id":"2e9e1db0-a69d-40ad-86c1-190407fe162c","local_time":"20190611134517","is_ascension_mode":false,"campfire_choices":[{"data":"Biased Cognition","floor":7.0,"key":"SMITH"},{"data":"Zap","floor":10.0,"key":"SMITH"},{"data":"Dualcast","floor":12.0,"key":"SMITH"},{"data":"Darkness","floor":15.0,"key":"SMITH"},{"data":"Defragment","floor":23.0,"key":"SMITH"},{"data":"Coolheaded","floor":28.0,"key":"SMITH"},{"data":"Hologram","floor":32.0,"key":"SMITH"},{"data":"Recycle","floor":40,"key":"SMITH"},{"data":"Coolheaded","floor":45,"key":"SMITH"},{"data":"Machine Learning","floor":49,"key":"SMITH"}],"neow_cost":"CURSE","seed_source_timestamp":9427270483048,"circlet_count":0,"master_deck":["Defend_B","Zap+1","Dualcast+1","Biased Cognition+1","Double Energy","FTL","Auto Shields","Recycle+1","Self Repair","Darkness+1","Core Surge","Coolheaded+1","Undo","Defragment+1","Chill","Hologram+1","Blizzard","Thunder Strike","Machine Learning+1","Capacitor+1","Coolheaded+1","Coolheaded+1","Chill+1"],"special_seed":0,"relics":["Cracked Core","DataDisk","Bronze Scales","Matryoshka","Centennial Puzzle","Runic Dome","Strange Spoon","Smiling Mask","Vajra","Bottled Lightning","Lizard Tail","Ornamental Fan","Regal Pillow","Oddly Smooth Stone","Happy Flower","Orichalcum","HandDrill"],"potions_floor_usage":[42,50,50,50],"damage_taken":[{"damage":0.0,"enemies":"Small Slimes","floor":1.0,"turns":2.0},{"damage":0.0,"enemies":"Jaw Worm","floor":4.0,"turns":3.0},{"damage":0.0,"enemies":"Cultist","floor":5.0,"turns":2.0},{"damage":21.0,"enemies":"Lagavulin","floor":6.0,"turns":8.0},{"damage":7.0,"enemies":"Exordium Wildlife","floor":8.0,"turns":4.0},{"damage":22.0,"enemies":"Gremlin Nob","floor":13.0,"turns":4.0},{"damage":0.0,"enemies":"Blue Slaver","floor":14.0,"turns":2.0},{"damage":17.0,"enemies":"Hexaghost","floor":16.0,"turns":8.0},{"damage":13.0,"enemies":"2 Thieves","floor":18.0,"turns":3.0},{"damage":4.0,"enemies":"Shell Parasite","floor":20.0,"turns":5.0},{"damage":5.0,"enemies":"Chosen and Byrds","floor":21.0,"turns":5.0},{"damage":6.0,"enemies":"Centurion and Healer","floor":24.0,"turns":6.0},{"damage":28.0,"enemies":"Gremlin Leader","floor":25.0,"turns":9.0},{"damage":0.0,"enemies":"Snake Plant","floor":27.0,"turns":3.0},{"damage":28.0,"enemies":"Automaton","floor":33.0,"turns":9.0},{"damage":7,"enemies":"3 Darklings","floor":35,"turns":5},{"damage":0,"enemies":"Orb Walker","floor":36,"turns":5},{"damage":5,"enemies":"Maw","floor":39,"turns":6},{"damage":0,"enemies":"Spire Growth","floor":41,"turns":5},{"damage":5,"enemies":"Reptomancer","floor":42,"turns":8},{"damage":10,"enemies":"Transient","floor":46,"turns":5},{"damage":1,"enemies":"Time Eater","floor":50,"turns":7}],"seed_played":"-4003103510042975784","potions_obtained":[{"floor":4.0,"key":"PowerPotion"},{"floor":6.0,"key":"Fire Potion"},{"floor":8.0,"key":"Regen Potion"},{"floor":16.0,"key":"EssenceOfSteel"},{"floor":18.0,"key":"SkillPotion"},{"floor":20.0,"key":"Energy Potion"},{"floor":33.0,"key":"Dexterity Potion"},{"floor":39,"key":"Swift Potion"},{"floor":42,"key":"Strength Potion"},{"floor":46,"key":"Swift Potion"}],"is_trial":false,"path_per_floor":["M","?","?","M","M","E","R","M","T","R","T","R","E","M","R","B",null,"M","$","M","M","$","R","M","E","T","M","R","?","?","$","R","B",null,"M","M","$","?","M","R","M","E","T","?","R","M","?","$","R","B",null],"character_chosen":"DEFECT","items_purchased":["Coolheaded","Defragment","Strange Spoon","Coolheaded","Happy Flower","Orichalcum","HandDrill"],"campfire_rested":0,"item_purchase_floors":[19,22,22,37,48,48,48],"current_hp_per_floor":[75,57,57,57,57,36,36,29,29,29,29,29,26,26,26,16,75,69,69,72,74,74,74,75,54,54,61,61,47,47,47,47,26,80,80,80,80,80,80,80,80,80,80,80,80,77,77,77,77,80],"gold":31,"neow_bonus":"THREE_RARE_CARDS","is_prod":false,"is_daily":false,"chose_seed":false,"campfire_upgraded":10,"win_rate":0,"timestamp":1560231917,"path_taken":["M","?","?","M","M","E","R","M","T","R","?","R","E","?","R","BOSS","M","$","M","M","$","R","M","E","T","M","R","?","?","?","R","BOSS","M","M","$","?","M","R","M","E","T","?","R","M","?","$","R","BOSS"],"build_version":"2019-01-23","purchased_purges":5,"victory":true,"max_hp_per_floor":[75,75,75,75,75,75,75,75,75,75,75,75,75,75,75,75,75,75,75,75,75,75,75,75,75,75,75,75,80,80,80,80,80,80,80,80,80,80,80,80,80,80,80,80,80,80,80,80,80,80],"card_choices":[{"not_picked":["Seek","Meteor Strike"],"picked":"Biased Cognition","floor":0.0},{"not_picked":["Streamline","Gash"],"picked":"Double Energy","floor":1.0},{"not_picked":["Compile Driver","Blizzard"],"picked":"FTL","floor":4.0},{"not_picked":["Leap","Reprogram"],"picked":"Auto Shields","floor":5.0},{"not_picked":["Fusion","Coolheaded"],"picked":"Recycle","floor":6.0},{"not_picked":["Streamline","Consume"],"picked":"Self Repair","floor":8.0},{"not_picked":["Hologram","Conserve Battery"],"picked":"Darkness","floor":13.0},{"not_picked":["Leap","Streamline","Recycle"],"picked":"SKIP","floor":14.0},{"not_picked":["Rainbow","Buffer"],"picked":"Core Surge","floor":16.0},{"not_picked":["Recycle","Turbo","Streamline+1"],"picked":"SKIP","floor":18.0},{"not_picked":["Beam Cell+1","Leap+1"],"picked":"Undo","floor":20.0},{"not_picked":["Ball Lightning","Undo","Cold Snap"],"picked":"SKIP","floor":21.0},{"not_picked":["Undo","Consume","Beam Cell+1"],"picked":"SKIP","floor":24.0},{"not_picked":["Stack","Steam"],"picked":"Chill","floor":25.0},{"not_picked":["Cold Snap","Fusion"],"picked":"Hologram","floor":27.0},{"not_picked":["Hyperbeam","All For One"],"picked":"Machine Learning","floor":33.0},{"not_picked":["Heatsinks","Melter+1"],"picked":"Capacitor+1","floor":35},{"not_picked":["Steam+1","Stack","Auto Shields"],"picked":"SKIP","floor":36},{"not_picked":["Barrage+1","Reprogram","Leap+1"],"picked":"SKIP","floor":39},{"not_picked":["Undo","Barrage+1"],"picked":"Coolheaded+1","floor":41},{"not_picked":["Hologram+1","Conserve Battery"],"picked":"Chill+1","floor":42},{"not_picked":["Auto Shields","Beam Cell+1","Barrage"],"picked":"SKIP","floor":46}],"player_experience":5046786,"relics_obtained":[{"floor":6.0,"key":"DataDisk"},{"floor":9.0,"key":"Bronze Scales"},{"floor":11.0,"key":"Matryoshka"},{"floor":13.0,"key":"Centennial Puzzle"},{"floor":25.0,"key":"Smiling Mask"},{"floor":26.0,"key":"Vajra"},{"floor":26.0,"key":"Bottled Lightning"},{"floor":42,"key":"Ornamental Fan"},{"floor":43,"key":"Regal Pillow"},{"floor":43,"key":"Oddly Smooth Stone"}],"event_choices":[{"damage_healed":0.0,"max_hp_gain":0.0,"max_hp_loss":0.0,"gold_gain":0.0,"event_name":"Golden Idol","player_choice":"Take Damage","floor":2.0,"gold_loss":0.0,"damage_taken":18.0,"relics_obtained":["Golden Idol"]},{"cards_removed":["Decay"],"damage_healed":0.0,"max_hp_gain":0.0,"max_hp_loss":0.0,"gold_gain":0.0,"event_name":"Living Wall","player_choice":"Forget","floor":3.0,"gold_loss":0.0,"damage_taken":0.0},{"damage_healed":0.0,"max_hp_gain":5.0,"max_hp_loss":0.0,"gold_gain":0.0,"event_name":"Forgotten Altar","player_choice":"Shed Blood","floor":29.0,"gold_loss":0.0,"damage_taken":19.0},{"damage_healed":0.0,"max_hp_gain":0.0,"max_hp_loss":0.0,"gold_gain":0.0,"cards_transformed":["Strike_B","Strike_B"],"event_name":"Drug Dealer","player_choice":"Became Test Subject","floor":30.0,"gold_loss":0.0,"damage_taken":0.0,"cards_obtained":["Blizzard","Thunder Strike"]},{"damage_healed":0,"gold_gain":333,"player_choice":"Gave Idol","damage_taken":0,"max_hp_gain":0,"max_hp_loss":0,"event_name":"The Moai Head","floor":38,"relics_lost":["Golden Idol"],"gold_loss":0},{"damage_healed":0,"gold_gain":0,"player_choice":"Ignored","damage_taken":0,"max_hp_gain":0,"max_hp_loss":0,"event_name":"Tomb of Lord Red Mask","floor":44,"gold_loss":0},{"damage_healed":0,"gold_gain":0,"player_choice":"Ignored","damage_taken":0,"max_hp_gain":0,"max_hp_loss":0,"event_name":"Mysterious Sphere","floor":47,"gold_loss":0}],"is_beta":false,"boss_relics":[{"not_picked":["Ectoplasm","Busted Crown"],"picked":"Runic Dome"},{"not_picked":["Philosopher\u0027s Stone","Calling Bell"],"picked":"Lizard Tail"}],"items_purged_floors":[19,22,31,37,48],"is_endless":false,"potions_floor_spawned":[4,6,8,16,18,20,24,33,39,42,46],"ascension_level":0}