{"gold_per_floor":[117,117,117,117,142,142,183,108,108,8,29,49,65,98,98,194,194,214,0,19,19,19],"floor_reached":22,"playtime":510,"items_purged":["Strike_G","Strike_G","Strike_G"],"score":438,"play_id":"46c947e9-d3f7-4678-90dd-b9b12087c9fd","local_time":"20190128233822","is_ascension_mode":true,"campfire_choices":[{"data":"Blade Dance","floor":6.0,"key":"SMITH"},{"data":"Accuracy","floor":15.0,"key":"SMITH"}],"neow_cost":"NONE","seed_source_timestamp":51808649024367,"circlet_count":0,"master_deck":["AscendersBane","Defend_G","Defend_G","Defend_G","Defend_G","Defend_G","Survivor","Neutralize+1","Blade Dance+1","Infinite Blades","Predator","Accuracy+1","Footwork","Deep Breath","Reflex","Accuracy"],"special_seed":0,"relics":["Ring of the Snake","NeowsBlessing","Golden Idol","Whetstone","Pantograph","Singing Bowl","Coffee Dripper"],"potions_floor_usage":[22,22],"damage_taken":[{"damage":0.0,"enemies":"2 Louse","floor":1.0,"turns":1.0},{"damage":0.0,"enemies":"Small Slimes","floor":5.0,"turns":2.0},{"damage":0.0,"enemies":"Gremlin Nob","floor":7.0,"turns":1.0},{"damage":2.0,"enemies":"Jaw Worm","floor":11.0,"turns":3.0},{"damage":10.0,"enemies":"Large Slime","floor":12.0,"turns":6.0},{"damage":0.0,"enemies":"2 Fungi Beasts","floor":13.0,"turns":3.0},{"damage":12.0,"enemies":"3 Sentries","floor":14.0,"turns":6.0},{"damage":35.0,"enemies":"Slime Boss","floor":16.0,"turns":9.0},{"damage":12.0,"enemies":"2 Thieves","floor":18.0,"turns":4.0},{"damage":23.0,"enemies":"Chosen","floor":20.0,"turns":4.0},{"damage":36,"enemies":"Colosseum Slavers","floor":22,"turns":3}],"seed_played":"6084500794981801476","potions_obtained":[{"floor":12.0,"key":"Explosive Potion"},{"floor":13.0,"key":"Dexterity Potion"},{"floor":16.0,"key":"Regen Potion"},{"floor":20.0,"key":"Explosive Potion"}],"is_trial":false,"path_per_floor":["M","?","?","?","M","R","E","$","T","$","M","M","M","E","R","B",null,"M","$","M","?","?"],"character_chosen":"THE_SILENT","items_purchased":["Deep Breath"],"campfire_rested":0,"item_purchase_floors":[19],"current_hp_per_floor":[59,59,52,52,52,52,52,52,52,52,50,40,40,30,30,20,52,40,40,19,19,0],"gold":19,"neow_bonus":"THREE_ENEMY_KILL","is_prod":false,"is_daily":false,"chose_seed":false,"campfire_upgraded":2,"win_rate":0,"timestamp":1548689902,"path_taken":["M","?","?","?","M","R","E","?","T","$","M","M","M","E","R","BOSS","M","$","M","?","?"],"build_version":"2019-01-23","purchased_purges":3,"victory":false,"max_hp_per_floor":[66,60,60,60,60,60,60,60,60,60,60,60,60,62,62,62,62,62,62,64,64,64],"card_choices":[{"not_picked":["Bane","Backflip"],"picked":"Blade Dance","floor":1.0},{"not_picked":["Terror","Concentrate","Expertise"],"picked":"SKIP","floor":5.0},{"not_picked":["Quick Slash","Dash"],"picked":"Infinite Blades","floor":7.0},{"not_picked":["Dodge and Roll","PiercingWail","Predator"],"picked":"SKIP","floor":11.0},{"not_picked":["Dodge and Roll","PiercingWail"],"picked":"Predator","floor":11.0},{"not_picked":["Dash","Deflect"],"picked":"Accuracy","floor":12.0},{"not_picked":["Outmaneuver","Distraction","Venomology"],"picked":"SKIP","floor":13.0},{"not_picked":["PiercingWail","Choke","Deadly Poison"],"picked":"Singing Bowl","floor":14.0},{"not_picked":["Die Die Die","Bullet Time"],"picked":"Burst","floor":16.0},{"not_picked":["Concentrate+1","Slice"],"picked":"Footwork","floor":18.0},{"not_picked":["Dodge and Roll","Bane+1","Distraction"],"picked":"Singing Bowl","floor":20.0}],"player_experience":1380564,"relics_obtained":[{"floor":7.0,"key":"Whetstone"},{"floor":9.0,"key":"Pantograph"},{"floor":14.0,"key":"Singing Bowl"}],"event_choices":[{"damage_healed":0.0,"max_hp_gain":0.0,"max_hp_loss":6.0,"gold_gain":0.0,"event_name":"Golden Idol","player_choice":"Lose Max HP","floor":2.0,"gold_loss":0.0,"damage_taken":0.0,"relics_obtained":["Golden Idol"]},{"cards_removed":["Strike_G"],"damage_healed":0.0,"max_hp_gain":0.0,"max_hp_loss":0.0,"gold_gain":0.0,"event_name":"Golden Wing","player_choice":"Card Removal","floor":3.0,"gold_loss":0.0,"damage_taken":7.0},{"damage_healed":0.0,"max_hp_gain":0.0,"max_hp_loss":0.0,"gold_gain":0.0,"event_name":"Liars Game","player_choice":"Ignored","floor":4.0,"gold_loss":0.0,"damage_taken":0.0},{"damage_healed":0,"gold_gain":0,"cards_transformed":["Strike_G","Burst"],"player_choice":"Became Test Subject","damage_taken":0,"max_hp_gain":0,"max_hp_loss":0,"event_name":"Drug Dealer","floor":21,"gold_loss":0,"cards_obtained":["Reflex","Accuracy"]},{"damage_healed":0,"gold_gain":0,"player_choice":"Fight","damage_taken":0,"max_hp_gain":0,"max_hp_loss":0,"event_name":"Colosseum","floor":22,"gold_loss":0}],"is_beta":true,"boss_relics":[{"not_picked":["HoveringKite","Runic Pyramid"],"picked":"Coffee Dripper"}],"items_purged_floors":[8,10,19],"is_endless":false,"potions_floor_spawned":[12,13,14,16,20],"killed_by":"Colosseum Slavers","ascension_level":20}