{"gold_per_floor":[116,116,41,60,79,79,4,18,18,29,29,48,48,48,48,122,122,141,41,51,61,61,61,73,73,73,73,83,117,117,117,117,192,192,212,226,77,126,137,137,168,168,244,244,344,110,110,140,140,140,140,140,140,5,36,36],"floor_reached":56,"playtime":3056,"items_purged":["Strike_B","Defend_B","Defend_B","Pain","Defend_B"],"score":1961,"play_id":"60b14c97-8746-4a17-a1de-58a147194915","local_time":"20181231161925","is_ascension_mode":true,"campfire_choices":[{"data":"Coolheaded","floor":6.0,"key":"SMITH"},{"data":"Go for the Eyes","floor":11.0,"key":"SMITH"},{"data":"Coolheaded","floor":15.0,"key":"SMITH"},{"data":"Skim","floor":23.0,"key":"SMITH"},{"data":"Reboot","floor":25.0,"key":"SMITH"},{"floor":30.0,"key":"REST"},{"data":"Zap","floor":32.0,"key":"SMITH"},{"data":"Coolheaded","floor":40.0,"key":"SMITH"},{"data":"Recycle","floor":42.0,"key":"SMITH"},{"data":"Coolheaded","floor":44.0,"key":"SMITH"},{"data":"Apotheosis","floor":47.0,"key":"SMITH"},{"floor":49.0,"key":"RECALL"},{"data":"White Noise","floor":53.0,"key":"SMITH"}],"neow_cost":"NONE","seed_source_timestamp":15944025577530,"circlet_count":0,"master_deck":["AscendersBane","Zap+1","Dualcast","Gash","Gash","Coolheaded+1","Go for the Eyes+1","Skim+1","Coolheaded+1","Reboot+1","Glacier","Hologram+1","White Noise+1","Scrape","Self Repair+1","All For One","Coolheaded+1","Recycle+1","Chill+1","Echo Form","Trip","Coolheaded+1","Apotheosis+1","Loop"],"special_seed":0,"relics":["Cursed Key","Black Star","Happy Flower","Smiling Mask","Orrery","Ice Cream","Bottled Tornado","Bottled Lightning","Thread and Needle","DataDisk","Potion Belt","Mummified Hand","Oddly Smooth Stone"],"potions_floor_usage":[56,56],"damage_taken":[{"damage":0.0,"enemies":"Cultist","floor":1.0,"turns":3.0},{"damage":9.0,"enemies":"Jaw Worm","floor":4.0,"turns":4.0},{"damage":10.0,"enemies":"Small Slimes","floor":5.0,"turns":4.0},{"damage":1.0,"enemies":"Looter","floor":8.0,"turns":4.0},{"damage":2.0,"enemies":"Lots of Slimes","floor":10.0,"turns":4.0},{"damage":3.0,"enemies":"Red Slaver","floor":12.0,"turns":3.0},{"damage":21.0,"enemies":"Hexaghost","floor":16.0,"turns":9.0},{"damage":0.0,"enemies":"3 Byrds","floor":18.0,"turns":6.0},{"damage":0.0,"enemies":"Chosen","floor":20.0,"turns":5.0},{"damage":4.0,"enemies":"Snecko","floor":21.0,"turns":5.0},{"damage":33.0,"enemies":"Cultist and Chosen","floor":24.0,"turns":9.0},{"damage":0.0,"enemies":"3 Cultists","floor":28.0,"turns":4.0},{"damage":8.0,"enemies":"Gremlin Leader","floor":29.0,"turns":5.0},{"damage":12.0,"enemies":"Automaton","floor":33.0,"turns":6.0},{"damage":0.0,"enemies":"3 Shapes","floor":35.0,"turns":7.0},{"damage":0.0,"enemies":"Orb Walker","floor":36.0,"turns":4.0},{"damage":31.0,"enemies":"2 Orb Walkers","floor":38.0,"turns":6.0},{"damage":2.0,"enemies":"Writhing Mass","floor":39.0,"turns":6.0},{"damage":15.0,"enemies":"Nemesis","floor":41.0,"turns":7.0},{"damage":2.0,"enemies":"Mind Bloom Boss Battle","floor":45.0,"turns":5.0},{"damage":1.0,"enemies":"Giant Head","floor":48.0,"turns":4.0},{"damage":14.0,"enemies":"Donu and Deca","floor":50.0,"turns":7.0},{"damage":25.0,"enemies":"Time Eater","floor":51.0,"turns":7.0},{"damage":53.0,"enemies":"Shield and Spear","floor":55.0,"turns":6.0},{"damage":30,"enemies":"The Heart","floor":56,"turns":5}],"seed_played":"5159879250422708030","potions_obtained":[{"floor":1.0,"key":"Fire Potion"},{"floor":5.0,"key":"Fire Potion"},{"floor":12.0,"key":"Poison Potion"},{"floor":20.0,"key":"Fire Potion"},{"floor":21.0,"key":"Poison Potion"},{"floor":24.0,"key":"Strength Potion"},{"floor":35.0,"key":"Regen Potion"},{"floor":36.0,"key":"Strength Potion"},{"floor":45.0,"key":"SpeedPotion"}],"is_trial":false,"path_per_floor":["M","?","?","M","M","R","$","M","T","M","R","M","?","?","R","B",null,"M","$","M","M","$","R","M","R","T","$","M","E","R","?","R","B",null,"M","M","$","?","M","R","E","R","T","R","?","$","R","E","R","B","B",null,"R","$","E","B"],"character_chosen":"DEFECT","items_purchased":["Trip","Apotheosis","FocusPotion"],"campfire_rested":1,"item_purchase_floors":[37,46,54],"current_hp_per_floor":[64,57,57,48,38,38,38,37,37,35,35,32,37,37,37,16,61,61,61,61,57,57,57,24,24,24,24,24,16,38,38,38,36,66,76,76,76,55,76,76,76,76,76,76,76,76,76,76,76,72,57,71,71,71,28,0],"gold":36,"neow_bonus":"BOSS_RELIC","is_prod":false,"is_daily":false,"chose_seed":false,"campfire_upgraded":11,"win_rate":0,"timestamp":1546244365,"path_taken":["M","?","?","M","M","R","$","M","T","M","R","M","?","?","R","BOSS","M","$","?","M","?","R","M","R","T","?","?","E","R","?","R","BOSS","M","?","$","?","M","R","E","R","T","R","?","$","R","E","R","BOSS","BOSS","R","$","E","BOSS"],"build_version":"2018-12-20","purchased_purges":5,"victory":false,"max_hp_per_floor":[71,71,71,71,71,71,71,71,71,71,71,71,76,76,76,76,76,76,76,76,76,76,76,76,76,76,76,76,76,76,76,76,76,76,76,76,76,76,76,76,76,76,76,76,76,76,76,76,76,76,76,76,76,76,76,76],"card_choices":[{"not_picked":["BootSequence","Steam"],"picked":"Gash","floor":1.0},{"not_picked":["Aggregate","Skim"],"picked":"Gash","floor":4.0},{"not_picked":["Turbo","Cold Snap"],"picked":"Coolheaded","floor":5.0},{"not_picked":["Blizzard","Chaos"],"picked":"Go for the Eyes","floor":8.0},{"not_picked":["Glacier","Force Field"],"picked":"Skim","floor":10.0},{"not_picked":["Leap","Redo"],"picked":"Coolheaded","floor":12.0},{"not_picked":["Thunder Strike","Machine Learning"],"picked":"Reboot","floor":16.0},{"not_picked":["Steam Power","Leap"],"picked":"Glacier","floor":18.0},{"not_picked":["Cold Snap","Aggregate"],"picked":"Hologram+1","floor":20.0},{"not_picked":["Turbo","Streamline","Blizzard"],"picked":"SKIP","floor":21.0},{"not_picked":["Streamline","Glacier"],"picked":"White Noise","floor":24.0},{"not_picked":["Aggregate","Beam Cell"],"picked":"Scrape","floor":28.0},{"not_picked":["Steam","Loop"],"picked":"Self Repair+1","floor":29.0},{"not_picked":["Biased Cognition","Echo Form"],"picked":"All For One","floor":33.0},{"not_picked":["Blizzard","Tempest"],"picked":"Coolheaded","floor":34.0},{"not_picked":["Conserve Battery","Stack"],"picked":"Recycle","floor":34.0},{"not_picked":["Conserve Battery","Streamline"],"picked":"Chill+1","floor":34.0},{"not_picked":["Redo","Darkness+1","Melter"],"picked":"SKIP","floor":35.0},{"not_picked":["Stack","Blizzard"],"picked":"Echo Form","floor":36.0},{"not_picked":["Glacier+1","Chaos"],"picked":"Coolheaded","floor":39.0},{"not_picked":["Compile Driver","Hyperbeam","Auto Shields"],"picked":"SKIP","floor":41.0},{"not_picked":["Ball Lightning","Force Field","Streamline"],"picked":"SKIP","floor":48.0},{"not_picked":["Chaos","Sweeping Beam+1"],"picked":"Loop","floor":55.0}],"player_experience":1621557,"relics_obtained":[{"floor":29.0,"key":"Happy Flower"},{"floor":29.0,"key":"Smiling Mask"},{"floor":38.0,"key":"Ice Cream"},{"floor":41.0,"key":"Bottled Tornado"},{"floor":41.0,"key":"Bottled Lightning"},{"floor":45.0,"key":"Thread and Needle"},{"floor":48.0,"key":"DataDisk"},{"floor":48.0,"key":"Potion Belt"},{"floor":55.0,"key":"Mummified Hand"},{"floor":55.0,"key":"Oddly Smooth Stone"}],"event_choices":[{"cards_removed":["Strike_B"],"damage_healed":0.0,"max_hp_gain":0.0,"max_hp_loss":0.0,"gold_gain":0.0,"event_name":"Golden Wing","player_choice":"Card Removal","floor":2.0,"gold_loss":0.0,"damage_taken":7.0},{"cards_removed":["Defend_B"],"damage_healed":0.0,"max_hp_gain":0.0,"max_hp_loss":0.0,"gold_gain":0.0,"event_name":"The Cleric","player_choice":"Card Removal","floor":3.0,"gold_loss":75.0,"damage_taken":0.0},{"damage_healed":0.0,"max_hp_gain":5.0,"max_hp_loss":0.0,"gold_gain":0.0,"event_name":"Big Fish","player_choice":"Donut","floor":13.0,"gold_loss":0.0,"damage_taken":0.0},{"cards_removed":["Strike_B"],"damage_healed":0.0,"max_hp_gain":0.0,"max_hp_loss":0.0,"gold_gain":0.0,"event_name":"Purifier","player_choice":"Purged","floor":14.0,"gold_loss":0.0,"damage_taken":0.0},{"cards_removed":["Strike_B"],"damage_healed":0.0,"max_hp_gain":0.0,"max_hp_loss":0.0,"gold_gain":0.0,"event_name":"Purifier","player_choice":"Purged","floor":31.0,"gold_loss":0.0,"damage_taken":0.0},{"damage_healed":0.0,"max_hp_gain":0.0,"max_hp_loss":0.0,"gold_gain":0.0,"event_name":"Mysterious Sphere","player_choice":"Fight","floor":38.0,"gold_loss":0.0,"damage_taken":0.0},{"damage_healed":0.0,"max_hp_gain":0.0,"max_hp_loss":0.0,"gold_gain":0.0,"event_name":"MindBloom","player_choice":"Fight","floor":45.0,"gold_loss":0.0,"damage_taken":0.0}],"is_beta":false,"boss_relics":[{"not_picked":["Philosopher\u0027s Stone","Velvet Choker"],"picked":"Black Star"},{"not_picked":["Calling Bell","Pandora\u0027s Box"],"picked":"Orrery"}],"items_purged_floors":[7,19,37,46,54],"is_endless":false,"potions_floor_spawned":[1,5,12,20,21,24,35,36,45],"killed_by":"The Heart","ascension_level":20}