{"gold_per_floor":[118,118,118,130,142,174,174,205,230,242,259,270,304,321,321,398,398,410,199,211,211,223,223,254,274,274,95,10,10,41,55,55,133,133,144,144,19,19,37,62,62,80,107,136,136,146,157,169,169,169,169,169,169,19,46,46],"floor_reached":57,"playtime":2565,"items_purged":["Envenom","Storm of Steel","Infinite Blades","Decay"],"score":3402,"play_id":"7e36a7af-58af-484c-8d4d-df01fa6f0736","local_time":"20190721020957","is_ascension_mode":true,"campfire_choices":[{"floor":15.0,"key":"REST"},{"data":"Tactician","floor":23.0,"key":"SMITH"},{"data":"Acrobatics","floor":32.0,"key":"SMITH"},{"data":"Calculated Gamble","floor":41.0,"key":"SMITH"},{"floor":49.0,"key":"RECALL"},{"data":"Deep Breath","floor":53.0,"key":"SMITH"}],"neow_cost":"NONE","seed_source_timestamp":406115549057789,"circlet_count":0,"master_deck":["AscendersBane","Survivor","Neutralize","Noxious Fumes","Escape Plan","Acrobatics","Grand Finale","Well Laid Plans","Doppelganger","Doppelganger","Deflect","Tactician+1","Acrobatics+1","Reflex","Deep Breath+1","Backflip+1","Prepared+1","Calculated Gamble+1"],"special_seed":0,"relics":["Ring of the Snake","NeowsBlessing","PreservedInsect","Vajra","Blood Vial","Juzu Bracelet","Pandora\u0027s Box","Bag of Marbles","Question Card","Ancient Tea Set","Pocketwatch","Runic Dome","Tingsha","Ninja Scroll","Happy Flower"],"potions_floor_usage":[56,56],"damage_taken":[{"damage":0.0,"enemies":"Jaw Worm","floor":1.0,"turns":1.0},{"damage":0.0,"enemies":"2 Louse","floor":4.0,"turns":1.0},{"damage":0.0,"enemies":"Cultist","floor":5.0,"turns":1.0},{"damage":27.0,"enemies":"3 Sentries","floor":6.0,"turns":9.0},{"damage":6.0,"enemies":"Gremlin Nob","floor":8.0,"turns":3.0},{"damage":1.0,"enemies":"Blue Slaver","floor":10.0,"turns":4.0},{"damage":11.0,"enemies":"Red Slaver","floor":11.0,"turns":5.0},{"damage":2.0,"enemies":"Gremlin Gang","floor":12.0,"turns":4.0},{"damage":9.0,"enemies":"Lagavulin","floor":13.0,"turns":6.0},{"damage":6.0,"enemies":"Lots of Slimes","floor":14.0,"turns":6.0},{"damage":26.0,"enemies":"Slime Boss","floor":16.0,"turns":10.0},{"damage":6.0,"enemies":"Spheric Guardian","floor":18.0,"turns":4.0},{"damage":3.0,"enemies":"3 Byrds","floor":20.0,"turns":2.0},{"damage":11.0,"enemies":"Snake Plant","floor":22.0,"turns":3.0},{"damage":27.0,"enemies":"Slavers","floor":24.0,"turns":3.0},{"damage":1.0,"enemies":"Chosen and Byrds","floor":25.0,"turns":5.0},{"damage":0.0,"enemies":"Gremlin Leader","floor":30.0,"turns":2.0},{"damage":2.0,"enemies":"Shelled Parasite and Fungi","floor":31.0,"turns":3.0},{"damage":0.0,"enemies":"Collector","floor":33.0,"turns":4.0},{"damage":0.0,"enemies":"Orb Walker","floor":35.0,"turns":3.0},{"damage":0.0,"enemies":"3 Shapes","floor":39.0,"turns":1.0},{"damage":0.0,"enemies":"Giant Head","floor":40.0,"turns":2.0},{"damage":0.0,"enemies":"Spire Growth","floor":42.0,"turns":2.0},{"damage":0.0,"enemies":"Nemesis","floor":44.0,"turns":1.0},{"damage":0.0,"enemies":"Transient","floor":46.0,"turns":4.0},{"damage":0.0,"enemies":"4 Shapes","floor":47.0,"turns":1.0},{"damage":0.0,"enemies":"3 Darklings","floor":48.0,"turns":2.0},{"damage":0.0,"enemies":"Donu and Deca","floor":50.0,"turns":2.0},{"damage":0.0,"enemies":"Awakened One","floor":51.0,"turns":3.0},{"damage":0.0,"enemies":"Shield and Spear","floor":55.0,"turns":1.0},{"damage":65,"enemies":"The Heart","floor":56,"turns":7}],"seed_played":"-2231671403519635151","potions_obtained":[{"floor":4.0,"key":"FearPotion"},{"floor":5.0,"key":"SpeedPotion"},{"floor":6.0,"key":"Fire Potion"},{"floor":12.0,"key":"GhostInAJar"},{"floor":16.0,"key":"Weak Potion"},{"floor":18.0,"key":"Fire Potion"},{"floor":30.0,"key":"Weak Potion"},{"floor":39.0,"key":"FearPotion"}],"is_trial":false,"path_per_floor":["M","?","?","M","M","E","?","E","T","M","M","M","E","M","R","B",null,"M","$","M","?","M","R","E","M","T","$","?","?","E","M","R","B",null,"M","?","$","?","M","E","R","M","T","E","?","M","M","M","R","B","B",null,"R","$","E","B",null],"character_chosen":"THE_SILENT","items_purchased":["Reflex","Deep Breath","GamblersBrew"],"campfire_rested":1,"item_purchase_floors":[19,19,27],"current_hp_per_floor":[59,64,57,57,57,30,30,24,24,25,16,16,9,5,26,2,54,50,50,49,49,40,40,15,16,16,16,16,81,81,79,79,81,81,81,81,81,77,77,77,77,77,77,77,77,77,77,77,77,77,77,77,77,77,77,12],"gold":46,"neow_bonus":"THREE_ENEMY_KILL","is_prod":false,"is_daily":false,"chose_seed":false,"campfire_upgraded":4,"win_rate":0,"timestamp":1563642597,"path_taken":["M","?","?","M","?","E","?","E","T","M","M","?","E","M","R","BOSS","M","$","M","?","M","R","E","M","T","$","?","?","E","M","R","BOSS","M","?","?","?","M","E","R","M","T","E","?","M","M","M","R","BOSS","BOSS","R","$","E","BOSS"],"build_version":"2019-07-17","purchased_purges":4,"victory":true,"max_hp_per_floor":[66,71,71,71,71,71,71,71,71,71,71,71,71,71,71,71,71,71,71,71,71,71,71,71,71,71,71,71,81,81,81,81,81,81,81,81,81,77,77,77,77,77,77,77,77,77,77,77,77,77,77,77,77,77,77,77],"card_choices":[{"not_picked":["Dagger Spray","Poisoned Stab"],"picked":"Noxious Fumes","floor":1.0},{"not_picked":["PiercingWail","Quick Slash"],"picked":"Escape Plan","floor":4.0},{"not_picked":["Leg Sweep","Slice"],"picked":"Infinite Blades","floor":5.0},{"not_picked":["Eviscerate","Dagger Throw"],"picked":"Unload","floor":6.0},{"not_picked":["Concentrate","Masterful Stab"],"picked":"Envenom","floor":8.0},{"not_picked":["Cloak And Dagger","Underhanded Strike","Finisher"],"picked":"SKIP","floor":10.0},{"not_picked":["Infinite Blades","Expertise","Concentrate"],"picked":"SKIP","floor":11.0},{"not_picked":["Caltrops","Deadly Poison"],"picked":"Acrobatics","floor":12.0},{"not_picked":["Infinite Blades","Dagger Throw","Skewer"],"picked":"SKIP","floor":13.0},{"not_picked":["Poisoned Stab","Flying Knee","Backflip"],"picked":"SKIP","floor":14.0},{"not_picked":["Glass Knife","Tools of the Trade"],"picked":"Grand Finale","floor":16.0},{"not_picked":["Poisoned Stab","Finisher","Infinite Blades"],"picked":"SKIP","floor":18.0},{"not_picked":["Outmaneuver","Deflect","Terror"],"picked":"SKIP","floor":20.0},{"not_picked":["Dagger Spray","PiercingWail+1","Reflex"],"picked":"SKIP","floor":22.0},{"not_picked":["Deadly Poison","Backflip+1","Phantasmal Killer"],"picked":"SKIP","floor":24.0},{"not_picked":["Deadly Poison","Phantasmal Killer"],"picked":"Backflip+1","floor":24.0},{"not_picked":["Outmaneuver","Quick Slash","Expertise"],"picked":"SKIP","floor":25.0},{"not_picked":["Outmaneuver","Quick Slash","Expertise"],"picked":"SKIP","floor":25.0},{"not_picked":["Masterful Stab","Tactician","Quick Slash","Prepared"],"picked":"SKIP","floor":30.0},{"not_picked":["Blade Dance","Sucker Punch","Acrobatics","Deadly Poison"],"picked":"SKIP","floor":31.0},{"not_picked":["Deflect+1","PiercingWail","Sucker Punch","Predator"],"picked":"SKIP","floor":35.0},{"not_picked":["Quick Slash","Caltrops","Backflip"],"picked":"Prepared+1","floor":39.0},{"not_picked":["Acrobatics","Outmaneuver","Bouncing Flask"],"picked":"Calculated Gamble","floor":40.0},{"not_picked":["Endless Agony","Deflect","Choke","Blade Dance"],"picked":"SKIP","floor":42.0},{"not_picked":["Dagger Spray","Terror","Doppelganger","Blade Dance"],"picked":"SKIP","floor":44.0},{"not_picked":["Masterful Stab","Well Laid Plans","Dodge and Roll","Blade Dance+1"],"picked":"SKIP","floor":46.0},{"not_picked":["Dodge and Roll","Flying Knee","Prepared","Dagger Spray"],"picked":"SKIP","floor":47.0},{"not_picked":["Flying Knee+1","Slice+1","Doppelganger","Choke"],"picked":"SKIP","floor":48.0},{"not_picked":["Dodge and Roll","Acrobatics+1","Dagger Throw","Choke+1"],"picked":"SKIP","floor":55.0}],"player_experience":649285,"relics_obtained":[{"floor":6.0,"key":"PreservedInsect"},{"floor":8.0,"key":"Vajra"},{"floor":9.0,"key":"Blood Vial"},{"floor":13.0,"key":"Juzu Bracelet"},{"floor":24.0,"key":"Bag of Marbles"},{"floor":26.0,"key":"Question Card"},{"floor":30.0,"key":"Pocketwatch"},{"floor":40.0,"key":"Tingsha"},{"floor":44.0,"key":"Ninja Scroll"},{"floor":55.0,"key":"Happy Flower"}],"event_choices":[{"damage_healed":0.0,"max_hp_gain":5.0,"max_hp_loss":0.0,"gold_gain":0.0,"event_name":"Big Fish","player_choice":"Donut","floor":2.0,"gold_loss":0.0,"damage_taken":0.0},{"cards_removed":["Strike_G"],"damage_healed":0.0,"max_hp_gain":0.0,"max_hp_loss":0.0,"gold_gain":0.0,"event_name":"Golden Wing","player_choice":"Card Removal","floor":3.0,"gold_loss":0.0,"damage_taken":7.0},{"cards_removed":["Strike_G"],"damage_healed":0.0,"max_hp_gain":0.0,"max_hp_loss":0.0,"gold_gain":0.0,"event_name":"Purifier","player_choice":"Purged","floor":7.0,"gold_loss":0.0,"damage_taken":0.0},{"damage_healed":0.0,"max_hp_gain":0.0,"max_hp_loss":0.0,"gold_gain":0.0,"event_name":"Duplicator","player_choice":"Ignored","floor":21.0,"gold_loss":0.0,"damage_taken":0.0},{"damage_healed":0.0,"max_hp_gain":0.0,"max_hp_loss":0.0,"gold_gain":0.0,"event_name":"Addict","player_choice":"Obtained Relic","floor":28.0,"gold_loss":85.0,"damage_taken":0.0,"relics_obtained":["Ancient Tea Set"]},{"cards_removed":["Night Terror"],"damage_healed":55.0,"max_hp_gain":10.0,"max_hp_loss":0.0,"gold_gain":0.0,"event_name":"Bonfire Elementals","player_choice":"Offered Rare","floor":29.0,"gold_loss":0.0,"damage_taken":0.0},{"cards_removed":["Unload"],"damage_healed":0.0,"max_hp_gain":0.0,"max_hp_loss":0.0,"gold_gain":0.0,"event_name":"Purifier","player_choice":"Purged","floor":36.0,"gold_loss":0.0,"damage_taken":0.0},{"damage_healed":0.0,"max_hp_gain":0.0,"max_hp_loss":4.0,"gold_gain":0.0,"event_name":"Winding Halls","player_choice":"Max HP","floor":38.0,"gold_loss":0.0,"damage_taken":0.0},{"damage_healed":0.0,"max_hp_gain":0.0,"max_hp_loss":0.0,"gold_gain":0.0,"event_name":"Wheel of Change","player_choice":"Cursed","floor":45.0,"gold_loss":0.0,"damage_taken":0.0,"cards_obtained":["Decay"]}],"is_beta":false,"boss_relics":[{"not_picked":["Empty Cage","Astrolabe"],"picked":"Pandora\u0027s Box"},{"not_picked":["Fusion Hammer","Calling Bell"],"picked":"Runic Dome"}],"items_purged_floors":[19,27,37,54],"is_endless":false,"potions_floor_spawned":[4,5,6,8,12,16,18,20,30,39,44,48],"ascension_level":20}