{"gold_per_floor":[112,112,37,54,67,67,95,95,95,12,30,30,30],"floor_reached":13,"playtime":139,"items_purged":[],"score":166,"play_id":"1b9c17fd-4090-4f95-a9d6-2749862ff190","local_time":"20190617202108","is_ascension_mode":true,"campfire_choices":[{"data":"Dualcast","floor":6,"key":"SMITH"},{"data":"Redo","floor":8,"key":"SMITH"}],"neow_cost":"NONE","seed_source_timestamp":167009808177113,"circlet_count":0,"master_deck":["AscendersBane","Strike_B","Strike_B","Strike_B","Defend_B","Defend_B","Defend_B","Defend_B","Zap","Dualcast+1","Turbo","Melter","Redo+1","Undo","Storm","Recycle"],"relics":["Cracked Core","NeowsBlessing","Dodecahedron","Mummified Hand"],"potions_floor_usage":[7],"damage_taken":[{"damage":0,"enemies":"Small Slimes","floor":1,"turns":1},{"damage":0,"enemies":"Jaw Worm","floor":4,"turns":1},{"damage":0,"enemies":"2 Louse","floor":5,"turns":1},{"damage":51,"enemies":"Gremlin Nob","floor":7,"turns":4},{"damage":12,"enemies":"Lots of Slimes","floor":11,"turns":5},{"damage":2,"enemies":"Exordium Wildlife","floor":13,"turns":1}],"seed_played":"5806586138414312986","potions_obtained":[{"floor":1,"key":"AttackPotion"},{"floor":5,"key":"Ancient Potion"}],"is_trial":false,"path_per_floor":["M","?","?","M","M","R","E","R","T","$","M","?","M"],"character_chosen":"DEFECT","items_purchased":["Storm"],"campfire_rested":0,"item_purchase_floors":[10],"current_hp_per_floor":[64,69,69,69,69,69,18,18,18,18,6,1,0],"gold":30,"neow_bonus":"THREE_ENEMY_KILL","is_prod":false,"is_daily":false,"chose_seed":false,"campfire_upgraded":2,"win_rate":0,"timestamp":1560770468,"path_taken":["M","?","?","M","?","R","E","R","T","$","M","?","M"],"build_version":"2019-01-23","purchased_purges":0,"victory":false,"max_hp_per_floor":[71,76,76,76,76,76,76,76,76,76,76,76,76],"card_choices":[{"not_picked":["FTL","Static Discharge"],"picked":"Turbo","floor":1},{"not_picked":["Force Field","Barrage"],"picked":"Melter","floor":4},{"not_picked":["Turbo","Force Field"],"picked":"Redo","floor":5},{"not_picked":["Steam","Scrape"],"picked":"Undo","floor":7},{"not_picked":["Reinforced Body","Streamline"],"picked":"Recycle","floor":11}],"player_experience":604212,"relics_obtained":[{"floor":7,"key":"Dodecahedron"},{"floor":9,"key":"Mummified Hand"}],"event_choices":[{"damage_healed":0,"gold_gain":0,"player_choice":"Donut","damage_taken":0,"max_hp_gain":5,"max_hp_loss":0,"event_name":"Big Fish","floor":2,"gold_loss":0},{"cards_removed":["Strike_B"],"damage_healed":0,"gold_gain":0,"player_choice":"Card Removal","damage_taken":0,"max_hp_gain":0,"max_hp_loss":0,"event_name":"The Cleric","floor":3,"gold_loss":75},{"damage_healed":0,"gold_gain":0,"player_choice":"Fled","damage_taken":5,"max_hp_gain":0,"max_hp_loss":0,"event_name":"Scrap Ooze","floor":12,"gold_loss":0}],"is_beta":false,"boss_relics":[],"items_purged_floors":[],"is_endless":false,"potions_floor_spawned":[1,5],"killed_by":"Exordium Wildlife","ascension_level":20}