{"gold_per_floor":[112,112,124,143,158,158,176,176,222,222,240,254,179,192,192,294,294,308,308,45,45,45,45,45,60,60,77,77,77,87,87,87,185,185,195,207,227,243,258,258,292,292,292,311,311,341,341,341,341,341,341,341,170,170],"floor_reached":54,"playtime":2426,"items_purged":["Pain","Twin Strike","Body Slam"],"score":1116,"play_id":"906f9461-16c8-46c6-821d-3f9d650c43a3","local_time":"20181212205434","is_ascension_mode":true,"campfire_choices":[{"data":"Uppercut","floor":6.0,"key":"SMITH"},{"data":"Flex","floor":8.0,"key":"SMITH"},{"data":"Evolve","floor":15.0,"key":"SMITH"},{"data":"Panacea","floor":23.0,"key":"SMITH"},{"floor":29.0,"key":"RECALL"},{"floor":32.0,"key":"REST"},{"data":"Offering","floor":40.0,"key":"SMITH"},{"data":"Burning Pact","floor":49,"key":"SMITH"},{"data":"Power Through","floor":52,"key":"SMITH"}],"neow_cost":"TEN_PERCENT_HP_LOSS","seed_source_timestamp":34908487320402,"circlet_count":0,"master_deck":["AscendersBane","Bash","Flex+1","Uppercut+1","Dual Wield","Reaper+1","Pommel Strike+1","Fire Breathing","Wild Strike","Flame Barrier","Flex","Dropkick","Sever Soul","Writhe","Power Through+1","Panacea+1","Decay","Flex","Shockwave+1","Feed","Shockwave+1","Burning Pact+1","Offering+1","Impervious","Second Wind","Doubt"],"special_seed":0,"relics":["Burning Blood","WarpedTongs","Pandora\u0027s Box","Darkstone Periapt","Whetstone","Gremlin Horn","Coffee Dripper","Pen Nib","Smiling Mask","StoneCalendar"],"potions_floor_usage":[44,44],"damage_taken":[{"damage":3.0,"enemies":"Small Slimes","floor":1.0,"turns":3.0},{"damage":13.0,"enemies":"Jaw Worm","floor":3.0,"turns":4.0},{"damage":1.0,"enemies":"Cultist","floor":4.0,"turns":3.0},{"damage":9.0,"enemies":"Looter","floor":5.0,"turns":3.0},{"damage":9.0,"enemies":"3 Louse","floor":7.0,"turns":4.0},{"damage":25.0,"enemies":"Lots of Slimes","floor":11.0,"turns":5.0},{"damage":3.0,"enemies":"2 Fungi Beasts","floor":12.0,"turns":3.0},{"damage":14.0,"enemies":"Gremlin Gang","floor":14.0,"turns":5.0},{"damage":42.0,"enemies":"Slime Boss","floor":16.0,"turns":11.0},{"damage":11.0,"enemies":"2 Thieves","floor":18.0,"turns":4.0},{"damage":24.0,"enemies":"Colosseum Slavers","floor":22.0,"turns":6.0},{"damage":0.0,"enemies":"Chosen","floor":25.0,"turns":3.0},{"damage":57.0,"enemies":"3 Cultists","floor":27.0,"turns":6.0},{"damage":44.0,"enemies":"Snake Plant","floor":30.0,"turns":5.0},{"damage":108.0,"enemies":"Automaton","floor":33.0,"turns":8.0},{"damage":31.0,"enemies":"3 Darklings","floor":35.0,"turns":5.0},{"damage":28.0,"enemies":"Orb Walker","floor":36.0,"turns":3.0},{"damage":28.0,"enemies":"Spire Growth","floor":37.0,"turns":5.0},{"damage":27.0,"enemies":"3 Darklings","floor":38.0,"turns":5.0},{"damage":28.0,"enemies":"Maw","floor":39.0,"turns":8.0},{"damage":72.0,"enemies":"Nemesis","floor":41.0,"turns":9.0},{"damage":16,"enemies":"Jaw Worm Horde","floor":44,"turns":4},{"damage":27,"enemies":"Reptomancer","floor":46,"turns":5},{"damage":148,"enemies":"Awakened One","floor":50,"turns":12},{"damage":168,"enemies":"Shield and Spear","floor":54,"turns":5}],"seed_played":"-7938224782685740561","potions_obtained":[{"floor":1.0,"key":"Fire Potion"},{"floor":5.0,"key":"Swift Potion"},{"floor":12.0,"key":"PowerPotion"},{"floor":27.0,"key":"Explosive Potion"},{"floor":31.0,"key":"EntropicBrew"},{"floor":35.0,"key":"Explosive Potion"},{"floor":39.0,"key":"Block Potion"},{"floor":41.0,"key":"Block Potion"}],"is_trial":false,"path_per_floor":["M","?","M","M","M","R","M","R","T","?","M","M","$","M","R","B",null,"M","?","$","?","?","R","$","M","T","M","T","R","M","?","R","B",null,"M","M","M","M","M","R","E","?","T","M","?","E","?","?","R","B",null,"R","$","E"],"character_chosen":"IRONCLAD","items_purchased":["Power Through","Panacea","SpeedPotion","Ancient Potion"],"campfire_rested":1,"item_purchase_floors":[20,20,53,53],"current_hp_per_floor":[72,77,70,75,72,72,69,69,69,69,50,53,53,45,45,9,60,64,70,70,76,66,66,66,76,76,43,43,43,29,29,55,21,72,51,34,31,51,70,70,24,24,24,48,48,51,116,116,116,28,97,97,97,0],"gold":170,"neow_bonus":"REMOVE_TWO","is_prod":false,"is_daily":false,"chose_seed":false,"campfire_upgraded":7,"win_rate":0,"timestamp":1544619274,"path_taken":["M","?","M","M","M","R","M","R","T","?","M","M","$","M","R","BOSS","M","?","$","?","?","R","$","M","T","M","?","R","M","?","R","BOSS","M","M","?","M","M","R","E","?","T","?","?","E","?","?","R","BOSS","R","$","E"],"build_version":"2018-12-06","purchased_purges":3,"victory":false,"max_hp_per_floor":[72,77,77,77,77,77,77,77,77,77,77,77,77,77,77,77,77,77,83,83,89,89,89,89,89,89,89,89,89,89,89,89,89,89,93,93,96,100,103,103,107,107,107,110,110,110,116,116,116,120,120,120,120,120],"card_choices":[{"not_picked":["Body Slam","Seeing Red","Perfected Strike"],"picked":"SKIP","floor":1.0},{"not_picked":["Seeing Red","Perfected Strike"],"picked":"Body Slam","floor":1.0},{"not_picked":["Corruption","Warcry"],"picked":"Flex","floor":3.0},{"not_picked":["Searing Blow","Entrench"],"picked":"Uppercut","floor":4.0},{"not_picked":["True Grit","Warcry"],"picked":"Evolve","floor":5.0},{"not_picked":["Uppercut","Dual Wield","Heavy Blade"],"picked":"SKIP","floor":7.0},{"not_picked":["Twin Strike","Clash","Havoc"],"picked":"SKIP","floor":11.0},{"not_picked":["Carnage","Blood for Blood"],"picked":"Dual Wield","floor":12.0},{"not_picked":["Feel No Pain","Rampage","Anger"],"picked":"SKIP","floor":14.0},{"not_picked":["Barricade","Fiend Fire"],"picked":"Reaper","floor":16.0},{"not_picked":["Cleave","Fire Breathing"],"picked":"Sever Soul","floor":18.0},{"not_picked":["Rupture","Sword Boomerang","Clash"],"picked":"SKIP","floor":25.0},{"not_picked":["Pummel+1","Whirlwind"],"picked":"Flex","floor":27.0},{"not_picked":["Body Slam","Disarm+1"],"picked":"Shockwave+1","floor":30.0},{"not_picked":["Juggernaut","Barricade"],"picked":"Feed","floor":33.0},{"not_picked":["Sword Boomerang","Warcry"],"picked":"Shockwave+1","floor":35.0},{"not_picked":["Shrug It Off","Carnage"],"picked":"Burning Pact","floor":36.0},{"not_picked":["Thunderclap","Cleave"],"picked":"Offering","floor":37.0},{"not_picked":["Sever Soul+1","Bloodletting","Headbutt"],"picked":"SKIP","floor":38.0},{"not_picked":["Hemokinesis","Perfected Strike","Headbutt"],"picked":"SKIP","floor":39.0},{"not_picked":["True Grit","Heavy Blade"],"picked":"Impervious","floor":41.0},{"not_picked":["Body Slam+1","Perfected Strike","Corruption"],"picked":"SKIP","floor":44},{"not_picked":["Whirlwind","Feed"],"picked":"Second Wind","floor":46}],"player_experience":1228538,"relics_obtained":[{"floor":26.0,"key":"Whetstone"},{"floor":28.0,"key":"Gremlin Horn"},{"floor":41.0,"key":"Pen Nib"},{"floor":43.0,"key":"Smiling Mask"},{"floor":46,"key":"StoneCalendar"}],"event_choices":[{"damage_healed":0.0,"max_hp_gain":5.0,"max_hp_loss":0.0,"gold_gain":0.0,"event_name":"Big Fish","player_choice":"Donut","floor":2.0,"gold_loss":0.0,"damage_taken":0.0},{"damage_healed":0.0,"max_hp_gain":0.0,"max_hp_loss":0.0,"gold_gain":0.0,"event_name":"Accursed Blacksmith","player_choice":"Rummage","floor":10.0,"gold_loss":0.0,"damage_taken":0.0,"relics_obtained":["WarpedTongs"],"cards_obtained":["Pain"]},{"damage_healed":0.0,"max_hp_gain":0.0,"max_hp_loss":0.0,"gold_gain":0.0,"event_name":"The Mausoleum","player_choice":"Opened","floor":19.0,"gold_loss":0.0,"damage_taken":0.0,"relics_obtained":["Darkstone Periapt"],"cards_obtained":["Writhe"]},{"damage_healed":0.0,"max_hp_gain":0.0,"max_hp_loss":0.0,"gold_gain":0.0,"event_name":"Forgotten Altar","player_choice":"Smashed Altar","floor":21.0,"gold_loss":0.0,"damage_taken":0.0,"cards_obtained":["Decay"]},{"damage_healed":0.0,"max_hp_gain":0.0,"max_hp_loss":0.0,"gold_gain":0.0,"event_name":"Colosseum","player_choice":"Fight","floor":22.0,"gold_loss":0.0,"damage_taken":0.0},{"damage_healed":0.0,"max_hp_gain":0.0,"max_hp_loss":0.0,"gold_gain":0.0,"event_name":"Colosseum","player_choice":"Fled From Nobs","floor":22.0,"gold_loss":0.0,"damage_taken":0.0},{"damage_healed":0.0,"max_hp_gain":0.0,"max_hp_loss":0.0,"gold_gain":0.0,"event_name":"Lab","player_choice":"Got Potions","floor":31.0,"gold_loss":0.0,"damage_taken":0.0},{"damage_healed":0.0,"max_hp_gain":0.0,"max_hp_loss":0.0,"gold_gain":0.0,"event_name":"The Woman in Blue","player_choice":"Bought 0 Potions","floor":42.0,"gold_loss":0.0,"damage_taken":0.0},{"cards_removed":["Evolve"],"damage_healed":0,"gold_gain":0,"player_choice":"Removed Power","damage_taken":0,"max_hp_gain":0,"max_hp_loss":0,"event_name":"Falling","floor":45,"gold_loss":0},{"damage_healed":59,"gold_gain":0,"player_choice":"Heal","damage_taken":0,"max_hp_gain":0,"max_hp_loss":0,"event_name":"MindBloom","floor":47,"gold_loss":0,"cards_obtained":["Doubt"]},{"damage_healed":0,"gold_gain":0,"player_choice":"Ignored","damage_taken":0,"max_hp_gain":0,"max_hp_loss":0,"event_name":"Tomb of Lord Red Mask","floor":48,"gold_loss":0}],"is_beta":false,"boss_relics":[{"not_picked":["Tiny House","Orrery"],"picked":"Pandora\u0027s Box"},{"not_picked":["Sozu","Snecko Eye"],"picked":"Coffee Dripper"}],"items_purged_floors":[13,20,53],"is_endless":false,"potions_floor_spawned":[1,5,12,27,35,39,41],"killed_by":"Shield and Spear","ascension_level":12}