{"gold_per_floor":[112,112,37,53,71,71,105,124,124,24,53,66,76,101,101,203,203,214,54,65,65,65,65,65,95,121,121,140,160,186,199,199,297,297,313,313,313,313,313,313,368,368,449,449,55,36,50,62,62,62],"floor_reached":51,"playtime":2410,"items_purged":["Strike_B","Strike_B","Strike_B"],"score":1211,"play_id":"75c058ed-6a0d-4bba-99b3-35a1b9d301e6","local_time":"20181008132911","is_ascension_mode":true,"campfire_choices":[{"data":"Zap","floor":6,"key":"SMITH"},{"data":"Blizzard","floor":15,"key":"SMITH"},{"floor":23,"key":"REST"},{"floor":32,"key":"REST"},{"data":"Creative AI","floor":40,"key":"SMITH"},{"data":"Defragment","floor":42,"key":"SMITH"},{"data":"Capacitor","floor":44,"key":"SMITH"},{"data":"Loop","floor":49,"key":"SMITH"}],"neow_cost":"NONE","seed_source_timestamp":515280113619223,"circlet_count":0,"master_deck":["Defend_B+1","Defend_B+1","Zap+1","Dualcast","Capacitor+1","Loop+1","Glacier","Reinforced Body","Chill","Ball Lightning","Blizzard+1","Creative AI+1","Hologram+1","Defragment+1","Ghostly+1","Ghostly+1","Ghostly+1","Ghostly+1","Ghostly+1","Electrodynamics","Coolheaded+1","Consume+1","Fission+1","Heatsinks+1","Biased Cognition+1","Gash+1","Conserve Battery+1","Core Surge","Reinforced Body+1","Apotheosis+1","Leap+1","Rainbow+1"],"relics":["Cracked Core","NeowsBlessing","Mummified Hand","Calipers","Du-Vu Doll","Toxic Egg 2","Orichalcum","Black Star","Blue Candle","Bag of Preparation","PreservedInsect","War Paint","Lantern","Ancient Tea Set","Astrolabe","Shovel","Tiny Chest","Anchor","The Courier","Thread and Needle"],"potions_floor_usage":[8,8,13,16,21,31,31],"damage_taken":[{"damage":0,"enemies":"2 Louse","floor":1,"turns":1},{"damage":0,"enemies":"Jaw Worm","floor":4,"turns":1},{"damage":0,"enemies":"Cultist","floor":5,"turns":1},{"damage":10,"enemies":"3 Sentries","floor":7,"turns":10},{"damage":22,"enemies":"Gremlin Gang","floor":8,"turns":4},{"damage":15,"enemies":"Gremlin Nob","floor":11,"turns":6},{"damage":4,"enemies":"Lots of Slimes","floor":12,"turns":5},{"damage":0,"enemies":"Large Slime","floor":13,"turns":6},{"damage":6,"enemies":"Hexaghost","floor":16,"turns":11},{"damage":13,"enemies":"Spheric Guardian","floor":18,"turns":6},{"damage":9,"enemies":"Shell Parasite","floor":20,"turns":6},{"damage":21,"enemies":"Colosseum Slavers","floor":21,"turns":5},{"damage":21,"enemies":"Slavers","floor":25,"turns":8},{"damage":1,"enemies":"Cultist and Chosen","floor":28,"turns":5},{"damage":0,"enemies":"Centurion and Healer","floor":29,"turns":8},{"damage":0,"enemies":"Gremlin Leader","floor":30,"turns":6},{"damage":10,"enemies":"Snake Plant","floor":31,"turns":3},{"damage":0,"enemies":"Automaton","floor":33,"turns":11},{"damage":0,"enemies":"3 Shapes","floor":35,"turns":1},{"damage":0,"enemies":"Mind Bloom Boss Battle","floor":39,"turns":5},{"damage":0,"enemies":"Giant Head","floor":41,"turns":8},{"damage":0,"enemies":"Orb Walker","floor":47,"turns":5},{"damage":0,"enemies":"Spire Growth","floor":48,"turns":6},{"damage":0,"enemies":"Donu and Deca","floor":50,"turns":8}],"seed_played":"2832724596645027714","potions_obtained":[{"floor":1,"key":"Fire Potion"},{"floor":5,"key":"FocusPotion"},{"floor":11,"key":"Swift Potion"},{"floor":13,"key":"SkillPotion"},{"floor":16,"key":"Dexterity Potion"},{"floor":20,"key":"Weak Potion"},{"floor":25,"key":"EssenceOfSteel"},{"floor":28,"key":"Energy Potion"},{"floor":31,"key":"SpeedPotion"},{"floor":33,"key":"SteroidPotion"}],"is_trial":false,"path_per_floor":["M","?","$","M","M","R","E","M","T","$","E","M","M","T","R","B",null,"M","$","M","?","T","R","?","E","T","$","M","M","E","M","R","B",null,"M","?","?","?","?","R","E","R","T","R","$","$","M","M","R","B"],"character_chosen":"DEFECT","items_purchased":["Defragment","Apotheosis+1","Thread and Needle","Leap+1"],"campfire_rested":2,"item_purchase_floors":[19,45,45,46],"current_hp_per_floor":[68,61,61,61,61,61,51,29,29,29,14,10,10,10,10,4,57,44,44,35,14,14,36,36,15,15,15,14,14,14,4,15,15,32,32,32,32,32,32,32,32,32,32,32,32,32,32,32,32,32],"gold":62,"neow_bonus":"THREE_ENEMY_KILL","is_prod":false,"is_daily":false,"chose_seed":false,"campfire_upgraded":6,"win_rate":0,"timestamp":1538976551,"path_taken":["M","?","$","?","M","R","E","M","T","$","E","?","?","?","R","BOSS","M","$","M","?","?","R","?","E","T","$","?","?","E","?","R","BOSS","M","?","?","?","?","R","E","R","T","R","?","$","?","M","R","BOSS"],"build_version":"2018-10-04v2","purchased_purges":3,"victory":true,"max_hp_per_floor":[75,75,75,75,75,75,75,75,75,75,75,75,75,75,75,75,75,75,75,75,75,75,75,37,37,37,37,37,37,37,37,37,37,37,37,37,37,37,37,37,37,37,37,37,37,37,37,37,37,37],"card_choices":[{"not_picked":["Ball Lightning","Hologram"],"picked":"Capacitor","floor":1},{"not_picked":["Leap","Sunder"],"picked":"Loop","floor":4},{"not_picked":["Beam Cell","Coolheaded"],"picked":"Glacier","floor":5},{"not_picked":["Skim","Ball Lightning"],"picked":"Reinforced Body","floor":7},{"not_picked":["Ball Lightning","Thunder Strike"],"picked":"Chill","floor":8},{"not_picked":["Self Repair","Scrape"],"picked":"Ball Lightning","floor":11},{"not_picked":["Capacitor","Melter"],"picked":"Blizzard","floor":12},{"not_picked":["Doom and Gloom","Chaos+1","Reprogram+1"],"picked":"SKIP","floor":13},{"not_picked":["Amplify+1","Reboot+1"],"picked":"Creative AI","floor":16},{"not_picked":["Barrage","Go for the Eyes"],"picked":"Hologram+1","floor":18},{"not_picked":["Reprogram+1","Reinforced Body+1","Streamline"],"picked":"SKIP","floor":20},{"not_picked":["Reprogram+1","Streamline"],"picked":"Electrodynamics","floor":25},{"not_picked":["Leap+1","Aggregate+1"],"picked":"Coolheaded+1","floor":28},{"not_picked":["Redo+1","Heatsinks"],"picked":"Consume+1","floor":29},{"not_picked":["Stack+1","Beam Cell","Sunder"],"picked":"SKIP","floor":30},{"not_picked":["Ball Lightning","Biased Cognition","Scrape"],"picked":"SKIP","floor":31},{"not_picked":["Hyperbeam","Multi-Cast+1"],"picked":"Fission+1","floor":33},{"not_picked":["Rebound+1","Streamline+1"],"picked":"Conserve Battery+1","floor":35},{"not_picked":["Doom and Gloom+1","Redo+1","Gash"],"picked":"SKIP","floor":41},{"not_picked":["Aggregate+1","Consume+1","Beam Cell"],"picked":"SKIP","floor":47},{"not_picked":["Tempest+1","Consume+1"],"picked":"Rainbow+1","floor":48}],"player_experience":234778,"relics_obtained":[{"floor":7,"key":"Calipers"},{"floor":9,"key":"Du-Vu Doll"},{"floor":11,"key":"Toxic Egg 2"},{"floor":14,"key":"Orichalcum"},{"floor":22,"key":"Blue Candle"},{"floor":25,"key":"Bag of Preparation"},{"floor":25,"key":"PreservedInsect"},{"floor":26,"key":"War Paint"},{"floor":30,"key":"Lantern"},{"floor":30,"key":"Ancient Tea Set"},{"floor":39,"key":"Shovel"},{"floor":41,"key":"Tiny Chest"},{"floor":41,"key":"Anchor"},{"floor":43,"key":"The Courier"}],"event_choices":[{"event_name":"Scrap Ooze","player_choice":"success","floor":2,"damage_taken":7},{"event_name":"Colosseum","player_choice":"Fight","floor":21,"damage_taken":0},{"event_name":"Colosseum","player_choice":"Fled From Nobs","floor":21,"damage_taken":0},{"event_name":"Ghosts","player_choice":"Became a Ghost","floor":24,"damage_taken":0},{"event_name":"Tomb of Lord Red Mask","player_choice":"Ignored","floor":36,"damage_taken":0},{"event_name":"SecretPortal","player_choice":"Rejected Portal.","floor":37,"damage_taken":0},{"event_name":"Match and Keep!","player_choice":"2 cards matched","floor":38,"damage_taken":0},{"event_name":"MindBloom","player_choice":"Fight","floor":39,"damage_taken":0}],"is_beta":false,"boss_relics":[{"not_picked":["Snecko Eye","Velvet Choker"],"picked":"Black Star"},{"not_picked":["Cursed Key","Calling Bell"],"picked":"Astrolabe"}],"items_purged_floors":[3,10,19],"is_endless":false,"potions_floor_spawned":[1,5,11,13,16,20,25,28,30,31,33,35,48],"ascension_level":7}