{"gold_per_floor":[118,118,118,43,43,69,69,104,182,210,227,242,242,91,91,91],"floor_reached":16,"playtime":302,"items_purged":["Strike_G","Strike_G"],"score":332,"play_id":"948c4403-d7f2-4b5b-a86a-c38e337d1bdb","local_time":"20190208175305","is_ascension_mode":true,"campfire_choices":[{"data":"All Out Attack","floor":7,"key":"SMITH"},{"data":"Neutralize","floor":13,"key":"SMITH"},{"data":"Reflex","floor":15,"key":"SMITH"}],"neow_cost":"NONE","seed_source_timestamp":23331721536059,"circlet_count":0,"master_deck":["AscendersBane","Defend_G","Defend_G","Defend_G","Defend_G","Defend_G","Strike_G","Strike_G","Survivor","Neutralize+1","All Out Attack+1","Reflex+1","Unload","Heel Hook","Backflip"],"relics":["Ring of the Snake","NeowsBlessing","Singing Bowl","Art of War","Vajra","Strawberry"],"potions_floor_usage":[16,16],"damage_taken":[{"damage":0,"enemies":"2 Louse","floor":1,"turns":1},{"damage":0,"enemies":"Lagavulin","floor":6,"turns":1},{"damage":0,"enemies":"3 Sentries","floor":8,"turns":1},{"damage":26,"enemies":"Gremlin Nob","floor":10,"turns":4},{"damage":0,"enemies":"Jaw Worm","floor":11,"turns":4},{"damage":0,"enemies":"Small Slimes","floor":12,"turns":2},{"damage":38,"enemies":"Slime Boss","floor":16,"turns":6}],"seed_played":"-5569660911371975182","potions_obtained":[{"floor":8,"key":"SteroidPotion"},{"floor":10,"key":"Poison Potion"},{"floor":11,"key":"Strength Potion"}],"is_trial":false,"path_per_floor":["M","?","?","$","?","E","R","E","T","E","M","M","R","$","R","B"],"character_chosen":"THE_SILENT","items_purchased":["Backflip"],"campfire_rested":0,"item_purchase_floors":[14],"current_hp_per_floor":[59,59,59,59,48,48,48,48,48,31,31,33,33,33,33,0],"gold":91,"neow_bonus":"THREE_ENEMY_KILL","is_prod":false,"is_daily":false,"chose_seed":false,"campfire_upgraded":3,"win_rate":0,"timestamp":1549619585,"path_taken":["M","?","?","?","?","E","R","E","T","E","M","?","R","$","R","BOSS"],"build_version":"2019-01-23","purchased_purges":2,"victory":false,"max_hp_per_floor":[66,66,66,66,66,66,66,66,66,75,75,77,77,77,77,77],"card_choices":[{"not_picked":["Outmaneuver","Underhanded Strike"],"picked":"All Out Attack","floor":1},{"not_picked":["Flechettes","Dagger Throw"],"picked":"Reflex","floor":6},{"not_picked":["Distraction","Footwork"],"picked":"Unload","floor":8},{"not_picked":["Dagger Throw","Choke","Deflect"],"picked":"Singing Bowl","floor":10},{"not_picked":["Outmaneuver","Deadly Poison"],"picked":"Heel Hook","floor":11},{"not_picked":["Skewer","Blur","Dash"],"picked":"Singing Bowl","floor":12}],"player_experience":1445895,"relics_obtained":[{"floor":6,"key":"Art of War"},{"floor":8,"key":"Vajra"},{"floor":10,"key":"Strawberry"}],"event_choices":[{"damage_healed":0,"gold_gain":0,"player_choice":"Ignored","damage_taken":0,"max_hp_gain":0,"max_hp_loss":0,"event_name":"Liars Game","floor":2,"gold_loss":0},{"cards_removed":["Strike_G"],"damage_healed":0,"gold_gain":0,"player_choice":"Forget","damage_taken":0,"max_hp_gain":0,"max_hp_loss":0,"event_name":"Living Wall","floor":3,"gold_loss":0},{"damage_healed":0,"gold_gain":0,"player_choice":"Success","damage_taken":11,"relics_obtained":["Singing Bowl"],"max_hp_gain":0,"max_hp_loss":0,"event_name":"Scrap Ooze","floor":5,"gold_loss":0}],"is_beta":false,"boss_relics":[],"items_purged_floors":[4,14],"is_endless":false,"potions_floor_spawned":[8,10,11],"killed_by":"Slime Boss","ascension_level":20}