{"gold_per_floor":[112,126,126,137,149,149,29,29,29,48,48,48,48],"floor_reached":13,"playtime":286,"items_purged":["Strike_R"],"score":150,"play_id":"4b7bf0a5-c839-436f-b6c1-f6b885167b84","local_time":"20190226101955","is_ascension_mode":true,"campfire_choices":[{"data":"Bash","floor":6,"key":"SMITH"},{"data":"Corruption","floor":8,"key":"SMITH"},{"data":"True Grit","floor":12,"key":"SMITH"}],"neow_cost":"PERCENT_DAMAGE","seed_source_timestamp":6481668755557,"circlet_count":0,"master_deck":["AscendersBane","Strike_R","Strike_R","Strike_R","Defend_R","Defend_R","Defend_R","Defend_R","Bash+1","Feed","Burning Pact","Corruption+1","Evolve","True Grit+1"],"relics":["Burning Blood","Frozen Egg 2"],"potions_floor_usage":[10],"damage_taken":[{"damage":7,"enemies":"2 Louse","floor":1,"turns":4},{"damage":13,"enemies":"Cultist","floor":2,"turns":5},{"damage":13,"enemies":"Small Slimes","floor":4,"turns":4},{"damage":8,"enemies":"2 Fungi Beasts","floor":5,"turns":6},{"damage":7,"enemies":"Looter","floor":10,"turns":4}],"seed_played":"-7966897530015995355","potions_obtained":[{"floor":2,"key":"GamblersBrew"}],"is_trial":false,"path_per_floor":["M","M","?","M","M","R","$","R","T","M","$","R","?"],"character_chosen":"IRONCLAD","items_purchased":["Evolve"],"campfire_rested":0,"item_purchase_floors":[7],"current_hp_per_floor":[52,48,48,44,45,45,45,45,45,47,47,47,0],"gold":48,"neow_bonus":"THREE_RARE_CARDS","is_prod":false,"is_daily":false,"chose_seed":false,"campfire_upgraded":3,"win_rate":0,"timestamp":1551147595,"path_taken":["M","M","?","M","M","R","$","R","T","?","?","R","?"],"build_version":"2019-01-23","purchased_purges":1,"victory":false,"max_hp_per_floor":[78,81,81,84,87,87,87,87,87,90,90,90,90],"card_choices":[{"not_picked":["Barricade","Exhume"],"picked":"Feed","floor":0},{"not_picked":["Pommel Strike","Heavy Blade","Iron Wave"],"picked":"SKIP","floor":1},{"not_picked":["Fire Breathing","Sword Boomerang"],"picked":"Burning Pact","floor":2},{"not_picked":["Wild Strike","Cleave"],"picked":"Corruption","floor":4},{"not_picked":["Anger","Twin Strike","Combust"],"picked":"SKIP","floor":5},{"not_picked":["Sentinel","Cleave"],"picked":"True Grit","floor":10}],"player_experience":3154096,"relics_obtained":[{"floor":9,"key":"Frozen Egg 2"}],"event_choices":[{"cards_removed":["Strike_R"],"damage_healed":0,"gold_gain":0,"player_choice":"Offered Basic","damage_taken":0,"max_hp_gain":0,"max_hp_loss":0,"event_name":"Bonfire Elementals","floor":3,"gold_loss":0}],"is_beta":false,"boss_relics":[],"items_purged_floors":[7],"is_endless":false,"potions_floor_spawned":[2],"ascension_level":20}