{"gold_per_floor":[219,235,249,263,274,274,274,274,274,274,284,310,113,126,126,229,229,243,143,156,167,177,177,15,27,27,47,67,67,85,100,100,197,197,211,133,143,143,162,162,162,162,216,216,234,234,247,264,264,264],"floor_reached":51,"playtime":1613,"items_purged":["Strike_G","Strike_G","Strike_G"],"score":684,"play_id":"4c114084-b94c-4bf0-b930-b4ead502173f","local_time":"20181015231559","is_ascension_mode":false,"campfire_choices":[{"data":"Noxious Fumes","floor":6.0,"key":"SMITH"},{"data":"Well Laid Plans","floor":8.0,"key":"SMITH"},{"data":"Neutralize","floor":10.0,"key":"SMITH"},{"data":"Catalyst","floor":15.0,"key":"SMITH"},{"data":"Deadly Poison","floor":23.0,"key":"SMITH"},{"data":"Noxious Fumes","floor":29.0,"key":"SMITH"},{"data":"Outmaneuver","floor":32.0,"key":"SMITH"},{"data":"Catalyst","floor":40,"key":"SMITH"},{"data":"Corpse Explosion","floor":42,"key":"SMITH"},{"data":"Corpse Explosion","floor":44,"key":"SMITH"},{"data":"Deadly Poison","floor":49,"key":"SMITH"}],"neow_cost":"NONE","seed_source_timestamp":45440956992186,"circlet_count":0,"master_deck":["Defend_G","Defend_G","Defend_G","Defend_G","Defend_G","Strike_G","Survivor","Neutralize+1","Noxious Fumes+1","Well Laid Plans+1","Catalyst+1","Well Laid Plans","Deadly Poison+1","Corpse Explosion+1","Deadly Poison+1","Noxious Fumes+1","Outmaneuver+1","Leg Sweep","Corpse Explosion+1","Corpse Explosion+1","Catalyst+1","Deadly Poison+1"],"special_seed":0,"relics":["Ring of the Snake","Bottled Tornado","Blood Vial","Runic Pyramid","Bronze Scales","Coffee Dripper","Centennial Puzzle","PreservedInsect"],"potions_floor_usage":[35,39,39,50,50,50],"damage_taken":[{"damage":0.0,"enemies":"2 Louse","floor":1.0,"turns":3.0},{"damage":0.0,"enemies":"Small Slimes","floor":2.0,"turns":5.0},{"damage":2.0,"enemies":"Jaw Worm","floor":3.0,"turns":5.0},{"damage":0.0,"enemies":"Red Slaver","floor":4.0,"turns":5.0},{"damage":11.0,"enemies":"Gremlin Gang","floor":5.0,"turns":6.0},{"damage":0.0,"enemies":"2 Fungi Beasts","floor":11.0,"turns":3.0},{"damage":7.0,"enemies":"3 Sentries","floor":12.0,"turns":7.0},{"damage":3.0,"enemies":"Exordium Wildlife","floor":14.0,"turns":6.0},{"damage":17.0,"enemies":"Slime Boss","floor":16.0,"turns":9.0},{"damage":6.0,"enemies":"2 Thieves","floor":18.0,"turns":3.0},{"damage":0.0,"enemies":"Spheric Guardian","floor":20.0,"turns":3.0},{"damage":9.0,"enemies":"Snake Plant","floor":21.0,"turns":3.0},{"damage":4.0,"enemies":"Snecko","floor":22.0,"turns":5.0},{"damage":2.0,"enemies":"Cultist and Chosen","floor":25.0,"turns":4.0},{"damage":3.0,"enemies":"3 Cultists","floor":27.0,"turns":3.0},{"damage":1.0,"enemies":"Snecko","floor":28.0,"turns":5.0},{"damage":3.0,"enemies":"Cultist and Chosen","floor":30.0,"turns":4.0},{"damage":1.0,"enemies":"Snake Plant","floor":31.0,"turns":3.0},{"damage":48.0,"enemies":"Collector","floor":33.0,"turns":6.0},{"damage":0,"enemies":"Orb Walker","floor":35,"turns":3},{"damage":0,"enemies":"3 Shapes","floor":37,"turns":3},{"damage":0,"enemies":"Transient","floor":39,"turns":5},{"damage":0,"enemies":"Reptomancer","floor":45,"turns":3},{"damage":2,"enemies":"Sphere and 2 Shapes","floor":47,"turns":3},{"damage":17,"enemies":"4 Shapes","floor":48,"turns":4},{"damage":11,"enemies":"Time Eater","floor":50,"turns":6}],"seed_played":"-7327745906126301570","potions_obtained":[{"floor":1.0,"key":"Block Potion"},{"floor":4.0,"key":"GamblersBrew"},{"floor":11.0,"key":"Fire Potion"},{"floor":20.0,"key":"EssenceOfSteel"},{"floor":22.0,"key":"Weak Potion"},{"floor":30.0,"key":"LiquidBronze"},{"floor":33.0,"key":"Block Potion"},{"floor":35,"key":"GamblersBrew"},{"floor":39,"key":"PowerPotion"},{"floor":48,"key":"LiquidBronze"}],"is_trial":false,"path_per_floor":["M","M","M","M","M","R","?","R","T","R","M","E","$","M","R","B",null,"M","$","M","M","M","R","$","M","T","M","M","R","M","M","R","B",null,"M","$","M","?","M","R","T","R","T","R","M","?","M","M","R","B"],"character_chosen":"THE_SILENT","items_purchased":["Well Laid Plans","Deadly Poison","Noxious Fumes","Catalyst"],"campfire_rested":0,"item_purchase_floors":[13,13,24,36],"current_hp_per_floor":[70,70,68,68,57,57,50,50,50,50,50,43,43,42,42,27,70,64,64,66,59,57,57,57,57,57,56,57,57,56,57,57,11,70,70,70,70,66,66,66,66,66,66,66,66,66,64,49,49,40],"gold":264,"neow_bonus":"HUNDRED_GOLD","is_prod":false,"is_daily":false,"chose_seed":false,"campfire_upgraded":11,"win_rate":0,"timestamp":1539616559,"path_taken":["M","M","M","M","M","R","?","R","T","R","M","E","$","?","R","BOSS","M","$","M","M","M","R","$","M","T","?","?","R","M","M","R","BOSS","M","$","M","?","M","R","?","R","T","R","M","?","M","M","R","BOSS"],"build_version":"2018-10-11","purchased_purges":3,"victory":true,"max_hp_per_floor":[70,70,70,70,70,70,70,70,70,70,70,70,70,70,70,70,70,70,70,70,70,70,70,70,70,70,70,70,70,70,70,70,70,70,70,70,70,66,66,66,66,66,66,66,66,66,66,66,66,66],"card_choices":[{"not_picked":["Caltrops","Expertise","Acrobatics"],"picked":"SKIP","floor":1.0},{"not_picked":["Blade Dance","Dodge and Roll","Prepared"],"picked":"SKIP","floor":2.0},{"not_picked":["PiercingWail","Flechettes","Dagger Throw"],"picked":"SKIP","floor":3.0},{"not_picked":["Deadly Poison","Burst"],"picked":"Noxious Fumes","floor":4.0},{"not_picked":["Escape Plan","Dagger Spray"],"picked":"Well Laid Plans","floor":5.0},{"not_picked":["Deflect","Underhanded Strike"],"picked":"Catalyst","floor":11.0},{"not_picked":["Unload","Accuracy","Heel Hook"],"picked":"SKIP","floor":12.0},{"not_picked":["Dagger Throw","Cloak And Dagger","Reflex"],"picked":"SKIP","floor":14.0},{"not_picked":["After Image","Envenom"],"picked":"Corpse Explosion","floor":16.0},{"not_picked":["Heel Hook+1","Quick Slash+1","Cloak And Dagger"],"picked":"SKIP","floor":18.0},{"not_picked":["Predator","Bane+1"],"picked":"Deadly Poison","floor":20.0},{"not_picked":["Well Laid Plans","Flying Knee","Backstab"],"picked":"SKIP","floor":21.0},{"not_picked":["Prepared","Blade Dance+1","Underhanded Strike+1"],"picked":"SKIP","floor":22.0},{"not_picked":["Heel Hook","Caltrops","Poisoned Stab+1"],"picked":"SKIP","floor":25.0},{"not_picked":["Prepared","Dodge and Roll","Skewer"],"picked":"SKIP","floor":27.0},{"not_picked":["Masterful Stab","Flechettes+1"],"picked":"Outmaneuver","floor":28.0},{"not_picked":["Prepared","Endless Agony"],"picked":"Leg Sweep","floor":30.0},{"not_picked":["Reflex+1","Dagger Spray"],"picked":"Corpse Explosion","floor":31.0},{"not_picked":["Tools of the Trade","Grand Finale"],"picked":"Corpse Explosion","floor":33.0},{"not_picked":["Tactician+1","Blade Dance","Backstab+1"],"picked":"SKIP","floor":35},{"not_picked":["Escape Plan","Cloak And Dagger","Quick Slash+1"],"picked":"SKIP","floor":37},{"not_picked":["Slice+1","Quick Slash"],"picked":"Deadly Poison+1","floor":39},{"not_picked":["Tactician+1","Flying Knee","Escape Plan+1"],"picked":"SKIP","floor":45},{"not_picked":["Deflect","Bullet Time","Flying Knee+1"],"picked":"SKIP","floor":47},{"not_picked":["Deflect","Dodge and Roll","Dagger Throw+1"],"picked":"SKIP","floor":48}],"player_experience":232499,"relics_obtained":[{"floor":9.0,"key":"Bottled Tornado"},{"floor":12.0,"key":"Blood Vial"},{"floor":26.0,"key":"Bronze Scales"},{"floor":41,"key":"Centennial Puzzle"},{"floor":43,"key":"PreservedInsect"}],"event_choices":[{"event_name":"Golden Wing","player_choice":"Card Removal","floor":7.0,"damage_taken":0.0},{"event_name":"Winding Halls","player_choice":"Max HP","floor":38,"damage_taken":0},{"event_name":"Accursed Blacksmith","player_choice":"Forge","floor":46,"damage_taken":0}],"is_beta":false,"boss_relics":[{"not_picked":["Philosopher\u0027s Stone","Eternal Feather"],"picked":"Runic Pyramid"},{"not_picked":["Orrery","Runic Dome"],"picked":"Coffee Dripper"}],"items_purged_floors":[13,19,24],"is_endless":false,"potions_floor_spawned":[1,4,11,16,20,22,25,27,30,33,35,39,48],"ascension_level":0}