{"gold_per_floor":[116,116,39,39,51,51,85,85,109,109,142,158,158,158,158,231,231,244,244,169,169,186,186],"floor_reached":23,"playtime":774,"items_purged":[],"score":390,"play_id":"dd19976e-965a-47d2-82f0-822d8c9c4a46","local_time":"20190808141844","is_ascension_mode":true,"campfire_choices":[{"data":"Multi-Cast","floor":6,"key":"SMITH"},{"data":"Darkness","floor":8,"key":"SMITH"},{"floor":10,"key":"REST"},{"data":"Hologram","floor":15,"key":"SMITH"}],"neow_cost":"NONE","seed_source_timestamp":96344214896644,"circlet_count":0,"master_deck":["AscendersBane","Strike_B","Strike_B","Defend_B","Defend_B","Defend_B","Defend_B","Zap+1","Dualcast","Auto Shields","Multi-Cast+1","Sunder+1","BootSequence","Darkness+1","Hologram+1","Conserve Battery","Core Surge","Defragment+1","Force Field"],"relics":["Cracked Core","Emotion Chip","Boot","Oddly Smooth Stone","Calipers","Snecko Eye"],"potions_floor_usage":[7,22,22],"damage_taken":[{"damage":2,"enemies":"Jaw Worm","floor":1,"turns":4},{"damage":0,"enemies":"Cultist","floor":5,"turns":3},{"damage":8,"enemies":"Gremlin Nob","floor":7,"turns":3},{"damage":5,"enemies":"3 Sentries","floor":11,"turns":7},{"damage":0,"enemies":"Small Slimes","floor":12,"turns":2},{"damage":22,"enemies":"Hexaghost","floor":16,"turns":6},{"damage":21,"enemies":"Shell Parasite","floor":18,"turns":5},{"damage":0,"enemies":"2 Thieves","floor":22,"turns":2},{"damage":54,"enemies":"Slavers","floor":23,"turns":4}],"seed_played":"-1156302010877133053","potions_obtained":[{"floor":1,"key":"FocusPotion"},{"floor":7,"key":"SmokeBomb"},{"floor":16,"key":"FearPotion"},{"floor":18,"key":"Regen Potion"}],"is_trial":false,"path_per_floor":["M","?","$","?","M","R","E","R","T","R","E","M","T","?","R","B",null,"M","?","?","?","M","E"],"character_chosen":"DEFECT","items_purchased":["Sunder"],"campfire_rested":1,"item_purchase_floors":[3],"current_hp_per_floor":[69,69,69,46,46,46,38,38,38,61,56,56,56,56,56,34,67,46,46,46,46,51,0],"gold":186,"neow_bonus":"TEN_PERCENT_HP_BONUS","is_prod":false,"is_daily":false,"chose_seed":false,"campfire_upgraded":3,"win_rate":0,"timestamp":1565266724,"path_taken":["M","?","?","?","M","R","E","R","T","R","E","M","?","?","R","BOSS","M","?","?","?","M","E"],"build_version":"2019-07-17","purchased_purges":0,"victory":false,"max_hp_per_floor":[78,78,78,78,78,78,78,78,78,78,78,78,78,78,78,78,78,78,78,78,78,78,78],"card_choices":[{"not_picked":["Steam","Recycle"],"picked":"Auto Shields","floor":1},{"not_picked":["Barrage","Tempest"],"picked":"BootSequence","floor":5},{"not_picked":["Hologram","Go for the Eyes"],"picked":"Darkness","floor":7},{"not_picked":["Redo","Streamline"],"picked":"Hologram","floor":11},{"not_picked":["Heatsinks","Hologram"],"picked":"Conserve Battery","floor":12},{"not_picked":["Hyperbeam","Multi-Cast"],"picked":"Core Surge","floor":16},{"not_picked":["Ball Lightning","Aggregate+1"],"picked":"Defragment","floor":18},{"not_picked":["Beam Cell","Turbo"],"picked":"Force Field","floor":22}],"player_experience":844410,"relics_obtained":[{"floor":7,"key":"Emotion Chip"},{"floor":9,"key":"Boot"},{"floor":11,"key":"Oddly Smooth Stone"},{"floor":13,"key":"Calipers"}],"event_choices":[{"damage_healed":0,"gold_gain":0,"cards_transformed":["Strike_B"],"player_choice":"Transformed","damage_taken":0,"max_hp_gain":0,"max_hp_loss":0,"event_name":"Transmorgrifier","floor":2,"gold_loss":0,"cards_obtained":["Multi-Cast"]},{"damage_healed":0,"gold_gain":0,"player_choice":"Entered Light","damage_taken":23,"max_hp_gain":0,"max_hp_loss":0,"event_name":"Shining Light","floor":4,"gold_loss":0,"cards_upgraded":["Zap","Sunder"]},{"damage_healed":0,"gold_gain":0,"player_choice":"Ignored","damage_taken":0,"max_hp_gain":0,"max_hp_loss":0,"event_name":"Liars Game","floor":14,"gold_loss":0},{"damage_healed":0,"gold_gain":0,"player_choice":"Ignored","damage_taken":0,"max_hp_gain":0,"max_hp_loss":0,"event_name":"Ghosts","floor":19,"gold_loss":0},{"cards_removed":["Strike_B"],"damage_healed":0,"gold_gain":0,"player_choice":"Gave Gold","damage_taken":0,"max_hp_gain":0,"max_hp_loss":0,"event_name":"Beggar","floor":20,"gold_loss":75},{"damage_healed":0,"gold_gain":0,"player_choice":"Upgraded","damage_taken":0,"max_hp_gain":0,"max_hp_loss":0,"event_name":"Upgrade Shrine","floor":21,"gold_loss":0,"cards_upgraded":["Defragment"]}],"is_beta":false,"boss_relics":[{"not_picked":["Pandora\u0027s Box","Tiny House"],"picked":"Snecko Eye"}],"items_purged_floors":[],"is_endless":false,"potions_floor_spawned":[1,7,16,18],"killed_by":"Slavers","ascension_level":20}