{"gold_per_floor":[117,129,148,148,81,81,156,191,491,491,491,511,523,523,523,622,622,622,347,347,347,309,309,309,309,309,309,309,309,309,309,309,309,309,309,309,219,219,181,181,181,181,181,89,89,89,89,89,89,89,89,89,39,39,39],"floor_reached":55,"playtime":2396,"items_purged":["Strike_B","Strike_B"],"score":1248,"play_id":"6f071f9c-28d0-4af7-87a9-31f4c1091d20","local_time":"20181212180011","is_ascension_mode":true,"campfire_choices":[{"data":"Loop","floor":6.0,"key":"SMITH"},{"data":"Consume","floor":11.0,"key":"SMITH"},{"data":"Streamline","floor":15.0,"key":"SMITH"},{"data":"Chaos","floor":23.0,"key":"SMITH"},{"data":"Defragment","floor":25.0,"key":"SMITH"},{"data":"Ghostly","floor":32.0,"key":"SMITH"},{"data":"Apotheosis","floor":45.0,"key":"SMITH"},{"floor":49.0,"key":"RECALL"},{"data":"Defragment","floor":52.0,"key":"SMITH"}],"neow_cost":"NONE","seed_source_timestamp":23911926772898,"circlet_count":0,"master_deck":["AscendersBane","Zap","Dualcast","Conserve Battery+1","Ball Lightning","Coolheaded+1","Loop+1","Consume+1","Glacier","Coolheaded+1","Streamline+1","Core Surge","Redo+1","Ghostly","Ghostly","Ghostly+1","Ghostly","Ghostly","Chaos+1","Heatsinks","Defragment+1","Redo+1","Echo Form","Defragment+1","Undo","Fission","Apotheosis+1","Chaos+1","Meteor Strike","Amplify"],"special_seed":0,"relics":["Eternal Feather","Gremlin Horn","Old Coin","Ectoplasm","Membership Card","DataDisk","War Paint","Red Mask","Blood Vial","Coffee Dripper","Bag of Preparation","Bottled Flame","Question Card","Bag of Marbles"],"potions_floor_usage":[55],"damage_taken":[{"damage":12.0,"enemies":"Jaw Worm","floor":1.0,"turns":3.0},{"damage":7.0,"enemies":"Small Slimes","floor":2.0,"turns":5.0},{"damage":1.0,"enemies":"Cultist","floor":3.0,"turns":5.0},{"damage":21.0,"enemies":"Lagavulin","floor":8.0,"turns":7.0},{"damage":0.0,"enemies":"Large Slime","floor":12.0,"turns":4.0},{"damage":11.0,"enemies":"3 Louse","floor":13.0,"turns":5.0},{"damage":23.0,"enemies":"Slime Boss","floor":16.0,"turns":8.0},{"damage":0.0,"enemies":"Shell Parasite","floor":18.0,"turns":7.0},{"damage":2.0,"enemies":"Masked Bandits","floor":28.0,"turns":5.0},{"damage":0.0,"enemies":"Chosen","floor":29.0,"turns":6.0},{"damage":6.0,"enemies":"Gremlin Leader","floor":30.0,"turns":5.0},{"damage":0.0,"enemies":"Shelled Parasite and Fungi","floor":31.0,"turns":5.0},{"damage":1.0,"enemies":"Champ","floor":33.0,"turns":7.0},{"damage":0.0,"enemies":"3 Darklings","floor":35.0,"turns":6.0},{"damage":1.0,"enemies":"Orb Walker","floor":36.0,"turns":5.0},{"damage":0.0,"enemies":"Writhing Mass","floor":38.0,"turns":4.0},{"damage":2.0,"enemies":"Giant Head","floor":40.0,"turns":8.0},{"damage":3.0,"enemies":"4 Shapes","floor":41.0,"turns":7.0},{"damage":0.0,"enemies":"3 Darklings","floor":46.0,"turns":5.0},{"damage":2.0,"enemies":"Sphere and 2 Shapes","floor":47.0,"turns":6.0},{"damage":0.0,"enemies":"Reptomancer","floor":48.0,"turns":7.0},{"damage":25.0,"enemies":"Awakened One","floor":50.0,"turns":12.0},{"damage":14.0,"enemies":"Shield and Spear","floor":54.0,"turns":7.0},{"damage":26,"enemies":"The Heart","floor":55,"turns":10}],"seed_played":"-6325818514972075384","potions_obtained":[{"floor":3.0,"key":"Regen Potion"},{"floor":8.0,"key":"Energy Potion"},{"floor":28.0,"key":"SmokeBomb"},{"floor":40.0,"key":"SteroidPotion"}],"is_trial":false,"path_per_floor":["M","M","M","?","$","R","?","E","T","?","R","M","M","?","R","B",null,"M","$","?","?","$","R","?","R","T","?","?","M","E","M","R","B",null,"M","M","?","M","$","E","M","T","T","$","R","M","M","E","R","B",null,"R","$","E","B"],"character_chosen":"DEFECT","items_purchased":["Consume","Membership Card","DataDisk","Defragment","Apotheosis"],"campfire_rested":0,"item_purchase_floors":[5,19,19,39,44],"current_hp_per_floor":[56,49,48,48,48,57,46,25,25,25,34,34,23,23,32,24,62,62,62,37,37,37,37,37,37,37,37,35,35,29,31,37,36,37,37,36,36,37,37,35,34,34,34,34,37,37,35,37,37,12,31,37,37,23,0],"gold":39,"neow_bonus":"BOSS_RELIC","is_prod":false,"is_daily":false,"chose_seed":false,"campfire_upgraded":8,"win_rate":0,"timestamp":1544608811,"path_taken":["M","M","M","?","$","R","?","E","T","?","R","?","M","?","R","BOSS","M","$","?","?","$","R","?","R","T","?","?","?","E","M","R","BOSS","M","M","?","M","?","E","?","?","T","$","R","M","M","E","R","BOSS","R","$","E","BOSS"],"build_version":"2018-12-06","purchased_purges":2,"victory":false,"max_hp_per_floor":[75,75,75,75,75,75,75,75,75,75,75,75,75,75,75,75,75,75,75,37,37,37,37,37,37,37,37,37,37,37,37,37,37,37,37,37,37,37,37,37,37,37,37,37,37,37,37,37,37,37,37,37,37,37,37],"card_choices":[{"not_picked":["Turbo","BootSequence"],"picked":"Conserve Battery","floor":1.0},{"not_picked":["Doom and Gloom","Aggregate"],"picked":"Ball Lightning","floor":2.0},{"not_picked":["Turbo","Barrage"],"picked":"Coolheaded","floor":3.0},{"not_picked":["Scrape","Hello World"],"picked":"Glacier","floor":8.0},{"not_picked":["Turbo","Beam Cell"],"picked":"Coolheaded","floor":12.0},{"not_picked":["Cold Snap","BootSequence"],"picked":"Streamline","floor":13.0},{"not_picked":["Seek","Multi-Cast"],"picked":"Core Surge","floor":16.0},{"not_picked":["Beam Cell","Lockon+1"],"picked":"Redo+1","floor":18.0},{"not_picked":["Barrage+1","Cold Snap"],"picked":"Redo+1","floor":28.0},{"not_picked":["Leap","Gash","Streamline"],"picked":"SKIP","floor":29.0},{"not_picked":["Chill+1","Beam Cell","Doom and Gloom"],"picked":"SKIP","floor":30.0},{"not_picked":["Turbo+1","Scrape","Redo"],"picked":"SKIP","floor":31.0},{"not_picked":["Buffer","Fission"],"picked":"Echo Form","floor":33.0},{"not_picked":["Barrage","Cold Snap","Steam+1"],"picked":"SKIP","floor":35.0},{"not_picked":["Rip and Tear+1","Leap","Aggregate"],"picked":"SKIP","floor":36.0},{"not_picked":["Sweeping Beam","Streamline+1"],"picked":"Undo","floor":40.0},{"not_picked":["Streamline+1","Force Field+1"],"picked":"Fission","floor":41.0},{"not_picked":["Streamline+1","Static Discharge+1","Gash"],"picked":"SKIP","floor":46.0},{"not_picked":["Hologram+1","Darkness"],"picked":"Chaos+1","floor":47.0},{"not_picked":["Melter","Chaos"],"picked":"Meteor Strike","floor":48.0},{"not_picked":["Storm+1","Turbo","Genetic Algorithm+1"],"picked":"Amplify","floor":54.0}],"player_experience":1223963,"relics_obtained":[{"floor":8.0,"key":"Gremlin Horn"},{"floor":9.0,"key":"Old Coin"},{"floor":26.0,"key":"War Paint"},{"floor":28.0,"key":"Red Mask"},{"floor":30.0,"key":"Blood Vial"},{"floor":40.0,"key":"Bag of Preparation"},{"floor":42.0,"key":"Bottled Flame"},{"floor":48.0,"key":"Question Card"},{"floor":54.0,"key":"Bag of Marbles"}],"event_choices":[{"damage_healed":0.0,"max_hp_gain":0.0,"max_hp_loss":0.0,"gold_gain":0.0,"cards_transformed":["Strike_B"],"event_name":"Living Wall","player_choice":"Change","floor":4.0,"gold_loss":0.0,"damage_taken":0.0,"cards_obtained":["Loop"]},{"damage_healed":0.0,"max_hp_gain":0.0,"max_hp_loss":0.0,"gold_gain":75.0,"event_name":"World of Goop","player_choice":"Gather Gold","floor":7.0,"gold_loss":0.0,"damage_taken":11.0},{"cards_removed":["Defend_B"],"damage_healed":0.0,"max_hp_gain":0.0,"max_hp_loss":0.0,"gold_gain":0.0,"event_name":"Bonfire Elementals","player_choice":"Offered Basic","floor":10.0,"gold_loss":0.0,"damage_taken":0.0},{"damage_healed":0.0,"max_hp_gain":0.0,"max_hp_loss":0.0,"gold_gain":0.0,"event_name":"Liars Game","player_choice":"Ignored","floor":14.0,"gold_loss":0.0,"damage_taken":0.0},{"damage_healed":0.0,"max_hp_gain":0.0,"max_hp_loss":38.0,"gold_gain":0.0,"event_name":"Ghosts","player_choice":"Became a Ghost","floor":20.0,"gold_loss":0.0,"damage_taken":0.0,"cards_obtained":["Ghostly","Ghostly","Ghostly","Ghostly","Ghostly"]},{"damage_healed":0.0,"max_hp_gain":0.0,"max_hp_loss":0.0,"gold_gain":0.0,"cards_transformed":["Strike_B","Defend_B"],"event_name":"Drug Dealer","player_choice":"Became Test Subject","floor":21.0,"gold_loss":0.0,"damage_taken":0.0,"cards_obtained":["Chaos","Heatsinks"]},{"damage_healed":0.0,"max_hp_gain":0.0,"max_hp_loss":0.0,"gold_gain":0.0,"event_name":"The Library","player_choice":"Read","floor":24.0,"gold_loss":0.0,"damage_taken":0.0,"cards_obtained":["Defragment"]},{"cards_removed":["Defend_B"],"damage_healed":0.0,"max_hp_gain":0.0,"max_hp_loss":0.0,"gold_gain":0.0,"event_name":"Back to Basics","player_choice":"Elegance","floor":27.0,"gold_loss":0.0,"damage_taken":0.0},{"damage_healed":0.0,"max_hp_gain":0.0,"max_hp_loss":0.0,"gold_gain":0.0,"event_name":"Masked Bandits","player_choice":"Fought Bandits","floor":28.0,"gold_loss":0.0,"damage_taken":0.0},{"cards_removed":["Defend_B"],"damage_healed":0.0,"max_hp_gain":0.0,"max_hp_loss":0.0,"gold_gain":0.0,"event_name":"Designer","player_choice":"Upgrade and Remove","floor":37.0,"gold_loss":90.0,"damage_taken":0.0,"cards_upgraded":["Conserve Battery"]}],"is_beta":false,"boss_relics":[{"not_picked":["Lizard Tail","Black Star"],"picked":"Ectoplasm"},{"not_picked":["Busted Crown","Snecko Eye"],"picked":"Coffee Dripper"}],"items_purged_floors":[22,53],"is_endless":false,"potions_floor_spawned":[3,8,12,13,28,30,31,40,46,54],"killed_by":"The Heart","ascension_level":11}