{"gold_per_floor":[115,133,283,127,127,127,27,27,27,42,42],"floor_reached":11,"playtime":243,"items_purged":["Doubt","Strike_G"],"score":122,"play_id":"aaac4fa3-d4f9-4f6f-b5d5-abc7e29c057b","local_time":"20190705202616","is_ascension_mode":true,"campfire_choices":[{"data":"Flechettes","floor":6,"key":"SMITH"},{"data":"Noxious Fumes","floor":8,"key":"SMITH"}],"neow_cost":"TEN_PERCENT_HP_LOSS","seed_source_timestamp":609461751979600,"circlet_count":0,"master_deck":["AscendersBane","Strike_G","Strike_G","Strike_G","Strike_G","Defend_G","Defend_G","Defend_G","Defend_G","Defend_G","Survivor","Neutralize","Grand Finale","Acrobatics","Flechettes+1","Noxious Fumes+1","Backflip"],"relics":["Ring of the Snake","Golden Idol","Molten Egg 2"],"potions_floor_usage":[],"damage_taken":[{"damage":23,"enemies":"Jaw Worm","floor":1,"turns":9},{"damage":11,"enemies":"Small Slimes","floor":2,"turns":6},{"damage":1,"enemies":"Cultist","floor":10,"turns":3},{"damage":21,"enemies":"3 Sentries","floor":11,"turns":5}],"seed_played":"1919260220683762126","potions_obtained":[],"is_trial":false,"path_per_floor":["M","M","?","$","?","R","$","R","T","M","E"],"character_chosen":"THE_SILENT","items_purchased":["Noxious Fumes"],"campfire_rested":0,"item_purchase_floors":[4],"current_hp_per_floor":[36,25,25,25,25,25,25,25,25,24,3],"gold":42,"neow_bonus":"THREE_RARE_CARDS","is_prod":false,"is_daily":false,"chose_seed":false,"campfire_upgraded":2,"win_rate":0,"timestamp":1562329576,"path_taken":["M","M","?","$","?","R","?","R","T","M","E"],"build_version":"2019-07-01","purchased_purges":2,"victory":false,"max_hp_per_floor":[60,60,60,60,54,54,54,54,54,54,54],"card_choices":[{"not_picked":["Envenom","Adrenaline"],"picked":"Grand Finale","floor":0},{"not_picked":["Skewer","Outmaneuver"],"picked":"Acrobatics","floor":1},{"not_picked":["Cloak And Dagger","Slice"],"picked":"Flechettes","floor":2},{"not_picked":["Blur","Poisoned Stab+1"],"picked":"Backflip","floor":10}],"player_experience":641805,"relics_obtained":[{"floor":9,"key":"Molten Egg 2"}],"event_choices":[{"damage_healed":0,"gold_gain":150,"player_choice":"AGREE","damage_taken":0,"max_hp_gain":0,"max_hp_loss":0,"event_name":"Liars Game","floor":3,"gold_loss":0,"cards_obtained":["Doubt"]},{"damage_healed":0,"gold_gain":0,"player_choice":"Lose Max HP","damage_taken":0,"relics_obtained":["Golden Idol"],"max_hp_gain":0,"max_hp_loss":6,"event_name":"Golden Idol","floor":5,"gold_loss":0}],"is_beta":false,"boss_relics":[],"items_purged_floors":[4,7],"is_endless":false,"potions_floor_spawned":[],"killed_by":"3 Sentries","ascension_level":20}