{"gold_per_floor":[113,113,125,50,50,50,76,76,99,131,131,151,72,72,72,151,151,165,165,185,4,14,14,24,24],"floor_reached":25,"playtime":690,"items_purged":["Strike_G","Strike_G"],"score":568,"play_id":"4f43d3c9-dded-4d7c-a9ca-43f274a49232","local_time":"20190116124839","is_ascension_mode":true,"campfire_choices":[{"data":"Noxious Fumes","floor":6.0,"key":"SMITH"},{"data":"Neutralize","floor":8.0,"key":"SMITH"},{"data":"Well Laid Plans","floor":15.0,"key":"SMITH"},{"data":"Corpse Explosion","floor":23,"key":"SMITH"}],"neow_cost":"NONE","seed_source_timestamp":6183565488840,"circlet_count":0,"master_deck":["AscendersBane","Defend_G","Defend_G","Defend_G","Defend_G","Defend_G","Strike_G","Survivor","Neutralize+1","Noxious Fumes+1","Leg Sweep","Well Laid Plans+1","Corpse Explosion+1","After Image","Footwork","Footwork"],"special_seed":0,"relics":["Ring of the Snake","NeowsBlessing","Dream Catcher","Juzu Bracelet","Velvet Choker"],"potions_floor_usage":[20],"damage_taken":[{"damage":0.0,"enemies":"Small Slimes","floor":1.0,"turns":1.0},{"damage":0.0,"enemies":"2 Louse","floor":3.0,"turns":1.0},{"damage":0.0,"enemies":"Lagavulin","floor":7.0,"turns":1.0},{"damage":45.0,"enemies":"Gremlin Nob","floor":10.0,"turns":6.0},{"damage":4.0,"enemies":"Jaw Worm","floor":12.0,"turns":5.0},{"damage":0.0,"enemies":"Hexaghost","floor":16.0,"turns":9.0},{"damage":0,"enemies":"Spheric Guardian","floor":18,"turns":6},{"damage":6,"enemies":"2 Thieves","floor":20,"turns":5},{"damage":0,"enemies":"Snecko","floor":22,"turns":8},{"damage":6,"enemies":"Snake Plant","floor":24,"turns":6},{"damage":25,"enemies":"Slavers","floor":25,"turns":5}],"seed_played":"-7693657628515032707","potions_obtained":[{"floor":7.0,"key":"Weak Potion"},{"floor":10.0,"key":"LiquidBronze"},{"floor":20,"key":"AttackPotion"}],"is_trial":false,"path_per_floor":["M","?","M","$","?","R","E","R","T","E","?","M","$","?","R","B",null,"M","?","M","$","M","R","M","E"],"character_chosen":"THE_SILENT","items_purchased":["Well Laid Plans","Footwork"],"campfire_rested":0,"item_purchase_floors":[13,21],"current_hp_per_floor":[59,52,52,52,52,52,52,52,52,7,7,3,3,3,3,3,50,50,50,44,44,44,44,38,13],"gold":24,"neow_bonus":"THREE_ENEMY_KILL","is_prod":false,"is_daily":false,"chose_seed":false,"campfire_upgraded":4,"win_rate":0,"timestamp":1547614119,"path_taken":["M","?","M","$","?","R","E","R","T","E","?","M","?","?","R","BOSS","M","?","M","$","M","R","M","E"],"build_version":"2019-01-10","purchased_purges":2,"victory":false,"max_hp_per_floor":[66,66,66,66,66,66,66,66,66,66,66,66,66,66,66,66,66,66,66,66,66,66,66,66,66],"card_choices":[{"not_picked":["Outmaneuver","Cloak And Dagger","Blur"],"picked":"SKIP","floor":1.0},{"not_picked":["Flying Knee","Dagger Spray"],"picked":"Noxious Fumes","floor":3.0},{"not_picked":["Dagger Throw","Eviscerate","Quick Slash"],"picked":"SKIP","floor":7.0},{"not_picked":["Cloak And Dagger","Dagger Throw","Dagger Spray"],"picked":"SKIP","floor":10.0},{"not_picked":["Sucker Punch","Deflect"],"picked":"Leg Sweep","floor":12.0},{"not_picked":["Adrenaline","Storm of Steel"],"picked":"After Image","floor":16.0},{"not_picked":["Bane","Predator","Masterful Stab"],"picked":"SKIP","floor":18},{"not_picked":["PiercingWail","Dagger Throw","Sucker Punch"],"picked":"SKIP","floor":20},{"not_picked":["Dagger Throw","Bane","Calculated Gamble"],"picked":"SKIP","floor":22},{"not_picked":["Acrobatics","Bouncing Flask"],"picked":"Footwork","floor":24}],"player_experience":1944972,"relics_obtained":[{"floor":7.0,"key":"Dream Catcher"},{"floor":10.0,"key":"Juzu Bracelet"}],"event_choices":[{"cards_removed":["Strike_G"],"damage_healed":0.0,"max_hp_gain":0.0,"max_hp_loss":0.0,"gold_gain":0.0,"event_name":"Golden Wing","player_choice":"Card Removal","floor":2.0,"gold_loss":0.0,"damage_taken":7.0},{"damage_healed":0.0,"max_hp_gain":0.0,"max_hp_loss":0.0,"gold_gain":0.0,"event_name":"The Cleric","player_choice":"Leave","floor":5.0,"gold_loss":0.0,"damage_taken":0.0},{"damage_healed":0.0,"max_hp_gain":0.0,"max_hp_loss":0.0,"gold_gain":0.0,"event_name":"Scrap Ooze","player_choice":"Fled","floor":11.0,"gold_loss":0.0,"damage_taken":0.0},{"damage_healed":0.0,"max_hp_gain":0.0,"max_hp_loss":0.0,"gold_gain":0.0,"cards_transformed":["Strike_G"],"event_name":"Transmorgrifier","player_choice":"Transformed","floor":14.0,"gold_loss":0.0,"damage_taken":0.0,"cards_obtained":["Corpse Explosion"]},{"damage_healed":0,"gold_gain":0,"player_choice":"Ignored","damage_taken":0,"max_hp_gain":0,"max_hp_loss":0,"event_name":"Vampires","floor":19,"gold_loss":0}],"is_beta":false,"boss_relics":[{"not_picked":["White Beast Statue","Pandora\u0027s Box"],"picked":"Velvet Choker"}],"items_purged_floors":[4,21],"is_endless":false,"potions_floor_spawned":[7,10,20],"killed_by":"Slavers","ascension_level":20}