{"gold_per_floor":[10,21,21,21,21,21,51,71,151,151,170,188,188,208,208,287,287,301,226,226,226,245,257,274,285,285,185,185,100,100,111,111,188,238,252,252,352,352,363,363,388,402,402,402,436,436,436,311,311,311,311,311,311,22,52,52],"floor_reached":57,"playtime":4639,"items_purged":["Strike_G","Strike_G","Defend_G","Defend_G"],"score":2670,"play_id":"dc7b8f02-bec9-4879-9933-428a7eebce38","local_time":"20190203183543","is_ascension_mode":true,"campfire_choices":[{"data":"Deadly Poison","floor":6.0,"key":"SMITH"},{"data":"Neutralize","floor":10.0,"key":"SMITH"},{"data":"Caltrops","floor":13.0,"key":"SMITH"},{"data":"Adrenaline","floor":15.0,"key":"SMITH"},{"data":"Catalyst","floor":28.0,"key":"SMITH"},{"data":"Flechettes","floor":32.0,"key":"SMITH"},{"data":"Calculated Gamble","floor":40.0,"key":"SMITH"},{"data":"Terror","floor":44.0,"key":"SMITH"},{"data":"Reflex","floor":46.0,"key":"SMITH"},{"floor":49.0,"key":"RECALL"},{"data":"Venomology","floor":53,"key":"SMITH"}],"neow_cost":"NO_GOLD","seed_source_timestamp":22732593443898,"circlet_count":0,"master_deck":["AscendersBane","Defend_G+1","Defend_G","Survivor","Neutralize+1","Deadly Poison+1","Adrenaline+1","Caltrops+1","Flechettes+1","Catalyst+1","Terror+1","Footwork+1","PiercingWail+1","Venomology+1","Calculated Gamble+1","Escape Plan+1","Catalyst+1","Reflex+1","Purity","Acrobatics+1"],"special_seed":0,"relics":["Ring of the Snake","Pantograph","Vajra","Question Card","Runic Pyramid","Tingsha","Ginger","Tiny House","Torii","Juzu Bracelet","Nunchaku","Du-Vu Doll"],"potions_floor_usage":[50,51,55,55,55,56,56],"damage_taken":[{"damage":1.0,"enemies":"2 Louse","floor":1.0,"turns":5.0},{"damage":3.0,"enemies":"Jaw Worm","floor":2.0,"turns":5.0},{"damage":39.0,"enemies":"3 Sentries","floor":7.0,"turns":13.0},{"damage":0.0,"enemies":"Cultist","floor":8.0,"turns":3.0},{"damage":3.0,"enemies":"Looter","floor":11.0,"turns":3.0},{"damage":0.0,"enemies":"2 Fungi Beasts","floor":12.0,"turns":3.0},{"damage":0.0,"enemies":"3 Louse","floor":14.0,"turns":4.0},{"damage":27.0,"enemies":"Hexaghost","floor":16.0,"turns":9.0},{"damage":2.0,"enemies":"3 Byrds","floor":18.0,"turns":4.0},{"damage":5.0,"enemies":"Colosseum Slavers","floor":20.0,"turns":5.0},{"damage":0.0,"enemies":"Chosen","floor":22.0,"turns":3.0},{"damage":10.0,"enemies":"3 Cultists","floor":23.0,"turns":5.0},{"damage":6.0,"enemies":"Sentry and Sphere","floor":24.0,"turns":5.0},{"damage":0.0,"enemies":"Snecko","floor":25.0,"turns":3.0},{"damage":1.0,"enemies":"Shelled Parasite and Fungi","floor":31.0,"turns":5.0},{"damage":20.0,"enemies":"Champ","floor":33.0,"turns":6.0},{"damage":0.0,"enemies":"Orb Walker","floor":35.0,"turns":3.0},{"damage":0.0,"enemies":"Mind Bloom Boss Battle","floor":37.0,"turns":6.0},{"damage":1.0,"enemies":"3 Darklings","floor":39.0,"turns":6.0},{"damage":44.0,"enemies":"Reptomancer","floor":41.0,"turns":7.0},{"damage":0.0,"enemies":"Writhing Mass","floor":42.0,"turns":3.0},{"damage":0.0,"enemies":"Nemesis","floor":45.0,"turns":5.0},{"damage":24,"enemies":"Time Eater","floor":50,"turns":9},{"damage":1,"enemies":"Awakened One","floor":51,"turns":6},{"damage":16,"enemies":"Shield and Spear","floor":55,"turns":6},{"damage":33,"enemies":"The Heart","floor":56,"turns":6}],"seed_played":"514428560434103646","potions_obtained":[{"floor":2.0,"key":"Block Potion"},{"floor":11.0,"key":"Ancient Potion"},{"floor":23.0,"key":"SneckoOil"},{"floor":24.0,"key":"Swift Potion"},{"floor":33.0,"key":"Swift Potion"},{"floor":34.0,"key":"LiquidBronze"},{"floor":55,"key":"SteroidPotion"}],"is_trial":false,"path_per_floor":["M","M","?","T","?","R","E","M","T","R","M","M","R","M","R","B",null,"M","$","?","?","M","M","M","M","T","$","R","?","?","M","R","B",null,"M","?","?","?","M","R","E","M","T","R","E","R","?","$","R","B","B",null,"R","$","E","B",null],"character_chosen":"THE_SILENT","items_purchased":["GamblersBrew","PowerPotion"],"campfire_rested":0,"item_purchase_floors":[54,54],"current_hp_per_floor":[58,55,55,55,55,55,16,16,16,16,13,13,13,13,13,11,52,50,50,45,45,45,35,29,29,29,29,29,29,29,28,28,33,63,63,63,71,71,70,70,26,26,26,26,26,26,16,16,16,17,41,64,64,64,48,38],"gold":52,"neow_bonus":"REMOVE_TWO","is_prod":false,"is_daily":false,"chose_seed":false,"campfire_upgraded":10,"win_rate":0,"timestamp":1549190143,"path_taken":["M","M","?","?","?","R","E","M","T","R","M","M","R","M","R","BOSS","M","$","?","?","?","M","M","M","T","$","R","?","?","M","R","BOSS","M","?","?","?","M","R","E","M","T","R","E","R","?","$","R","BOSS","BOSS","R","$","E","BOSS"],"build_version":"2019-01-23","purchased_purges":4,"victory":true,"max_hp_per_floor":[66,66,66,66,66,66,66,66,66,66,66,66,66,66,66,66,66,66,66,66,66,66,66,66,66,66,66,66,66,66,66,66,66,71,71,71,71,71,71,71,71,71,71,71,71,71,71,71,71,71,71,71,71,71,71,71],"card_choices":[{"not_picked":["PiercingWail","Dagger Throw","Riddle With Holes"],"picked":"SKIP","floor":1.0},{"not_picked":["Slice","Acrobatics"],"picked":"Deadly Poison","floor":2.0},{"not_picked":["Poisoned Stab","Bane","Sucker Punch"],"picked":"SKIP","floor":7.0},{"not_picked":["Quick Slash","Deflect","Dagger Throw"],"picked":"SKIP","floor":8.0},{"not_picked":["Crippling Poison","Bouncing Flask","Slice"],"picked":"Adrenaline","floor":11.0},{"not_picked":["Deflect","Crippling Poison","Masterful Stab"],"picked":"Caltrops","floor":12.0},{"not_picked":["Crippling Poison","Outmaneuver","Quick Slash","Dagger Throw"],"picked":"SKIP","floor":14.0},{"not_picked":["Dagger Throw","Dodge and Roll","Deadly Poison"],"picked":"Flechettes","floor":18.0},{"not_picked":["Skewer","Finisher","Prepared"],"picked":"Catalyst","floor":22.0},{"not_picked":["Riddle With Holes","All Out Attack","Terror","Blur"],"picked":"SKIP","floor":23.0},{"not_picked":["Riddle With Holes","All Out Attack","Blur"],"picked":"Terror","floor":23.0},{"not_picked":["Quick Slash","PiercingWail","Noxious Fumes"],"picked":"Footwork+1","floor":24.0},{"not_picked":["Dagger Spray","Sucker Punch","Outmaneuver","Prepared"],"picked":"SKIP","floor":25.0},{"not_picked":["Bane","Underhanded Strike","Blade Dance"],"picked":"PiercingWail+1","floor":31.0},{"not_picked":["Tools of the Trade","Storm of Steel","Doppelganger"],"picked":"Venomology","floor":33.0},{"not_picked":["Heel Hook","Skewer","Blade Dance"],"picked":"Calculated Gamble","floor":34.0},{"not_picked":["All Out Attack","Caltrops","Sucker Punch","Dagger Spray"],"picked":"SKIP","floor":35.0},{"not_picked":["Slice+1","Dagger Spray","Prepared"],"picked":"Escape Plan+1","floor":37.0},{"not_picked":["Noxious Fumes+1","Crippling Poison","Skewer","Outmaneuver+1"],"picked":"SKIP","floor":39.0},{"not_picked":["Slice","Wraith Form v2","Escape Plan"],"picked":"Catalyst+1","floor":41.0},{"not_picked":["Terror","Sucker Punch","Deflect","Dodge and Roll"],"picked":"SKIP","floor":42.0},{"not_picked":["Poisoned Stab+1","Bouncing Flask","Backstab"],"picked":"Reflex","floor":45.0},{"not_picked":["Blind","Violence","Apotheosis"],"picked":"Purity","floor":47.0},{"not_picked":["Deadly Poison","Bane","Outmaneuver"],"picked":"Acrobatics+1","floor":55}],"player_experience":2480001,"relics_obtained":[{"floor":4.0,"key":"Pantograph"},{"floor":7.0,"key":"Vajra"},{"floor":9.0,"key":"Question Card"},{"floor":26.0,"key":"Tingsha"},{"floor":37.0,"key":"Torii"},{"floor":41.0,"key":"Juzu Bracelet"},{"floor":45.0,"key":"Nunchaku"},{"floor":55,"key":"Du-Vu Doll"}],"event_choices":[{"cards_removed":["Strike_G"],"damage_healed":0.0,"max_hp_gain":0.0,"max_hp_loss":0.0,"gold_gain":0.0,"event_name":"Living Wall","player_choice":"Forget","floor":3.0,"gold_loss":0.0,"damage_taken":0.0},{"damage_healed":0.0,"max_hp_gain":0.0,"max_hp_loss":0.0,"gold_gain":0.0,"event_name":"The Cleric","player_choice":"Leave","floor":5.0,"gold_loss":0.0,"damage_taken":0.0},{"damage_healed":0.0,"max_hp_gain":0.0,"max_hp_loss":0.0,"gold_gain":0.0,"event_name":"Colosseum","player_choice":"Fight","floor":20.0,"gold_loss":0.0,"damage_taken":0.0},{"damage_healed":0.0,"max_hp_gain":0.0,"max_hp_loss":0.0,"gold_gain":0.0,"event_name":"Colosseum","player_choice":"Fled From Nobs","floor":20.0,"gold_loss":0.0,"damage_taken":0.0},{"cards_removed":["Strike_G"],"damage_healed":0.0,"max_hp_gain":0.0,"max_hp_loss":0.0,"gold_gain":0.0,"event_name":"Bonfire Elementals","player_choice":"Offered Basic","floor":21.0,"gold_loss":0.0,"damage_taken":0.0},{"damage_healed":0.0,"max_hp_gain":0.0,"max_hp_loss":0.0,"gold_gain":0.0,"event_name":"Addict","player_choice":"Obtained Relic","floor":29.0,"gold_loss":85.0,"damage_taken":0.0,"relics_obtained":["Ginger"]},{"damage_healed":0.0,"max_hp_gain":0.0,"max_hp_loss":0.0,"gold_gain":0.0,"event_name":"The Mausoleum","player_choice":"Ignored","floor":30.0,"gold_loss":0.0,"damage_taken":0.0},{"damage_healed":0.0,"max_hp_gain":0.0,"max_hp_loss":0.0,"gold_gain":0.0,"event_name":"Tomb of Lord Red Mask","player_choice":"Ignored","floor":36.0,"gold_loss":0.0,"damage_taken":0.0},{"damage_healed":0.0,"max_hp_gain":0.0,"max_hp_loss":0.0,"gold_gain":0.0,"event_name":"MindBloom","player_choice":"Fight","floor":37.0,"gold_loss":0.0,"damage_taken":0.0},{"damage_healed":0.0,"max_hp_gain":0.0,"max_hp_loss":0.0,"gold_gain":0.0,"event_name":"Mysterious Sphere","player_choice":"Ignored","floor":38.0,"gold_loss":0.0,"damage_taken":0.0},{"damage_healed":0.0,"max_hp_gain":0.0,"max_hp_loss":0.0,"gold_gain":0.0,"event_name":"SensoryStone","player_choice":"Memory 3","floor":47.0,"gold_loss":0.0,"damage_taken":10.0}],"is_beta":false,"boss_relics":[{"not_picked":["Black Star","Cursed Key"],"picked":"Runic Pyramid"},{"not_picked":["Pandora\u0027s Box","Velvet Choker"],"picked":"Tiny House"}],"items_purged_floors":[19,27,48,54],"is_endless":false,"potions_floor_spawned":[2,11,16,23,24,33,35,39,41,45,55],"ascension_level":20}