{"gold_per_floor":[109,31,31,31,51,51,85,85,136,152,164,195,195],"floor_reached":13,"playtime":343,"items_purged":[],"score":236,"play_id":"9b44bb25-d793-4614-86ab-56193bcf5b7a","local_time":"20190320011645","is_ascension_mode":true,"campfire_choices":[{"data":"Demon Form","floor":6,"key":"SMITH"},{"data":"Sword Boomerang","floor":8,"key":"SMITH"}],"neow_cost":"NONE","seed_source_timestamp":52264354109050,"circlet_count":0,"master_deck":["AscendersBane","Strike_R","Strike_R","Strike_R","Strike_R","Strike_R","Defend_R","Defend_R","Defend_R","Defend_R","Bash","Evolve","Demon Form+1","Bludgeon","Sword Boomerang+1","Seeing Red","Power Through","Battle Trance"],"special_seed":0,"relics":["Burning Blood","NeowsBlessing","Kunai","Ancient Tea Set","Dream Catcher"],"potions_floor_usage":[],"damage_taken":[{"damage":0.0,"enemies":"Cultist","floor":1.0,"turns":1.0},{"damage":0,"enemies":"2 Louse","floor":5,"turns":1},{"damage":0,"enemies":"Gremlin Nob","floor":7,"turns":1},{"damage":3,"enemies":"Small Slimes","floor":10,"turns":3},{"damage":41,"enemies":"Gremlin Gang","floor":11,"turns":7},{"damage":25,"enemies":"Lagavulin","floor":12,"turns":6},{"damage":18,"enemies":"Lots of Slimes","floor":13,"turns":2}],"seed_played":"3472677399340708473","potions_obtained":[{"floor":1.0,"key":"FairyPotion"},{"floor":7,"key":"Strength Potion"}],"is_trial":false,"path_per_floor":["M","$","?","?","M","R","E","R","T","M","M","E","M"],"character_chosen":"IRONCLAD","items_purchased":["Demon Form"],"campfire_rested":0,"item_purchase_floors":[2],"current_hp_per_floor":[74,74,74,74,75,75,75,75,75,75,40,21,3],"gold":195,"neow_bonus":"THREE_ENEMY_KILL","is_prod":false,"is_daily":false,"chose_seed":false,"campfire_upgraded":2,"win_rate":0,"timestamp":1553015805,"path_taken":["M","$","?","?","M","R","E","R","T","M","M","E","?"],"build_version":"2019-01-23","purchased_purges":0,"victory":false,"max_hp_per_floor":[75,75,75,75,75,75,75,75,75,75,75,75,75],"card_choices":[{"not_picked":["Armaments","Rupture"],"picked":"Evolve","floor":1.0},{"not_picked":["Headbutt","Combust"],"picked":"Power Through","floor":5},{"not_picked":["Warcry","Sword Boomerang"],"picked":"Battle Trance","floor":7},{"not_picked":["Flex","Feel No Pain","Bloodletting"],"picked":"SKIP","floor":10},{"not_picked":["Cleave","Spot Weakness","Pummel"],"picked":"SKIP","floor":11},{"not_picked":["Headbutt","Pommel Strike","Havoc"],"picked":"SKIP","floor":12}],"player_experience":3740465,"relics_obtained":[{"floor":7,"key":"Kunai"},{"floor":9,"key":"Ancient Tea Set"},{"floor":12,"key":"Dream Catcher"}],"event_choices":[{"damage_healed":0.0,"max_hp_gain":0.0,"max_hp_loss":0.0,"gold_gain":0.0,"event_name":"Liars Game","player_choice":"Ignored","floor":3.0,"gold_loss":0.0,"damage_taken":0.0},{"damage_healed":0,"gold_gain":0,"player_choice":"3 cards matched","damage_taken":0,"max_hp_gain":0,"max_hp_loss":0,"event_name":"Match and Keep!","floor":4,"gold_loss":0,"cards_obtained":["Bludgeon","Sword Boomerang","Seeing Red"]}],"is_beta":false,"boss_relics":[],"items_purged_floors":[],"is_endless":false,"potions_floor_spawned":[1,7,12],"killed_by":"Lots of Slimes","ascension_level":20}