{"gold_per_floor":[117,117,117,140,158,158,174,188,235,235,160,160,335,235,235,364,364,355,373,388,313,346,346,346,346,401,425,425,450,481,495,495,625,625,640,640,653,653,677,350,350,388,388,721,721,151,162,172,172,172],"floor_reached":51,"playtime":1847,"items_purged":["Strike_G","Doubt","Defend_G","Strike_G"],"score":787,"play_id":"5b3c43b6-d93f-425f-af9d-13e18246ea02","local_time":"20181026225326","is_ascension_mode":false,"campfire_choices":[{"data":"Neutralize","floor":6.0,"key":"SMITH"},{"data":"Unload","floor":10.0,"key":"SMITH"},{"data":"Defend_G","floor":12.0,"key":"SMITH"},{"data":"Defend_G","floor":15.0,"key":"SMITH"},{"data":"Noxious Fumes","floor":23.0,"key":"SMITH"},{"data":"Leg Sweep","floor":25.0,"key":"SMITH"},{"data":"Malaise","floor":28.0,"key":"SMITH"},{"data":"Deadly Poison","floor":32.0,"key":"SMITH"},{"data":"Cloak And Dagger","floor":41,"key":"SMITH"},{"data":"Grand Finale","floor":45,"key":"SMITH"},{"data":"Blade Dance","floor":49,"key":"SMITH"}],"neow_cost":"NONE","seed_source_timestamp":50039322225826,"circlet_count":0,"master_deck":["Defend_G+1","Defend_G+1","Defend_G+1","Strike_G","Survivor+1","Neutralize+1","Unload+1","Masterful Stab","Malaise+1","Leg Sweep+1","Noxious Fumes+1","Well Laid Plans+1","Deadly Poison+1","Grand Finale+1","Infinite Blades","Adrenaline","Blade Dance+1","Backflip+1","Cloak And Dagger+1","Wraith Form v2+1","Well Laid Plans+1","Blade Dance+1","Blur+1"],"special_seed":0,"relics":["Ring of the Snake","War Paint","Coffee Dripper","Red Mask","Tiny Chest","Shuriken","WristBlade","Frozen Egg 2","Potion Belt","Lantern","Meat on the Bone","Strange Spoon"],"potions_floor_usage":[42,42,50,50,50,50],"damage_taken":[{"damage":2.0,"enemies":"Cultist","floor":1.0,"turns":4.0},{"damage":0.0,"enemies":"2 Louse","floor":4.0,"turns":2.0},{"damage":0.0,"enemies":"Jaw Worm","floor":5.0,"turns":3.0},{"damage":1.0,"enemies":"Blue Slaver","floor":7.0,"turns":3.0},{"damage":0.0,"enemies":"3 Louse","floor":8.0,"turns":4.0},{"damage":0.0,"enemies":"The Guardian","floor":16.0,"turns":11.0},{"damage":3.0,"enemies":"2 Thieves","floor":18.0,"turns":4.0},{"damage":0.0,"enemies":"Spheric Guardian","floor":19.0,"turns":4.0},{"damage":0.0,"enemies":"Snake Plant","floor":20.0,"turns":7.0},{"damage":11.0,"enemies":"Masked Bandits","floor":22.0,"turns":5.0},{"damage":0.0,"enemies":"Centurion and Healer","floor":27.0,"turns":7.0},{"damage":3.0,"enemies":"Sentry and Sphere","floor":29.0,"turns":5.0},{"damage":11.0,"enemies":"Gremlin Leader","floor":30.0,"turns":8.0},{"damage":2.0,"enemies":"Chosen and Byrds","floor":31.0,"turns":6.0},{"damage":24.0,"enemies":"Champ","floor":33.0,"turns":12.0},{"damage":0.0,"enemies":"3 Darklings","floor":35.0,"turns":7.0},{"damage":0.0,"enemies":"Orb Walker","floor":37.0,"turns":4.0},{"damage":0,"enemies":"3 Darklings","floor":39,"turns":4},{"damage":0,"enemies":"Reptomancer","floor":42,"turns":4},{"damage":0,"enemies":"4 Shapes","floor":47,"turns":7},{"damage":0,"enemies":"Spire Growth","floor":48,"turns":4},{"damage":1,"enemies":"Awakened One","floor":50,"turns":13}],"seed_played":"6972128060544040616","potions_obtained":[{"floor":1.0,"key":"SteroidPotion"},{"floor":5.0,"key":"GamblersBrew"},{"floor":7.0,"key":"Strength Potion"},{"floor":16.0,"key":"Regen Potion"},{"floor":19.0,"key":"GhostInAJar"},{"floor":22.0,"key":"GamblersBrew"},{"floor":31.0,"key":"Regen Potion"}],"is_trial":false,"path_per_floor":["M","?","?","M","M","R","M","M","T","R","$","R","?","$","R","B",null,"M","M","M","?","?","R","?","R","T","M","R","M","E","M","R","B",null,"M","T","M","?","M","$","R","E","T","?","R","$","M","M","R","B"],"character_chosen":"THE_SILENT","items_purchased":["Potion Belt","Dexterity Potion","Well Laid Plans+1","Strange Spoon","Weak Potion","SkillPotion","Energy Potion"],"campfire_rested":0,"item_purchase_floors":[40,40,46,46,46,46,46],"current_hp_per_floor":[68,51,51,51,51,51,50,50,50,50,50,50,50,50,50,50,70,67,67,67,67,56,56,56,56,56,56,56,67,56,54,54,30,70,70,70,70,70,70,70,70,70,70,70,70,70,70,70,70,69],"gold":172,"neow_bonus":"REMOVE_CARD","is_prod":false,"is_daily":false,"chose_seed":false,"campfire_upgraded":11,"win_rate":0,"timestamp":1540565606,"path_taken":["M","?","?","M","?","R","M","M","T","R","?","R","?","$","R","BOSS","M","M","M","?","?","R","?","R","T","M","R","M","E","M","R","BOSS","M","?","?","?","?","$","R","E","T","?","R","$","M","M","R","BOSS"],"build_version":"2018-10-25v2","purchased_purges":4,"victory":true,"max_hp_per_floor":[70,70,70,70,70,70,70,70,70,70,70,70,70,70,70,70,70,70,70,70,70,70,70,70,70,70,70,70,70,70,70,70,70,70,70,70,70,70,70,70,70,70,70,70,70,70,70,70,70,70],"card_choices":[{"not_picked":["Distraction","Finisher","Caltrops"],"picked":"SKIP","floor":1.0},{"not_picked":["Deflect","Accuracy","Flying Knee"],"picked":"SKIP","floor":4.0},{"not_picked":["Blade Dance","Dagger Throw","Choke"],"picked":"SKIP","floor":5.0},{"not_picked":["Dodge and Roll","Dagger Throw","Slice"],"picked":"SKIP","floor":7.0},{"not_picked":["Quick Slash","Acrobatics","Masterful Stab"],"picked":"SKIP","floor":8.0},{"not_picked":["Quick Slash","Acrobatics"],"picked":"Masterful Stab","floor":8.0},{"not_picked":["Wraith Form v2","Envenom"],"picked":"Malaise","floor":16.0},{"not_picked":["Predator","Reflex"],"picked":"Leg Sweep","floor":18.0},{"not_picked":["Backflip","PiercingWail"],"picked":"Noxious Fumes","floor":19.0},{"not_picked":["Concentrate+1","Infinite Blades+1"],"picked":"Well Laid Plans+1","floor":20.0},{"not_picked":["Cloak And Dagger","Flying Knee"],"picked":"Deadly Poison","floor":27.0},{"not_picked":["Prepared+1","Sucker Punch","Quick Slash"],"picked":"SKIP","floor":29.0},{"not_picked":["Sucker Punch","All Out Attack+1"],"picked":"Grand Finale","floor":30.0},{"not_picked":["Dagger Throw","Setup"],"picked":"Infinite Blades","floor":31.0},{"not_picked":["Storm of Steel","Die Die Die"],"picked":"Adrenaline","floor":33.0},{"not_picked":["Sucker Punch","Deadly Poison+1"],"picked":"Blade Dance+1","floor":35.0},{"not_picked":["Predator+1","Reflex"],"picked":"Backflip+1","floor":37.0},{"not_picked":["Deflect+1","Quick Slash+1"],"picked":"Cloak And Dagger","floor":39},{"not_picked":["Flying Knee+1","Predator"],"picked":"Wraith Form v2+1","floor":42},{"not_picked":["Flying Knee+1","Tactician+1"],"picked":"Blade Dance","floor":47},{"not_picked":["Prepared+1","Quick Slash+1"],"picked":"Blur+1","floor":48}],"player_experience":657978,"relics_obtained":[{"floor":9.0,"key":"War Paint"},{"floor":22.0,"key":"Red Mask"},{"floor":26.0,"key":"Tiny Chest"},{"floor":30.0,"key":"Shuriken"},{"floor":36.0,"key":"Frozen Egg 2"},{"floor":42,"key":"Lantern"},{"floor":43,"key":"Meat on the Bone"}],"event_choices":[{"damage_healed":0.0,"max_hp_gain":0.0,"max_hp_loss":0.0,"gold_gain":0.0,"event_name":"Golden Idol","player_choice":"Take Damage","floor":2.0,"gold_loss":0.0,"damage_taken":17.0,"relics_obtained":["Golden Idol"]},{"damage_healed":0.0,"max_hp_gain":0.0,"max_hp_loss":0.0,"gold_gain":0.0,"cards_transformed":["Strike_G"],"event_name":"Living Wall","player_choice":"Change","floor":3.0,"gold_loss":0.0,"damage_taken":0.0,"cards_obtained":["Unload"]},{"damage_healed":0.0,"max_hp_gain":0.0,"max_hp_loss":0.0,"gold_gain":175.0,"event_name":"Liars Game","player_choice":"AGREE","floor":13.0,"gold_loss":0.0,"damage_taken":0.0,"cards_obtained":["Doubt"]},{"cards_removed":["Defend_G"],"damage_healed":0.0,"max_hp_gain":0.0,"max_hp_loss":0.0,"gold_gain":0.0,"event_name":"Beggar","player_choice":"Gave Gold","floor":21.0,"gold_loss":75.0,"damage_taken":0.0},{"damage_healed":0.0,"max_hp_gain":0.0,"max_hp_loss":0.0,"gold_gain":0.0,"event_name":"Masked Bandits","player_choice":"Fought Bandits","floor":22.0,"gold_loss":0.0,"damage_taken":0.0},{"damage_healed":0.0,"max_hp_gain":0.0,"max_hp_loss":0.0,"gold_gain":0.0,"event_name":"N\u0027loth","player_choice":"Ignored","floor":24.0,"gold_loss":0.0,"damage_taken":0.0},{"damage_healed":0.0,"max_hp_gain":0.0,"max_hp_loss":0.0,"gold_gain":0.0,"event_name":"Mysterious Sphere","player_choice":"Ignored","floor":38.0,"gold_loss":0.0,"damage_taken":0.0},{"damage_healed":0,"gold_gain":333,"player_choice":"Gave Idol","damage_taken":0,"max_hp_gain":0,"max_hp_loss":0,"event_name":"The Moai Head","floor":44,"relics_lost":["Golden Idol"],"gold_loss":0}],"is_beta":false,"boss_relics":[{"not_picked":["Runic Dome","Eternal Feather"],"picked":"Coffee Dripper"},{"not_picked":["White Beast Statue","Philosopher\u0027s Stone"],"picked":"WristBlade"}],"items_purged_floors":[11,14,40,46],"is_endless":false,"potions_floor_spawned":[1,5,7,16,19,20,22,31,37,39],"ascension_level":0}