{"gold_per_floor":[119,138,152,166,116,116,144,144,194,250,135,147,147,160,160,262,262,275,292,308,308,319,319,354,354,377,477,229,246,274,149,149,253,253,271,271,271,121,139,168,184,218,242,257,318,143,173,188,188,188,188,188,138,173,173],"floor_reached":56,"playtime":2402,"items_purged":["Strike_G","Defend_G","Strike_G","Defend_G","Defend_G","Defend_G"],"score":1587,"play_id":"a64c1f7c-4aa7-4ed7-8e24-77288bb5f85e","local_time":"20181207000823","is_ascension_mode":false,"campfire_choices":[{"data":"Corpse Explosion","floor":6.0,"key":"SMITH"},{"data":"Neutralize","floor":8.0,"key":"SMITH"},{"data":"Footwork","floor":13.0,"key":"SMITH"},{"data":"Setup","floor":15.0,"key":"SMITH"},{"data":"Adrenaline","floor":23.0,"key":"SMITH"},{"data":"Noxious Fumes","floor":25,"key":"SMITH"},{"data":"Catalyst","floor":32,"key":"SMITH"},{"floor":49,"key":"RECALL"},{"data":"Burst","floor":52,"key":"SMITH"}],"neow_cost":"TEN_PERCENT_HP_LOSS","seed_source_timestamp":52430662389735,"circlet_count":0,"master_deck":["Survivor","Neutralize+1","Leg Sweep","Setup+1","Backflip","Corpse Explosion+1","Calculated Gamble","Footwork+1","Adrenaline+1","Accuracy","Noxious Fumes+1","Footwork","Night Terror","Burst+1","Catalyst+1","Burst","After Image","Setup+1","Expertise+1","Night Terror","Backflip+1","Wraith Form v2"],"special_seed":0,"relics":["Ring of the Snake","Pantograph","Anchor","Runic Pyramid","Boot","Lantern","Ginger","Darkstone Periapt","Matryoshka","Black Star","Happy Flower","Whetstone","Blood Vial","Bag of Marbles","Bag of Preparation","Ancient Tea Set","Tiny Chest","Juzu Bracelet","Art of War","Smiling Mask","Letter Opener","Pear"],"potions_floor_usage":[24,27,55],"damage_taken":[{"damage":0.0,"enemies":"Jaw Worm","floor":1.0,"turns":8.0},{"damage":0.0,"enemies":"Cultist","floor":2.0,"turns":5.0},{"damage":0.0,"enemies":"Small Slimes","floor":3.0,"turns":7.0},{"damage":7.0,"enemies":"Exordium Wildlife","floor":4.0,"turns":13.0},{"damage":14.0,"enemies":"3 Sentries","floor":7.0,"turns":6.0},{"damage":18.0,"enemies":"Gremlin Nob","floor":10.0,"turns":5.0},{"damage":0.0,"enemies":"Looter","floor":12.0,"turns":4.0},{"damage":0.0,"enemies":"Exordium Thugs","floor":14.0,"turns":4.0},{"damage":9.0,"enemies":"The Guardian","floor":16.0,"turns":10.0},{"damage":0.0,"enemies":"Chosen","floor":18.0,"turns":5.0},{"damage":0.0,"enemies":"3 Byrds","floor":19.0,"turns":2.0},{"damage":0.0,"enemies":"Snake Plant","floor":20.0,"turns":4.0},{"damage":0.0,"enemies":"Centurion and Healer","floor":22.0,"turns":5.0},{"damage":0,"enemies":"Slavers","floor":24,"turns":3},{"damage":0,"enemies":"Colosseum Slavers","floor":27,"turns":3},{"damage":26,"enemies":"Colosseum Nobs","floor":27,"turns":4},{"damage":0,"enemies":"3 Cultists","floor":29,"turns":3},{"damage":2,"enemies":"Book of Stabbing","floor":30,"turns":7},{"damage":0,"enemies":"Automaton","floor":33,"turns":6},{"damage":0,"enemies":"Orb Walker","floor":35,"turns":2},{"damage":0,"enemies":"3 Shapes","floor":39,"turns":2},{"damage":0,"enemies":"Giant Head","floor":40,"turns":2},{"damage":0,"enemies":"Maw","floor":41,"turns":4},{"damage":0,"enemies":"Reptomancer","floor":42,"turns":2},{"damage":0,"enemies":"Jaw Worm Horde","floor":44,"turns":2},{"damage":0,"enemies":"Giant Head","floor":45,"turns":4},{"damage":8,"enemies":"Nemesis","floor":47,"turns":5},{"damage":0,"enemies":"Sphere and 2 Shapes","floor":48,"turns":3},{"damage":0,"enemies":"Time Eater","floor":50,"turns":4},{"damage":0,"enemies":"Shield and Spear","floor":54,"turns":3},{"damage":66,"enemies":"The Heart","floor":55,"turns":14}],"seed_played":"-8755922753685078775","potions_obtained":[{"floor":1.0,"key":"Dexterity Potion"},{"floor":10.0,"key":"Fire Potion"},{"floor":12.0,"key":"AttackPotion"},{"floor":24,"key":"Block Potion"},{"floor":29,"key":"Explosive Potion"},{"floor":47,"key":"SmokeBomb"}],"is_trial":false,"path_per_floor":["M","M","M","M","?","R","E","R","T","?","$","M","R","M","R","B",null,"M","M","M","?","M","R","E","R","T","?","$","M","E","$","R","B",null,"M","?","?","$","M","E","M","E","T","M","E","$","E","M","R","B",null,"R","$","E","B",null],"character_chosen":"THE_SILENT","items_purchased":["Footwork","Night Terror"],"campfire_rested":0,"item_purchase_floors":[11,28],"current_hp_per_floor":[63,63,63,56,56,56,42,42,42,24,24,24,24,24,24,40,63,63,63,63,63,63,63,63,63,63,37,37,37,35,35,35,60,63,63,60,60,60,60,60,60,60,60,60,60,60,52,54,54,60,60,60,60,70,4],"gold":173,"neow_bonus":"TRANSFORM_TWO_CARDS","is_prod":false,"is_daily":false,"chose_seed":false,"campfire_upgraded":8,"win_rate":0,"timestamp":1544112503,"path_taken":["M","M","M","M","?","R","E","R","T","?","$","M","R","M","R","BOSS","M","M","M","?","?","R","E","R","T","?","?","M","E","$","R","BOSS","M","?","?","$","M","E","M","E","T","M","E","$","E","M","R","BOSS","R","$","E","BOSS"],"build_version":"2018-11-15","purchased_purges":6,"victory":true,"max_hp_per_floor":[63,63,63,63,63,63,63,63,63,63,63,63,63,63,63,63,63,63,63,63,63,63,63,63,63,63,63,63,63,63,63,63,63,63,63,60,60,60,60,60,60,60,60,60,60,60,60,60,60,60,60,60,60,70,70],"card_choices":[{"not_picked":["Reflex","Flechettes","PiercingWail"],"picked":"SKIP","floor":1.0},{"not_picked":["Finisher","Deflect","Riddle With Holes"],"picked":"SKIP","floor":2.0},{"not_picked":["Bane","Heel Hook"],"picked":"Backflip","floor":3.0},{"not_picked":["Terror","Masterful Stab"],"picked":"Corpse Explosion","floor":4.0},{"not_picked":["Deflect","Calculated Gamble","Dagger Spray"],"picked":"SKIP","floor":7.0},{"not_picked":["Deflect","Dagger Spray"],"picked":"Calculated Gamble","floor":7.0},{"not_picked":["Masterful Stab","Flying Knee","Poisoned Stab"],"picked":"SKIP","floor":12.0},{"not_picked":["Poisoned Stab","Dodge and Roll","Bane"],"picked":"SKIP","floor":14.0},{"not_picked":["Wraith Form v2","Storm of Steel"],"picked":"Adrenaline","floor":16.0},{"not_picked":["Underhanded Strike","Dagger Throw","Poisoned Stab"],"picked":"SKIP","floor":18.0},{"not_picked":["Dodge and Roll+1","Prepared","Flying Knee"],"picked":"SKIP","floor":19.0},{"not_picked":["Outmaneuver","Dagger Spray","Cloak And Dagger"],"picked":"SKIP","floor":20.0},{"not_picked":["Finisher","Accuracy+1","Deadly Poison"],"picked":"SKIP","floor":22.0},{"not_picked":["Prepared","Leg Sweep"],"picked":"Noxious Fumes","floor":24},{"not_picked":["Prepared","Acrobatics+1"],"picked":"Footwork","floor":27},{"not_picked":["Blade Dance+1","Quick Slash+1"],"picked":"Burst","floor":29},{"not_picked":["Dagger Throw","Dodge and Roll"],"picked":"Catalyst","floor":30},{"not_picked":["Die Die Die","Glass Knife"],"picked":"Burst","floor":33},{"not_picked":["Dodge and Roll+1","Dagger Spray","Predator"],"picked":"SKIP","floor":35},{"not_picked":["Deadly Poison","Cloak And Dagger"],"picked":"Setup+1","floor":39},{"not_picked":["Masterful Stab","Outmaneuver+1","Flying Knee"],"picked":"SKIP","floor":40},{"not_picked":["Prepared+1","Flying Knee+1","Slice+1"],"picked":"SKIP","floor":41},{"not_picked":["Grand Finale","Sucker Punch","Tactician"],"picked":"SKIP","floor":42},{"not_picked":["Reflex+1","Flying Knee"],"picked":"Expertise+1","floor":44},{"not_picked":["Underhanded Strike+1","Expertise+1"],"picked":"Night Terror","floor":45},{"not_picked":["Prepared","Blade Dance+1"],"picked":"Backflip+1","floor":47},{"not_picked":["Slice","Deflect","Cloak And Dagger+1"],"picked":"SKIP","floor":48},{"not_picked":["Blade Dance","Bouncing Flask"],"picked":"Wraith Form v2","floor":54}],"player_experience":1177361,"relics_obtained":[{"floor":7.0,"key":"Pantograph"},{"floor":10.0,"key":"Anchor"},{"floor":24,"key":"Boot"},{"floor":26,"key":"Lantern"},{"floor":27,"key":"Ginger"},{"floor":27,"key":"Darkstone Periapt"},{"floor":30,"key":"Matryoshka"},{"floor":40,"key":"Happy Flower"},{"floor":40,"key":"Whetstone"},{"floor":42,"key":"Blood Vial"},{"floor":42,"key":"Bag of Marbles"},{"floor":43,"key":"Bag of Preparation"},{"floor":43,"key":"Ancient Tea Set"},{"floor":45,"key":"Tiny Chest"},{"floor":45,"key":"Juzu Bracelet"},{"floor":47,"key":"Art of War"},{"floor":47,"key":"Smiling Mask"},{"floor":54,"key":"Letter Opener"},{"floor":54,"key":"Pear"}],"event_choices":[{"cards_removed":["Strike_G"],"damage_healed":0.0,"max_hp_gain":0.0,"max_hp_loss":0.0,"gold_gain":0.0,"event_name":"The Cleric","player_choice":"Card Removal","floor":5.0,"gold_loss":50.0,"damage_taken":0.0},{"damage_healed":0.0,"max_hp_gain":0.0,"max_hp_loss":0.0,"gold_gain":0.0,"event_name":"Dead Adventurer","player_choice":"Searched \u00272\u0027 times","floor":10.0,"gold_loss":0.0,"damage_taken":0.0},{"damage_healed":0.0,"max_hp_gain":0.0,"max_hp_loss":0.0,"gold_gain":0.0,"cards_transformed":["Strike_G"],"event_name":"Transmorgrifier","player_choice":"Transformed","floor":21.0,"gold_loss":0.0,"damage_taken":0.0,"cards_obtained":["Accuracy"]},{"damage_healed":0,"gold_gain":0,"player_choice":"Fight","damage_taken":0,"max_hp_gain":0,"max_hp_loss":0,"event_name":"Colosseum","floor":27,"gold_loss":0},{"damage_healed":0,"gold_gain":0,"player_choice":"Fought Nobs","damage_taken":0,"max_hp_gain":0,"max_hp_loss":0,"event_name":"Colosseum","floor":27,"gold_loss":0},{"damage_healed":0,"gold_gain":0,"player_choice":"Max HP","damage_taken":0,"max_hp_gain":0,"max_hp_loss":3,"event_name":"Winding Halls","floor":36,"gold_loss":0},{"damage_healed":0,"gold_gain":0,"player_choice":"1 cards matched","damage_taken":0,"max_hp_gain":0,"max_hp_loss":0,"event_name":"Match and Keep!","floor":37,"gold_loss":0,"cards_obtained":["After Image"]}],"is_beta":false,"boss_relics":[{"not_picked":["Cursed Key","Busted Crown"],"picked":"Runic Pyramid"},{"not_picked":["HoveringKite","White Beast Statue"],"picked":"Black Star"}],"items_purged_floors":[11,28,31,38,46,53],"is_endless":false,"potions_floor_spawned":[1,10,12,14,16,19,24,27,29,35,40,47,48],"ascension_level":0}