{"gold_per_floor":[11,29,29,39,39,39,56,56,108,108,126,126,17,32,32,106,106,126,40,54,69,86,86,36,36,36,36],"floor_reached":27,"playtime":670,"items_purged":["Strike_B","Defend_B"],"score":410,"play_id":"a21de003-dd3c-4ee5-80a9-e1527fe5ee16","local_time":"20190314151721","is_ascension_mode":true,"campfire_choices":[{"data":"Chaos","floor":6.0,"key":"SMITH"},{"data":"Loop","floor":8.0,"key":"SMITH"},{"data":"Consume","floor":10.0,"key":"SMITH"},{"data":"Dualcast","floor":12.0,"key":"SMITH"},{"data":"Fission","floor":15.0,"key":"SMITH"},{"data":"Chaos","floor":23,"key":"SMITH"},{"data":"Buffer","floor":25,"key":"SMITH"}],"neow_cost":"NO_GOLD","seed_source_timestamp":26088060214714,"circlet_count":0,"master_deck":["AscendersBane","Defend_B","Defend_B+1","Defend_B","Zap+1","Dualcast+1","Consume+1","Go for the Eyes","Chaos+1","Loop+1","Ball Lightning","Fission+1","Buffer+1","Chaos+1","Capacitor","Compile Driver","Ball Lightning","Auto Shields"],"special_seed":0,"relics":["Cracked Core","Smiling Mask","Coffee Dripper"],"potions_floor_usage":[20],"damage_taken":[{"damage":2.0,"enemies":"Jaw Worm","floor":1.0,"turns":3.0},{"damage":9.0,"enemies":"Small Slimes","floor":2.0,"turns":5.0},{"damage":0.0,"enemies":"Cultist","floor":4.0,"turns":3.0},{"damage":0.0,"enemies":"Lots of Slimes","floor":7.0,"turns":4.0},{"damage":3.0,"enemies":"3 Louse","floor":11.0,"turns":4.0},{"damage":0.0,"enemies":"Red Slaver","floor":14.0,"turns":3.0},{"damage":8.0,"enemies":"The Guardian","floor":16.0,"turns":7.0},{"damage":0,"enemies":"Chosen","floor":18,"turns":4},{"damage":1,"enemies":"Spheric Guardian","floor":20,"turns":4},{"damage":33,"enemies":"Snake Plant","floor":21,"turns":5},{"damage":16,"enemies":"Centurion and Healer","floor":22,"turns":7},{"damage":9,"enemies":"Shelled Parasite and Fungi","floor":27,"turns":2}],"seed_played":"7129978454798140006","potions_obtained":[{"floor":1.0,"key":"Energy Potion"},{"floor":2.0,"key":"Fire Potion"},{"floor":14.0,"key":"Swift Potion"}],"is_trial":false,"path_per_floor":["M","M","?","M","?","R","M","R","T","R","M","R","$","M","R","B",null,"M","$","M","M","M","R","$","R","T","M"],"character_chosen":"DEFECT","items_purchased":["Ball Lightning","Capacitor"],"campfire_rested":0,"item_purchase_floors":[13,19],"current_hp_per_floor":[62,53,32,32,32,32,32,32,32,32,29,29,29,29,29,21,59,59,59,58,25,9,9,9,9,9,0],"gold":36,"neow_bonus":"TRANSFORM_TWO_CARDS","is_prod":false,"is_daily":false,"chose_seed":false,"campfire_upgraded":7,"win_rate":0,"timestamp":1552547841,"path_taken":["M","M","?","M","?","R","M","R","T","R","M","R","$","M","R","BOSS","M","$","M","?","?","R","$","R","T","M"],"build_version":"2019-01-23","purchased_purges":2,"victory":false,"max_hp_per_floor":[71,71,71,71,71,71,71,71,71,71,71,71,71,71,71,71,71,71,71,71,71,71,71,71,71,71,71],"card_choices":[{"not_picked":["Lockon","Leap"],"picked":"Chaos","floor":1.0},{"not_picked":["Go for the Eyes","Sweeping Beam","Rebound"],"picked":"SKIP","floor":2.0},{"not_picked":["Streamline","Lockon"],"picked":"Loop","floor":4.0},{"not_picked":["Gash","Reprogram","Rebound"],"picked":"SKIP","floor":7.0},{"not_picked":["Steam Power","Compile Driver","Stack"],"picked":"SKIP","floor":11.0},{"not_picked":["Streamline","Leap"],"picked":"Fission","floor":14.0},{"not_picked":["Seek","Creative AI"],"picked":"Buffer","floor":16.0},{"not_picked":["Go for the Eyes","Blizzard"],"picked":"Chaos","floor":18},{"not_picked":["Barrage","Gash"],"picked":"Compile Driver","floor":20},{"not_picked":["Conserve Battery","FTL+1"],"picked":"Ball Lightning","floor":21},{"not_picked":["Gash","Genetic Algorithm"],"picked":"Auto Shields","floor":22}],"player_experience":3586757,"relics_obtained":[{"floor":9.0,"key":"Smiling Mask"}],"event_choices":[{"damage_healed":0.0,"max_hp_gain":0.0,"max_hp_loss":0.0,"gold_gain":0.0,"event_name":"Shining Light","player_choice":"Entered Light","floor":3.0,"gold_loss":0.0,"damage_taken":21.0,"cards_upgraded":["Zap","Defend_B"]},{"cards_removed":["Strike_B"],"damage_healed":0.0,"max_hp_gain":0.0,"max_hp_loss":0.0,"gold_gain":0.0,"event_name":"Bonfire Elementals","player_choice":"Offered Basic","floor":5.0,"gold_loss":0.0,"damage_taken":0.0}],"is_beta":false,"boss_relics":[{"not_picked":["Nuclear Battery","Fusion Hammer"],"picked":"Coffee Dripper"}],"items_purged_floors":[13,24],"is_endless":false,"potions_floor_spawned":[1,2,14,16],"killed_by":"Shelled Parasite and Fungi","ascension_level":20}