{"gold_per_floor":[113,113,132,207,207,242,242,256,280,313,338,338,7,7],"floor_reached":14,"playtime":265,"items_purged":["Strike_B"],"score":246,"play_id":"b8c00134-0ec3-4c2e-95c8-b59f7f55562e","local_time":"20190311171037","is_ascension_mode":true,"campfire_choices":[{"data":"Creative AI","floor":7.0,"key":"SMITH"},{"data":"Consume","floor":12.0,"key":"SMITH"}],"neow_cost":"NONE","seed_source_timestamp":21813399047916,"circlet_count":0,"master_deck":["AscendersBane","Strike_B","Strike_B","Strike_B","Defend_B","Defend_B","Defend_B","Defend_B","Zap","Dualcast","Creative AI+1","Genetic Algorithm","Consume+1","Conserve Battery","Recycle"],"special_seed":0,"relics":["Cracked Core","NeowsBlessing","Golden Idol","Smiling Mask","Pear","OrangePellets"],"potions_floor_usage":[14],"damage_taken":[{"damage":0.0,"enemies":"2 Louse","floor":1.0,"turns":1.0},{"damage":0.0,"enemies":"Cultist","floor":3.0,"turns":1.0},{"damage":0.0,"enemies":"Lagavulin","floor":6.0,"turns":1.0},{"damage":8.0,"enemies":"Jaw Worm","floor":8.0,"turns":4.0},{"damage":40.0,"enemies":"Gremlin Nob","floor":10.0,"turns":4.0},{"damage":11.0,"enemies":"2 Fungi Beasts","floor":11.0,"turns":4.0},{"damage":3,"enemies":"Blue Slaver","floor":14,"turns":3}],"seed_played":"-5894670545850270116","potions_obtained":[{"floor":3.0,"key":"FocusPotion"},{"floor":6.0,"key":"Dexterity Potion"},{"floor":8.0,"key":"AttackPotion"}],"is_trial":false,"path_per_floor":["M","?","M","?","?","E","R","M","T","E","M","R","$","M"],"character_chosen":"DEFECT","items_purchased":["OrangePellets","AttackPotion"],"campfire_rested":0,"item_purchase_floors":[13,13],"current_hp_per_floor":[64,64,64,53,53,53,53,45,45,15,4,4,4,1],"gold":7,"neow_bonus":"THREE_ENEMY_KILL","is_prod":false,"is_daily":false,"chose_seed":false,"campfire_upgraded":2,"win_rate":0,"timestamp":1552295437,"path_taken":["M","?","?","?","?","E","R","M","T","E","M","R","?","M"],"build_version":"2019-01-23","purchased_purges":1,"victory":false,"max_hp_per_floor":[71,71,71,71,64,64,64,64,64,74,74,74,74,74],"card_choices":[{"not_picked":["Rebound","Go for the Eyes","Steam Power"],"picked":"SKIP","floor":1.0},{"not_picked":["Chaos","Self Repair"],"picked":"Genetic Algorithm","floor":3.0},{"not_picked":["Rip and Tear","Compile Driver"],"picked":"Consume","floor":6.0},{"not_picked":["Chaos","Lockon"],"picked":"Conserve Battery","floor":8.0},{"not_picked":["Barrage","Skim"],"picked":"Recycle","floor":10.0},{"not_picked":["Stack","Streamline","Static Discharge"],"picked":"SKIP","floor":11.0}],"player_experience":3485960,"relics_obtained":[{"floor":6.0,"key":"Smiling Mask"},{"floor":10.0,"key":"Pear"}],"event_choices":[{"damage_healed":0.0,"max_hp_gain":0.0,"max_hp_loss":0.0,"gold_gain":0.0,"event_name":"Match and Keep!","player_choice":"1 cards matched","floor":2.0,"gold_loss":0.0,"damage_taken":0.0,"cards_obtained":["Creative AI"]},{"damage_healed":0.0,"max_hp_gain":0.0,"max_hp_loss":0.0,"gold_gain":75.0,"event_name":"World of Goop","player_choice":"Gather Gold","floor":4.0,"gold_loss":0.0,"damage_taken":11.0},{"damage_healed":0.0,"max_hp_gain":0.0,"max_hp_loss":7.0,"gold_gain":0.0,"event_name":"Golden Idol","player_choice":"Lose Max HP","floor":5.0,"gold_loss":0.0,"damage_taken":0.0,"relics_obtained":["Golden Idol"]}],"is_beta":false,"boss_relics":[],"items_purged_floors":[13],"is_endless":false,"potions_floor_spawned":[3,6,8],"killed_by":"Blue Slaver","ascension_level":20}