{"gold_per_floor":[113,131,101,116,41,41,141,151,202,212,226,226,226,301,301,397,397,416,426,526,543,557,557,577,577,603,631,210,225,235,235,235,335,335,351,147,166,15,0,0,13,31,31,44,54,54,54,54,54,54],"floor_reached":50,"playtime":3358,"items_purged":["Strike_R","Strike_R"],"score":666,"play_id":"6f8babec-a77e-42fb-9004-edff4c629943","local_time":"20190727000128","is_ascension_mode":true,"campfire_choices":[{"data":"Body Slam","floor":6,"key":"SMITH"},{"data":"Hemokinesis","floor":12,"key":"SMITH"},{"data":"Shrug It Off","floor":15,"key":"SMITH"},{"data":"Double Tap","floor":23,"key":"SMITH"},{"floor":25,"key":"REST"},{"floor":32,"key":"REST"},{"floor":40,"key":"REST"},{"floor":49,"key":"REST"}],"neow_cost":"PERCENT_DAMAGE","seed_source_timestamp":556323407678311,"circlet_count":0,"master_deck":["Strike_R","Strike_R","Strike_R","Defend_R","Defend_R+1","Defend_R","Defend_R","Bash","Body Slam+1","Inflame+1","Twin Strike","Sever Soul","Hemokinesis+1","Shrug It Off+1","Double Tap+1","Sword Boomerang+1","Shrug It Off+1","Twin Strike+1","Pommel Strike+1","Inflame","Dual Wield+1","Impervious+1","Shrug It Off","Seeing Red+1","Metallicize+1","Exhume","Inflame+1","Pommel Strike+1","Sword Boomerang+1","Writhe","Panache+1"],"relics":["Burning Blood","Happy Flower","Sozu","Oddly Smooth Stone","Bronze Scales","Bag of Preparation","Black Star","DollysMirror","War Paint","Red Mask","Frozen Egg 2"],"potions_floor_usage":[4,16,16,33],"damage_taken":[{"damage":7,"enemies":"2 Louse","floor":1,"turns":3},{"damage":10,"enemies":"Cultist","floor":2,"turns":4},{"damage":13,"enemies":"Small Slimes","floor":4,"turns":4},{"damage":9,"enemies":"2 Fungi Beasts","floor":8,"turns":3},{"damage":8,"enemies":"Large Slime","floor":10,"turns":4},{"damage":9,"enemies":"Looter","floor":11,"turns":2},{"damage":43,"enemies":"Hexaghost","floor":16,"turns":7},{"damage":6,"enemies":"Spheric Guardian","floor":18,"turns":3},{"damage":11,"enemies":"Shell Parasite","floor":19,"turns":3},{"damage":28,"enemies":"Snake Plant","floor":21,"turns":4},{"damage":22,"enemies":"Shelled Parasite and Fungi","floor":22,"turns":3},{"damage":3,"enemies":"Cultist and Chosen","floor":24,"turns":3},{"damage":31,"enemies":"Slavers","floor":27,"turns":4},{"damage":0,"enemies":"Centurion and Healer","floor":29,"turns":4},{"damage":20,"enemies":"Sentry and Sphere","floor":30,"turns":4},{"damage":55,"enemies":"Automaton","floor":33,"turns":7},{"damage":0,"enemies":"Orb Walker","floor":35,"turns":3},{"damage":43,"enemies":"3 Darklings","floor":37,"turns":7},{"damage":0,"enemies":"Jaw Worm Horde","floor":41,"turns":3},{"damage":19,"enemies":"Maw","floor":42,"turns":5},{"damage":5,"enemies":"Sphere and 2 Shapes","floor":44,"turns":3},{"damage":47,"enemies":"Spire Growth","floor":45,"turns":4},{"damage":86,"enemies":"Awakened One","floor":50,"turns":6}],"seed_played":"-3547824836837641932","potions_obtained":[{"floor":1,"key":"Fire Potion"},{"floor":2,"key":"BloodPotion"},{"floor":3,"key":"Poison Potion"},{"floor":11,"key":"BloodPotion"}],"is_trial":false,"path_per_floor":["M","M","?","M","$","R","?","M","T","M","M","R","?","?","R","B",null,"M","M","?","M","M","R","M","R","T","E","$","M","M","?","R","B",null,"M","$","M","$","?","R","M","M","T","M","M","?","$","?","R","B"],"character_chosen":"IRONCLAD","items_purchased":["Impervious","Shrug It Off","Bag of Preparation","DollysMirror","War Paint"],"campfire_rested":4,"item_purchase_floors":[28,28,28,36,38],"current_hp_per_floor":[66,62,62,79,79,79,79,76,76,74,71,71,52,41,41,28,79,79,74,74,52,36,36,39,67,67,42,42,48,34,34,62,13,75,81,81,44,44,44,72,78,65,65,66,25,49,49,49,77,0],"gold":54,"neow_bonus":"TWENTY_PERCENT_HP_BONUS","is_prod":false,"is_daily":false,"chose_seed":false,"campfire_upgraded":4,"win_rate":0,"timestamp":1564203688,"path_taken":["M","M","?","?","$","R","?","M","T","?","M","R","?","?","R","BOSS","M","M","?","M","M","R","M","R","T","E","$","M","?","?","R","BOSS","M","$","M","$","?","R","M","M","T","M","M","?","$","?","R","BOSS"],"build_version":"2019-07-17","purchased_purges":2,"victory":false,"max_hp_per_floor":[96,96,96,96,96,96,96,96,96,96,96,96,96,96,96,96,96,96,96,96,96,96,96,96,96,96,96,96,96,96,96,96,96,96,96,96,96,96,96,96,96,96,96,96,96,96,96,96,96,96],"card_choices":[{"not_picked":["Reckless Charge","Combust"],"picked":"Body Slam","floor":1},{"not_picked":["Iron Wave","Burning Pact"],"picked":"Inflame","floor":2},{"not_picked":["Bloodletting","Heavy Blade"],"picked":"Twin Strike","floor":4},{"not_picked":["Power Through","Uppercut"],"picked":"Sever Soul","floor":8},{"not_picked":["Heavy Blade","Wild Strike"],"picked":"Hemokinesis","floor":10},{"not_picked":["Infernal Blade","Feel No Pain"],"picked":"Shrug It Off","floor":11},{"not_picked":["Exhume","Reaper"],"picked":"Double Tap","floor":16},{"not_picked":["Clothesline","Burning Pact"],"picked":"Sword Boomerang+1","floor":18},{"not_picked":["Disarm","Clothesline"],"picked":"Shrug It Off+1","floor":19},{"not_picked":["Havoc+1","Clothesline"],"picked":"Twin Strike+1","floor":21},{"not_picked":["Body Slam","Seeing Red+1"],"picked":"Pommel Strike+1","floor":22},{"not_picked":["Corruption","Headbutt"],"picked":"Inflame","floor":24},{"not_picked":["Havoc","Disarm+1"],"picked":"Dual Wield+1","floor":27},{"not_picked":["Burning Pact","Disarm"],"picked":"Seeing Red","floor":29},{"not_picked":["Feel No Pain","Headbutt"],"picked":"Metallicize+1","floor":30},{"not_picked":["Berserk","Feed"],"picked":"Exhume","floor":33},{"not_picked":["Headbutt","Feel No Pain","Perfected Strike+1"],"picked":"SKIP","floor":35},{"not_picked":["Sever Soul","True Grit+1","Spot Weakness"],"picked":"SKIP","floor":37},{"not_picked":["Clash","Hemokinesis"],"picked":"Pommel Strike+1","floor":41},{"not_picked":["Combust+1","Pommel Strike","Corruption"],"picked":"SKIP","floor":42},{"not_picked":["True Grit+1","Whirlwind"],"picked":"Sword Boomerang+1","floor":44},{"not_picked":["Dark Embrace+1","Iron Wave","Clash+1"],"picked":"SKIP","floor":45},{"not_picked":["Forethought","PanicButton"],"picked":"Panache+1","floor":48}],"player_experience":324149,"relics_obtained":[{"floor":9,"key":"Happy Flower"},{"floor":26,"key":"Oddly Smooth Stone"},{"floor":27,"key":"Bronze Scales"},{"floor":43,"key":"Frozen Egg 2"}],"event_choices":[{"damage_healed":0,"gold_gain":0,"player_choice":"Bought 2 Potions","damage_taken":0,"max_hp_gain":0,"max_hp_loss":0,"event_name":"The Woman in Blue","floor":3,"gold_loss":0},{"damage_healed":0,"gold_gain":100,"player_choice":"Pray","damage_taken":0,"max_hp_gain":0,"max_hp_loss":0,"event_name":"Golden Shrine","floor":7,"gold_loss":0},{"damage_healed":0,"gold_gain":0,"player_choice":"Entered Light","damage_taken":19,"max_hp_gain":0,"max_hp_loss":0,"event_name":"Shining Light","floor":13,"gold_loss":0,"cards_upgraded":["Inflame","Defend_R"]},{"damage_healed":0,"gold_gain":75,"player_choice":"Gather Gold","damage_taken":11,"max_hp_gain":0,"max_hp_loss":0,"event_name":"World of Goop","floor":14,"gold_loss":0},{"damage_healed":0,"gold_gain":100,"player_choice":"Pray","damage_taken":0,"max_hp_gain":0,"max_hp_loss":0,"event_name":"Golden Shrine","floor":20,"gold_loss":0},{"damage_healed":0,"gold_gain":0,"player_choice":"Ignored","damage_taken":0,"max_hp_gain":0,"max_hp_loss":0,"event_name":"The Mausoleum","floor":31,"gold_loss":0},{"damage_healed":0,"gold_gain":0,"player_choice":"Paid","damage_taken":0,"relics_obtained":["Red Mask"],"max_hp_gain":0,"max_hp_loss":0,"event_name":"Tomb of Lord Red Mask","floor":39,"gold_loss":15},{"damage_healed":24,"gold_gain":0,"player_choice":"Writhe","damage_taken":0,"max_hp_gain":0,"max_hp_loss":0,"event_name":"Winding Halls","floor":46,"gold_loss":0,"cards_obtained":["Writhe"]},{"damage_healed":0,"gold_gain":0,"player_choice":"Memory 1","damage_taken":0,"max_hp_gain":0,"max_hp_loss":0,"event_name":"SensoryStone","floor":48,"gold_loss":0}],"is_beta":false,"boss_relics":[{"not_picked":["Runic Cube","Empty Cage"],"picked":"Sozu"},{"not_picked":["Coffee Dripper","Velvet Choker"],"picked":"Black Star"}],"items_purged_floors":[5,28],"is_endless":false,"potions_floor_spawned":[1,2,10,11,18,22,24,27,33,37,42],"killed_by":"Awakened One","ascension_level":8}