{"gold_per_floor":[109,126,91,110,110,145,145,165,212,212,212,222,147,162,162,258,258,277,277,202,202,215,241,241,274,327,327,344,358,358,377,377,474,474,490,490,506,516,416,416,291,304,373,26,26,0,12,25,25,25],"floor_reached":51,"playtime":1856,"items_purged":["Strike_B","Hyperbeam","Ball Lightning","Self Repair"],"score":789,"play_id":"f4260a22-ae90-4142-8c06-321574083dc1","local_time":"20190615034753","is_ascension_mode":false,"campfire_choices":[{"data":"Sunder","floor":7,"key":"SMITH"},{"data":"Consume","floor":11,"key":"SMITH"},{"data":"Dualcast","floor":15,"key":"SMITH"},{"data":"Biased Cognition","floor":24,"key":"SMITH"},{"data":"Zap","floor":27,"key":"SMITH"},{"data":"Rainbow","floor":30,"key":"SMITH"},{"data":"Machine Learning","floor":32,"key":"SMITH"},{"data":"Reprogram","floor":40,"key":"SMITH"},{"data":"Multi-Cast","floor":45,"key":"SMITH"},{"data":"Seek","floor":49,"key":"SMITH"}],"neow_cost":"PERCENT_DAMAGE","seed_source_timestamp":61251392700690,"circlet_count":0,"master_deck":["Zap+1","Dualcast+1","Machine Learning+1","Genetic Algorithm","Hologram+1","Sunder+1","Consume+1","Genetic Algorithm","Rainbow+1","White Noise+1","Necronomicurse","Conserve Battery+1","Biased Cognition+1","Glacier","Double Energy","Loop+1","Loop+1","Electrodynamics","Seek+1","Genetic Algorithm","Reprogram+1","Undo","White Noise+1","Multi-Cast+1","Darkness+1"],"relics":["FrozenCore","Gremlin Horn","Dream Catcher","Ancient Tea Set","Necronomicon","Symbiotic Virus","Centennial Puzzle","Tiny Chest","Pandora\u0027s Box","Pantograph","Toxic Egg 2","ClockworkSouvenir","Red Mask"],"potions_floor_usage":[8,50,50,50],"damage_taken":[{"damage":6,"enemies":"Jaw Worm","floor":1,"turns":4},{"damage":0,"enemies":"Small Slimes","floor":2,"turns":4},{"damage":1,"enemies":"Cultist","floor":4,"turns":3},{"damage":22,"enemies":"Gremlin Nob","floor":6,"turns":4},{"damage":0,"enemies":"3 Louse","floor":8,"turns":2},{"damage":3,"enemies":"2 Fungi Beasts","floor":12,"turns":2},{"damage":1,"enemies":"Red Slaver","floor":14,"turns":4},{"damage":28,"enemies":"The Guardian","floor":16,"turns":11},{"damage":18,"enemies":"2 Thieves","floor":18,"turns":4},{"damage":0,"enemies":"Chosen","floor":22,"turns":4},{"damage":14,"enemies":"Book of Stabbing","floor":23,"turns":6},{"damage":0,"enemies":"Gremlin Leader","floor":25,"turns":4},{"damage":0,"enemies":"Snake Plant","floor":28,"turns":5},{"damage":0,"enemies":"Chosen and Byrds","floor":29,"turns":5},{"damage":0,"enemies":"Cultist and Chosen","floor":31,"turns":4},{"damage":0,"enemies":"Collector","floor":33,"turns":6},{"damage":0,"enemies":"3 Shapes","floor":35,"turns":2},{"damage":0,"enemies":"Orb Walker","floor":37,"turns":4},{"damage":4,"enemies":"Spire Growth","floor":38,"turns":4},{"damage":0,"enemies":"Sphere and 2 Shapes","floor":42,"turns":4},{"damage":0,"enemies":"Maw","floor":47,"turns":5},{"damage":0,"enemies":"3 Darklings","floor":48,"turns":5},{"damage":36,"enemies":"Awakened One","floor":50,"turns":7}],"seed_played":"5014931266185869193","potions_obtained":[{"floor":1,"key":"Block Potion"},{"floor":2,"key":"Strength Potion"},{"floor":6,"key":"Explosive Potion"},{"floor":18,"key":"SkillPotion"},{"floor":31,"key":"Block Potion"}],"is_trial":false,"path_per_floor":["M","M","?","M","?","E","R","M","T","?","R","M","$","M","R","B",null,"M","?","?","?","M","E","R","E","T","R","M","M","R","M","R","B",null,"M","T","M","M","$","R","$","M","T","$","R","?","M","M","R","B",null],"character_chosen":"DEFECT","items_purchased":["ClockworkSouvenir"],"campfire_rested":0,"item_purchase_floors":[44],"current_hp_per_floor":[48,48,66,65,62,40,40,40,40,40,40,37,37,36,36,15,75,64,48,48,48,55,48,48,55,55,55,62,69,69,75,75,75,75,75,75,75,75,75,75,75,75,75,75,75,75,75,75,75,39],"gold":25,"neow_bonus":"TRANSFORM_TWO_CARDS","is_prod":false,"is_daily":false,"chose_seed":false,"campfire_upgraded":10,"win_rate":0,"timestamp":1560541673,"path_taken":["M","M","?","M","?","E","R","M","T","?","R","M","$","M","R","BOSS","M","?","?","?","M","E","R","E","T","R","M","?","R","M","R","BOSS","M","?","M","M","?","R","$","M","T","$","R","?","M","M","R","BOSS"],"build_version":"2019-01-23","purchased_purges":4,"victory":true,"max_hp_per_floor":[75,75,75,75,75,75,75,75,75,75,75,75,75,75,75,75,75,75,75,75,75,75,75,75,75,75,75,75,75,75,75,75,75,75,75,75,75,75,75,75,75,75,75,75,75,75,75,75,75,75],"card_choices":[{"not_picked":["Doom and Gloom","Gash"],"picked":"Ball Lightning","floor":1},{"not_picked":["Beam Cell","Stack"],"picked":"Hologram","floor":2},{"not_picked":["Chaos","Sunder","Hologram"],"picked":"SKIP","floor":4},{"not_picked":["Chaos","Hologram"],"picked":"Sunder","floor":4},{"not_picked":["Reprogram","Cold Snap"],"picked":"Consume","floor":6},{"not_picked":["Go for the Eyes","Barrage"],"picked":"Genetic Algorithm","floor":8},{"not_picked":["Go for the Eyes","Lockon","Blizzard"],"picked":"SKIP","floor":12},{"not_picked":["Stack","Hologram"],"picked":"Self Repair","floor":14},{"not_picked":["Creative AI","Fission"],"picked":"Rainbow","floor":16},{"not_picked":["Tempest","Aggregate"],"picked":"White Noise+1","floor":18},{"not_picked":["Reinforced Body","Tempest"],"picked":"Conserve Battery+1","floor":22},{"not_picked":["Steam","Conserve Battery"],"picked":"Biased Cognition","floor":23},{"not_picked":["Redo","Compile Driver"],"picked":"Glacier","floor":25},{"not_picked":["Tempest","Reinforced Body"],"picked":"Double Energy","floor":28},{"not_picked":["Chaos","Compile Driver"],"picked":"Loop+1","floor":29},{"not_picked":["Gash","Storm"],"picked":"Loop+1","floor":31},{"not_picked":["Thunder Strike","Buffer"],"picked":"Electrodynamics","floor":33},{"not_picked":["White Noise","Turbo"],"picked":"Undo","floor":35},{"not_picked":["Beam Cell","Melter"],"picked":"White Noise+1","floor":37},{"not_picked":["Go for the Eyes+1","Scrape+1","Ball Lightning+1"],"picked":"SKIP","floor":38},{"not_picked":["Reprogram","Redo"],"picked":"Multi-Cast","floor":42},{"not_picked":["Tempest+1","Steam+1","Beam Cell"],"picked":"SKIP","floor":47},{"not_picked":["Glacier+1","Turbo+1"],"picked":"Darkness+1","floor":48}],"player_experience":5228849,"relics_obtained":[{"floor":6,"key":"Dream Catcher"},{"floor":9,"key":"Ancient Tea Set"},{"floor":19,"key":"Necronomicon"},{"floor":23,"key":"Symbiotic Virus"},{"floor":25,"key":"Centennial Puzzle"},{"floor":26,"key":"Tiny Chest"},{"floor":36,"key":"Pantograph"},{"floor":43,"key":"Toxic Egg 2"}],"event_choices":[{"damage_healed":18,"gold_gain":0,"player_choice":"Healed","damage_taken":0,"max_hp_gain":0,"max_hp_loss":0,"event_name":"The Cleric","floor":3,"gold_loss":35},{"damage_healed":0,"gold_gain":0,"player_choice":"Success","damage_taken":3,"relics_obtained":["Gremlin Horn"],"max_hp_gain":0,"max_hp_loss":0,"event_name":"Scrap Ooze","floor":5,"gold_loss":0},{"damage_healed":0,"gold_gain":0,"player_choice":"Bought 0 Potions","damage_taken":0,"max_hp_gain":0,"max_hp_loss":0,"event_name":"The Woman in Blue","floor":10,"gold_loss":0},{"damage_healed":0,"gold_gain":0,"player_choice":"Obtained Book","damage_taken":16,"max_hp_gain":0,"max_hp_loss":0,"event_name":"Cursed Tome","floor":19,"gold_loss":0},{"cards_removed":["Strike_B"],"damage_healed":0,"gold_gain":0,"player_choice":"Gave Gold","damage_taken":0,"max_hp_gain":0,"max_hp_loss":0,"event_name":"Beggar","floor":20,"gold_loss":75},{"damage_healed":0,"gold_gain":0,"player_choice":"Forge","damage_taken":0,"max_hp_gain":0,"max_hp_loss":0,"event_name":"Accursed Blacksmith","floor":21,"gold_loss":0,"cards_upgraded":["Hologram"]},{"damage_healed":0,"gold_gain":0,"player_choice":"Paid","damage_taken":0,"relics_obtained":["Red Mask"],"max_hp_gain":0,"max_hp_loss":0,"event_name":"Tomb of Lord Red Mask","floor":46,"gold_loss":26}],"is_beta":false,"boss_relics":[{"not_picked":["Ectoplasm","Lizard Tail"],"picked":"FrozenCore"},{"not_picked":["White Beast Statue","Empty Cage"],"picked":"Pandora\u0027s Box"}],"items_purged_floors":[13,39,41,44],"is_endless":false,"potions_floor_spawned":[1,2,6,18,22,28,31,42,48],"ascension_level":0}