{"gold_per_floor":[99,99,99,99,99,99,99,99,99,99,24,24,24,24,24,24,24,24,24,24,24,24,24,24,24,24,24,24,24,24,0,0,0,0,0,0,0,0,0,0,0,0,0,0,0,0,0,0,0,0,0,0,0,0],"floor_reached":54,"playtime":1674,"items_purged":[],"score":1237,"play_id":"2b7888a5-8869-49c7-89dc-9dfef6f4ba77","local_time":"20181218171753","is_ascension_mode":true,"campfire_choices":[{"data":"Night Terror","floor":6.0,"key":"SMITH"},{"data":"Caltrops","floor":10.0,"key":"SMITH"},{"data":"Leg Sweep","floor":12.0,"key":"SMITH"},{"data":"Poisoned Stab","floor":15.0,"key":"SMITH"},{"data":"Deadly Poison","floor":23.0,"key":"SMITH"},{"data":"Catalyst","floor":29.0,"key":"SMITH"},{"data":"Caltrops","floor":32.0,"key":"SMITH"},{"floor":40.0,"key":"RECALL"},{"floor":42.0,"key":"REST"},{"floor":49,"key":"REST"},{"floor":52,"key":"REST"}],"neow_cost":"NONE","seed_source_timestamp":17746850971755,"circlet_count":0,"master_deck":["AscendersBane","Defend_G","Defend_G","Defend_G","Defend_G","Survivor+1","Neutralize+1","Leg Sweep+1","Poisoned Stab+1","Night Terror+1","Caltrops+1","After Image","Deadly Poison+1","Deflect+1","Catalyst+1","Acrobatics","Caltrops+1","Burst","Blur+1","Acrobatics+1"],"special_seed":0,"relics":["Ectoplasm","Runic Dome","Dream Catcher","Centennial Puzzle","Fusion Hammer","Red Mask","MawBank","Anchor"],"potions_floor_usage":[54],"damage_taken":[{"damage":4.0,"enemies":"Jaw Worm","floor":1.0,"turns":5.0},{"damage":0.0,"enemies":"2 Louse","floor":4.0,"turns":2.0},{"damage":0.0,"enemies":"Small Slimes","floor":7.0,"turns":4.0},{"damage":1.0,"enemies":"Exordium Thugs","floor":8.0,"turns":5.0},{"damage":1.0,"enemies":"Large Slime","floor":14.0,"turns":8.0},{"damage":7.0,"enemies":"Hexaghost","floor":16.0,"turns":9.0},{"damage":0.0,"enemies":"Shell Parasite","floor":18.0,"turns":7.0},{"damage":2.0,"enemies":"Spheric Guardian","floor":22.0,"turns":10.0},{"damage":4.0,"enemies":"Centurion and Healer","floor":24.0,"turns":12.0},{"damage":0.0,"enemies":"3 Cultists","floor":28.0,"turns":7.0},{"damage":21.0,"enemies":"Champ","floor":33.0,"turns":4.0},{"damage":25.0,"enemies":"3 Darklings","floor":35.0,"turns":5.0},{"damage":0.0,"enemies":"Orb Walker","floor":37.0,"turns":2.0},{"damage":14.0,"enemies":"Spire Growth","floor":38.0,"turns":5.0},{"damage":3.0,"enemies":"Sphere and 2 Shapes","floor":41.0,"turns":6.0},{"damage":39,"enemies":"Reptomancer","floor":44,"turns":3},{"damage":8,"enemies":"3 Darklings","floor":47,"turns":6},{"damage":0,"enemies":"4 Shapes","floor":48,"turns":9},{"damage":18,"enemies":"Donu and Deca","floor":50,"turns":12},{"damage":64,"enemies":"Shield and Spear","floor":54,"turns":5}],"seed_played":"1703739088077025672","potions_obtained":[{"floor":4.0,"key":"FairyPotion"},{"floor":7.0,"key":"Strength Potion"},{"floor":41.0,"key":"PowerPotion"}],"is_trial":false,"path_per_floor":["M","?","?","M","?","R","M","M","T","R","?","R","?","M","R","B",null,"M","?","$","?","M","R","M","T","T","?","M","R","?","?","R","B",null,"M","?","M","M","?","R","M","R","T","E","?","$","M","M","R","B",null,"R","$","E"],"character_chosen":"THE_SILENT","items_purchased":[],"campfire_rested":3,"item_purchase_floors":[],"current_hp_per_floor":[55,35,28,28,28,28,28,27,27,27,27,27,27,26,26,19,54,54,54,54,54,52,52,48,48,48,48,48,48,48,48,48,27,56,31,54,54,40,40,40,37,53,53,14,14,14,6,6,22,4,42,54,54,0],"gold":0,"neow_bonus":"BOSS_RELIC","is_prod":false,"is_daily":false,"chose_seed":false,"campfire_upgraded":7,"win_rate":0,"timestamp":1545124673,"path_taken":["M","?","?","M","?","R","?","M","T","R","?","R","?","?","R","BOSS","M","?","$","?","M","R","?","?","T","?","M","R","?","?","R","BOSS","M","?","M","M","?","R","M","R","T","E","?","$","?","?","R","BOSS","R","$","E"],"build_version":"2018-12-13","purchased_purges":0,"victory":false,"max_hp_per_floor":[66,66,66,66,66,66,66,66,66,66,66,66,66,66,66,66,66,66,66,66,66,66,66,66,66,66,66,66,66,66,66,66,66,66,66,54,54,54,54,54,54,54,54,54,54,54,54,54,54,54,54,54,54,54],"card_choices":[{"not_picked":["Quick Slash","Bane"],"picked":"Leg Sweep","floor":1.0},{"not_picked":["Sucker Punch","Quick Slash"],"picked":"Poisoned Stab","floor":4.0},{"not_picked":["Underhanded Strike","Backflip"],"picked":"Caltrops","floor":7.0},{"not_picked":["Quick Slash","Concentrate","Dagger Throw"],"picked":"SKIP","floor":8.0},{"not_picked":["Crippling Poison","Unload","Flying Knee"],"picked":"SKIP","floor":14.0},{"not_picked":["Envenom","Die Die Die"],"picked":"After Image","floor":16.0},{"not_picked":["Predator","Bane","Sucker Punch+1"],"picked":"SKIP","floor":18.0},{"not_picked":["Slice","Poisoned Stab"],"picked":"Deadly Poison","floor":22.0},{"not_picked":["Endless Agony","Blur"],"picked":"Deflect+1","floor":24.0},{"not_picked":["PiercingWail","Quick Slash","Dodge and Roll"],"picked":"SKIP","floor":28.0},{"not_picked":["Doppelganger","Unload"],"picked":"Burst","floor":33.0},{"not_picked":["Dagger Spray","Quick Slash"],"picked":"Blur+1","floor":35.0},{"not_picked":["Setup+1","Masterful Stab","Deflect"],"picked":"SKIP","floor":37.0},{"not_picked":["Accuracy","Bane+1","PiercingWail"],"picked":"SKIP","floor":38.0},{"not_picked":["Sucker Punch","Flying Knee","Blade Dance"],"picked":"SKIP","floor":41.0},{"not_picked":["Dash","Calculated Gamble","Blade Dance"],"picked":"SKIP","floor":44},{"not_picked":["PiercingWail","Infinite Blades+1","Choke"],"picked":"SKIP","floor":47},{"not_picked":["Heel Hook+1","Blur"],"picked":"Acrobatics+1","floor":48}],"player_experience":1350278,"relics_obtained":[{"floor":25.0,"key":"Dream Catcher"},{"floor":26.0,"key":"Centennial Puzzle"},{"floor":43.0,"key":"MawBank"},{"floor":44,"key":"Anchor"}],"event_choices":[{"damage_healed":0.0,"max_hp_gain":0.0,"max_hp_loss":0.0,"gold_gain":0.0,"event_name":"Shining Light","player_choice":"Entered Light","floor":2.0,"gold_loss":0.0,"damage_taken":20.0,"cards_upgraded":["Neutralize","Survivor"]},{"cards_removed":["Strike_G"],"damage_healed":0.0,"max_hp_gain":0.0,"max_hp_loss":0.0,"gold_gain":0.0,"event_name":"Golden Wing","player_choice":"Card Removal","floor":3.0,"gold_loss":0.0,"damage_taken":7.0},{"damage_healed":0.0,"max_hp_gain":0.0,"max_hp_loss":0.0,"gold_gain":0.0,"event_name":"Match and Keep!","player_choice":"1 cards matched","floor":5.0,"gold_loss":0.0,"damage_taken":0.0,"cards_obtained":["Night Terror"]},{"cards_removed":["Strike_G"],"damage_healed":0.0,"max_hp_gain":0.0,"max_hp_loss":0.0,"gold_gain":0.0,"event_name":"The Cleric","player_choice":"Card Removal","floor":11.0,"gold_loss":75.0,"damage_taken":0.0},{"cards_removed":["Strike_G"],"damage_healed":0.0,"max_hp_gain":0.0,"max_hp_loss":0.0,"gold_gain":0.0,"event_name":"Bonfire Elementals","player_choice":"Offered Basic","floor":13.0,"gold_loss":0.0,"damage_taken":0.0},{"damage_healed":0.0,"max_hp_gain":0.0,"max_hp_loss":0.0,"gold_gain":50.0,"event_name":"Nest","player_choice":"Stole From Cult","floor":19.0,"gold_loss":0.0,"damage_taken":0.0},{"cards_removed":["Strike_G"],"damage_healed":0.0,"max_hp_gain":0.0,"max_hp_loss":0.0,"gold_gain":0.0,"event_name":"Back to Basics","player_choice":"Elegance","floor":21.0,"gold_loss":0.0,"damage_taken":0.0},{"damage_healed":0.0,"max_hp_gain":0.0,"max_hp_loss":0.0,"gold_gain":0.0,"cards_transformed":["Defend_G","Strike_G"],"event_name":"Drug Dealer","player_choice":"Became Test Subject","floor":27.0,"gold_loss":0.0,"damage_taken":0.0,"cards_obtained":["Catalyst","Acrobatics"]},{"damage_healed":0.0,"max_hp_gain":0.0,"max_hp_loss":0.0,"gold_gain":0.0,"event_name":"The Library","player_choice":"Read","floor":30.0,"gold_loss":0.0,"damage_taken":0.0,"cards_obtained":["Caltrops"]},{"damage_healed":0.0,"max_hp_gain":0.0,"max_hp_loss":0.0,"gold_gain":0.0,"event_name":"Masked Bandits","player_choice":"Paid Fearfully","floor":31.0,"gold_loss":24.0,"damage_taken":0.0},{"damage_healed":54.0,"max_hp_gain":0.0,"max_hp_loss":12.0,"gold_gain":0.0,"event_name":"The Moai Head","player_choice":"Heal","floor":36.0,"gold_loss":0.0,"damage_taken":0.0},{"damage_healed":0.0,"max_hp_gain":0.0,"max_hp_loss":0.0,"gold_gain":0.0,"event_name":"Tomb of Lord Red Mask","player_choice":"Paid","floor":39.0,"gold_loss":0.0,"damage_taken":0.0,"relics_obtained":["Red Mask"]},{"damage_healed":0,"gold_gain":0,"player_choice":"Ignored","damage_taken":0,"max_hp_gain":0,"max_hp_loss":0,"event_name":"Golden Shrine","floor":45,"gold_loss":0}],"is_beta":false,"boss_relics":[{"not_picked":["Astrolabe","White Beast Statue"],"picked":"Runic Dome"},{"not_picked":["HoveringKite","Snecko Eye"],"picked":"Fusion Hammer"}],"items_purged_floors":[],"is_endless":false,"potions_floor_spawned":[4,7,22,28,33,37,41,48],"killed_by":"Shield and Spear","ascension_level":17}