{"gold_per_floor":[109,34,47,66,66,66,81,81,81,92,55,71,86,86],"floor_reached":14,"playtime":354,"items_purged":["Defend_G"],"score":168,"play_id":"8c5906b6-508b-4599-b812-dec9e50c937c","local_time":"20181224153431","is_ascension_mode":true,"campfire_choices":[{"data":"Neutralize","floor":6,"key":"SMITH"}],"neow_cost":"NONE","seed_source_timestamp":23766002270434,"circlet_count":0,"master_deck":["AscendersBane","Defend_G","Defend_G","Defend_G","Strike_G","Strike_G","Strike_G","Strike_G","Survivor","Neutralize+1","Terror","Night Terror","Caltrops","Catalyst"],"relics":["Ring of the Snake","Blue Candle"],"potions_floor_usage":[14,14],"damage_taken":[{"damage":0,"enemies":"2 Louse","floor":1,"turns":5},{"damage":0,"enemies":"Cultist","floor":3,"turns":3},{"damage":0,"enemies":"Jaw Worm","floor":4,"turns":5},{"damage":13,"enemies":"Exordium Thugs","floor":7,"turns":5},{"damage":1,"enemies":"Blue Slaver","floor":10,"turns":4},{"damage":26,"enemies":"Lots of Slimes","floor":12,"turns":5},{"damage":1,"enemies":"2 Fungi Beasts","floor":13,"turns":4},{"damage":20,"enemies":"Exordium Thugs","floor":14,"turns":3}],"seed_played":"4000496001500471003","potions_obtained":[{"floor":1,"key":"Swift Potion"},{"floor":10,"key":"PowerPotion"},{"floor":13,"key":"SkillPotion"}],"is_trial":false,"path_per_floor":["M","$","M","M","?","R","M","$","T","M","$","M","M","M"],"character_chosen":"THE_SILENT","items_purchased":["Caltrops"],"campfire_rested":0,"item_purchase_floors":[11],"current_hp_per_floor":[59,59,59,59,59,59,46,46,46,45,45,19,18,0],"gold":86,"neow_bonus":"REMOVE_CARD","is_prod":false,"is_daily":false,"chose_seed":false,"campfire_upgraded":1,"win_rate":0,"timestamp":1545636871,"path_taken":["M","$","M","M","?","R","M","$","T","M","$","M","?","M"],"build_version":"2018-12-20","purchased_purges":1,"victory":false,"max_hp_per_floor":[66,66,66,66,66,66,66,66,66,66,66,66,66,66],"card_choices":[{"not_picked":["Finisher","Slice"],"picked":"Terror","floor":1},{"not_picked":["Deflect","Prepared","Bane"],"picked":"SKIP","floor":3},{"not_picked":["Acrobatics","Choke","Blade Dance"],"picked":"SKIP","floor":4},{"not_picked":["PiercingWail","Endless Agony","Deflect"],"picked":"SKIP","floor":7},{"not_picked":["Backflip","Flying Knee"],"picked":"Night Terror","floor":10},{"not_picked":["Deflect","Dagger Throw","Underhanded Strike"],"picked":"SKIP","floor":12},{"not_picked":["Crippling Poison","Bane"],"picked":"Catalyst","floor":13}],"player_experience":1473840,"relics_obtained":[{"floor":9,"key":"Blue Candle"}],"event_choices":[{"cards_removed":["Defend_G"],"damage_healed":0,"gold_gain":0,"player_choice":"Purged","damage_taken":0,"max_hp_gain":0,"max_hp_loss":0,"event_name":"Purifier","floor":5,"gold_loss":0}],"is_beta":false,"boss_relics":[],"items_purged_floors":[2],"is_endless":false,"potions_floor_spawned":[1,10,13],"killed_by":"Exordium Thugs","ascension_level":20}