{"gold_per_floor":[116,116,38,38,38,38,113,113,113,127,141,176,30,64,64,189,189,205,230,230,248,273,273,94,133,156,156,156,195,195,218,218,349,349,365,386,402,425,48,79,91,122,134,165,510,46,46,46,46,46],"floor_reached":51,"playtime":2229,"items_purged":["Strike_G","Strike_G","Strike_G","Strike_G"],"score":1227,"play_id":"891eab18-407e-44df-9825-c96dce495c52","local_time":"20180926143444","is_ascension_mode":true,"campfire_choices":[{"data":"Neutralize","floor":6.0,"key":"SMITH"},{"data":"Crippling Poison","floor":8.0,"key":"SMITH"},{"floor":15.0,"key":"REST"},{"floor":23.0,"key":"REST"},{"data":"Cloak And Dagger","floor":27.0,"key":"SMITH"},{"floor":30.0,"key":"REST"},{"data":"Cloak And Dagger","floor":32.0,"key":"SMITH"},{"data":"Accuracy","floor":41.0,"key":"SMITH"},{"data":"Blade Dance","floor":49.0,"key":"SMITH"}],"neow_cost":"NONE","seed_source_timestamp":8286754431458,"circlet_count":0,"master_deck":["Defend_G","Defend_G","Defend_G","Defend_G","Defend_G","Survivor","Neutralize+1","Backflip","Crippling Poison+1","Blade Dance+1","Well Laid Plans","After Image","Infinite Blades","Die Die Die","Accuracy+1","Finisher","Backflip+1","Accuracy","Cloak And Dagger+1","Slice","Cloak And Dagger+1","After Image","Escape Plan+1","Infinite Blades+1","Blur","Acrobatics+1","Accuracy+1","Backflip"],"special_seed":0,"relics":["Ring of the Snake","Kunai","Bottled Lightning","Mummified Hand","Pen Nib","Empty Cage","Matryoshka","Ancient Tea Set","Dream Catcher","Blood Vial","Coffee Dripper","Ninja Scroll","MawBank","Bronze Scales","Frozen Egg 2","Strawberry"],"potions_floor_usage":[50,50],"damage_taken":[{"damage":0.0,"enemies":"2 Louse","floor":1.0,"turns":4.0},{"damage":4.0,"enemies":"Jaw Worm","floor":10.0,"turns":3.0},{"damage":4.0,"enemies":"Small Slimes","floor":11.0,"turns":3.0},{"damage":26.0,"enemies":"Lagavulin","floor":12.0,"turns":9.0},{"damage":15.0,"enemies":"Gremlin Nob","floor":14.0,"turns":5.0},{"damage":0.0,"enemies":"The Guardian","floor":16.0,"turns":12.0},{"damage":12.0,"enemies":"Spheric Guardian","floor":18.0,"turns":4.0},{"damage":17.0,"enemies":"2 Thieves","floor":19.0,"turns":3.0},{"damage":10.0,"enemies":"Cultist and Chosen","floor":21.0,"turns":7.0},{"damage":3.0,"enemies":"Snecko","floor":22.0,"turns":7.0},{"damage":4.0,"enemies":"Slavers","floor":25.0,"turns":4.0},{"damage":11.0,"enemies":"Colosseum Slavers","floor":28.0,"turns":2.0},{"damage":1.0,"enemies":"Book of Stabbing","floor":29.0,"turns":5.0},{"damage":12.0,"enemies":"Snake Plant","floor":31.0,"turns":5.0},{"damage":16.0,"enemies":"Collector","floor":33.0,"turns":8.0},{"damage":0.0,"enemies":"3 Shapes","floor":35.0,"turns":8.0},{"damage":0.0,"enemies":"3 Darklings","floor":36.0,"turns":5.0},{"damage":11.0,"enemies":"Reptomancer","floor":37.0,"turns":6.0},{"damage":5.0,"enemies":"Transient","floor":38.0,"turns":5.0},{"damage":0.0,"enemies":"Giant Head","floor":40.0,"turns":7.0},{"damage":0.0,"enemies":"Maw","floor":42.0,"turns":6.0},{"damage":0.0,"enemies":"Spire Growth","floor":44.0,"turns":4.0},{"damage":0,"enemies":"Donu and Deca","floor":50,"turns":4}],"seed_played":"-8505007063144757475","potions_obtained":[{"floor":1.0,"key":"Dexterity Potion"},{"floor":12.0,"key":"AttackPotion"},{"floor":14.0,"key":"AttackPotion"},{"floor":16.0,"key":"SteroidPotion"},{"floor":18.0,"key":"AttackPotion"},{"floor":21.0,"key":"Dexterity Potion"},{"floor":25.0,"key":"AttackPotion"},{"floor":33.0,"key":"FearPotion"},{"floor":35.0,"key":"AttackPotion"},{"floor":36.0,"key":"SteroidPotion"},{"floor":40.0,"key":"SteroidPotion"},{"floor":47.0,"key":"PowerPotion"}],"is_trial":false,"path_per_floor":["M","?","$","?","T","R","?","R","T","M","M","E","$","E","R","B",null,"M","M","?","M","M","R","$","E","T","R","?","E","R","M","R","B",null,"M","M","M","M","$","E","R","M","T","M","?","$","?","?","R","B"],"character_chosen":"THE_SILENT","items_purchased":["Crippling Poison","Infinite Blades","Accuracy","Ninja Scroll","Accuracy+1","Backflip","Strawberry","SteroidPotion"],"campfire_rested":3,"item_purchase_floors":[3,13,24,39,46,46,46,46],"current_hp_per_floor":[63,63,63,63,63,63,52,52,52,48,44,18,18,3,22,22,54,42,25,25,15,12,31,31,27,27,27,16,15,34,24,24,10,51,53,55,46,43,43,45,45,47,47,49,49,56,56,56,56,58],"gold":46,"neow_bonus":"ONE_RANDOM_RARE_CARD","is_prod":false,"is_daily":false,"chose_seed":false,"campfire_upgraded":6,"win_rate":0,"timestamp":1537943684,"path_taken":["M","?","$","?","?","R","?","R","T","M","M","E","$","E","R","BOSS","M","M","?","M","M","R","$","E","T","R","?","E","R","?","R","BOSS","M","M","?","M","$","E","R","M","T","M","?","$","?","?","R","BOSS"],"build_version":"2018-09-20","purchased_purges":4,"victory":true,"max_hp_per_floor":[70,70,70,65,65,65,65,65,65,65,65,65,65,65,65,65,65,65,65,65,65,65,65,65,65,65,65,65,65,65,65,65,65,65,65,65,65,65,65,65,65,65,65,65,65,72,72,72,72,72],"card_choices":[{"not_picked":["Dagger Throw","Dagger Spray"],"picked":"Backflip","floor":1.0},{"not_picked":["Prepared","Bane"],"picked":"Blade Dance","floor":10.0},{"not_picked":["Acrobatics","Dagger Throw"],"picked":"Well Laid Plans","floor":11.0},{"not_picked":["Predator","Calculated Gamble"],"picked":"After Image","floor":12.0},{"not_picked":["Well Laid Plans","Choke","Concentrate"],"picked":"SKIP","floor":14.0},{"not_picked":["Corpse Explosion","Storm of Steel"],"picked":"Die Die Die","floor":16.0},{"not_picked":["All Out Attack+1","Poisoned Stab"],"picked":"Accuracy","floor":18.0},{"not_picked":["Dagger Spray+1","Prepared+1"],"picked":"Finisher","floor":19.0},{"not_picked":["Concentrate","Setup"],"picked":"Backflip+1","floor":21.0},{"not_picked":["Dagger Throw","Finisher","Terror"],"picked":"SKIP","floor":22.0},{"not_picked":["Choke","Escape Plan+1"],"picked":"Cloak And Dagger","floor":25.0},{"not_picked":["Catalyst","Doppelganger"],"picked":"Endless Agony","floor":29.0},{"not_picked":["Deadly Poison","Quick Slash"],"picked":"Slice","floor":30.0},{"not_picked":["Quick Slash","PiercingWail"],"picked":"Cloak And Dagger","floor":31.0},{"not_picked":["Phantasmal Killer","Tools of the Trade"],"picked":"After Image","floor":33.0},{"not_picked":["Bane+1","Prepared+1"],"picked":"Escape Plan+1","floor":35.0},{"not_picked":["Caltrops+1","Setup"],"picked":"Infinite Blades+1","floor":36.0},{"not_picked":["Blur","Prepared+1","Glass Knife"],"picked":"SKIP","floor":37.0},{"not_picked":["Prepared+1","Glass Knife"],"picked":"Blur","floor":37.0},{"not_picked":["Dodge and Roll+1","Terror","Dagger Spray+1"],"picked":"SKIP","floor":38.0},{"not_picked":["Die Die Die","Underhanded Strike"],"picked":"Acrobatics+1","floor":40.0},{"not_picked":["Reflex","Prepared+1","Flechettes"],"picked":"SKIP","floor":42.0},{"not_picked":["Deadly Poison+1","Outmaneuver","Sucker Punch+1"],"picked":"SKIP","floor":44.0}],"player_experience":150776,"relics_obtained":[{"floor":5.0,"key":"Kunai"},{"floor":9.0,"key":"Bottled Lightning"},{"floor":12.0,"key":"Mummified Hand"},{"floor":14.0,"key":"Pen Nib"},{"floor":25.0,"key":"Matryoshka"},{"floor":26.0,"key":"Ancient Tea Set"},{"floor":26.0,"key":"Dream Catcher"},{"floor":29.0,"key":"Blood Vial"},{"floor":40.0,"key":"MawBank"},{"floor":43.0,"key":"Bronze Scales"},{"floor":43.0,"key":"Frozen Egg 2"}],"event_choices":[{"event_name":"Liars Game","player_choice":"disagreed","floor":2.0,"damage_taken":0.0},{"event_name":"Golden Idol","player_choice":"Lose Max HP","floor":4.0,"damage_taken":0.0},{"event_name":"World of Goop","player_choice":"Gather Gold","floor":7.0,"damage_taken":0.0},{"event_name":"Cursed Tome","player_choice":"Ignored","floor":20.0,"damage_taken":0.0},{"event_name":"Colosseum","player_choice":"Fight","floor":28.0,"damage_taken":0.0},{"event_name":"Colosseum","player_choice":"Fled From Nobs","floor":28.0,"damage_taken":0.0},{"event_name":"The Moai Head","player_choice":"Gave Idol","floor":45.0,"damage_taken":0.0},{"event_name":"The Lab","player_choice":"Got Potions","floor":47.0,"damage_taken":0.0},{"event_name":"Falling","player_choice":"Removed Attack","floor":48.0,"damage_taken":0.0}],"is_beta":false,"boss_relics":[{"not_picked":["Pandora\u0027s Box","Black Star"],"picked":"Empty Cage"},{"not_picked":["White Beast Statue","Lizard Tail"],"picked":"Coffee Dripper"}],"items_purged_floors":[13,24,39,46],"is_endless":false,"potions_floor_spawned":[1,12,14,16,18,21,25,33,35,36,40],"ascension_level":8}