{"gold_per_floor":[118,131,131,145,33,33,67,67,67,84,84,117,135,149,149,225,225,238,238,267,278,55,55,75,88,142,142,242,242,70,70,70,148,148,168,68,68,82,97,97,319,347,347,347,362,362,362,387,387,387,387,387,387,32,59,59],"floor_reached":57,"playtime":2922,"items_purged":["Defend_B","Defend_B","Defend_B"],"score":3161,"play_id":"5cee8601-5192-4952-9554-5fab2ec75755","local_time":"20190227034412","is_ascension_mode":true,"campfire_choices":[{"data":"Zap","floor":6.0,"key":"SMITH"},{"data":"Coolheaded","floor":8.0,"key":"SMITH"},{"floor":15.0,"key":"REST"},{"data":"Turbo","floor":23,"key":"SMITH"},{"data":"Capacitor","floor":27,"key":"SMITH"},{"data":"Defragment","floor":29,"key":"SMITH"},{"data":"Heatsinks","floor":32,"key":"SMITH"},{"data":"Hologram","floor":40,"key":"SMITH"},{"data":"Turbo","floor":44,"key":"SMITH"},{"data":"Coolheaded","floor":46,"key":"SMITH"},{"floor":49,"key":"RECALL"},{"data":"Seek","floor":53,"key":"SMITH"}],"neow_cost":"NONE","seed_source_timestamp":0,"circlet_count":0,"master_deck":["AscendersBane","Zap+1","Dualcast","Consume+1","Seek+1","Stack+1","Coolheaded+1","Capacitor+1","Go for the Eyes","Heatsinks+1","Coolheaded+1","Turbo+1","Ball Lightning","Seek+1","Hologram+1","Reboot","Hologram","Hyperbeam","Leap","Defragment+1","BootSequence","Finesse","Ghostly","Ghostly","Ghostly","Echo Form","Turbo+1","Reinforced Body+1","Capacitor+1","Barrage+1","Aggregate+1"],"special_seed":0,"relics":["Astrolabe","Incense Burner","Ornamental Fan","Art of War","Centennial Puzzle","Lizard Tail","Red Mask","OrangePellets","Pen Nib","WingedGreaves","Meat on the Bone","Inserter","Molten Egg 2","Symbiotic Virus","TheAbacus","Lantern"],"potions_floor_usage":[56,56],"damage_taken":[{"damage":19.0,"enemies":"Jaw Worm","floor":1.0,"turns":7.0},{"damage":0.0,"enemies":"Cultist","floor":2.0,"turns":4.0},{"damage":8.0,"enemies":"2 Louse","floor":4.0,"turns":3.0},{"damage":0.0,"enemies":"Lagavulin","floor":7.0,"turns":7.0},{"damage":6.0,"enemies":"Looter","floor":10.0,"turns":5.0},{"damage":6.0,"enemies":"Gremlin Nob","floor":12.0,"turns":4.0},{"damage":3.0,"enemies":"Exordium Wildlife","floor":13.0,"turns":5.0},{"damage":5.0,"enemies":"Exordium Thugs","floor":14.0,"turns":5.0},{"damage":0.0,"enemies":"Slime Boss","floor":16.0,"turns":10.0},{"damage":12.0,"enemies":"Spheric Guardian","floor":18.0,"turns":6.0},{"damage":0,"enemies":"Masked Bandits","floor":20,"turns":1},{"damage":6,"enemies":"2 Thieves","floor":21,"turns":5},{"damage":0,"enemies":"3 Cultists","floor":24,"turns":1},{"damage":14,"enemies":"Shelled Parasite and Fungi","floor":25,"turns":7},{"damage":4,"enemies":"Colosseum Slavers","floor":28,"turns":2},{"damage":5,"enemies":"Colosseum Nobs","floor":28,"turns":3},{"damage":0,"enemies":"Champ","floor":33,"turns":16},{"damage":0,"enemies":"3 Darklings","floor":35,"turns":2},{"damage":0,"enemies":"Orb Walker","floor":38,"turns":4},{"damage":1,"enemies":"4 Shapes","floor":39,"turns":5},{"damage":0,"enemies":"Nemesis","floor":42,"turns":12},{"damage":1,"enemies":"Transient","floor":45,"turns":6},{"damage":11,"enemies":"Reptomancer","floor":48,"turns":6},{"damage":0,"enemies":"Time Eater","floor":50,"turns":11},{"damage":12,"enemies":"Donu and Deca","floor":51,"turns":12},{"damage":15,"enemies":"Shield and Spear","floor":55,"turns":8},{"damage":12,"enemies":"The Heart","floor":56,"turns":12}],"seed_played":"7077183054894705785","potions_obtained":[{"floor":7.0,"key":"Weak Potion"},{"floor":10.0,"key":"PowerPotion"},{"floor":12.0,"key":"FocusPotion"},{"floor":16.0,"key":"Strength Potion"}],"is_trial":false,"path_per_floor":["M","M","?","M","$","R","E","R","T","M","?","E","M","M","R","B",null,"M","?","?","M","$","R","M","M","T","R","?","R","$","?","R","B",null,"M","$","?","M","M","R","?","E","T","R","M","R","?","E","R","B","B",null,"R","$","E","B",null],"character_chosen":"DEFECT","items_purchased":["Heatsinks","Coolheaded","OrangePellets","Finesse","TheAbacus"],"campfire_rested":1,"item_purchase_floors":[5,5,22,30,54],"current_hp_per_floor":[45,45,35,27,27,27,27,27,27,21,21,15,12,7,28,28,60,48,48,48,42,42,42,42,28,28,28,19,19,19,19,19,19,31,31,31,29,29,28,28,28,28,28,28,27,27,27,28,28,28,28,32,32,32,17,17],"gold":59,"neow_bonus":"BOSS_RELIC","is_prod":false,"is_daily":false,"chose_seed":false,"campfire_upgraded":10,"win_rate":0,"timestamp":1551210252,"path_taken":["M","M","?","M","$","R","E","R","T","?","?","E","?","M","R","BOSS","M","?","?","M","?","R","M","?","T","R","?","R","$","?","R","BOSS","M","$","?","?","?","R","?","E","T","R","M","R","?","E","R","BOSS","BOSS","R","$","E","BOSS"],"build_version":"2019-01-23","purchased_purges":3,"victory":true,"max_hp_per_floor":[71,71,71,71,71,71,71,71,71,71,71,71,71,71,71,71,71,71,71,71,71,71,71,71,71,71,71,71,71,71,35,35,35,35,35,35,35,35,35,35,35,35,35,35,35,35,33,33,33,33,33,33,33,33,33,33],"card_choices":[{"not_picked":["Hologram","Aggregate"],"picked":"Coolheaded","floor":1.0},{"not_picked":["Stack","Sweeping Beam"],"picked":"Capacitor","floor":2.0},{"not_picked":["Gash","Sweeping Beam"],"picked":"Go for the Eyes","floor":4.0},{"not_picked":["Skim","Sweeping Beam"],"picked":"Turbo","floor":7.0},{"not_picked":["Scrape","Creative AI"],"picked":"Ball Lightning","floor":10.0},{"not_picked":["Rebound","Ball Lightning"],"picked":"Seek","floor":12.0},{"not_picked":["Reprogram","Rebound"],"picked":"Hologram","floor":13.0},{"not_picked":["Storm","Consume","Streamline"],"picked":"SKIP","floor":14.0},{"not_picked":["Fission","Multi-Cast"],"picked":"Reboot","floor":16.0},{"not_picked":["Coolheaded","Sweeping Beam"],"picked":"Hologram","floor":18.0},{"not_picked":["Aggregate","Sunder"],"picked":"Defragment","floor":20},{"not_picked":["Cold Snap","Beam Cell","Coolheaded"],"picked":"SKIP","floor":21},{"not_picked":["Heatsinks","Go for the Eyes","Multi-Cast"],"picked":"SKIP","floor":24},{"not_picked":["Cold Snap","Redo"],"picked":"BootSequence","floor":25},{"not_picked":["Meteor Strike","Seek"],"picked":"Echo Form","floor":33},{"not_picked":["Conserve Battery","Ball Lightning"],"picked":"Turbo","floor":35},{"not_picked":["Static Discharge+1","Sweeping Beam"],"picked":"Reinforced Body+1","floor":38},{"not_picked":["Doom and Gloom+1","Steam"],"picked":"Capacitor+1","floor":39},{"not_picked":["Hologram","Gash","Force Field"],"picked":"SKIP","floor":42},{"not_picked":["Cold Snap+1","Redo"],"picked":"Barrage+1","floor":45},{"not_picked":["Reprogram","Aggregate+1","Biased Cognition"],"picked":"SKIP","floor":48},{"not_picked":["Reprogram","Biased Cognition"],"picked":"Aggregate+1","floor":48},{"not_picked":["Darkness","Genetic Algorithm","Scrape+1"],"picked":"SKIP","floor":55}],"player_experience":1021385,"relics_obtained":[{"floor":7.0,"key":"Incense Burner"},{"floor":9.0,"key":"Ornamental Fan"},{"floor":11.0,"key":"Art of War"},{"floor":12.0,"key":"Centennial Puzzle"},{"floor":20,"key":"Red Mask"},{"floor":26,"key":"Pen Nib"},{"floor":28,"key":"WingedGreaves"},{"floor":28,"key":"Meat on the Bone"},{"floor":42,"key":"Molten Egg 2"},{"floor":48,"key":"Symbiotic Virus"},{"floor":55,"key":"Lantern"}],"event_choices":[{"damage_healed":0.0,"max_hp_gain":0.0,"max_hp_loss":0.0,"gold_gain":0.0,"event_name":"Wheel of Change","player_choice":"Damaged","floor":3.0,"gold_loss":0.0,"damage_taken":10.0},{"damage_healed":0.0,"max_hp_gain":0.0,"max_hp_loss":0.0,"gold_gain":0.0,"event_name":"Wheel of Change","player_choice":"Relic","floor":11.0,"gold_loss":0.0,"damage_taken":0.0},{"damage_healed":0,"gold_gain":0,"cards_transformed":["Strike_B","Defend_B"],"player_choice":"Became Test Subject","damage_taken":0,"max_hp_gain":0,"max_hp_loss":0,"event_name":"Drug Dealer","floor":19,"gold_loss":0,"cards_obtained":["Hyperbeam","Leap"]},{"damage_healed":0,"gold_gain":0,"player_choice":"Fought Bandits","damage_taken":0,"max_hp_gain":0,"max_hp_loss":0,"event_name":"Masked Bandits","floor":20,"gold_loss":0},{"damage_healed":0,"gold_gain":0,"player_choice":"Fight","damage_taken":0,"max_hp_gain":0,"max_hp_loss":0,"event_name":"Colosseum","floor":28,"gold_loss":0},{"damage_healed":0,"gold_gain":0,"player_choice":"Fought Nobs","damage_taken":0,"max_hp_gain":0,"max_hp_loss":0,"event_name":"Colosseum","floor":28,"gold_loss":0},{"damage_healed":0,"gold_gain":0,"player_choice":"Became a Ghost","damage_taken":0,"max_hp_gain":0,"max_hp_loss":36,"event_name":"Ghosts","floor":31,"gold_loss":0,"cards_obtained":["Ghostly","Ghostly","Ghostly"]},{"damage_healed":0,"gold_gain":0,"player_choice":"Bought 0 Potions","damage_taken":0,"max_hp_gain":0,"max_hp_loss":0,"event_name":"The Woman in Blue","floor":37,"gold_loss":0},{"damage_healed":0,"gold_gain":222,"player_choice":"Wore Mask","damage_taken":0,"max_hp_gain":0,"max_hp_loss":0,"event_name":"Tomb of Lord Red Mask","floor":41,"gold_loss":0},{"damage_healed":0,"gold_gain":0,"player_choice":"Max HP","damage_taken":0,"max_hp_gain":0,"max_hp_loss":2,"event_name":"Winding Halls","floor":47,"gold_loss":0}],"is_beta":false,"boss_relics":[{"not_picked":["Snecko Eye","Orrery"],"picked":"Lizard Tail"},{"not_picked":["Busted Crown","Eternal Feather"],"picked":"Inserter"}],"items_purged_floors":[30,36,54],"is_endless":false,"potions_floor_spawned":[7,10,12,16,21,24,25,28,33,45],"ascension_level":20}