{"gold_per_floor":[13,28,28,28,28,62,83,103,103,103,28,42,55,71,71,195,195,213,229,229,59,72,72,105,105,130,145,180,190,205,233,233,329,329,349,349,365,240,240,20,20,20,88,103,103,128,128,139,139,139],"floor_reached":51,"playtime":2923,"items_purged":["Strike_G","Strike_G","Outmaneuver","Underhanded Strike"],"score":869,"play_id":"8a8fbd2c-0c30-43c1-bfe2-01dc5e1c2ba6","local_time":"20180919180407","is_ascension_mode":false,"campfire_choices":[{"data":"Cloak And Dagger","floor":15.0,"key":"SMITH"},{"data":"Footwork","floor":23.0,"key":"SMITH"},{"data":"Calculated Gamble","floor":25.0,"key":"SMITH"},{"data":"Tactician","floor":32.0,"key":"SMITH"},{"data":"Calculated Gamble","floor":41,"key":"SMITH"},{"data":"Prepared","floor":45,"key":"SMITH"},{"data":"A Thousand Cuts","floor":47,"key":"SMITH"},{"data":"Acrobatics","floor":49,"key":"SMITH"}],"neow_cost":"NO_GOLD","seed_source_timestamp":107857500339817,"circlet_count":0,"master_deck":["Survivor","Neutralize","Die Die Die","Expertise","Acrobatics+1","Cloak And Dagger+1","Backflip","Dagger Throw","A Thousand Cuts+1","Calculated Gamble+1","Footwork+1","Tactician+1","Reflex+1","Blur","Well Laid Plans+1","Prepared+1","Calculated Gamble+1","Prepared+1"],"special_seed":0,"relics":["Ring of the Snake","Bloody Idol","Kunai","Pocketwatch","Runic Dome","Calipers","Potion Belt","Red Mask","Dodecahedron","Empty Cage","Gremlin Horn","Peace Pipe"],"potions_floor_usage":[50,50,50,50,50],"damage_taken":[{"damage":0.0,"enemies":"Cultist","floor":1.0,"turns":3.0},{"damage":0.0,"enemies":"2 Louse","floor":2.0,"turns":1.0},{"damage":18.0,"enemies":"Gremlin Nob","floor":6.0,"turns":6.0},{"damage":0.0,"enemies":"Jaw Worm","floor":7.0,"turns":3.0},{"damage":2.0,"enemies":"Blue Slaver","floor":8.0,"turns":7.0},{"damage":0.0,"enemies":"3 Louse","floor":12.0,"turns":1.0},{"damage":1.0,"enemies":"Exordium Wildlife","floor":13.0,"turns":3.0},{"damage":0.0,"enemies":"2 Fungi Beasts","floor":14.0,"turns":3.0},{"damage":27.0,"enemies":"Hexaghost","floor":16.0,"turns":15.0},{"damage":6.0,"enemies":"Spheric Guardian","floor":18.0,"turns":5.0},{"damage":5.0,"enemies":"Shell Parasite","floor":19.0,"turns":4.0},{"damage":13.0,"enemies":"Chosen and Byrds","floor":22.0,"turns":6.0},{"damage":8.0,"enemies":"Book of Stabbing","floor":24.0,"turns":8.0},{"damage":13.0,"enemies":"Snake Plant","floor":27.0,"turns":4.0},{"damage":4.0,"enemies":"Masked Bandits","floor":28.0,"turns":3.0},{"damage":1.0,"enemies":"Centurion and Healer","floor":29.0,"turns":6.0},{"damage":0.0,"enemies":"Cultist and Chosen","floor":30.0,"turns":7.0},{"damage":6.0,"enemies":"Slavers","floor":31.0,"turns":4.0},{"damage":0.0,"enemies":"Collector","floor":33.0,"turns":15.0},{"damage":0.0,"enemies":"Orb Walker","floor":35.0,"turns":3.0},{"damage":0,"enemies":"3 Darklings","floor":37,"turns":3},{"damage":0,"enemies":"Sphere and 2 Shapes","floor":44,"turns":2},{"damage":0,"enemies":"Giant Head","floor":46,"turns":1},{"damage":0,"enemies":"Reptomancer","floor":48,"turns":2},{"damage":0,"enemies":"Time Eater","floor":50,"turns":12}],"seed_played":"-8042667370249844421","potions_obtained":[{"floor":1.0,"key":"Weak Potion"},{"floor":10.0,"key":"SmokeBomb"},{"floor":10.0,"key":"FearPotion"},{"floor":10.0,"key":"Poison Potion"},{"floor":12.0,"key":"Block Potion"},{"floor":13.0,"key":"Regen Potion"},{"floor":24.0,"key":"EntropicBrew"},{"floor":28.0,"key":"AttackPotion"},{"floor":31.0,"key":"Dexterity Potion"},{"floor":37,"key":"EntropicBrew"}],"is_trial":false,"path_per_floor":["M","M","?","?","?","E","M","M","T","?","$","M","M","M","R","B",null,"M","M","?","$","M","R","E","R","T","M","?","M","M","E","R","B",null,"M","?","M","$","?","$","R","?","T","M","R","E","R","M","R","B"],"character_chosen":"THE_SILENT","items_purchased":["Calculated Gamble","Calculated Gamble"],"campfire_rested":0,"item_purchase_floors":[21,40],"current_hp_per_floor":[70,70,70,70,53,35,35,33,33,33,33,33,32,32,32,5,70,64,59,59,59,51,51,48,48,53,57,58,62,67,66,66,70,70,70,70,70,70,70,70,70,70,70,70,70,70,70,70,70,70],"gold":139,"neow_bonus":"TRANSFORM_TWO_CARDS","is_prod":false,"is_daily":false,"chose_seed":false,"campfire_upgraded":8,"win_rate":0,"timestamp":1537351447,"path_taken":["M","?","?","?","?","E","M","?","T","?","?","M","M","M","R","BOSS","M","?","?","?","M","R","E","R","T","?","?","M","?","E","R","BOSS","M","?","M","$","?","$","R","?","T","?","R","E","R","M","R","BOSS"],"build_version":"2018-09-06","purchased_purges":4,"victory":true,"max_hp_per_floor":[70,70,70,70,70,70,70,70,70,70,70,70,70,70,70,70,70,70,70,70,70,70,70,70,70,70,70,70,70,70,70,70,70,70,70,70,70,70,70,70,70,70,70,70,70,70,70,70,70,70],"card_choices":[{"not_picked":["Choke","Flying Knee","Dagger Spray"],"picked":"SKIP","floor":1.0},{"not_picked":["Poisoned Stab","Setup"],"picked":"Expertise","floor":2.0},{"not_picked":["Poisoned Stab","Quick Slash"],"picked":"Underhanded Strike","floor":6.0},{"not_picked":["Dodge and Roll","Deadly Poison"],"picked":"Acrobatics","floor":7.0},{"not_picked":["Poisoned Stab","Sucker Punch"],"picked":"Cloak And Dagger","floor":8.0},{"not_picked":["Crippling Poison","Flechettes","Underhanded Strike"],"picked":"SKIP","floor":12.0},{"not_picked":["Glass Knife","Bouncing Flask"],"picked":"Backflip","floor":13.0},{"not_picked":["Acrobatics","Dodge and Roll","Dagger Throw"],"picked":"SKIP","floor":14.0},{"not_picked":["Acrobatics","Dodge and Roll"],"picked":"Dagger Throw","floor":14.0},{"not_picked":["Doppelganger","Night Terror"],"picked":"A Thousand Cuts","floor":16.0},{"not_picked":["Acrobatics","Sucker Punch+1","Slice"],"picked":"SKIP","floor":18.0},{"not_picked":["Poisoned Stab+1","Slice","Cloak And Dagger"],"picked":"SKIP","floor":19.0},{"not_picked":["Underhanded Strike","Quick Slash"],"picked":"Footwork","floor":22.0},{"not_picked":["Predator","Acrobatics"],"picked":"Tactician","floor":24.0},{"not_picked":["Crippling Poison+1","Blur"],"picked":"Reflex+1","floor":27.0},{"not_picked":["Expertise","Leg Sweep+1"],"picked":"Blur","floor":29.0},{"not_picked":["Dagger Throw+1","Corpse Explosion","Finisher"],"picked":"SKIP","floor":30.0},{"not_picked":["Underhanded Strike","Accuracy+1","Outmaneuver+1"],"picked":"SKIP","floor":31.0},{"not_picked":["Poisoned Stab","Predator+1"],"picked":"Well Laid Plans+1","floor":35.0},{"not_picked":["Dagger Throw+1","Dodge and Roll+1"],"picked":"Prepared","floor":37},{"not_picked":["Catalyst+1","Poisoned Stab+1","Caltrops+1"],"picked":"SKIP","floor":44},{"not_picked":["Dagger Throw+1","Underhanded Strike","Predator+1"],"picked":"SKIP","floor":46},{"not_picked":["Predator+1","Setup"],"picked":"Prepared+1","floor":48}],"player_experience":29297,"relics_obtained":[{"floor":6.0,"key":"Kunai"},{"floor":9.0,"key":"Pocketwatch"},{"floor":24.0,"key":"Calipers"},{"floor":26.0,"key":"Potion Belt"},{"floor":28.0,"key":"Red Mask"},{"floor":31.0,"key":"Dodecahedron"},{"floor":43,"key":"Gremlin Horn"},{"floor":46,"key":"Peace Pipe"}],"event_choices":[{"event_name":"Bonfire Elementals","player_choice":"UNCOMMON","floor":3.0,"damage_taken":0.0},{"event_name":"Living Wall","player_choice":"Forget","floor":4.0,"damage_taken":0.0},{"event_name":"Golden Idol","player_choice":"Take Damage","floor":5.0,"damage_taken":0.0},{"event_name":"The Lab","player_choice":"Got Potions","floor":10.0,"damage_taken":0.0},{"event_name":"Forgotten Altar","player_choice":"Gave Idol","floor":20.0,"damage_taken":0.0},{"event_name":"Masked Bandits","player_choice":"Fought Bandits","floor":28.0,"damage_taken":0.0},{"event_name":"Transmorgrifier","player_choice":"Transform","floor":36,"damage_taken":0},{"event_name":"Falling","player_choice":"Removed Skill","floor":39,"damage_taken":0},{"event_name":"Purifier","player_choice":"One Purge","floor":42,"damage_taken":0}],"is_beta":false,"boss_relics":[{"not_picked":["Busted Crown","Ring of the Serpent"],"picked":"Runic Dome"},{"not_picked":["Orrery","White Beast Statue"],"picked":"Empty Cage"}],"items_purged_floors":[11,21,38,40],"is_endless":false,"potions_floor_spawned":[1,12,13,24,28,29,31,33,37,44],"ascension_level":0}