{"gold_per_floor":[119,119,135,60,60,60,86,106,131,131,142,142,67,81,81,159,159,119,119,19,19,19,19,19,19],"floor_reached":25,"playtime":553,"items_purged":["Strike_B","Defend_B"],"score":448,"play_id":"85d13949-d5c9-4350-a2c5-e9bcc8342be8","local_time":"20190106181012","is_ascension_mode":true,"campfire_choices":[{"data":"Sunder","floor":6,"key":"SMITH"},{"data":"Dualcast","floor":15,"key":"SMITH"},{"data":"Defragment","floor":23,"key":"SMITH"}],"neow_cost":"NONE","seed_source_timestamp":24181865239979,"circlet_count":0,"master_deck":["AscendersBane","Strike_B","Defend_B","Defend_B","Zap","Dualcast+1","Sunder+1","Conserve Battery","Undo","Gash","Seek","Creative AI","White Noise","Aggregate","Hologram","Defragment+1","Pain"],"relics":["Cracked Core","NeowsBlessing","PreservedInsect","Bag of Marbles","Vajra","Ectoplasm","WarpedTongs"],"potions_floor_usage":[10,21,21,25],"damage_taken":[{"damage":0,"enemies":"2 Louse","floor":1,"turns":1},{"damage":0,"enemies":"Cultist","floor":3,"turns":1},{"damage":0,"enemies":"Gremlin Nob","floor":7,"turns":1},{"damage":0,"enemies":"Small Slimes","floor":8,"turns":1},{"damage":0,"enemies":"Looter","floor":11,"turns":2},{"damage":0,"enemies":"Large Slime","floor":14,"turns":3},{"damage":20,"enemies":"The Guardian","floor":16,"turns":10},{"damage":0,"enemies":"2 Thieves","floor":18,"turns":3},{"damage":37,"enemies":"Chosen","floor":21,"turns":5},{"damage":24,"enemies":"Snake Plant","floor":25,"turns":2}],"seed_played":"-225914263352462820","potions_obtained":[{"floor":1,"key":"PowerPotion"},{"floor":7,"key":"AttackPotion"},{"floor":10,"key":"Fruit Juice"},{"floor":10,"key":"Swift Potion"},{"floor":21,"key":"SkillPotion"}],"is_trial":false,"path_per_floor":["M","?","M","$","$","R","E","M","T","?","M","T","?","M","R","B",null,"M","?","$","M","?","R","?","M"],"character_chosen":"DEFECT","items_purchased":[],"campfire_rested":0,"item_purchase_floors":[],"current_hp_per_floor":[64,54,54,54,54,54,54,54,54,59,59,59,59,59,59,39,67,67,67,67,30,30,30,30,6],"gold":19,"neow_bonus":"THREE_ENEMY_KILL","is_prod":false,"is_daily":false,"chose_seed":false,"campfire_upgraded":3,"win_rate":0,"timestamp":1546769412,"path_taken":["M","?","M","?","$","R","E","M","T","?","?","?","?","M","R","BOSS","M","?","$","M","?","R","?","M"],"build_version":"2019-01-03v4","purchased_purges":2,"victory":false,"max_hp_per_floor":[71,71,71,71,71,71,71,71,71,76,76,76,76,76,76,76,76,76,76,76,76,76,76,76,76],"card_choices":[{"not_picked":["Stack","Coolheaded"],"picked":"Sunder","floor":1},{"not_picked":["Go for the Eyes","Aggregate"],"picked":"Conserve Battery","floor":3},{"not_picked":["Heatsinks","Streamline","Lockon"],"picked":"SKIP","floor":7},{"not_picked":["Conserve Battery","Auto Shields"],"picked":"Undo","floor":8},{"not_picked":["Redo","Barrage"],"picked":"Gash","floor":11},{"not_picked":["Recycle","Cold Snap"],"picked":"Seek","floor":14},{"not_picked":["Thunder Strike","Seek"],"picked":"Creative AI","floor":16},{"not_picked":["Rebound","Leap","Auto Shields"],"picked":"SKIP","floor":18},{"not_picked":["Streamline+1","Stack"],"picked":"Hologram","floor":21}],"player_experience":1786075,"relics_obtained":[{"floor":7,"key":"PreservedInsect"},{"floor":9,"key":"Bag of Marbles"},{"floor":12,"key":"Vajra"}],"event_choices":[{"damage_healed":0,"gold_gain":0,"player_choice":"Damaged","damage_taken":10,"max_hp_gain":0,"max_hp_loss":0,"event_name":"Wheel of Change","floor":2,"gold_loss":0},{"damage_healed":0,"gold_gain":0,"player_choice":"Got Potions","damage_taken":0,"max_hp_gain":0,"max_hp_loss":0,"event_name":"Lab","floor":10,"gold_loss":0},{"cards_removed":["Strike_B"],"damage_healed":0,"gold_gain":0,"player_choice":"Card Removal","damage_taken":0,"max_hp_gain":0,"max_hp_loss":0,"event_name":"The Cleric","floor":13,"gold_loss":75},{"damage_healed":0,"gold_gain":0,"cards_transformed":["Defend_B","Strike_B"],"player_choice":"Became Test Subject","damage_taken":0,"max_hp_gain":0,"max_hp_loss":0,"event_name":"Drug Dealer","floor":19,"gold_loss":0,"cards_obtained":["White Noise","Aggregate"]},{"damage_healed":0,"gold_gain":0,"player_choice":"Read","damage_taken":0,"max_hp_gain":0,"max_hp_loss":0,"event_name":"The Library","floor":22,"gold_loss":0,"cards_obtained":["Defragment"]},{"damage_healed":0,"gold_gain":0,"player_choice":"Rummage","damage_taken":0,"relics_obtained":["WarpedTongs"],"max_hp_gain":0,"max_hp_loss":0,"event_name":"Accursed Blacksmith","floor":24,"gold_loss":0,"cards_obtained":["Pain"]}],"is_beta":false,"boss_relics":[{"not_picked":["FrozenCore","White Beast Statue"],"picked":"Ectoplasm"}],"items_purged_floors":[4,20],"is_endless":false,"potions_floor_spawned":[1,7,11,18,21],"killed_by":"Snake Plant","ascension_level":20}