{"gold_per_floor":[118,118,43,43,62,62,62,81,108,108,126,138,138,14,14,87,87,103,103,149,149,169,169,94,94,94,104,49,49,79,98,98,174,174,185,185,204,204,204,234,234,234],"floor_reached":42,"playtime":1097,"items_purged":["Strike_G","Strike_G"],"score":1068,"play_id":"4ab955a0-d73f-4300-a7ee-91998eb7fb16","local_time":"20190407093607","is_ascension_mode":true,"campfire_choices":[{"data":"Neutralize","floor":6.0,"key":"SMITH"},{"data":"Endless Agony","floor":10.0,"key":"SMITH"},{"data":"Backflip","floor":13.0,"key":"SMITH"},{"data":"Deadly Poison","floor":15.0,"key":"SMITH"},{"data":"Grand Finale","floor":23.0,"key":"SMITH"},{"data":"Leg Sweep","floor":25.0,"key":"SMITH"},{"data":"Acrobatics","floor":29.0,"key":"SMITH"},{"data":"Survivor","floor":32.0,"key":"SMITH"},{"data":"Venomology","floor":41,"key":"SMITH"}],"neow_cost":"NONE","seed_source_timestamp":14965928231376,"circlet_count":0,"master_deck":["AscendersBane","Defend_G","Defend_G","Defend_G","Defend_G","Strike_G","Strike_G","Survivor+1","Neutralize+1","Endless Agony+1","Leg Sweep+1","Backflip+1","Slice","Deadly Poison+1","Grand Finale+1","Acrobatics+1","Venomology+1"],"special_seed":0,"relics":["Ring of the Snake","Happy Flower","Potion Belt","Boot","Runic Dome","Centennial Puzzle","Ginger","Orichalcum","WristBlade","Oddly Smooth Stone"],"potions_floor_usage":[42,42],"damage_taken":[{"damage":2.0,"enemies":"Jaw Worm","floor":1.0,"turns":6.0},{"damage":2.0,"enemies":"Small Slimes","floor":5.0,"turns":4.0},{"damage":2.0,"enemies":"Cultist","floor":8.0,"turns":5.0},{"damage":4.0,"enemies":"3 Louse","floor":11.0,"turns":5.0},{"damage":3.0,"enemies":"Exordium Wildlife","floor":12.0,"turns":3.0},{"damage":31.0,"enemies":"The Guardian","floor":16.0,"turns":12.0},{"damage":13.0,"enemies":"Spheric Guardian","floor":18.0,"turns":4.0},{"damage":0.0,"enemies":"Chosen","floor":22.0,"turns":6.0},{"damage":3.0,"enemies":"Snake Plant","floor":27.0,"turns":5.0},{"damage":0.0,"enemies":"Slavers","floor":30.0,"turns":2.0},{"damage":0.0,"enemies":"3 Cultists","floor":31.0,"turns":2.0},{"damage":0.0,"enemies":"Automaton","floor":33.0,"turns":6.0},{"damage":3.0,"enemies":"Orb Walker","floor":35.0,"turns":2.0},{"damage":0.0,"enemies":"3 Shapes","floor":37.0,"turns":9.0},{"damage":0.0,"enemies":"Writhing Mass","floor":38.0,"turns":1.0},{"damage":17,"enemies":"Reptomancer","floor":40,"turns":5},{"damage":64,"enemies":"Giant Head","floor":42,"turns":7}],"seed_played":"7346887715007347775","potions_obtained":[{"floor":1.0,"key":"SkillPotion"},{"floor":5.0,"key":"PowerPotion"},{"floor":11.0,"key":"PowerPotion"},{"floor":16.0,"key":"Weak Potion"},{"floor":30.0,"key":"SkillPotion"},{"floor":35.0,"key":"SpeedPotion"}],"is_trial":false,"path_per_floor":["M","?","$","?","M","R","T","M","T","R","M","M","R","$","R","B",null,"M","?","T","?","M","R","?","R","T","M","$","R","E","M","R","B",null,"M","?","M","M","?","E","R","E"],"character_chosen":"THE_SILENT","items_purchased":["Deadly Poison","Acrobatics"],"campfire_rested":0,"item_purchase_floors":[14,28],"current_hp_per_floor":[57,57,57,57,55,55,55,53,53,53,49,46,46,46,46,15,53,40,40,40,22,22,22,22,22,22,19,19,19,19,19,19,19,58,55,55,67,67,67,50,50,0],"gold":234,"neow_bonus":"RANDOM_COMMON_RELIC","is_prod":false,"is_daily":false,"chose_seed":false,"campfire_upgraded":9,"win_rate":0,"timestamp":1554600967,"path_taken":["M","?","$","?","M","R","?","?","T","R","M","M","R","$","R","BOSS","M","?","?","?","M","R","?","R","T","?","$","R","E","M","R","BOSS","M","?","M","M","?","E","R","E"],"build_version":"2019-01-23","purchased_purges":2,"victory":false,"max_hp_per_floor":[66,66,66,66,66,66,66,66,66,66,66,66,66,66,66,66,66,66,66,66,71,71,71,71,71,71,71,71,71,71,71,71,71,71,71,67,67,67,67,67,67,67],"card_choices":[{"not_picked":["Blade Dance","Cloak And Dagger"],"picked":"Endless Agony","floor":1.0},{"not_picked":["Dagger Throw","Cloak And Dagger"],"picked":"Leg Sweep","floor":5.0},{"not_picked":["PiercingWail","Dodge and Roll"],"picked":"Backflip","floor":8.0},{"not_picked":["Backflip","Acrobatics"],"picked":"Slice","floor":11.0},{"not_picked":["Outmaneuver","Dodge and Roll","Concentrate"],"picked":"SKIP","floor":12.0},{"not_picked":["Storm of Steel","A Thousand Cuts"],"picked":"Grand Finale","floor":16.0},{"not_picked":["Skewer","All Out Attack","Slice"],"picked":"SKIP","floor":18.0},{"not_picked":["Blade Dance","Deflect","All Out Attack"],"picked":"SKIP","floor":22.0},{"not_picked":["Backflip","Leg Sweep","Terror"],"picked":"SKIP","floor":27.0},{"not_picked":["Dagger Throw","Flying Knee+1","Slice"],"picked":"SKIP","floor":30.0},{"not_picked":["PiercingWail+1","Dodge and Roll","Backflip"],"picked":"SKIP","floor":31.0},{"not_picked":["A Thousand Cuts","Glass Knife"],"picked":"Venomology","floor":33.0},{"not_picked":["Finisher","Underhanded Strike+1","Deflect"],"picked":"SKIP","floor":35.0},{"not_picked":["Deflect","Escape Plan","Skewer"],"picked":"SKIP","floor":37.0},{"not_picked":["Deflect+1","Setup","Poisoned Stab"],"picked":"SKIP","floor":40}],"player_experience":4114550,"relics_obtained":[{"floor":7.0,"key":"Potion Belt"},{"floor":9.0,"key":"Boot"},{"floor":20.0,"key":"Centennial Puzzle"},{"floor":26.0,"key":"Ginger"},{"floor":30.0,"key":"Orichalcum"},{"floor":40,"key":"Oddly Smooth Stone"}],"event_choices":[{"damage_healed":0.0,"max_hp_gain":0.0,"max_hp_loss":0.0,"gold_gain":0.0,"event_name":"Scrap Ooze","player_choice":"Fled","floor":2.0,"gold_loss":0.0,"damage_taken":0.0},{"damage_healed":0.0,"max_hp_gain":0.0,"max_hp_loss":0.0,"gold_gain":0.0,"event_name":"Liars Game","player_choice":"Ignored","floor":4.0,"gold_loss":0.0,"damage_taken":0.0},{"damage_healed":0.0,"max_hp_gain":0.0,"max_hp_loss":0.0,"gold_gain":0.0,"event_name":"Vampires","player_choice":"Ignored","floor":19.0,"gold_loss":0.0,"damage_taken":0.0},{"damage_healed":0.0,"max_hp_gain":5.0,"max_hp_loss":0.0,"gold_gain":0.0,"event_name":"Forgotten Altar","player_choice":"Shed Blood","floor":21.0,"gold_loss":0.0,"damage_taken":23.0},{"cards_removed":["Strike_G"],"damage_healed":0.0,"max_hp_gain":0.0,"max_hp_loss":0.0,"gold_gain":0.0,"event_name":"Beggar","player_choice":"Gave Gold","floor":24.0,"gold_loss":75.0,"damage_taken":0.0},{"damage_healed":0.0,"max_hp_gain":0.0,"max_hp_loss":4.0,"gold_gain":0.0,"event_name":"Winding Halls","player_choice":"Max HP","floor":36.0,"gold_loss":0.0,"damage_taken":0.0},{"cards_removed":["Defend_G"],"damage_healed":0.0,"max_hp_gain":0.0,"max_hp_loss":0.0,"gold_gain":0.0,"event_name":"Falling","player_choice":"Removed Skill","floor":39.0,"gold_loss":0.0,"damage_taken":0.0}],"is_beta":false,"boss_relics":[{"not_picked":["White Beast Statue","Snecko Eye"],"picked":"Runic Dome"},{"not_picked":["Velvet Choker","Cursed Key"],"picked":"WristBlade"}],"items_purged_floors":[3,14],"is_endless":false,"potions_floor_spawned":[1,5,11,16,30,31,35,38],"killed_by":"Giant Head","ascension_level":20}