{"gold_per_floor":[112,126,33,43,43,43,61,61,109,129,129,153,178,192,192,289,289,278,297,212,137,157,173,173,173,173,184,184,184,196,210,210,308,308,322,322,333,333,333,333,180,180,180,180,55,55,69,88,88,88],"floor_reached":51,"playtime":2376,"items_purged":["Strike_G","Strike_G+1","Strike_G+1"],"score":749,"play_id":"a8844c85-e2e5-4171-89f0-64d262ab3797","local_time":"20190724191437","is_ascension_mode":false,"campfire_choices":[{"data":"Expertise","floor":6.0,"key":"SMITH"},{"data":"Neutralize","floor":8.0,"key":"SMITH"},{"data":"Flash of Steel","floor":11.0,"key":"SMITH"},{"data":"Finisher","floor":15.0,"key":"SMITH"},{"data":"Tactician","floor":25.0,"key":"SMITH"},{"data":"Survivor","floor":29.0,"key":"SMITH"},{"data":"Well Laid Plans","floor":32.0,"key":"SMITH"},{"floor":40.0,"key":"REST"},{"data":"Acrobatics","floor":42.0,"key":"SMITH"},{"data":"Grand Finale","floor":44.0,"key":"SMITH"},{"floor":49,"key":"RECALL"}],"neow_cost":"PERCENT_DAMAGE","seed_source_timestamp":1443264538345,"circlet_count":0,"master_deck":["Strike_G+1","Defend_G+1","Defend_G+1","Defend_G+1","Survivor+1","Neutralize+1","Dagger Throw+1","Flash of Steel+1","Expertise+1","Heel Hook+1","Escape Plan+1","Finisher+1","Endless Agony+1","Tactician+1","After Image+1","Noxious Fumes+1","Well Laid Plans+1","After Image+1","Acrobatics+1","Grand Finale+1","Acrobatics+1"],"special_seed":0,"relics":["Ring of the Snake","Dream Catcher","Odd Mushroom","PreservedInsect","Cursed Key","Bag of Preparation","Philosopher\u0027s Stone","Mark of the Bloom"],"potions_floor_usage":[50,50],"damage_taken":[{"damage":0.0,"enemies":"Cultist","floor":1.0,"turns":5.0},{"damage":0.0,"enemies":"Small Slimes","floor":2.0,"turns":3.0},{"damage":0.0,"enemies":"2 Louse","floor":4.0,"turns":2.0},{"damage":0.0,"enemies":"Blue Slaver","floor":7.0,"turns":5.0},{"damage":6.0,"enemies":"Exordium Thugs","floor":10.0,"turns":5.0},{"damage":5.0,"enemies":"The Mushroom Lair","floor":12.0,"turns":5.0},{"damage":5.0,"enemies":"Lagavulin","floor":13.0,"turns":5.0},{"damage":0.0,"enemies":"Large Slime","floor":14.0,"turns":3.0},{"damage":34.0,"enemies":"The Guardian","floor":16.0,"turns":8.0},{"damage":0.0,"enemies":"2 Thieves","floor":18.0,"turns":4.0},{"damage":0.0,"enemies":"Shell Parasite","floor":19.0,"turns":5.0},{"damage":0.0,"enemies":"Shelled Parasite and Fungi","floor":22.0,"turns":2.0},{"damage":0.0,"enemies":"Cultist and Chosen","floor":23.0,"turns":5.0},{"damage":0.0,"enemies":"Centurion and Healer","floor":27.0,"turns":4.0},{"damage":0.0,"enemies":"Chosen and Byrds","floor":30.0,"turns":4.0},{"damage":1.0,"enemies":"Snake Plant","floor":31.0,"turns":5.0},{"damage":1.0,"enemies":"Champ","floor":33.0,"turns":10.0},{"damage":0.0,"enemies":"3 Shapes","floor":35.0,"turns":5.0},{"damage":0.0,"enemies":"Orb Walker","floor":37.0,"turns":2.0},{"damage":0,"enemies":"Sphere and 2 Shapes","floor":47,"turns":1},{"damage":0,"enemies":"4 Shapes","floor":48,"turns":1},{"damage":0,"enemies":"Awakened One","floor":50,"turns":4}],"seed_played":"-2784196828920360776","potions_obtained":[{"floor":2.0,"key":"Energy Potion"},{"floor":4.0,"key":"LiquidBronze"},{"floor":10.0,"key":"Block Potion"},{"floor":12.0,"key":"GamblersBrew"},{"floor":16.0,"key":"Block Potion"},{"floor":18.0,"key":"Fire Potion"},{"floor":19.0,"key":"Poison Potion"},{"floor":23.0,"key":"PowerPotion"},{"floor":37.0,"key":"SkillPotion"},{"floor":47,"key":"GhostInAJar"}],"is_trial":false,"path_per_floor":["M","M","$","M","?","R","M","R","T","M","R","?","E","M","R","B",null,"M","M","?","$","M","M","?","R","T","M","?","R","M","M","R","B",null,"M","?","M","T","?","R","$","R","T","R","$","?","M","M","R","B",null],"character_chosen":"THE_SILENT","items_purchased":["Flash of Steel","Acrobatics"],"campfire_rested":1,"item_purchase_floors":[3,41],"current_hp_per_floor":[49,49,49,49,54,54,54,54,54,48,48,43,38,38,38,4,75,75,75,75,75,75,75,75,75,75,75,75,75,75,74,74,73,75,75,75,75,75,75,75,75,75,75,75,75,75,75,75,75,75],"gold":88,"neow_bonus":"REMOVE_TWO","is_prod":false,"is_daily":false,"chose_seed":false,"campfire_upgraded":9,"win_rate":0,"timestamp":1563966877,"path_taken":["M","M","?","M","?","R","M","R","T","M","R","?","E","M","R","BOSS","M","M","?","?","M","M","?","R","T","?","?","R","?","M","R","BOSS","M","?","M","?","?","R","?","R","T","R","$","?","?","M","R","BOSS"],"build_version":"2019-07-17","purchased_purges":3,"victory":true,"max_hp_per_floor":[70,70,70,70,75,75,75,75,75,75,75,75,75,75,75,75,75,75,75,75,75,75,75,75,75,75,75,75,75,75,75,75,75,75,75,75,75,75,75,75,75,75,75,75,75,75,75,75,75,75],"card_choices":[{"not_picked":["Distraction","Poisoned Stab"],"picked":"Dagger Throw","floor":1.0},{"not_picked":["Dodge and Roll","Dagger Throw","Deflect"],"picked":"SKIP","floor":2.0},{"not_picked":["Concentrate","Poisoned Stab"],"picked":"Expertise","floor":4.0},{"not_picked":["Slice","Dodge and Roll","Heel Hook"],"picked":"SKIP","floor":7.0},{"not_picked":["Slice","Dodge and Roll"],"picked":"Heel Hook","floor":7.0},{"not_picked":["Acrobatics","Blur"],"picked":"Escape Plan","floor":10.0},{"not_picked":["Bane","Eviscerate"],"picked":"Finisher","floor":12.0},{"not_picked":["Deflect","Cloak And Dagger"],"picked":"Endless Agony","floor":13.0},{"not_picked":["PiercingWail","Predator"],"picked":"Tactician","floor":14.0},{"not_picked":["Corpse Explosion","Doppelganger"],"picked":"After Image","floor":16.0},{"not_picked":["Blade Dance","Underhanded Strike","Flying Knee"],"picked":"SKIP","floor":18.0},{"not_picked":["Masterful Stab","Poisoned Stab","Sucker Punch"],"picked":"SKIP","floor":19.0},{"not_picked":["Dodge and Roll","Bane","Deflect"],"picked":"SKIP","floor":22.0},{"not_picked":["Riddle With Holes+1","Blade Dance","Backstab"],"picked":"SKIP","floor":23.0},{"not_picked":["Slice+1","Catalyst","Blur"],"picked":"SKIP","floor":27.0},{"not_picked":["Deflect","Slice"],"picked":"Noxious Fumes","floor":30.0},{"not_picked":["Slice","Underhanded Strike"],"picked":"Well Laid Plans","floor":31.0},{"not_picked":["Doppelganger","Night Terror"],"picked":"After Image","floor":33.0},{"not_picked":["Dodge and Roll+1","Quick Slash+1"],"picked":"Acrobatics+1","floor":35.0},{"not_picked":["Setup+1","Poisoned Stab","Eviscerate"],"picked":"SKIP","floor":37.0},{"not_picked":["Masterful Stab+1","Bane"],"picked":"Grand Finale","floor":40.0},{"not_picked":["Dodge and Roll+1","Sucker Punch+1","Dagger Spray"],"picked":"SKIP","floor":47},{"not_picked":["Slice+1","Dodge and Roll+1","Heel Hook+1"],"picked":"SKIP","floor":48}],"player_experience":5848992,"relics_obtained":[{"floor":9.0,"key":"Dream Catcher"},{"floor":12.0,"key":"Odd Mushroom"},{"floor":13.0,"key":"PreservedInsect"}],"event_choices":[{"damage_healed":0.0,"max_hp_gain":5.0,"max_hp_loss":0.0,"gold_gain":0.0,"event_name":"Big Fish","player_choice":"Donut","floor":5.0,"gold_loss":0.0,"damage_taken":0.0},{"damage_healed":0.0,"max_hp_gain":0.0,"max_hp_loss":0.0,"gold_gain":0.0,"event_name":"Mushrooms","player_choice":"Fought Mushrooms","floor":12.0,"gold_loss":0.0,"damage_taken":0.0},{"damage_healed":0.0,"max_hp_gain":0.0,"max_hp_loss":0.0,"gold_gain":0.0,"event_name":"Addict","player_choice":"Obtained Relic","floor":20.0,"gold_loss":85.0,"damage_taken":0.0,"relics_obtained":["Bag of Preparation"]},{"damage_healed":0.0,"max_hp_gain":0.0,"max_hp_loss":0.0,"gold_gain":0.0,"event_name":"Vampires","player_choice":"Ignored","floor":24.0,"gold_loss":0.0,"damage_taken":0.0},{"damage_healed":0.0,"max_hp_gain":0.0,"max_hp_loss":0.0,"gold_gain":0.0,"event_name":"The Woman in Blue","player_choice":"Bought 0 Potions","floor":28.0,"gold_loss":0.0,"damage_taken":0.0},{"cards_removed":["Defend_G"],"damage_healed":0.0,"max_hp_gain":0.0,"max_hp_loss":0.0,"gold_gain":0.0,"event_name":"Falling","player_choice":"Removed Skill","floor":36.0,"gold_loss":0.0,"damage_taken":0.0},{"damage_healed":0.0,"max_hp_gain":0.0,"max_hp_loss":0.0,"gold_gain":0.0,"event_name":"MindBloom","player_choice":"Upgrade","floor":39.0,"gold_loss":0.0,"damage_taken":0.0,"cards_upgraded":["Strike_G","Strike_G","Strike_G","Defend_G","Defend_G","Defend_G","Dagger Throw","Heel Hook","Escape Plan","Endless Agony","After Image","Noxious Fumes","After Image"],"relics_obtained":["Mark of the Bloom"]},{"damage_healed":0.0,"max_hp_gain":0.0,"max_hp_loss":0.0,"gold_gain":0.0,"event_name":"SensoryStone","player_choice":"Memory 1","floor":46.0,"gold_loss":0.0,"damage_taken":0.0}],"is_beta":false,"boss_relics":[{"not_picked":["Eternal Feather","Sozu"],"picked":"Cursed Key"},{"not_picked":["Ring of the Serpent","WristBlade"],"picked":"Philosopher\u0027s Stone"}],"items_purged_floors":[21,41,45],"is_endless":false,"potions_floor_spawned":[2,4,10,12,16,18,19,23,27,37,47,48],"ascension_level":0}