{"gold_per_floor":[114,114,128,128,53,53,87,87,87,101,16,16,44,62,62,62],"floor_reached":16,"playtime":247,"items_purged":[],"score":266,"play_id":"2b0f6915-69eb-4d9b-bddd-95dca2ac548a","local_time":"20190301222730","is_ascension_mode":true,"campfire_choices":[{"data":"Zap","floor":6.0,"key":"SMITH"},{"data":"Doom and Gloom","floor":8.0,"key":"SMITH"},{"data":"Consume","floor":15,"key":"SMITH"}],"neow_cost":"NONE","seed_source_timestamp":111400160329134,"circlet_count":0,"master_deck":["AscendersBane","Strike_B","Strike_B","Defend_B","Defend_B","Defend_B","Defend_B","Zap+1","Dualcast","Turbo","Compile Driver","Doom and Gloom+1","Core Surge","Leap","Steam","Consume+1","Reinforced Body","Turbo"],"special_seed":0,"relics":["Cracked Core","NeowsBlessing","Blue Candle","Pear"],"potions_floor_usage":[13],"damage_taken":[{"damage":0.0,"enemies":"2 Louse","floor":1.0,"turns":1.0},{"damage":0.0,"enemies":"Cultist","floor":3.0,"turns":1.0},{"damage":0.0,"enemies":"Lagavulin","floor":7.0,"turns":1.0},{"damage":4.0,"enemies":"Small Slimes","floor":10.0,"turns":3.0},{"damage":35,"enemies":"Gremlin Nob","floor":13,"turns":4},{"damage":2,"enemies":"Gremlin Gang","floor":14,"turns":3},{"damage":45,"enemies":"The Guardian","floor":16,"turns":8}],"seed_played":"-2470869233502146789","potions_obtained":[{"floor":1.0,"key":"AttackPotion"},{"floor":14,"key":"Ancient Potion"}],"is_trial":false,"path_per_floor":["M","?","M","?","?","R","E","R","T","M","$","?","E","M","R","B"],"character_chosen":"DEFECT","items_purchased":["Consume"],"campfire_rested":0,"item_purchase_floors":[11],"current_hp_per_floor":[64,64,64,69,69,69,69,69,69,65,65,65,40,38,38,0],"gold":62,"neow_bonus":"THREE_ENEMY_KILL","is_prod":false,"is_daily":false,"chose_seed":false,"campfire_upgraded":3,"win_rate":0,"timestamp":1551450450,"path_taken":["M","?","?","?","?","R","E","R","T","M","$","?","E","M","R","BOSS"],"build_version":"2019-01-23","purchased_purges":0,"victory":false,"max_hp_per_floor":[71,71,71,76,76,76,76,76,76,76,76,76,86,86,86,86],"card_choices":[{"not_picked":["FTL","Sweeping Beam"],"picked":"Turbo","floor":1.0},{"not_picked":["Streamline","Redo"],"picked":"Leap","floor":3.0},{"not_picked":["Compile Driver","FTL"],"picked":"Steam","floor":7.0},{"not_picked":["Compile Driver","Reprogram","Beam Cell"],"picked":"SKIP","floor":10.0},{"not_picked":["Leap","White Noise"],"picked":"Reinforced Body","floor":13},{"not_picked":["Steam","Sunder"],"picked":"Turbo","floor":14}],"player_experience":1061486,"relics_obtained":[{"floor":7.0,"key":"Blue Candle"},{"floor":13,"key":"Pear"}],"event_choices":[{"damage_healed":0.0,"max_hp_gain":0.0,"max_hp_loss":0.0,"gold_gain":0.0,"event_name":"Match and Keep!","player_choice":"3 cards matched","floor":2.0,"gold_loss":0.0,"damage_taken":0.0,"cards_obtained":["Compile Driver","Doom and Gloom","Core Surge"]},{"damage_healed":0.0,"max_hp_gain":5.0,"max_hp_loss":0.0,"gold_gain":0.0,"event_name":"Big Fish","player_choice":"Donut","floor":4.0,"gold_loss":0.0,"damage_taken":0.0},{"cards_removed":["Strike_B"],"damage_healed":0.0,"max_hp_gain":0.0,"max_hp_loss":0.0,"gold_gain":0.0,"event_name":"The Cleric","player_choice":"Card Removal","floor":5.0,"gold_loss":75.0,"damage_taken":0.0},{"cards_removed":["Strike_B"],"damage_healed":0.0,"max_hp_gain":0.0,"max_hp_loss":0.0,"gold_gain":0.0,"event_name":"Purifier","player_choice":"Purged","floor":12.0,"gold_loss":0.0,"damage_taken":0.0}],"is_beta":false,"boss_relics":[],"items_purged_floors":[],"is_endless":false,"potions_floor_spawned":[1,14],"killed_by":"The Guardian","ascension_level":20}