{"gold_per_floor":[116,116,116,116,37,67,67,94,94,105,122,36,50,50,50,127,127,139,64,82,99,24,24,40,40,40,40,58,58,58,68,68,68],"floor_reached":33,"playtime":934,"items_purged":["Strike_G"],"score":660,"play_id":"585afdc0-3c91-4471-94f4-52be171aefe9","local_time":"20190705204913","is_ascension_mode":true,"campfire_choices":[{"data":"Noxious Fumes","floor":7.0,"key":"SMITH"},{"data":"Prepared","floor":15.0,"key":"SMITH"},{"data":"Tactician","floor":23.0,"key":"SMITH"},{"data":"Acrobatics","floor":29.0,"key":"SMITH"},{"data":"Acrobatics","floor":32.0,"key":"SMITH"}],"neow_cost":"NONE","seed_source_timestamp":609722986319500,"circlet_count":0,"master_deck":["AscendersBane","Strike_G","Defend_G","Defend_G+1","Defend_G","Defend_G","Defend_G","Survivor","Neutralize+1","Noxious Fumes+1","Well Laid Plans","Tactician+1","Acrobatics+1","Prepared+1","Corpse Explosion","Acrobatics+1","Dodge and Roll","Well Laid Plans"],"special_seed":0,"relics":["Ring of the Snake","NeowsBlessing","Bag of Marbles","Pen Nib","Matryoshka","Coffee Dripper","Gremlin Horn","Letter Opener"],"potions_floor_usage":[33],"damage_taken":[{"damage":0.0,"enemies":"Small Slimes","floor":1.0,"turns":1.0},{"damage":0.0,"enemies":"3 Sentries","floor":6.0,"turns":1.0},{"damage":0.0,"enemies":"Lagavulin","floor":8.0,"turns":1.0},{"damage":1.0,"enemies":"Jaw Worm","floor":10.0,"turns":4.0},{"damage":0.0,"enemies":"Cultist","floor":11.0,"turns":4.0},{"damage":0.0,"enemies":"2 Fungi Beasts","floor":13.0,"turns":4.0},{"damage":24.0,"enemies":"The Guardian","floor":16.0,"turns":10.0},{"damage":9.0,"enemies":"Spheric Guardian","floor":18.0,"turns":6.0},{"damage":22.0,"enemies":"2 Thieves","floor":20.0,"turns":4.0},{"damage":7.0,"enemies":"Snake Plant","floor":21.0,"turns":6.0},{"damage":3.0,"enemies":"Centurion and Healer","floor":24.0,"turns":4.0},{"damage":14.0,"enemies":"Snecko","floor":28.0,"turns":7.0},{"damage":12.0,"enemies":"Chosen and Byrds","floor":31.0,"turns":7.0},{"damage":3,"enemies":"Automaton","floor":33,"turns":2}],"seed_played":"8152057896696313894","potions_obtained":[{"floor":10.0,"key":"PowerPotion"},{"floor":11.0,"key":"SkillPotion"},{"floor":13.0,"key":"Block Potion"},{"floor":21.0,"key":"Regen Potion"},{"floor":28.0,"key":"Dexterity Potion"}],"is_trial":false,"path_per_floor":["M","?","?","?","$","E","R","E","T","M","M","$","M","$","R","B",null,"M","?","M","M","$","R","M","?","T","?","M","R","?","M","R","B"],"character_chosen":"THE_SILENT","items_purchased":["Well Laid Plans","Acrobatics","Prepared"],"campfire_rested":0,"item_purchase_floors":[5,12,12],"current_hp_per_floor":[59,64,57,36,36,36,36,36,36,35,35,35,35,35,35,11,56,47,47,25,18,18,18,29,29,29,29,15,15,15,3,3,0],"gold":68,"neow_bonus":"THREE_ENEMY_KILL","is_prod":false,"is_daily":false,"chose_seed":false,"campfire_upgraded":5,"win_rate":0,"timestamp":1562330953,"path_taken":["M","?","?","?","?","E","R","E","T","M","M","$","M","$","R","BOSS","M","?","M","?","$","R","M","?","T","?","M","R","?","M","R","BOSS"],"build_version":"2019-07-01","purchased_purges":1,"victory":false,"max_hp_per_floor":[66,71,71,71,71,71,71,71,71,71,71,71,71,71,71,71,71,71,71,71,71,71,71,71,71,71,71,71,71,71,71,71,71],"card_choices":[{"not_picked":["Bane","Outmaneuver"],"picked":"Noxious Fumes","floor":1.0},{"not_picked":["Flechettes","Poisoned Stab","Blade Dance"],"picked":"SKIP","floor":6.0},{"not_picked":["Flechettes","Poisoned Stab","Blade Dance"],"picked":"SKIP","floor":6.0},{"not_picked":["Leg Sweep","Expertise"],"picked":"Tactician","floor":8.0},{"not_picked":["Accuracy","Poisoned Stab","Dagger Throw"],"picked":"SKIP","floor":10.0},{"not_picked":["Quick Slash","Cloak And Dagger","Heel Hook"],"picked":"SKIP","floor":11.0},{"not_picked":["Infinite Blades","Poisoned Stab"],"picked":"Corpse Explosion","floor":13.0},{"not_picked":["Deflect+1","Finisher","Flying Knee"],"picked":"SKIP","floor":18.0},{"not_picked":["Prepared","Flying Knee","Dagger Spray"],"picked":"SKIP","floor":20.0},{"not_picked":["Riddle With Holes","Flechettes","Slice"],"picked":"SKIP","floor":21.0},{"not_picked":["Bane","Crippling Poison","Quick Slash"],"picked":"SKIP","floor":24.0},{"not_picked":["Flying Knee","Leg Sweep","Sucker Punch+1"],"picked":"SKIP","floor":28.0},{"not_picked":["Cloak And Dagger","Poisoned Stab","Skewer+1"],"picked":"SKIP","floor":31.0}],"player_experience":642048,"relics_obtained":[{"floor":6.0,"key":"Bag of Marbles"},{"floor":8.0,"key":"Pen Nib"},{"floor":9.0,"key":"Matryoshka"},{"floor":26.0,"key":"Gremlin Horn"},{"floor":26.0,"key":"Letter Opener"}],"event_choices":[{"damage_healed":0.0,"max_hp_gain":5.0,"max_hp_loss":0.0,"gold_gain":0.0,"event_name":"Big Fish","player_choice":"Donut","floor":2.0,"gold_loss":0.0,"damage_taken":0.0},{"cards_removed":["Strike_G"],"damage_healed":0.0,"max_hp_gain":0.0,"max_hp_loss":0.0,"gold_gain":0.0,"event_name":"Golden Wing","player_choice":"Card Removal","floor":3.0,"gold_loss":0.0,"damage_taken":7.0},{"damage_healed":0.0,"max_hp_gain":0.0,"max_hp_loss":0.0,"gold_gain":0.0,"event_name":"Shining Light","player_choice":"Entered Light","floor":4.0,"gold_loss":0.0,"damage_taken":21.0,"cards_upgraded":["Defend_G","Neutralize"]},{"damage_healed":0.0,"max_hp_gain":0.0,"max_hp_loss":0.0,"gold_gain":0.0,"cards_transformed":["Strike_G","Strike_G"],"event_name":"Designer","player_choice":"Transformed Cards","floor":19.0,"gold_loss":75.0,"damage_taken":0.0,"cards_obtained":["Acrobatics","Dodge and Roll"]},{"damage_healed":0.0,"max_hp_gain":0.0,"max_hp_loss":0.0,"gold_gain":0.0,"event_name":"Cursed Tome","player_choice":"Ignored","floor":25.0,"gold_loss":0.0,"damage_taken":0.0},{"damage_healed":0.0,"max_hp_gain":0.0,"max_hp_loss":0.0,"gold_gain":0.0,"event_name":"The Library","player_choice":"Read","floor":27.0,"gold_loss":0.0,"damage_taken":0.0,"cards_obtained":["Well Laid Plans"]},{"damage_healed":0.0,"max_hp_gain":0.0,"max_hp_loss":0.0,"gold_gain":0.0,"event_name":"Vampires","player_choice":"Ignored","floor":30.0,"gold_loss":0.0,"damage_taken":0.0}],"is_beta":false,"boss_relics":[{"not_picked":["Philosopher\u0027s Stone","Tiny House"],"picked":"Coffee Dripper"}],"items_purged_floors":[22],"is_endless":false,"potions_floor_spawned":[10,11,13,18,21,28],"killed_by":"Automaton","ascension_level":20}