{"gold_per_floor":[215,215,287,303,0,0,16,16,41,41,79,103,103,31,31,156,156,156,81,104,19,19,54,54,54,101,101,166,95,95,433,433,552,552,570,570,470,494,509,509,509,384,409,409,447,508,508,544,544,544],"floor_reached":51,"playtime":1718,"items_purged":["Strike_G","Strike_G","Defend_G"],"score":951,"play_id":"67fbfdf1-b799-4837-989b-4b2fee79cc1f","local_time":"20181018124835","is_ascension_mode":false,"campfire_choices":[{"data":"Predator","floor":6.0,"key":"SMITH"},{"data":"Neutralize","floor":8.0,"key":"SMITH"},{"data":"Survivor","floor":10.0,"key":"SMITH"},{"data":"Well Laid Plans","floor":13.0,"key":"SMITH"},{"data":"Noxious Fumes","floor":15.0,"key":"SMITH"},{"data":"Deadly Poison","floor":25.0,"key":"SMITH"},{"data":"Corpse Explosion","floor":27.0,"key":"SMITH"},{"data":"Footwork","floor":30.0,"key":"SMITH"},{"data":"Defend_G","floor":32.0,"key":"SMITH"},{"data":"Malaise","floor":40,"key":"SMITH"},{"data":"Footwork","floor":47,"key":"SMITH"},{"data":"Defend_G","floor":49,"key":"SMITH"}],"neow_cost":"NONE","seed_source_timestamp":13707615142213,"circlet_count":0,"master_deck":["Defend_G+1","Defend_G","Defend_G","Defend_G+1","Strike_G","Strike_G","Survivor+1","Neutralize+1","Predator+1","Deadly Poison+1","Well Laid Plans+1","Noxious Fumes+1","Corpse Explosion+1","Footwork+1","Blur+1","Footwork+1","Malaise+1","Footwork+1","Deadly Poison+1","Deadly Poison+1","Dodge and Roll+1"],"special_seed":0,"relics":["Ring of the Snake","Golden Idol","WingedGreaves","PreservedInsect","Snake Skull","Black Star","FossilizedHelix","Bottled Flame","Dodecahedron","Bag of Marbles","Tiny Chest","Regal Pillow","Prayer Wheel","Old Coin","Velvet Choker","Lantern","Gambling Chip","Orichalcum","Pocketwatch","Tough Bandages","Dead Branch","Singing Bowl","Molten Egg 2"],"potions_floor_usage":[50],"damage_taken":[{"damage":0.0,"enemies":"2 Louse","floor":1.0,"turns":4.0},{"damage":0.0,"enemies":"Jaw Worm","floor":4.0,"turns":4.0},{"damage":1.0,"enemies":"Cultist","floor":7.0,"turns":3.0},{"damage":10.0,"enemies":"Gremlin Nob","floor":11.0,"turns":3.0},{"damage":0.0,"enemies":"Large Slime","floor":12.0,"turns":4.0},{"damage":9.0,"enemies":"The Guardian","floor":16.0,"turns":8.0},{"damage":0.0,"enemies":"2 Thieves","floor":18.0,"turns":1.0},{"damage":10.0,"enemies":"3 Byrds","floor":20.0,"turns":4.0},{"damage":20.0,"enemies":"Slavers","floor":23.0,"turns":2.0},{"damage":0.0,"enemies":"Gremlin Leader","floor":28.0,"turns":6.0},{"damage":0.0,"enemies":"Slavers","floor":31.0,"turns":4.0},{"damage":6.0,"enemies":"Automaton","floor":33.0,"turns":13.0},{"damage":0,"enemies":"3 Shapes","floor":35,"turns":3},{"damage":0,"enemies":"Orb Walker","floor":39,"turns":4},{"damage":0,"enemies":"2 Orb Walkers","floor":45,"turns":2},{"damage":0,"enemies":"Mysterious Sphere","floor":46,"turns":4},{"damage":0,"enemies":"Nemesis","floor":48,"turns":7},{"damage":0,"enemies":"Awakened One","floor":50,"turns":14}],"seed_played":"7350099192004744088","potions_obtained":[{"floor":1.0,"key":"PowerPotion"},{"floor":7.0,"key":"SmokeBomb"},{"floor":12.0,"key":"Weak Potion"},{"floor":20.0,"key":"EssenceOfSteel"},{"floor":31.0,"key":"SmokeBomb"},{"floor":48,"key":"Regen Potion"}],"is_trial":false,"path_per_floor":["M","?","?","M","$","R","M","R","T","R","E","M","R","$","R","B",null,"M","$","M","?","?","E","$","R","T","R","E","$","R","E","R","B",null,"M","?","$","T","M","R","T","$","T","?","E","?","R","E","R","B"],"character_chosen":"THE_SILENT","items_purchased":["WingedGreaves","Noxious Fumes","Footwork"],"campfire_rested":0,"item_purchase_floors":[5,14,29],"current_hp_per_floor":[70,53,53,53,53,53,52,52,52,52,42,42,42,42,42,33,70,70,70,60,60,60,40,40,40,40,40,40,40,40,40,40,34,70,70,70,70,70,70,70,70,70,70,70,70,70,70,72,72,72],"gold":544,"neow_bonus":"HUNDRED_GOLD","is_prod":false,"is_daily":false,"chose_seed":false,"campfire_upgraded":12,"win_rate":0,"timestamp":1539838115,"path_taken":["M","?","?","M","$","R","?","R","T","R","E","M","R","$","R","BOSS","M","$","M","?","?","E","$","R","T","R","E","?","R","E","R","BOSS","M","?","$","?","?","R","?","$","T","?","E","?","R","E","R","BOSS"],"build_version":"2018-10-11","purchased_purges":3,"victory":true,"max_hp_per_floor":[70,70,70,70,70,70,70,70,70,70,70,70,70,70,70,70,70,70,70,70,70,70,70,70,70,70,70,70,70,70,70,70,70,70,70,70,70,70,70,70,70,70,70,70,70,70,70,72,72,72],"card_choices":[{"not_picked":["Tactician","Sucker Punch"],"picked":"Predator","floor":1.0},{"not_picked":["Cloak And Dagger","Quick Slash","Tactician"],"picked":"SKIP","floor":4.0},{"not_picked":["Blade Dance","Acrobatics","Prepared"],"picked":"SKIP","floor":7.0},{"not_picked":["Acrobatics","Flying Knee"],"picked":"Deadly Poison","floor":11.0},{"not_picked":["Cloak And Dagger","Heel Hook"],"picked":"Well Laid Plans","floor":12.0},{"not_picked":["Unload","Burst"],"picked":"Corpse Explosion","floor":16.0},{"not_picked":["Prepared","Endless Agony+1"],"picked":"Footwork","floor":20.0},{"not_picked":["Flying Knee","Acrobatics","Tactician+1"],"picked":"SKIP","floor":23.0},{"not_picked":["Endless Agony","Cloak And Dagger"],"picked":"Blur+1","floor":28.0},{"not_picked":["Infinite Blades+1","Blade Dance","Endless Agony"],"picked":"SKIP","floor":31.0},{"not_picked":["Corpse Explosion","Storm of Steel"],"picked":"Malaise","floor":33.0},{"not_picked":["Slice+1","Skewer"],"picked":"Footwork","floor":35},{"not_picked":["Sucker Punch","Backstab","Bane"],"picked":"SKIP","floor":35},{"not_picked":["Quick Slash","Accuracy"],"picked":"Deadly Poison+1","floor":39},{"not_picked":["Dagger Spray","Quick Slash+1"],"picked":"Deadly Poison+1","floor":39},{"not_picked":["Bane","Choke","Storm of Steel"],"picked":"SKIP","floor":45},{"not_picked":["Heel Hook","Tactician+1"],"picked":"Dodge and Roll+1","floor":46},{"not_picked":["Expertise","Terror","Cloak And Dagger+1"],"picked":"Singing Bowl","floor":48}],"player_experience":323992,"relics_obtained":[{"floor":9.0,"key":"PreservedInsect"},{"floor":11.0,"key":"Snake Skull"},{"floor":23.0,"key":"Bottled Flame"},{"floor":23.0,"key":"Dodecahedron"},{"floor":26.0,"key":"Bag of Marbles"},{"floor":28.0,"key":"Tiny Chest"},{"floor":28.0,"key":"Regal Pillow"},{"floor":31.0,"key":"Prayer Wheel"},{"floor":31.0,"key":"Old Coin"},{"floor":38,"key":"Lantern"},{"floor":41,"key":"Gambling Chip"},{"floor":43,"key":"Orichalcum"},{"floor":45,"key":"Pocketwatch"},{"floor":45,"key":"Tough Bandages"},{"floor":46,"key":"Dead Branch"},{"floor":48,"key":"Singing Bowl"},{"floor":48,"key":"Molten Egg 2"}],"event_choices":[{"event_name":"Golden Idol","player_choice":"Take Damage","floor":2.0,"damage_taken":0.0},{"event_name":"Golden Wing","player_choice":"Gained Gold","floor":3.0,"damage_taken":0.0},{"event_name":"Addict","player_choice":"Obtained Relic","floor":21.0,"damage_taken":0.0},{"event_name":"Upgrade Shrine","player_choice":"Upgraded","floor":22.0,"damage_taken":0.0},{"event_name":"Purifier","player_choice":"One Purge","floor":36,"damage_taken":0},{"event_name":"SensoryStone","player_choice":"Memory 1","floor":44,"damage_taken":0},{"event_name":"Mysterious Sphere","player_choice":"Fight","floor":46,"damage_taken":0}],"is_beta":false,"boss_relics":[{"not_picked":["Empty Cage","Fusion Hammer"],"picked":"Black Star"},{"not_picked":["White Beast Statue","Sozu"],"picked":"Velvet Choker"}],"items_purged_floors":[19,37,42],"is_endless":false,"potions_floor_spawned":[1,7,12,20,31,48],"ascension_level":0}