{"gold_per_floor":[119,119,129,54,72,72,92,42,93,168,168,168,202,202,202,325,325,349,274,21,45,66,66,84,84,109,208,221,239,239,45,45,175,175,196,196,196,210,223,223,244,204,204,204,153,174,190,214,214,214],"floor_reached":51,"playtime":1093,"items_purged":["Defend_R","Defend_R"],"score":724,"play_id":"ed61e557-d00a-4988-8cf5-7e8b625db1a4","local_time":"20181014110432","is_ascension_mode":false,"campfire_choices":[{"data":"Perfected Strike","floor":6.0,"key":"SMITH"},{"data":"Perfected Strike","floor":11.0,"key":"SMITH"},{"data":"Clash","floor":15.0,"key":"SMITH"},{"data":"Bash","floor":23.0,"key":"SMITH"},{"floor":30.0,"key":"REST"},{"floor":32.0,"key":"REST"},{"data":"Perfected Strike","floor":40.0,"key":"SMITH"},{"floor":49.0,"key":"REST"}],"neow_cost":"NONE","seed_source_timestamp":252380258285,"circlet_count":0,"master_deck":["Strike_R+1","Strike_R+1","Strike_R+1","Strike_R","Strike_R","Bash+1","Perfected Strike+1","Thunderclap","Perfected Strike+1","Pommel Strike+1","Clash+1","Heavy Blade+1","Wild Strike+1","Perfected Strike+1","Clash+1","Pommel Strike","Twin Strike+1"],"special_seed":0,"relics":["Burning Blood","Omamori","Art of War","Golden Idol","Snecko Eye","Potion Belt","Dream Catcher","Bag of Marbles","Philosopher\u0027s Stone","Blood Vial"],"potions_floor_usage":[50,50,50,50],"damage_taken":[{"damage":6.0,"enemies":"Jaw Worm","floor":1.0,"turns":2.0},{"damage":9.0,"enemies":"Small Slimes","floor":3.0,"turns":4.0},{"damage":2.0,"enemies":"2 Louse","floor":5.0,"turns":2.0},{"damage":11.0,"enemies":"2 Fungi Beasts","floor":7.0,"turns":3.0},{"damage":18.0,"enemies":"Lagavulin","floor":13.0,"turns":4.0},{"damage":43.0,"enemies":"Hexaghost","floor":16.0,"turns":8.0},{"damage":22.0,"enemies":"3 Byrds","floor":18.0,"turns":4.0},{"damage":10.0,"enemies":"2 Thieves","floor":21.0,"turns":2.0},{"damage":10.0,"enemies":"Cultist and Chosen","floor":22.0,"turns":2.0},{"damage":20.0,"enemies":"Centurion and Healer","floor":24.0,"turns":3.0},{"damage":12.0,"enemies":"Shelled Parasite and Fungi","floor":28.0,"turns":2.0},{"damage":5.0,"enemies":"Chosen and Byrds","floor":29.0,"turns":2.0},{"damage":32.0,"enemies":"Collector","floor":33.0,"turns":3.0},{"damage":24.0,"enemies":"3 Darklings","floor":35.0,"turns":3.0},{"damage":0.0,"enemies":"Orb Walker","floor":38.0,"turns":1.0},{"damage":14.0,"enemies":"4 Shapes","floor":39.0,"turns":2.0},{"damage":57.0,"enemies":"Maw","floor":41.0,"turns":5.0},{"damage":0.0,"enemies":"Transient","floor":46.0,"turns":5.0},{"damage":10.0,"enemies":"3 Darklings","floor":47.0,"turns":2.0},{"damage":27.0,"enemies":"Maw","floor":48.0,"turns":4.0},{"damage":54,"enemies":"Time Eater","floor":50,"turns":5}],"seed_played":"-1353441735315874012","potions_obtained":[{"floor":13.0,"key":"FearPotion"},{"floor":16.0,"key":"BloodPotion"},{"floor":18.0,"key":"Dexterity Potion"},{"floor":24.0,"key":"Explosive Potion"},{"floor":28.0,"key":"Regen Potion"},{"floor":33.0,"key":"Fruit Juice"},{"floor":39.0,"key":"BloodPotion"},{"floor":41.0,"key":"Dexterity Potion"},{"floor":48.0,"key":"Block Potion"}],"is_trial":false,"path_per_floor":["M","?","M","$","M","R","M","?","T","?","R","?","E","?","R","B",null,"M","?","$","M","M","R","M","?","T","?","M","M","R","$","R","B",null,"M","?","?","M","M","R","M","?","T","?","$","M","M","M","R","B"],"character_chosen":"IRONCLAD","items_purchased":["Potion Belt","Bag of Marbles","Strength Potion","SteroidPotion"],"campfire_rested":3,"item_purchase_floors":[20,31,31,45],"current_hp_per_floor":[80,85,82,82,85,85,80,80,80,69,69,69,57,57,57,20,79,63,63,63,59,55,55,41,41,41,41,35,36,59,59,79,53,84,66,66,66,72,64,64,21,21,21,21,21,37,35,16,41,9],"gold":214,"neow_bonus":"THREE_CARDS","is_prod":false,"is_daily":false,"chose_seed":false,"campfire_upgraded":5,"win_rate":0,"timestamp":1539486272,"path_taken":["M","?","M","$","M","R","M","?","T","?","R","?","E","?","R","BOSS","M","?","$","M","M","R","M","?","T","?","M","M","R","?","R","BOSS","M","?","?","M","?","R","M","?","T","?","?","M","M","M","R","BOSS"],"build_version":"2018-10-11","purchased_purges":2,"victory":true,"max_hp_per_floor":[80,85,85,85,85,85,85,85,85,85,85,85,85,79,79,79,79,79,79,79,79,79,79,79,79,79,79,79,79,79,79,79,79,84,84,84,84,84,84,84,84,84,84,84,84,84,84,84,84,84],"card_choices":[{"not_picked":["Thunderclap","Twin Strike"],"picked":"Perfected Strike","floor":0.0},{"not_picked":["Anger","Shrug It Off"],"picked":"Thunderclap","floor":1.0},{"not_picked":["Flex","True Grit"],"picked":"Perfected Strike","floor":3.0},{"not_picked":["Body Slam","Headbutt"],"picked":"Pommel Strike","floor":5.0},{"not_picked":["Offering","Power Through"],"picked":"Clash","floor":7.0},{"not_picked":["Feed","Hemokinesis","Heavy Blade"],"picked":"SKIP","floor":13.0},{"not_picked":["Sever Soul","Headbutt","Anger"],"picked":"SKIP","floor":18.0},{"not_picked":["Thunderclap","Inflame","Iron Wave+1"],"picked":"SKIP","floor":21.0},{"not_picked":["Warcry","Shrug It Off","Shockwave"],"picked":"SKIP","floor":22.0},{"not_picked":["Dropkick","Sword Boomerang"],"picked":"Heavy Blade+1","floor":24.0},{"not_picked":["Entrench","Demon Form","Thunderclap"],"picked":"SKIP","floor":28.0},{"not_picked":["Warcry","Iron Wave","Evolve+1"],"picked":"SKIP","floor":29.0},{"not_picked":["Iron Wave","Thunderclap"],"picked":"Wild Strike+1","floor":30.0},{"not_picked":["Spot Weakness","Cleave"],"picked":"Perfected Strike","floor":35.0},{"not_picked":["Blood for Blood","Warcry"],"picked":"Clash+1","floor":38.0},{"not_picked":["Havoc+1","Cleave+1","Corruption+1"],"picked":"SKIP","floor":39.0},{"not_picked":["Flex+1","Sentinel+1","Bloodletting+1"],"picked":"SKIP","floor":41.0},{"not_picked":["Flex","Offering"],"picked":"Pommel Strike","floor":46.0},{"not_picked":["Iron Wave+1","Reckless Charge+1"],"picked":"Twin Strike+1","floor":47.0},{"not_picked":["Shrug It Off+1","Clash","Thunderclap"],"picked":"SKIP","floor":48.0}],"player_experience":177966,"relics_obtained":[{"floor":9.0,"key":"Omamori"},{"floor":13.0,"key":"Art of War"},{"floor":26.0,"key":"Dream Catcher"},{"floor":43.0,"key":"Blood Vial"}],"event_choices":[{"event_name":"Big Fish","player_choice":"Donut","floor":2.0,"damage_taken":0.0},{"event_name":"The Cleric","player_choice":"Card Removal","floor":8.0,"damage_taken":0.0},{"event_name":"World of Goop","player_choice":"Gather Gold","floor":10.0,"damage_taken":0.0},{"event_name":"Accursed Blacksmith","player_choice":"Forge","floor":12.0,"damage_taken":0.0},{"event_name":"Golden Idol","player_choice":"Lose Max HP","floor":14.0,"damage_taken":0.0},{"event_name":"Beggar","player_choice":"Gave Gold","floor":19.0,"damage_taken":0.0},{"event_name":"Ghosts","player_choice":"Ignored","floor":25.0,"damage_taken":0.0},{"event_name":"Nest","player_choice":"Stole From Cult","floor":27.0,"damage_taken":0.0},{"event_name":"Match and Keep!","player_choice":"0 cards matched","floor":36.0,"damage_taken":0.0},{"event_name":"SensoryStone","player_choice":"Memory 1","floor":37.0,"damage_taken":0.0},{"event_name":"Designer","player_choice":"Upgrade 2 Random Cards","floor":42.0,"damage_taken":0.0},{"event_name":"Upgrade Shrine","player_choice":"Upgraded","floor":44.0,"damage_taken":0.0}],"is_beta":false,"boss_relics":[{"not_picked":["Pandora\u0027s Box","Runic Cube"],"picked":"Snecko Eye"},{"not_picked":["Eternal Feather","Astrolabe"],"picked":"Philosopher\u0027s Stone"}],"items_purged_floors":[4,20],"is_endless":false,"potions_floor_spawned":[13,16,18,24,28,33,39,41,48],"ascension_level":0}