{"gold_per_floor":[117,135,135,135,183,217,57,89,115,115,40,50,50,83,83,83],"floor_reached":16,"playtime":359,"items_purged":["Strike_G"],"score":332,"play_id":"7fc5f8bb-4701-47c6-b34b-52e2d82634fa","local_time":"20181118000650","is_ascension_mode":true,"campfire_choices":[{"data":"Neutralize","floor":10,"key":"SMITH"},{"data":"Deadly Poison","floor":15,"key":"SMITH"}],"neow_cost":"NONE","seed_source_timestamp":1516419199799991,"circlet_count":0,"master_deck":["AscendersBane","Defend_G","Defend_G","Defend_G","Defend_G","Defend_G","Strike_G","Strike_G","Strike_G","Survivor","Neutralize+1","Deadly Poison+1","Dash","Corpse Explosion","Well Laid Plans"],"relics":["Ring of the Snake","NeowsBlessing","Potion Belt","Snake Skull","Singing Bowl","Regal Pillow","The Specimen","Ancient Tea Set"],"potions_floor_usage":[8,8,16],"damage_taken":[{"damage":0,"enemies":"Jaw Worm","floor":1,"turns":1},{"damage":0,"enemies":"2 Louse","floor":2,"turns":2},{"damage":0,"enemies":"Lagavulin","floor":6,"turns":1},{"damage":0,"enemies":"Gremlin Nob","floor":8,"turns":3},{"damage":2,"enemies":"Small Slimes","floor":12,"turns":5},{"damage":22,"enemies":"Lagavulin","floor":14,"turns":7},{"damage":0,"enemies":"Slime Boss","floor":16,"turns":5}],"seed_played":"716801625050656933","potions_obtained":[{"floor":1,"key":"Poison Potion"},{"floor":2,"key":"Fire Potion"},{"floor":6,"key":"PowerPotion"}],"is_trial":false,"path_per_floor":["M","M","?","?","T","E","$","E","T","R","$","M","T","E","R","B"],"character_chosen":"THE_SILENT","items_purchased":["Corpse Explosion"],"campfire_rested":0,"item_purchase_floors":[7],"current_hp_per_floor":[59,59,59,24,24,26,26,28,28,28,28,28,28,6,6,6],"gold":83,"neow_bonus":"THREE_ENEMY_KILL","is_prod":false,"is_daily":false,"chose_seed":false,"campfire_upgraded":2,"win_rate":0,"timestamp":1542470810,"path_taken":["M","M","?","?","?","E","$","E","T","R","$","?","?","E","R","BOSS"],"build_version":"2018-11-15","purchased_purges":1,"victory":false,"max_hp_per_floor":[66,66,66,66,66,68,68,70,70,70,70,72,72,72,72,72],"card_choices":[{"not_picked":["Setup","Outmaneuver"],"picked":"Deadly Poison","floor":1},{"not_picked":["Bane","Underhanded Strike","Cloak And Dagger"],"picked":"SKIP","floor":2},{"not_picked":["Deflect","Quick Slash","Backstab"],"picked":"Singing Bowl","floor":6},{"not_picked":["Slice","Prepared","Poisoned Stab"],"picked":"Singing Bowl","floor":8},{"not_picked":["Malaise","Terror","Quick Slash"],"picked":"Singing Bowl","floor":12},{"not_picked":["Accuracy","Outmaneuver"],"picked":"Well Laid Plans","floor":14}],"player_experience":521061,"relics_obtained":[{"floor":5,"key":"Snake Skull"},{"floor":6,"key":"Singing Bowl"},{"floor":8,"key":"Regal Pillow"},{"floor":13,"key":"The Specimen"},{"floor":14,"key":"Ancient Tea Set"}],"event_choices":[{"damage_healed":0,"gold_gain":0,"cards_transformed":["Strike_G"],"player_choice":"Change","damage_taken":0,"max_hp_gain":0,"max_hp_loss":0,"event_name":"Living Wall","floor":3,"gold_loss":0,"cards_obtained":["Dash"]},{"damage_healed":0,"gold_gain":0,"player_choice":"Success","damage_taken":35,"relics_obtained":["Potion Belt"],"max_hp_gain":0,"max_hp_loss":0,"event_name":"Scrap Ooze","floor":4,"gold_loss":0}],"is_beta":true,"boss_relics":[],"items_purged_floors":[11],"is_endless":false,"potions_floor_spawned":[1,2,6],"killed_by":"Slime Boss","ascension_level":20}