{"path_per_floor":["M","$","M","M","M","R","E","M","T","?","M","R","M","M","R","B",null,"M","?","$","M","M","R"],"character_chosen":"THE_SILENT","items_purchased":["Bouncing Flask","Footwork","Sadistic Nature"],"gold_per_floor":[119,82,98,108,118,118,144,155,155,120,130,130,147,158,158,263,263,282,282,11,31,42,42],"floor_reached":24,"campfire_rested":0,"playtime":2171,"current_hp_per_floor":[62,62,56,53,46,46,33,33,33,48,48,48,47,47,47,12,63,38,38,38,38,22,22],"items_purged":[],"gold":42,"score":228,"play_id":"58a3167c-58a7-4117-8049-4074dddbe97c","local_time":"20180302231851","is_prod":false,"is_daily":false,"is_ascension_mode":false,"campfire_upgraded":4,"timestamp":1520029131,"path_taken":["M","$","?","M","M","R","E","?","T","?","M","R","M","M","R","BOSS","M","?","$","M","M","R","?"],"build_version":"2018-03-01-PROD1","purchased_purges":0,"victory":false,"master_deck":["Defend_G","Defend_G","Defend_G+1","Defend_G","Defend_G","Survivor","Neutralize","Dagger Spray","Bouncing Flask+1","Endless Agony+1","Dagger Throw","Well Laid Plans","Acrobatics","Bane","Calculated Gamble+1","Predator","Skewer","Doppelganger+1","Writhe","Pain","Decay","Slice","Bite","Bite","Bite","Bite+1","Bite","Footwork","Sadistic Nature","Well Laid Plans","Underhanded Strike"],"max_hp_per_floor":[63,63,63,63,63,63,63,63,63,63,63,63,63,63,63,63,63,63,44,44,44,44,44],"relics":["Ring of the Snake","Ginger","Vajra","Peace Pipe","Calling Bell","Oddly Smooth Stone","Happy Flower","War Paint"],"card_choices":[{"not_picked":["Caltrops","Backflip"],"picked":"Dagger Spray"},{"not_picked":["Dodge and Roll","Night Terror"],"picked":"Endless Agony"},{"not_picked":["Slice","Sucker Punch"],"picked":"Dagger Throw"},{"not_picked":["Dodge and Roll","Flechettes"],"picked":"Well Laid Plans"},{"not_picked":["Reflex","Dodge and Roll"],"picked":"Acrobatics"},{"not_picked":["Cloak And Dagger","Poisoned Stab"],"picked":"Bane"},{"not_picked":["Backstab","Tactician"],"picked":"Calculated Gamble"},{"not_picked":["Sucker Punch","Poisoned Stab"],"picked":"Predator"},{"not_picked":["Quick Slash","Prepared"],"picked":"Skewer"},{"not_picked":["Venomology","A Thousand Cuts"],"picked":"Doppelganger"},{"not_picked":["Skewer","Riddle With Holes"],"picked":"Slice"},{"not_picked":["Slice","Acrobatics"],"picked":"Well Laid Plans"},{"not_picked":["Slice","Prepared"],"picked":"Underhanded Strike"}],"player_experience":46817,"potions_floor_usage":[7,8,13,14],"damage_taken":[{"damage":1,"enemies":"Cultist","floor":1,"turns":4},{"damage":6,"enemies":"2 Louse","floor":3,"turns":3},{"damage":3,"enemies":"Jaw Worm","floor":4,"turns":3},{"damage":7,"enemies":"Gremlin Gang","floor":5,"turns":4},{"damage":13,"enemies":"Lagavulin","floor":7,"turns":7},{"damage":0,"enemies":"3 Louse","floor":8,"turns":2},{"damage":0,"enemies":"2 Fungi Beasts","floor":11,"turns":2},{"damage":1,"enemies":"Exordium Thugs","floor":13,"turns":2},{"damage":0,"enemies":"Gremlin Gang","floor":14,"turns":1},{"damage":35,"enemies":"The Guardian","floor":16,"turns":8},{"damage":25,"enemies":"Shell Parasite","floor":18,"turns":4},{"damage":8,"enemies":"3 Byrds","floor":21,"turns":4},{"damage":34,"enemies":"Centurion and Healer","floor":22,"turns":7},{"damage":30,"enemies":"Sentry and Sphere","floor":24,"turns":5}],"event_choices":[{"event_name":"The Cleric","player_choice":"Healed","floor":10,"damage_taken":0},{"event_name":"Vampires","player_choice":"Became a vampire","floor":19,"damage_taken":0}],"boss_relics":[{"not_picked":["Cursed Key","Philosopher\u0027s Stone"],"picked":"Calling Bell"}],"potions_floor_spawned":[4,5,7,8],"seed_played":"1790296893391681705","killed_by":"Sentry and Sphere","ascension_level":0,"is_trial":false}