{"gold_per_floor":[115,40,40,315,334,359,154,180,180,197,197,227,67,86,86,160,160,175,194,213,3,19,19,47,47,102,102,102,137,137,52,52,126,126,146,246,262,112,0,34,34,50,50,68,68,81,81,81,81,81,81,81,81,81,108,108],"floor_reached":57,"playtime":2581,"items_purged":["Strike_R","Regret","Strike_R","Strike_R"],"score":2797,"play_id":"e9101044-3e61-4337-bcbe-65eb9f00a971","local_time":"20190222215446","is_ascension_mode":true,"campfire_choices":[{"data":"Demon Form","floor":11.0,"key":"SMITH"},{"data":"Corruption","floor":15.0,"key":"SMITH"},{"data":"Offering","floor":23.0,"key":"SMITH"},{"data":"Body Slam","floor":25.0,"key":"SMITH"},{"data":"Inflame","floor":32.0,"key":"SMITH"},{"data":"Barricade","floor":41.0,"key":"SMITH"},{"floor":45.0,"key":"RECALL"},{"data":"Power Through","floor":47.0,"key":"SMITH"},{"data":"Battle Trance","floor":49.0,"key":"SMITH"},{"data":"Evolve","floor":53.0,"key":"SMITH"}],"neow_cost":"NONE","seed_source_timestamp":39225840540873,"circlet_count":0,"master_deck":["AscendersBane","Strike_R","Strike_R","Defend_R","Defend_R","Defend_R","Defend_R","Bash","Body Slam+1","Shrug It Off+1","Demon Form+1","Deep Breath","Corruption+1","Power Through+1","Shrug It Off+1","Reaper","Offering+1","Burning Pact+1","Spot Weakness","Flex+1","Evolve+1","Second Wind+1","Inflame+1","Barricade+1","Battle Trance+1","Rage","Dropkick"],"special_seed":0,"relics":["Burning Blood","NeowsBlessing","FossilizedHelix","Dream Catcher","Letter Opener","Juzu Bracelet","Coffee Dripper","Vajra","Ancient Tea Set","Nilry\u0027s Codex","War Paint","Centennial Puzzle","Busted Crown","Torii","Red Mask","Du-Vu Doll","Sundial","Anchor"],"potions_floor_usage":[56],"damage_taken":[{"damage":0.0,"enemies":"Cultist","floor":1.0,"turns":1.0},{"damage":0.0,"enemies":"Small Slimes","floor":5.0,"turns":1.0},{"damage":0.0,"enemies":"Gremlin Nob","floor":6.0,"turns":1.0},{"damage":27.0,"enemies":"Lagavulin","floor":8.0,"turns":8.0},{"damage":2.0,"enemies":"Jaw Worm","floor":10.0,"turns":4.0},{"damage":51.0,"enemies":"Gremlin Nob","floor":12.0,"turns":5.0},{"damage":0.0,"enemies":"Looter","floor":14.0,"turns":4.0},{"damage":27.0,"enemies":"The Guardian","floor":16.0,"turns":10.0},{"damage":19.0,"enemies":"Spheric Guardian","floor":18.0,"turns":4.0},{"damage":21.0,"enemies":"Shell Parasite","floor":19.0,"turns":6.0},{"damage":17.0,"enemies":"3 Cultists","floor":20.0,"turns":5.0},{"damage":13.0,"enemies":"Chosen and Byrds","floor":22.0,"turns":5.0},{"damage":25.0,"enemies":"Gremlin Leader","floor":24.0,"turns":5.0},{"damage":55.0,"enemies":"Slavers","floor":29.0,"turns":5.0},{"damage":34.0,"enemies":"Automaton","floor":33.0,"turns":7.0},{"damage":2.0,"enemies":"3 Shapes","floor":35.0,"turns":5.0},{"damage":6.0,"enemies":"Mind Bloom Boss Battle","floor":36.0,"turns":4.0},{"damage":6.0,"enemies":"Orb Walker","floor":37.0,"turns":3.0},{"damage":0.0,"enemies":"Giant Head","floor":40.0,"turns":6.0},{"damage":17.0,"enemies":"4 Shapes","floor":42.0,"turns":4.0},{"damage":6.0,"enemies":"Transient","floor":44.0,"turns":6.0},{"damage":29.0,"enemies":"Sphere and 2 Shapes","floor":46.0,"turns":5.0},{"damage":30.0,"enemies":"Donu and Deca","floor":50.0,"turns":5.0},{"damage":43.0,"enemies":"Time Eater","floor":51.0,"turns":8.0},{"damage":7.0,"enemies":"Shield and Spear","floor":55.0,"turns":5.0},{"damage":36,"enemies":"The Heart","floor":56,"turns":11}],"seed_played":"7733427423611666237","potions_obtained":[{"floor":5.0,"key":"Ancient Potion"},{"floor":6.0,"key":"PowerPotion"},{"floor":12.0,"key":"Swift Potion"},{"floor":20.0,"key":"Weak Potion"},{"floor":36.0,"key":"Ancient Potion"}],"is_trial":false,"path_per_floor":["M","$","$","?","M","E","$","E","T","M","R","E","$","M","R","B",null,"M","M","M","$","M","R","E","R","T","T","?","E","$","?","R","B",null,"M","?","M","$","?","E","R","M","T","M","R","M","R","?","R","B","B",null,"R","$","E","B",null],"character_chosen":"IRONCLAD","items_purchased":["Deep Breath","Reaper","Evolve"],"campfire_rested":0,"item_purchase_floors":[7,13,21],"current_hp_per_floor":[74,74,74,74,75,75,75,54,54,58,58,13,13,19,19,22,62,49,49,64,64,60,60,69,69,69,69,48,24,24,24,24,22,62,75,75,75,75,75,75,75,75,75,75,75,52,52,52,52,75,59,71,71,71,75,75],"gold":108,"neow_bonus":"THREE_ENEMY_KILL","is_prod":false,"is_daily":false,"chose_seed":false,"campfire_upgraded":9,"win_rate":0,"timestamp":1550843686,"path_taken":["M","?","$","?","M","E","$","E","T","M","R","E","$","M","R","BOSS","M","M","M","$","M","R","E","R","T","?","?","E","$","?","R","BOSS","M","?","M","$","?","E","R","M","T","M","R","M","R","?","R","BOSS","BOSS","R","$","E","BOSS"],"build_version":"2019-01-23","purchased_purges":4,"victory":true,"max_hp_per_floor":[75,75,75,75,75,75,75,75,75,75,75,75,75,75,75,75,75,75,75,75,75,75,75,75,75,75,75,75,75,75,75,75,75,75,75,75,75,75,75,75,75,75,75,75,75,75,75,75,75,75,75,75,75,75,75,75],"card_choices":[{"not_picked":["Twin Strike","Wild Strike"],"picked":"Body Slam","floor":1.0},{"not_picked":["Sword Boomerang","Sentinel"],"picked":"Shrug It Off","floor":5.0},{"not_picked":["Double Tap","Sword Boomerang"],"picked":"Demon Form","floor":6.0},{"not_picked":["Twin Strike","Pommel Strike"],"picked":"Corruption","floor":8.0},{"not_picked":["True Grit","Headbutt"],"picked":"Power Through","floor":10.0},{"not_picked":["Dual Wield","Body Slam"],"picked":"Shrug It Off","floor":12.0},{"not_picked":["Bloodletting","Anger","Body Slam"],"picked":"SKIP","floor":14.0},{"not_picked":["Impervious","Brutality"],"picked":"Offering","floor":16.0},{"not_picked":["Combust+1","Body Slam"],"picked":"Burning Pact+1","floor":18.0},{"not_picked":["Sword Boomerang","Pommel Strike"],"picked":"Spot Weakness","floor":19.0},{"not_picked":["Havoc","Headbutt+1"],"picked":"Flex+1","floor":20.0},{"not_picked":["Heavy Blade","Thunderclap","Clothesline+1"],"picked":"SKIP","floor":22.0},{"not_picked":["Clothesline+1","Corruption"],"picked":"Second Wind","floor":24.0},{"not_picked":["Thunderclap","Heavy Blade"],"picked":"Inflame","floor":29.0},{"not_picked":["Immolate","Fiend Fire"],"picked":"Barricade","floor":33.0},{"not_picked":["Body Slam"],"picked":"SKIP","floor":35.0},{"not_picked":["Flex"],"picked":"SKIP","floor":37.0},{"not_picked":["Havoc"],"picked":"SKIP","floor":40.0},{"not_picked":[],"picked":"Battle Trance","floor":42.0},{"not_picked":["Wild Strike"],"picked":"SKIP","floor":44.0},{"not_picked":["Rage"],"picked":"SKIP","floor":46.0},{"not_picked":[],"picked":"Rage","floor":46.0},{"not_picked":[],"picked":"Dropkick","floor":55.0}],"player_experience":3056405,"relics_obtained":[{"floor":6.0,"key":"FossilizedHelix"},{"floor":8.0,"key":"Dream Catcher"},{"floor":9.0,"key":"Letter Opener"},{"floor":12.0,"key":"Juzu Bracelet"},{"floor":24.0,"key":"Vajra"},{"floor":26.0,"key":"Ancient Tea Set"},{"floor":28.0,"key":"Nilry\u0027s Codex"},{"floor":29.0,"key":"War Paint"},{"floor":36.0,"key":"Torii"},{"floor":40.0,"key":"Du-Vu Doll"},{"floor":43.0,"key":"Sundial"},{"floor":55.0,"key":"Anchor"}],"event_choices":[{"damage_healed":0.0,"max_hp_gain":0.0,"max_hp_loss":0.0,"gold_gain":275.0,"event_name":"Golden Shrine","player_choice":"Desecrate","floor":4.0,"gold_loss":0.0,"damage_taken":0.0,"cards_obtained":["Regret"]},{"damage_healed":0.0,"max_hp_gain":0.0,"max_hp_loss":0.0,"gold_gain":0.0,"event_name":"Cursed Tome","player_choice":"Obtained Book","floor":28.0,"gold_loss":0.0,"damage_taken":21.0},{"damage_healed":0.0,"max_hp_gain":0.0,"max_hp_loss":0.0,"gold_gain":0.0,"event_name":"Addict","player_choice":"Obtained Relic","floor":31.0,"gold_loss":85.0,"damage_taken":0.0,"relics_obtained":["Centennial Puzzle"]},{"damage_healed":0.0,"max_hp_gain":0.0,"max_hp_loss":0.0,"gold_gain":0.0,"event_name":"MindBloom","player_choice":"Fight","floor":36.0,"gold_loss":0.0,"damage_taken":0.0},{"damage_healed":0.0,"max_hp_gain":0.0,"max_hp_loss":0.0,"gold_gain":0.0,"event_name":"Tomb of Lord Red Mask","player_choice":"Paid","floor":39.0,"gold_loss":112.0,"damage_taken":0.0,"relics_obtained":["Red Mask"]},{"damage_healed":0.0,"max_hp_gain":0.0,"max_hp_loss":0.0,"gold_gain":0.0,"event_name":"Upgrade Shrine","player_choice":"Upgraded","floor":48.0,"gold_loss":0.0,"damage_taken":0.0,"cards_upgraded":["Second Wind"]}],"is_beta":false,"boss_relics":[{"not_picked":["Pandora\u0027s Box","Philosopher\u0027s Stone"],"picked":"Coffee Dripper"},{"not_picked":["Orrery","Runic Dome"],"picked":"Busted Crown"}],"items_purged_floors":[2,7,21,38],"is_endless":false,"potions_floor_spawned":[5,6,10,12,20,24,36,37,40,44],"ascension_level":20}