{"gold_per_floor":[110,110,121,33,33,71,71,106,131,56,56],"floor_reached":11,"playtime":141,"items_purged":[],"score":208,"play_id":"dbeec01d-3d76-49fb-bb3a-f91fdf3afb52","local_time":"20190728183009","is_ascension_mode":true,"campfire_choices":[{"data":"Noxious Fumes","floor":7,"key":"SMITH"}],"neow_cost":"NONE","seed_source_timestamp":92182926545300,"circlet_count":0,"master_deck":["AscendersBane","Strike_G","Strike_G","Strike_G","Strike_G","Defend_G","Defend_G","Defend_G","Defend_G","Defend_G","Survivor","Neutralize","Tactician","Noxious Fumes+1","Noxious Fumes"],"relics":["Ring of the Snake","NeowsBlessing","Golden Idol","Bronze Scales","Strawberry","Ancient Tea Set"],"potions_floor_usage":[8],"damage_taken":[{"damage":0,"enemies":"2 Louse","floor":1,"turns":1},{"damage":0,"enemies":"Jaw Worm","floor":3,"turns":1},{"damage":0,"enemies":"Lagavulin","floor":6,"turns":1},{"damage":51,"enemies":"Gremlin Nob","floor":8,"turns":6},{"damage":15,"enemies":"The Mushroom Lair","floor":11,"turns":3}],"seed_played":"7479063840503036761","potions_obtained":[{"floor":6,"key":"SpeedPotion"}],"is_trial":false,"path_per_floor":["M","?","M","$","?","E","R","E","T","?","?"],"character_chosen":"THE_SILENT","items_purchased":["Tactician"],"campfire_rested":0,"item_purchase_floors":[4],"current_hp_per_floor":[59,59,59,59,59,59,59,15,15,15,0],"gold":56,"neow_bonus":"THREE_ENEMY_KILL","is_prod":false,"is_daily":false,"chose_seed":false,"campfire_upgraded":1,"win_rate":0,"timestamp":1564309809,"path_taken":["M","?","M","$","?","E","R","E","T","?","?"],"build_version":"2019-07-17","purchased_purges":0,"victory":false,"max_hp_per_floor":[66,66,66,66,60,60,60,67,67,67,67],"card_choices":[{"not_picked":["Acrobatics","Bane","Terror"],"picked":"SKIP","floor":1},{"not_picked":["Dodge and Roll","Riddle With Holes","Setup"],"picked":"SKIP","floor":3},{"not_picked":["Poisoned Stab","Glass Knife"],"picked":"Noxious Fumes","floor":6},{"not_picked":["Cloak And Dagger","Outmaneuver"],"picked":"Noxious Fumes","floor":8}],"player_experience":691059,"relics_obtained":[{"floor":6,"key":"Bronze Scales"},{"floor":8,"key":"Strawberry"},{"floor":9,"key":"Ancient Tea Set"}],"event_choices":[{"damage_healed":0,"gold_gain":0,"player_choice":"Ignored","damage_taken":0,"max_hp_gain":0,"max_hp_loss":0,"event_name":"Liars Game","floor":2,"gold_loss":0},{"damage_healed":0,"gold_gain":0,"player_choice":"Lose Max HP","damage_taken":0,"relics_obtained":["Golden Idol"],"max_hp_gain":0,"max_hp_loss":6,"event_name":"Golden Idol","floor":5,"gold_loss":0},{"cards_removed":["Strike_G"],"damage_healed":0,"gold_gain":0,"player_choice":"Card Removal","damage_taken":0,"max_hp_gain":0,"max_hp_loss":0,"event_name":"The Cleric","floor":10,"gold_loss":75},{"damage_healed":0,"gold_gain":0,"player_choice":"Fought Mushrooms","damage_taken":0,"max_hp_gain":0,"max_hp_loss":0,"event_name":"Mushrooms","floor":11,"gold_loss":0}],"is_beta":false,"boss_relics":[],"items_purged_floors":[],"is_endless":false,"potions_floor_spawned":[6],"killed_by":"The Mushroom Lair","ascension_level":20}