{"gold_per_floor":[14,30,41,61,80,80,5,23,53,66,78,78,78,106,106,182,182,195,245,255,18,18,18,18,18,18,18,18,37,37,66,66,66],"floor_reached":33,"playtime":887,"items_purged":["Strike_B"],"score":534,"play_id":"19141a3f-d8ad-4013-aadd-eda6140375c8","local_time":"20190224021247","is_ascension_mode":true,"campfire_choices":[{"data":"Zap","floor":6.0,"key":"SMITH"},{"data":"Hologram","floor":13.0,"key":"SMITH"},{"data":"Dualcast","floor":15.0,"key":"SMITH"},{"data":"Hologram","floor":23.0,"key":"SMITH"},{"data":"Reboot","floor":28.0,"key":"SMITH"},{"data":"Seek","floor":30.0,"key":"SMITH"},{"data":"Skim","floor":32,"key":"SMITH"}],"neow_cost":"NO_GOLD","seed_source_timestamp":0,"circlet_count":0,"master_deck":["AscendersBane","Strike_B","Strike_B","Strike_B","Defend_B","Defend_B+1","Defend_B","Defend_B","Zap+1","Dualcast+1","Ball Lightning","Self Repair","Conserve Battery","Cold Snap","All For One","Beam Cell+1","Hologram+1","Gash","Seek+1","Reboot+1","Heatsinks+1","Glacier","Hologram+1","Cold Snap","Skim+1","Steam","Compile Driver"],"special_seed":0,"relics":["Cracked Core","Ice Cream","Tiny Chest","Vajra","Cursed Key","DataDisk","Potion Belt","Gremlin Horn"],"potions_floor_usage":[],"damage_taken":[{"damage":1.0,"enemies":"Cultist","floor":1.0,"turns":4.0},{"damage":9.0,"enemies":"2 Louse","floor":2.0,"turns":2.0},{"damage":9.0,"enemies":"Jaw Worm","floor":3.0,"turns":3.0},{"damage":1.0,"enemies":"Looter","floor":4.0,"turns":4.0},{"damage":5.0,"enemies":"3 Louse","floor":5.0,"turns":5.0},{"damage":0.0,"enemies":"2 Fungi Beasts","floor":8.0,"turns":2.0},{"damage":4.0,"enemies":"Red Slaver","floor":10.0,"turns":3.0},{"damage":11.0,"enemies":"Large Slime","floor":11.0,"turns":3.0},{"damage":7.0,"enemies":"Gremlin Nob","floor":14.0,"turns":3.0},{"damage":7.0,"enemies":"Hexaghost","floor":16.0,"turns":6.0},{"damage":3.0,"enemies":"Chosen","floor":18.0,"turns":5.0},{"damage":23.0,"enemies":"Shell Parasite","floor":20.0,"turns":6.0},{"damage":0.0,"enemies":"3 Cultists","floor":29.0,"turns":4.0},{"damage":2.0,"enemies":"Gremlin Leader","floor":31.0,"turns":4.0},{"damage":61,"enemies":"Champ","floor":33,"turns":14}],"seed_played":"2990685419676292013","potions_obtained":[{"floor":3.0,"key":"Weak Potion"},{"floor":4.0,"key":"SteroidPotion"},{"floor":20.0,"key":"Explosive Potion"},{"floor":29.0,"key":"AttackPotion"}],"is_trial":false,"path_per_floor":["M","M","M","M","M","R","$","M","T","M","M","?","R","E","R","B",null,"M","?","M","$","?","R","?","T","T","?","R","M","R","E","R","B"],"character_chosen":"DEFECT","items_purchased":["DataDisk","Hologram","Cold Snap"],"campfire_rested":0,"item_purchase_floors":[21,21,21],"current_hp_per_floor":[63,54,52,58,60,60,60,60,60,63,59,38,38,38,38,38,63,67,67,51,51,51,51,51,51,51,51,51,58,58,63,63,2],"gold":66,"neow_bonus":"ONE_RARE_RELIC","is_prod":false,"is_daily":false,"chose_seed":false,"campfire_upgraded":7,"win_rate":0,"timestamp":1550945567,"path_taken":["M","M","M","M","?","R","$","M","T","M","M","?","R","E","R","BOSS","M","?","M","$","?","R","?","?","T","?","R","M","R","E","R","BOSS"],"build_version":"2019-01-23","purchased_purges":1,"victory":false,"max_hp_per_floor":[71,71,71,71,71,71,71,71,71,71,71,71,71,71,71,71,71,71,71,71,71,71,71,71,71,71,71,71,71,71,71,71,71],"card_choices":[{"not_picked":["Sweeping Beam","Redo"],"picked":"Ball Lightning","floor":1.0},{"not_picked":["Double Energy","Conserve Battery"],"picked":"Self Repair","floor":2.0},{"not_picked":["Go for the Eyes","Beam Cell"],"picked":"Conserve Battery","floor":3.0},{"not_picked":["Static Discharge","Barrage"],"picked":"Cold Snap","floor":4.0},{"not_picked":["Storm","Genetic Algorithm"],"picked":"All For One","floor":5.0},{"not_picked":["Rebound","Ball Lightning"],"picked":"Beam Cell","floor":8.0},{"not_picked":["Sweeping Beam","Heatsinks"],"picked":"Hologram","floor":10.0},{"not_picked":["BootSequence","Redo"],"picked":"Gash","floor":11.0},{"not_picked":["Auto Shields","Hello World"],"picked":"Seek","floor":14.0},{"not_picked":["Seek","Rainbow"],"picked":"Reboot","floor":16.0},{"not_picked":["Barrage","Lockon"],"picked":"Heatsinks+1","floor":18.0},{"not_picked":["Steam","Go for the Eyes"],"picked":"Glacier","floor":20.0},{"not_picked":["Beam Cell","Scrape"],"picked":"Steam","floor":29.0},{"not_picked":["Glacier","Stack"],"picked":"Compile Driver","floor":31}],"player_experience":961510,"relics_obtained":[{"floor":9.0,"key":"Tiny Chest"},{"floor":14.0,"key":"Vajra"},{"floor":31,"key":"Gremlin Horn"}],"event_choices":[{"damage_healed":0.0,"max_hp_gain":0.0,"max_hp_loss":0.0,"gold_gain":0.0,"event_name":"Shining Light","player_choice":"Entered Light","floor":12.0,"gold_loss":0.0,"damage_taken":21.0,"cards_upgraded":["Beam Cell","Defend_B"]},{"damage_healed":0.0,"max_hp_gain":0.0,"max_hp_loss":0.0,"gold_gain":50.0,"event_name":"Nest","player_choice":"Stole From Cult","floor":19.0,"gold_loss":0.0,"damage_taken":0.0},{"damage_healed":0.0,"max_hp_gain":0.0,"max_hp_loss":0.0,"gold_gain":0.0,"event_name":"The Library","player_choice":"Read","floor":22.0,"gold_loss":0.0,"damage_taken":0.0,"cards_obtained":["Skim"]},{"damage_healed":0.0,"max_hp_gain":0.0,"max_hp_loss":0.0,"gold_gain":0.0,"event_name":"Cursed Tome","player_choice":"Ignored","floor":24.0,"gold_loss":0.0,"damage_taken":0.0},{"damage_healed":0.0,"max_hp_gain":0.0,"max_hp_loss":0.0,"gold_gain":0.0,"event_name":"WeMeetAgain","player_choice":"Gave Potion","floor":27.0,"gold_loss":0.0,"damage_taken":0.0,"relics_obtained":["Potion Belt"]}],"is_beta":false,"boss_relics":[{"not_picked":["Eternal Feather","Snecko Eye"],"picked":"Cursed Key"}],"items_purged_floors":[7],"is_endless":false,"potions_floor_spawned":[3,4,5,14,20,29],"killed_by":"Champ","ascension_level":20}